{"id": "gen9vgc2025regibo3-2354660069", "format": "[Gen 9] VGC 2025 Reg I (Bo3)", "players": ["TheLordNebiros", "NewAdi6"], "log": "|j|\u2606TheLordNebiros\n|j|\u2606NewAdi6\n|html|<table width=\"100%\"><tr><td align=\"left\">TheLordNebiros</td><td align=\"right\">NewAdi6</tr><tr><td align=\"left\"><i class=\"fa fa-circle\"></i> <i class=\"fa fa-circle-o\"></i> </td><td align=\"right\"><i class=\"fa fa-circle-o\"></i> <i class=\"fa fa-circle\"></i> </tr></table>\n|uhtml|bestof|<h2><strong>Game 3</strong> of <a href=\"/game-bestof3-gen9vgc2025regibo3-2354655004\">a best-of-3</a></h2>\n|t:|1746108107\n|gametype|doubles\n|player|p1|TheLordNebiros|blue|1162\n|player|p2|NewAdi6|170|1281\n|teamsize|p1|6\n|teamsize|p2|6\n|gen|9\n|tier|[Gen 9] VGC 2025 Reg I (Bo3)\n|rated|\n|rule|Species Clause: Limit one of each Pok\u00e9mon\n|rule|Item Clause: Limit 1 of each item\n|clearpoke\n|poke|p1|Calyrex-Shadow, L50|\n|poke|p1|Zamazenta-*, L50|\n|poke|p1|Whimsicott, L50, F|\n|poke|p1|Salamence, L50, M|\n|poke|p1|Urshifu-*, L50, M|\n|poke|p1|Ursaluna-Bloodmoon, L50, M|\n|poke|p2|Miraidon, L50|\n|poke|p2|Urshifu-*, L50, M|\n|poke|p2|Kyogre, L50|\n|poke|p2|Farigiraf, L50, F|\n|poke|p2|Whimsicott, L50, F|\n|poke|p2|Iron Hands, L50|\n|teampreview|4\n|showteam|p1|Calyrex-Shadow||ChoiceSpecs|AsOneSpectrier|AstralBarrage,Psychic,TeraBlast,DarkPulse||||||50|,,,,,Fire]Zamazenta-Crowned||RustedShield|DauntlessShield|IronDefense,BodyPress,WideGuard,Crunch||||||50|,,,,,Flying]Whimsicott||CovertCloak|Prankster|Moonblast,Tailwind,Taunt,FakeTears|||F|||50|,,,,,Dark]Salamence||RockyHelmet|Intimidate|Tailwind,HelpingHand,DracoMeteor,PsychicFangs|||M|||50|,,,,,Steel]Urshifu-Rapid-Strike||MysticWater|UnseenFist|SurgingStrikes,AquaJet,CloseCombat,Detect|||M|||50|,,,,,Water]Ursaluna-Bloodmoon||AssaultVest|MindsEye|BloodMoon,HyperVoice,EarthPower,Moonblast|||M|||50|,,,,,Fairy\n|showteam|p2|Miraidon||ChoiceSpecs|HadronEngine|DazzlingGleam,ElectroDrift,DracoMeteor,VoltSwitch||||||50|,,,,,Fairy]Urshifu-Rapid-Strike||FocusSash|UnseenFist|SurgingStrikes,CloseCombat,Protect,AquaJet|||M|||50|,,,,,Stellar]Kyogre||Leftovers|Drizzle|IceBeam,OriginPulse,CalmMind,Protect||||||50|,,,,,Grass]Farigiraf||ElectricSeed|ArmorTail|FoulPlay,TrickRoom,HelpingHand,PsychicNoise|||F|||50|,,,,,Dragon]Whimsicott||CovertCloak|Prankster|LightScreen,Tailwind,Moonblast,Protect|||F|||50|,,,,,Dark]Iron Hands||AssaultVest|QuarkDrive|CloseCombat,HeavySlam,FakeOut,LowKick||||||50|,,,,,Bug\n|inactive|Battle timer is ON: inactive players will automatically lose when time's up. (requested by TheLordNebiros)\n|inactive|TheLordNebiros has 60 seconds left.\n|\n|t:|1746108148\n|start\n|switch|p1a: Whimsicott|Whimsicott, L50, F|100/100\n|switch|p1b: Urshifu|Urshifu-Rapid-Strike, L50, M|100/100\n|switch|p2a: Miraidon|Miraidon, L50|100/100\n|switch|p2b: Whimsicott|Whimsicott, L50, F|100/100\n|-fieldstart|move: Electric Terrain|[from] ability: Hadron Engine|[of] p2a: Miraidon\n|turn|1\n|\n|t:|1746108169\n|move|p1b: Urshifu|Detect|p1b: Urshifu\n|-singleturn|p1b: Urshifu|Protect\n|move|p1a: Whimsicott|Tailwind|p1a: Whimsicott\n|-sidestart|p1: TheLordNebiros|move: Tailwind\n|move|p2b: Whimsicott|Tailwind|p2b: Whimsicott\n|-sidestart|p2: NewAdi6|move: Tailwind\n|move|p2a: Miraidon|Volt Switch|p1b: Urshifu\n|-activate|p1b: Urshifu|move: Protect\n|\n|upkeep\n|turn|2\n|inactive|TheLordNebiros has 30 seconds left.\n|inactive|TheLordNebiros has 20 seconds left.\n|inactive|TheLordNebiros has 15 seconds left.\n|inactive|TheLordNebiros has 10 seconds left.\n|\n|t:|1746108217\n|-terastallize|p2b: Whimsicott|Dark\n|move|p2b: Whimsicott|Light Screen|p2b: Whimsicott\n|-sidestart|p2: NewAdi6|move: Light Screen\n|move|p1b: Urshifu|Aqua Jet|p2a: Miraidon\n|-resisted|p2a: Miraidon\n|-damage|p2a: Miraidon|87/100\n|move|p2a: Miraidon|Volt Switch|p1b: Urshifu\n|-supereffective|p1b: Urshifu\n|-damage|p1b: Urshifu|0 fnt\n|faint|p1b: Urshifu\n|\n|t:|1746108239\n|switch|p2a: Kyogre|Kyogre, L50|100/100|[from] Volt Switch\n|-weather|RainDance|[from] ability: Drizzle|[of] p2a: Kyogre\n|move|p1a: Whimsicott|Moonblast|p2a: Kyogre\n|-damage|p2a: Kyogre|86/100\n|\n|-weather|RainDance|[upkeep]\n|-heal|p2a: Kyogre|92/100|[from] item: Leftovers\n|upkeep\n|\n|t:|1746108243\n|switch|p1b: Calyrex|Calyrex-Shadow, L50|100/100\n|-ability|p1b: Calyrex|As One\n|-ability|p1b: Calyrex|Unnerve\n|turn|3\n|\n|t:|1746108264\n|move|p1a: Whimsicott|Fake Tears|p2a: Kyogre\n|-unboost|p2a: Kyogre|spd|2\n|move|p1b: Calyrex|Astral Barrage|p2b: Whimsicott|[spread] p2a,p2b\n|-resisted|p2b: Whimsicott\n|-damage|p2a: Kyogre|3/100\n|-damage|p2b: Whimsicott|64/100\n|move|p2b: Whimsicott|Moonblast|p1b: Calyrex\n|-damage|p1b: Calyrex|73/100\n|move|p2a: Kyogre|Origin Pulse|p1a: Whimsicott|[spread] p1b\n|-miss|p2a: Kyogre|p1a: Whimsicott\n|-damage|p1b: Calyrex|4/100\n|\n|-weather|RainDance|[upkeep]\n|-heal|p2a: Kyogre|9/100|[from] item: Leftovers\n|upkeep\n|turn|4\n|\n|t:|1746108289\n|move|p1b: Calyrex|Astral Barrage|p2b: Whimsicott|[spread] p2a,p2b\n|-resisted|p2b: Whimsicott\n|-damage|p2a: Kyogre|0 fnt\n|-damage|p2b: Whimsicott|24/100\n|faint|p2a: Kyogre\n|-ability|p1b: Calyrex|Grim Neigh|boost\n|-boost|p1b: Calyrex|spa|1\n|move|p1a: Whimsicott|Moonblast|p2b: Whimsicott\n|-supereffective|p2b: Whimsicott\n|-damage|p2b: Whimsicott|0 fnt\n|faint|p2b: Whimsicott\n|\n|-weather|RainDance|[upkeep]\n|-sideend|p1: TheLordNebiros|move: Tailwind\n|-sideend|p2: NewAdi6|move: Tailwind\n|upkeep\n|\n|t:|1746108293\n|switch|p2b: Miraidon|Miraidon, L50|87/100\n|switch|p2a: Urshifu|Urshifu-Rapid-Strike, L50, M|100/100\n|-activate|p2b: Miraidon|ability: Hadron Engine\n|turn|5\n|\n|t:|1746108308\n|switch|p1b: Salamence|Salamence, L50, M, shiny|100/100\n|-ability|p1b: Salamence|Intimidate|boost\n|-unboost|p2a: Urshifu|atk|1\n|-unboost|p2b: Miraidon|atk|1\n|move|p1a: Whimsicott|Tailwind|p1a: Whimsicott\n|-sidestart|p1: TheLordNebiros|move: Tailwind\n|move|p2a: Urshifu|Aqua Jet|p1b: Salamence\n|-resisted|p1b: Salamence\n|-damage|p1b: Salamence|88/100\n|-damage|p2a: Urshifu|84/100|[from] item: Rocky Helmet|[of] p1b: Salamence\n|move|p2b: Miraidon|Electro Drift|p1a: Whimsicott\n|-resisted|p1a: Whimsicott\n|-damage|p1a: Whimsicott|0 fnt\n|faint|p1a: Whimsicott\n|\n|-weather|RainDance|[upkeep]\n|-fieldend|move: Electric Terrain\n|upkeep\n|\n|t:|1746108323\n|switch|p1a: Calyrex|Calyrex-Shadow, L50|4/100\n|-ability|p1a: Calyrex|As One\n|-ability|p1a: Calyrex|Unnerve\n|turn|6\n|inactive|TheLordNebiros has 30 seconds left.\n|\n|t:|1746108355\n|-terastallize|p1b: Salamence|Steel\n|move|p2a: Urshifu|Aqua Jet|p1a: Calyrex\n|-damage|p1a: Calyrex|0 fnt\n|faint|p1a: Calyrex\n|move|p1b: Salamence|Psychic Fangs|p2a: Urshifu\n|-sideend|p2: NewAdi6|move: Light Screen\n|-supereffective|p2a: Urshifu\n|-damage|p2a: Urshifu|32/100\n|move|p2b: Miraidon|Electro Drift|p1b: Salamence\n|-damage|p1b: Salamence|10/100\n|-damage|p2b: Miraidon|70/100|[from] item: Rocky Helmet|[of] p1b: Salamence\n|\n|-weather|none\n|upkeep\n|turn|7\n|\n|t:|1746108367\n|move|p2a: Urshifu|Aqua Jet|p1b: Salamence\n|-damage|p1b: Salamence|0 fnt\n|-damage|p2a: Urshifu|15/100|[from] item: Rocky Helmet|[of] p1b: Salamence\n|faint|p1b: Salamence\n|\n|win|NewAdi6\n|raw|TheLordNebiros's rating: 1162 &rarr; <strong>1145</strong><br />(-17 for losing)\n|raw|NewAdi6's rating: 1281 &rarr; <strong>1298</strong><br />(+17 for winning)\n|c|\u2606TheLordNebiros|gg wp\n|c|\u2606NewAdi6|gg\n|l|\u2606TheLordNebiros\n|player|p1|\n|l|\u2606NewAdi6\n|player|p2|\n", "uploadtime": 1746108670, "views": 5, "formatid": "gen9vgc2025regibo3", "rating": 1145, "private": 0, "password": null}