{"id": "gen9vgc2025regibo3-2354692155", "format": "[Gen 9] VGC 2025 Reg I (Bo3)", "players": ["none0279", "Urshi Dark"], "log": "|j|\u2606none0279\n|j|\u2606Urshi Dark\n|html|<table width=\"100%\"><tr><td align=\"left\">none0279</td><td align=\"right\">Urshi Dark</tr><tr><td align=\"left\"><i class=\"fa fa-circle-o\"></i> <i class=\"fa fa-circle-o\"></i> </td><td align=\"right\"><i class=\"fa fa-circle-o\"></i> <i class=\"fa fa-circle-o\"></i> </tr></table>\n|uhtml|bestof|<h2><strong>Game 1</strong> of <a href=\"/game-bestof3-gen9vgc2025regibo3-2354692154\">a best-of-3</a></h2>\n|t:|1746111234\n|gametype|doubles\n|player|p1|none0279|cynthia-gen4|1299\n|player|p2|Urshi Dark|sailor|1329\n|teamsize|p1|6\n|teamsize|p2|6\n|gen|9\n|tier|[Gen 9] VGC 2025 Reg I (Bo3)\n|rated|\n|rule|Species Clause: Limit one of each Pok\u00e9mon\n|rule|Item Clause: Limit 1 of each item\n|clearpoke\n|poke|p1|Calyrex-Ice, L50|\n|poke|p1|Miraidon, L50|\n|poke|p1|Farigiraf, L50, F|\n|poke|p1|Ogerpon-Hearthflame, L50, F|\n|poke|p1|Grimmsnarl, L50, M|\n|poke|p1|Urshifu-*, L50, F|\n|poke|p2|Dondozo, L50, F|\n|poke|p2|Tatsugiri, L50, M|\n|poke|p2|Miraidon, L50|\n|poke|p2|Urshifu-*, L50, F|\n|poke|p2|Calyrex-Ice, L50|\n|poke|p2|Farigiraf, L50, M|\n|teampreview|4\n|showteam|p1|Calyrex-Ice||ClearAmulet|AsOneGlastrier|GlacialLance,HighHorsepower,Protect,TrickRoom||||||50|,,,,,Fire]Miraidon||ChoiceSpecs|HadronEngine|ElectroDrift,DazzlingGleam,DracoMeteor,VoltSwitch||||||50|,,,,,Fairy]Farigiraf||ElectricSeed|ArmorTail|Roar,HelpingHand,TrickRoom,Psychic|||F|||50|,,,,,Water]Ogerpon-Hearthflame||HearthflameMask|MoldBreaker|IvyCudgel,HornLeech,SpikyShield,FollowMe|||F|||50|,,,,,Fire]Grimmsnarl||LightClay|Prankster|FoulPlay,LightScreen,Reflect,ThunderWave|||M|||50|,,,,,Poison]Urshifu-Rapid-Strike||FocusSash|UnseenFist|SurgingStrikes,CloseCombat,SwordsDance,Detect|||F|||50|,,,,,Stellar\n|showteam|p2|Dondozo||Leftovers|Unaware|OrderUp,Earthquake,WaveCrash,Protect|||F|||50|,,,,,Grass]Tatsugiri||AbilityShield|Commander|MuddyWater,DracoMeteor,HelpingHand,Protect|||M|||50|,,,,,Steel]Miraidon||ChoiceSpecs|HadronEngine|VoltSwitch,DracoMeteor,ElectroDrift,DazzlingGleam||||||50|,,,,,Fairy]Urshifu||FocusSash|UnseenFist|WickedBlow,SuckerPunch,Protect,CloseCombat|||F|||50|,,,,,Dark]Calyrex-Ice||ClearAmulet|AsOneGlastrier|GlacialLance,HighHorsepower,Protect,TrickRoom||||||50|,,,,,Fire]Farigiraf||ElectricSeed|ArmorTail|Psychic,HelpingHand,FoulPlay,TrickRoom|||M|||50|,,,,,Ground\n|inactive|Battle timer is ON: inactive players will automatically lose when time's up. (requested by none0279)\n|inactive|none0279 has 60 seconds left.\n|\n|t:|1746111267\n|start\n|switch|p1a: Grimmsnarl|Grimmsnarl, L50, M|100/100\n|switch|p1b: Miraidon|Miraidon, L50|100/100\n|switch|p2a: Miraidon|Miraidon, L50|100/100\n|switch|p2b: Farigiraf|Farigiraf, L50, M|100/100\n|-fieldstart|move: Electric Terrain|[from] ability: Hadron Engine|[of] p2a: Miraidon\n|-enditem|p2b: Farigiraf|Electric Seed\n|-boost|p2b: Farigiraf|def|1|[from] item: Electric Seed\n|-activate|p1b: Miraidon|ability: Hadron Engine\n|turn|1\n|inactive|Urshi Dark has 30 seconds left.\n|\n|t:|1746111292\n|move|p2b: Farigiraf|Helping Hand|p2a: Miraidon\n|-singleturn|p2a: Miraidon|Helping Hand|[of] p2b: Farigiraf\n|move|p1a: Grimmsnarl|Light Screen|p1a: Grimmsnarl\n|-sidestart|p1: none0279|move: Light Screen\n|move|p2a: Miraidon|Dazzling Gleam|p1b: Miraidon|[spread] p1a,p1b\n|-supereffective|p1a: Grimmsnarl\n|-supereffective|p1b: Miraidon\n|-damage|p1a: Grimmsnarl|25/100\n|-damage|p1b: Miraidon|32/100\n|move|p1b: Miraidon|Volt Switch|p2a: Miraidon\n|-resisted|p2a: Miraidon\n|-damage|p2a: Miraidon|79/100\n|\n|t:|1746111305\n|switch|p1b: Calyrex|Calyrex-Ice, L50|100/100|[from] Volt Switch\n|-ability|p1b: Calyrex|As One\n|-ability|p1b: Calyrex|Unnerve\n|\n|upkeep\n|turn|2\n|\n|t:|1746111314\n|switch|p2a: Calyrex|Calyrex-Ice, L50|100/100\n|-ability|p2a: Calyrex|As One\n|-ability|p2a: Calyrex|Unnerve\n|move|p1a: Grimmsnarl|Foul Play|p2a: Calyrex\n|-supereffective|p2a: Calyrex\n|-damage|p2a: Calyrex|22/100\n|move|p2b: Farigiraf|Foul Play|p1b: Calyrex\n|-supereffective|p1b: Calyrex\n|-damage|p1b: Calyrex|50/100\n|move|p1b: Calyrex|Trick Room|p1b: Calyrex\n|-fieldstart|move: Trick Room|[of] p1b: Calyrex\n|\n|upkeep\n|turn|3\n|\n|t:|1746111329\n|-terastallize|p1b: Calyrex|Fire\n|move|p2a: Calyrex|Glacial Lance|p1a: Grimmsnarl|[spread] p1a,p1b\n|-resisted|p1b: Calyrex\n|-damage|p1a: Grimmsnarl|0 fnt\n|-damage|p1b: Calyrex|31/100\n|faint|p1a: Grimmsnarl\n|-ability|p2a: Calyrex|Chilling Neigh|boost\n|-boost|p2a: Calyrex|atk|1\n|move|p1b: Calyrex|Glacial Lance|p2b: Farigiraf|[spread] p2a,p2b\n|-resisted|p2a: Calyrex\n|-damage|p2a: Calyrex|6/100\n|-damage|p2b: Farigiraf|72/100\n|move|p2b: Farigiraf|Foul Play|p1b: Calyrex\n|-damage|p1b: Calyrex|8/100\n|\n|upkeep\n|\n|t:|1746111335\n|switch|p1a: Ogerpon|Ogerpon-Hearthflame, L50, F|100/100\n|-ability|p1a: Ogerpon|Mold Breaker\n|turn|4\n|\n|t:|1746111350\n|move|p1b: Calyrex|Protect|p1b: Calyrex\n|-singleturn|p1b: Calyrex|Protect\n|move|p2a: Calyrex|Glacial Lance|p1a: Ogerpon|[spread] p1a\n|-activate|p1b: Calyrex|move: Protect\n|-damage|p1a: Ogerpon|27/100\n|move|p2b: Farigiraf|Psychic|p1b: Calyrex\n|-activate|p1b: Calyrex|move: Protect\n|move|p1a: Ogerpon|Ivy Cudgel|p2a: Calyrex|[anim] Ivy Cudgel Fire\n|-supereffective|p2a: Calyrex\n|-crit|p2a: Calyrex\n|-damage|p2a: Calyrex|0 fnt\n|faint|p2a: Calyrex\n|\n|upkeep\n|\n|t:|1746111353\n|switch|p2a: Urshifu|Urshifu, L50, F|100/100\n|turn|5\n|\n|t:|1746111362\n|move|p2a: Urshifu|Protect|p2a: Urshifu\n|-singleturn|p2a: Urshifu|Protect\n|move|p1a: Ogerpon|Follow Me|p1a: Ogerpon\n|-singleturn|p1a: Ogerpon|move: Follow Me\n|move|p1b: Calyrex|Glacial Lance|p2b: Farigiraf|[spread] p2b\n|-activate|p2a: Urshifu|move: Protect\n|-damage|p2b: Farigiraf|40/100\n|move|p2b: Farigiraf|Foul Play|p1a: Ogerpon\n|-crit|p1a: Ogerpon\n|-damage|p1a: Ogerpon|0 fnt\n|faint|p1a: Ogerpon\n|\n|-fieldend|move: Electric Terrain\n|upkeep\n|\n|t:|1746111377\n|switch|p1a: Miraidon|Miraidon, L50|32/100\n|-fieldstart|move: Electric Terrain|[from] ability: Hadron Engine|[of] p1a: Miraidon\n|turn|6\n|\n|t:|1746111389\n|-terastallize|p2a: Urshifu|Dark\n|move|p2a: Urshifu|Sucker Punch|p1a: Miraidon\n|-damage|p1a: Miraidon|0 fnt\n|faint|p1a: Miraidon\n|move|p2b: Farigiraf|Psychic|p1b: Calyrex\n|-damage|p1b: Calyrex|0 fnt\n|faint|p1b: Calyrex\n|\n|win|Urshi Dark\n||none0279 is ready for game 2.\n||Urshi Dark is ready for game 2.\n|uhtml|next|Next: <a href=\"/battle-gen9vgc2025regibo3-2354693891\"><strong>Game 2 of 3</strong></a>\n|l|\u2606Urshi Dark\n|player|p2|\n", "uploadtime": 1746111703, "views": 5, "formatid": "gen9vgc2025regibo3", "rating": null, "private": 0, "password": null}