{"id": "gen9vgc2025regibo3-2354660533", "format": "[Gen 9] VGC 2025 Reg I (Bo3)", "players": ["btb0811", "ParmesanLugubre206"], "log": "|j|\u2606btb0811\n|j|\u2606ParmesanLugubre206\n|html|<table width=\"100%\"><tr><td align=\"left\">btb0811</td><td align=\"right\">ParmesanLugubre206</tr><tr><td align=\"left\"><i class=\"fa fa-circle\"></i> <i class=\"fa fa-circle-o\"></i> </td><td align=\"right\"><i class=\"fa fa-circle-o\"></i> <i class=\"fa fa-circle-o\"></i> </tr></table>\n|uhtml|bestof|<h2><strong>Game 2</strong> of <a href=\"/game-bestof3-gen9vgc2025regibo3-2354656219\">a best-of-3</a></h2>\n|t:|1746108152\n|gametype|doubles\n|player|p1|btb0811|brycenman|1191\n|player|p2|ParmesanLugubre206|ethan|1090\n|teamsize|p1|6\n|teamsize|p2|4\n|gen|9\n|tier|[Gen 9] VGC 2025 Reg I (Bo3)\n|rated|\n|rule|Species Clause: Limit one of each Pok\u00e9mon\n|rule|Item Clause: Limit 1 of each item\n|clearpoke\n|poke|p1|Kyogre, L50|\n|poke|p1|Zamazenta-*, L50|\n|poke|p1|Urshifu-*, L50, M|\n|poke|p1|Chien-Pao, L50|\n|poke|p1|Rillaboom, L50, F|\n|poke|p1|Tornadus, L50, M|\n|poke|p2|Zamazenta-*, L50|\n|poke|p2|Reshiram, L50|\n|poke|p2|Rillaboom, L50, M|\n|poke|p2|Ninetales-Alola, L50, M|\n|teampreview|4\n|showteam|p1|Kyogre||MysticWater|Drizzle|WaterSpout,OriginPulse,IceBeam,Protect||||||50|,,,,,Grass]Zamazenta-Crowned||RustedShield|DauntlessShield|BodyPress,behemothbash,WideGuard,Protect||||||50|,,,,,Grass]Urshifu-Rapid-Strike||ChoiceScarf|UnseenFist|SurgingStrikes,CloseCombat,AquaJet,Uturn|||M|||50|,,,,,Water]Chien-Pao||FocusSash|SwordofRuin|Crunch,SuckerPunch,IcicleCrash,Protect||||||50|,,,,,Ghost]Rillaboom||AssaultVest|GrassySurge|WoodHammer,GrassyGlide,FakeOut,Uturn|||F|||50|,,,,,Water]Tornadus||CovertCloak|Prankster|BleakwindStorm,Tailwind,RainDance,Protect|||M|||50|,,,,,Dark\n|showteam|p2|Zamazenta-Crowned||RustedShield|DauntlessShield|BodyPress,HeavySlam,WideGuard,Protect||||||50|,,,,,Ground]Reshiram||ChoiceScarf|Turboblaze|BlueFlare,HeatWave,DragonPulse,EarthPower||||||50|,,,,,Fire]Rillaboom||AssaultVest|GrassySurge|WoodHammer,GrassyGlide,Uturn,FakeOut|||M|||50|,,,,,Grass]Ninetales-Alola||LifeOrb|SnowWarning|Blizzard,Moonblast,AuroraVeil,Protect|||M|||50|,,,,,Stellar\n|inactive|Battle timer is ON: inactive players will automatically lose when time's up. (requested by ParmesanLugubre206)\n|inactive|btb0811 also wants the timer to be on.\n|\n|t:|1746108163\n|start\n|switch|p1a: Kyogre|Kyogre, L50|100/100\n|switch|p1b: Tornadus|Tornadus, L50, M|100/100\n|switch|p2a: Oven|Reshiram, L50, shiny|100/100\n|switch|p2b: 100 men|Rillaboom, L50, M|100/100\n|-ability|p2a: Oven|Turboblaze\n|-weather|RainDance|[from] ability: Drizzle|[of] p1a: Kyogre\n|-fieldstart|move: Grassy Terrain|[from] ability: Grassy Surge|[of] p2b: 100 men\n|turn|1\n|\n|t:|1746108179\n|switch|p2b: 25 December|Ninetales-Alola, L50, M, shiny|100/100\n|-weather|Snowscape|[from] ability: Snow Warning|[of] p2b: 25 December\n|move|p1a: Kyogre|Protect|p1a: Kyogre\n|-singleturn|p1a: Kyogre|Protect\n|move|p1b: Tornadus|Tailwind|p1b: Tornadus\n|-sidestart|p1: btb0811|move: Tailwind\n|move|p2a: Oven|Heat Wave|p1a: Kyogre|[spread] p1b\n|-activate|p1a: Kyogre|move: Protect\n|-damage|p1b: Tornadus|52/100\n|\n|-weather|Snowscape|[upkeep]\n|upkeep\n|turn|2\n|\n|t:|1746108196\n|move|p1b: Tornadus|Rain Dance|p1b: Tornadus\n|-weather|RainDance\n|move|p1a: Kyogre|Water Spout|p2b: 25 December|[spread] p2a,p2b\n|-crit|p2a: Oven\n|-damage|p2a: Oven|0 fnt\n|-damage|p2b: 25 December|0 fnt\n|faint|p2a: Oven\n|faint|p2b: 25 December\n|\n|-weather|RainDance|[upkeep]\n|upkeep\n|c|\u2606ParmesanLugubre206|oh\n|c|\u2606ParmesanLugubre206|i didn' see tornadus had rain dance\n|\n|t:|1746108219\n|switch|p2b: 100 men|Rillaboom, L50, M|100/100\n|switch|p2a: Gandalf|Zamazenta-Crowned, L50|100/100\n|-ability|p2a: Gandalf|Dauntless Shield|boost\n|-boost|p2a: Gandalf|def|1\n|turn|3\n|c|\u2606btb0811|unfortunate\n|c|\u2606ParmesanLugubre206|yeah\n|inactive|ParmesanLugubre206 has 30 seconds left.\n|\n|t:|1746108246\n|move|p1a: Kyogre|Protect|p1a: Kyogre\n|-singleturn|p1a: Kyogre|Protect\n|move|p2b: 100 men|Grassy Glide|p1a: Kyogre\n|-activate|p1a: Kyogre|move: Protect\n|move|p1b: Tornadus|Bleakwind Storm|p2b: 100 men|[spread] p2a,p2b\n|-supereffective|p2b: 100 men\n|-damage|p2a: Gandalf|79/100\n|-damage|p2b: 100 men|57/100\n|move|p2a: Gandalf|Heavy Slam|p1b: Tornadus\n|-damage|p1b: Tornadus|7/100\n|\n|-weather|RainDance|[upkeep]\n|-heal|p2a: Gandalf|84/100|[from] Grassy Terrain\n|-heal|p2b: 100 men|63/100|[from] Grassy Terrain\n|upkeep\n|turn|4\n|\n|t:|1746108268\n|-terastallize|p1a: Kyogre|Grass\n|move|p1b: Tornadus|Protect|p1b: Tornadus\n|-singleturn|p1b: Tornadus|Protect\n|move|p2b: 100 men|Grassy Glide|p1b: Tornadus\n|-activate|p1b: Tornadus|move: Protect\n|move|p1a: Kyogre|Ice Beam|p2b: 100 men\n|-supereffective|p2b: 100 men\n|-damage|p2b: 100 men|10/100\n|move|p2a: Gandalf|Body Press|p1a: Kyogre\n|-damage|p1a: Kyogre|52/100\n|\n|-weather|RainDance|[upkeep]\n|-heal|p1a: Kyogre|58/100|[from] Grassy Terrain\n|-heal|p2a: Gandalf|90/100|[from] Grassy Terrain\n|-heal|p2b: 100 men|16/100|[from] Grassy Terrain\n|-sideend|p1: btb0811|move: Tailwind\n|upkeep\n|turn|5\n|inactive|ParmesanLugubre206 has 30 seconds left.\n|\n|t:|1746108294\n|move|p1b: Tornadus|Tailwind|p1b: Tornadus\n|-sidestart|p1: btb0811|move: Tailwind\n|move|p2b: 100 men|Grassy Glide|p1b: Tornadus\n|-resisted|p1b: Tornadus\n|-damage|p1b: Tornadus|0 fnt\n|faint|p1b: Tornadus\n|move|p1a: Kyogre|Ice Beam|p2b: 100 men\n|-supereffective|p2b: 100 men\n|-damage|p2b: 100 men|0 fnt\n|faint|p2b: 100 men\n|move|p2a: Gandalf|Body Press|p1a: Kyogre\n|-damage|p1a: Kyogre|6/100\n|\n|-weather|RainDance|[upkeep]\n|-heal|p1a: Kyogre|12/100|[from] Grassy Terrain\n|-heal|p2a: Gandalf|96/100|[from] Grassy Terrain\n|-fieldend|move: Grassy Terrain\n|upkeep\n|\n|t:|1746108310\n|switch|p1b: Urshifu|Urshifu-Rapid-Strike, L50, M|100/100\n|turn|6\n|\n|t:|1746108319\n|switch|p1a: Zamazenta|Zamazenta-Crowned, L50|100/100\n|-ability|p1a: Zamazenta|Dauntless Shield|boost\n|-boost|p1a: Zamazenta|def|1\n|move|p1b: Urshifu|Surging Strikes|p2a: Gandalf\n|-crit|p2a: Gandalf\n|-damage|p2a: Gandalf|73/100\n|-crit|p2a: Gandalf\n|-damage|p2a: Gandalf|50/100\n|-crit|p2a: Gandalf\n|-damage|p2a: Gandalf|26/100\n|-hitcount|p2a: Gandalf|3\n|move|p2a: Gandalf|Body Press|p1a: Zamazenta\n|-supereffective|p1a: Zamazenta\n|-damage|p1a: Zamazenta|57/100\n|\n|-weather|none\n|upkeep\n|turn|7\n|\n|t:|1746108334\n|move|p1b: Urshifu|Surging Strikes|p2a: Gandalf\n|-crit|p2a: Gandalf\n|-damage|p2a: Gandalf|9/100\n|-crit|p2a: Gandalf\n|-damage|p2a: Gandalf|0 fnt\n|faint|p2a: Gandalf\n|-hitcount|p2: Gandalf|2\n|\n|win|btb0811\n|raw|btb0811's rating: 1191 &rarr; <strong>1209</strong><br />(+18 for winning)\n|raw|ParmesanLugubre206's rating: 1090 &rarr; <strong>1073</strong><br />(-17 for losing)\n|c|\u2606ParmesanLugubre206|ggs\n|c|\u2606btb0811|gg\n|l|\u2606ParmesanLugubre206\n|player|p2|\n", "uploadtime": 1746108359, "views": 6, "formatid": "gen9vgc2025regibo3", "rating": 1073, "private": 0, "password": null}