{"id": "gen9vgc2025regibo3-2354936540", "format": "[Gen 9] VGC 2025 Reg I (Bo3)", "players": ["Danielza", "ashiceclaw"], "log": "|j|\u2606Danielza\n|j|\u2606ashiceclaw\n|html|<table width=\"100%\"><tr><td align=\"left\">Danielza</td><td align=\"right\">ashiceclaw</tr><tr><td align=\"left\"><i class=\"fa fa-circle-o\"></i> <i class=\"fa fa-circle-o\"></i> </td><td align=\"right\"><i class=\"fa fa-circle-o\"></i> <i class=\"fa fa-circle\"></i> </tr></table>\n|uhtml|bestof|<h2><strong>Game 2</strong> of <a href=\"/game-bestof3-gen9vgc2025regibo3-2354933615\">a best-of-3</a></h2>\n|t:|1746133479\n|gametype|doubles\n|player|p1|Danielza|silver|1029\n|player|p2|ashiceclaw|alder|1074\n|teamsize|p1|6\n|teamsize|p2|6\n|gen|9\n|tier|[Gen 9] VGC 2025 Reg I (Bo3)\n|rated|\n|rule|Species Clause: Limit one of each Pok\u00e9mon\n|rule|Item Clause: Limit 1 of each item\n|clearpoke\n|poke|p1|Kyogre, L50|\n|poke|p1|Zacian-*, L50|\n|poke|p1|Tornadus, L50, M|\n|poke|p1|Urshifu-*, L50, M|\n|poke|p1|Chien-Pao, L50|\n|poke|p1|Rillaboom, L50, M|\n|poke|p2|Rayquaza, L50|\n|poke|p2|Zamazenta-*, L50|\n|poke|p2|Chien-Pao, L50|\n|poke|p2|Incineroar, L50, F|\n|poke|p2|Indeedee-F, L50, F|\n|poke|p2|Iron Crown, L50|\n|teampreview|4\n|showteam|p1|Kyogre||MysticWater|Drizzle|WaterSpout,OriginPulse,IceBeam,Protect||||||50|,,,,,Grass]Zacian-Crowned||RustedSword|IntrepidSword|behemothblade,PlayRough,SacredSword,Protect||||||50|,,,,,Fairy]Tornadus||CovertCloak|Prankster|Tailwind,BleakwindStorm,RainDance,Taunt|||M|||50|,,,,,Dark]Urshifu-Rapid-Strike||ChoiceScarf|UnseenFist|SurgingStrikes,CloseCombat,AquaJet,Uturn|||M|||50|,,,,,Stellar]Chien-Pao||FocusSash|SwordofRuin|IceSpinner,SuckerPunch,SacredSword,Protect||||||50|,,,,,Ghost]Rillaboom||AssaultVest|GrassySurge|WoodHammer,GrassyGlide,Uturn,FakeOut|||M|||50|,,,,,Fire\n|showteam|p2|Rayquaza||ClearAmulet|AirLock|SwordsDance,ExtremeSpeed,Protect,Earthquake||||||50|,,,,,Normal]Zamazenta-Crowned||RustedShield|DauntlessShield|WideGuard,Coaching,Protect,BodyPress||||||50|,,,,,Flying]Chien-Pao||FocusSash|SwordofRuin|SuckerPunch,IceSpinner,Protect,SacredSword||||||50|,,,,,Stellar]Incineroar||AssaultVest|Intimidate|FakeOut,KnockOff,FlareBlitz,Uturn|||F|||50|,,,,,Grass]Indeedee-F||PsychicSeed|PsychicSurge|FollowMe,HelpingHand,Imprison,TrickRoom|||F|||50|,,,,,Fairy]Iron Crown||BoosterEnergy|QuarkDrive|ExpandingForce,TachyonCutter,Protect,CalmMind||||||50|,,,,,Psychic\n|\n|t:|1746133510\n|start\n|switch|p1a: Kyogre|Kyogre, L50|100/100\n|switch|p1b: Urshifu|Urshifu-Rapid-Strike, L50, M|100/100\n|switch|p2a: Zamazenta|Zamazenta-Crowned, L50|100/100\n|switch|p2b: Iron Crown|Iron Crown, L50|100/100\n|-ability|p2a: Zamazenta|Dauntless Shield|boost\n|-boost|p2a: Zamazenta|def|1\n|-weather|RainDance|[from] ability: Drizzle|[of] p1a: Kyogre\n|-enditem|p2b: Iron Crown|Booster Energy\n|-activate|p2b: Iron Crown|ability: Quark Drive|[fromitem]\n|-start|p2b: Iron Crown|quarkdrivespe\n|turn|1\n|\n|t:|1746133543\n|switch|p2a: Indeedee|Indeedee-F, L50, F|100/100\n|-fieldstart|move: Psychic Terrain|[from] ability: Psychic Surge|[of] p2a: Indeedee\n|-enditem|p2a: Indeedee|Psychic Seed\n|-boost|p2a: Indeedee|spd|1|[from] item: Psychic Seed\n|-terastallize|p2b: Iron Crown|Psychic\n|move|p2b: Iron Crown|Expanding Force|p1b: Urshifu|[spread] p1a,p1b\n|-supereffective|p1b: Urshifu\n|-damage|p1a: Kyogre|44/100\n|-damage|p1b: Urshifu|0 fnt\n|faint|p1b: Urshifu\n|move|p1a: Kyogre|Water Spout|p2a: Indeedee|[spread] p2a,p2b\n|-damage|p2a: Indeedee|75/100\n|-damage|p2b: Iron Crown|52/100\n|\n|-weather|RainDance|[upkeep]\n|upkeep\n|\n|t:|1746133558\n|switch|p1b: Rillaboom|Rillaboom, L50, M|100/100\n|-fieldstart|move: Grassy Terrain|[from] ability: Grassy Surge|[of] p1b: Rillaboom\n|turn|2\n|\n|t:|1746133568\n|switch|p2a: Incineroar|Incineroar, L50, F|100/100\n|-ability|p2a: Incineroar|Intimidate|boost\n|-unboost|p1a: Kyogre|atk|1\n|-unboost|p1b: Rillaboom|atk|1\n|move|p2b: Iron Crown|Protect|p2b: Iron Crown\n|-singleturn|p2b: Iron Crown|Protect\n|move|p1b: Rillaboom|Fake Out|p2b: Iron Crown\n|-activate|p2b: Iron Crown|move: Protect\n|move|p1a: Kyogre|Origin Pulse|p2b: Iron Crown|[spread] \n|-activate|p2b: Iron Crown|move: Protect\n|-miss|p1a: Kyogre|p2a: Incineroar\n|\n|-weather|RainDance|[upkeep]\n|-heal|p2b: Iron Crown|58/100|[from] Grassy Terrain\n|-heal|p1a: Kyogre|50/100|[from] Grassy Terrain\n|upkeep\n|turn|3\n|\n|t:|1746133588\n|switch|p2a: Indeedee|Indeedee-F, L50, F|75/100\n|-fieldstart|move: Psychic Terrain|[from] ability: Psychic Surge|[of] p2a: Indeedee\n|move|p2b: Iron Crown|Expanding Force|p1b: Rillaboom|[spread] p1a,p1b\n|-damage|p1a: Kyogre|0 fnt\n|-damage|p1b: Rillaboom|53/100\n|faint|p1a: Kyogre\n|move|p1b: Rillaboom|U-turn|p2a: Indeedee\n|-supereffective|p2a: Indeedee\n|-damage|p2a: Indeedee|38/100\n|\n|t:|1746133598\n|switch|p1b: Zacian|Zacian-Crowned, L50|100/100|[from] U-turn\n|-ability|p1b: Zacian|Intrepid Sword|boost\n|-boost|p1b: Zacian|atk|1\n|\n|-weather|RainDance|[upkeep]\n|upkeep\n|\n|t:|1746133603\n|switch|p1a: Rillaboom|Rillaboom, L50, M|53/100\n|-fieldstart|move: Grassy Terrain|[from] ability: Grassy Surge|[of] p1a: Rillaboom\n|turn|4\n|\n|t:|1746133619\n|switch|p2a: Incineroar|Incineroar, L50, F|100/100\n|-ability|p2a: Incineroar|Intimidate|boost\n|-unboost|p1a: Rillaboom|atk|1\n|-unboost|p1b: Zacian|atk|1\n|move|p2b: Iron Crown|Protect|p2b: Iron Crown\n|-singleturn|p2b: Iron Crown|Protect\n|move|p1a: Rillaboom|Fake Out|p2b: Iron Crown\n|-activate|p2b: Iron Crown|move: Protect\n|move|p1b: Zacian|Sacred Sword|p2a: Incineroar\n|-supereffective|p2a: Incineroar\n|-damage|p2a: Incineroar|32/100\n|\n|-weather|RainDance|[upkeep]\n|-heal|p2b: Iron Crown|64/100|[from] Grassy Terrain\n|-heal|p1a: Rillaboom|59/100|[from] Grassy Terrain\n|-heal|p2a: Incineroar|38/100|[from] Grassy Terrain\n|upkeep\n|turn|5\n|\n|t:|1746133637\n|switch|p2a: Indeedee|Indeedee-F, L50, F|38/100\n|-fieldstart|move: Psychic Terrain|[from] ability: Psychic Surge|[of] p2a: Indeedee\n|move|p1b: Zacian|Protect|p1b: Zacian\n|-singleturn|p1b: Zacian|Protect\n|move|p2b: Iron Crown|Expanding Force|p1a: Rillaboom|[spread] p1a\n|-activate|p1b: Zacian|move: Protect\n|-damage|p1a: Rillaboom|2/100\n|move|p1a: Rillaboom|U-turn|p2b: Iron Crown\n|-supereffective|p2b: Iron Crown\n|-damage|p2b: Iron Crown|30/100\n|\n|-weather|none\n|upkeep\n|turn|6\n|\n|t:|1746133656\n|move|p2a: Indeedee|Helping Hand|p2b: Iron Crown\n|-singleturn|p2b: Iron Crown|Helping Hand|[of] p2a: Indeedee\n|move|p2b: Iron Crown|Expanding Force|p1a: Rillaboom|[spread] p1a,p1b\n|-resisted|p1b: Zacian\n|-crit|p1b: Zacian\n|-damage|p1a: Rillaboom|0 fnt\n|-damage|p1b: Zacian|30/100\n|faint|p1a: Rillaboom\n|move|p1b: Zacian|Behemoth Blade|p2b: Iron Crown\n|-damage|p2b: Iron Crown|0 fnt\n|faint|p2b: Iron Crown\n|-end|p2b: Iron Crown|Quark Drive|[silent]\n|\n|upkeep\n|\n|t:|1746133663\n|switch|p2b: Zamazenta|Zamazenta-Crowned, L50|100/100\n|turn|7\n|\n|t:|1746133677\n|-terastallize|p1b: Zacian|Fairy\n|move|p2a: Indeedee|Follow Me|p2a: Indeedee\n|-singleturn|p2a: Indeedee|move: Follow Me\n|move|p1b: Zacian|Sacred Sword|p2a: Indeedee\n|-damage|p2a: Indeedee|0 fnt\n|faint|p2a: Indeedee\n|move|p2b: Zamazenta|Body Press|p1b: Zacian\n|-resisted|p1b: Zacian\n|-damage|p1b: Zacian|14/100\n|\n|upkeep\n|\n|t:|1746133681\n|switch|p2a: Incineroar|Incineroar, L50, F|38/100\n|-ability|p2a: Incineroar|Intimidate|boost\n|-unboost|p1b: Zacian|atk|1\n|turn|8\n|\n|t:|1746133691\n|move|p1b: Zacian|Protect|p1b: Zacian\n|-singleturn|p1b: Zacian|Protect\n|move|p2b: Zamazenta|Body Press|p1b: Zacian\n|-activate|p1b: Zacian|move: Protect\n|move|p2a: Incineroar|Flare Blitz|p1b: Zacian\n|-activate|p1b: Zacian|move: Protect\n|\n|upkeep\n|turn|9\n|\n|t:|1746133700\n|move|p1b: Zacian|Sacred Sword|p2b: Zamazenta\n|-supereffective|p2b: Zamazenta\n|-damage|p2b: Zamazenta|68/100\n|move|p2b: Zamazenta|Body Press|p1b: Zacian\n|-resisted|p1b: Zacian\n|-damage|p1b: Zacian|0 fnt\n|faint|p1b: Zacian\n|\n|win|ashiceclaw\n|raw|Danielza's rating: 1029 &rarr; <strong>1016</strong><br />(-13 for losing)\n|raw|ashiceclaw's rating: 1074 &rarr; <strong>1099</strong><br />(+25 for winning)\n", "uploadtime": 1746133704, "views": 6, "formatid": "gen9vgc2025regibo3", "rating": 1016, "private": 0, "password": null}