{"id": "gen9vgc2025regibo3-2354458604", "format": "[Gen 9] VGC 2025 Reg I (Bo3)", "players": ["TheParasectKing", "KingNeptuno"], "log": "|j|\u2606TheParasectKing\n|j|\u2606KingNeptuno\n|html|<table width=\"100%\"><tr><td align=\"left\">TheParasectKing</td><td align=\"right\">KingNeptuno</tr><tr><td align=\"left\"><i class=\"fa fa-circle-o\"></i> <i class=\"fa fa-circle-o\"></i> </td><td align=\"right\"><i class=\"fa fa-circle-o\"></i> <i class=\"fa fa-circle\"></i> </tr></table>\n|uhtml|bestof|<h2><strong>Game 2</strong> of <a href=\"/game-bestof3-gen9vgc2025regibo3-2354457254\">a best-of-3</a></h2>\n|t:|1746074730\n|gametype|doubles\n|player|p1|TheParasectKing|acetrainer-gen4dp|1151\n|player|p2|KingNeptuno|silver|1245\n|teamsize|p1|6\n|teamsize|p2|6\n|gen|9\n|tier|[Gen 9] VGC 2025 Reg I (Bo3)\n|rated|\n|rule|Species Clause: Limit one of each Pok\u00e9mon\n|rule|Item Clause: Limit 1 of each item\n|clearpoke\n|poke|p1|Koraidon, L50|\n|poke|p1|Tornadus, L50, M|\n|poke|p1|Flutter Mane, L50|\n|poke|p1|Zacian-*, L50|\n|poke|p1|Chi-Yu, L50|\n|poke|p1|Walking Wake, L50|\n|poke|p2|Calyrex-Shadow, L50|\n|poke|p2|Lunala, L50|\n|poke|p2|Ogerpon-Cornerstone, L50, F|\n|poke|p2|Rillaboom, L50, M|\n|poke|p2|Incineroar, L50, F|\n|poke|p2|Okidogi, L50, M|\n|teampreview|4\n|showteam|p1|Koraidon||ClearAmulet|OrichalcumPulse|CloseCombat,FlareBlitz,FlameCharge,Protect||||||50|,,,,,Fire]Tornadus||CovertCloak|Prankster|Tailwind,BleakwindStorm,SunnyDay,Protect|||M|||50|,,,,,Dark]Flutter Mane||ChoiceSpecs|Protosynthesis|Moonblast,ShadowBall,DazzlingGleam,Thunderbolt||||||50|,,,,,Dark]Zacian-Crowned||RustedSword|IntrepidSword|behemothblade,PlayRough,SacredSword,Protect||||||50|,,,,,Water]Chi-Yu||FocusSash|BeadsofRuin|HeatWave,DarkPulse,Taunt,Protect||||||50|,,,,,Ghost]Walking Wake||ChoiceScarf|Protosynthesis|HydroSteam,DragonPulse,Snarl,FlipTurn||||||50|,,,,,Grass\n|showteam|p2|Calyrex-Shadow||LifeOrb|AsOneSpectrier|AstralBarrage,Psyshock,NastyPlot,Protect||||||50|,,,,,Water]Lunala||Leftovers|ShadowShield|MoongeistBeam,Moonblast,CalmMind,WideGuard||||||50|,,,,,Fairy]Ogerpon-Cornerstone||CornerstoneMask|Sturdy|IvyCudgel,FollowMe,HornLeech,SpikyShield|||F|||50|,,,,,Rock]Rillaboom||ChoiceBand|GrassySurge|WoodHammer,GrassyGlide,HighHorsepower,Uturn|||M|||50|,,,,,Fire]Incineroar||SafetyGoggles|Intimidate|FakeOut,FlareBlitz,WillOWisp,KnockOff|||F|||50|,,,,,Ghost]Okidogi||AssaultVest|GuardDog|CloseCombat,PoisonJab,KnockOff,UpperHand|||M|||50|,,,,,Dark\n|inactive|Battle timer is ON: inactive players will automatically lose when time's up. (requested by TheParasectKing)\n|\n|t:|1746074758\n|start\n|switch|p1a: Tornadus|Tornadus, L50, M|100/100\n|switch|p1b: Flutter Mane|Flutter Mane, L50|100/100\n|switch|p2a: Ogerpon|Ogerpon-Cornerstone, L50, F|100/100\n|switch|p2b: Lunala|Lunala, L50|100/100\n|turn|1\n|\n|t:|1746074772\n|-end|p1b: Flutter Mane|Protosynthesis|[silent]\n|switch|p1b: Koraidon|Koraidon, L50|100/100\n|-weather|SunnyDay|[from] ability: Orichalcum Pulse|[of] p1b: Koraidon\n|-activate|p1b: Koraidon|Orichalcum Pulse|[source]\n|move|p1a: Tornadus|Tailwind|p1a: Tornadus\n|-sidestart|p1: TheParasectKing|move: Tailwind\n|move|p2a: Ogerpon|Ivy Cudgel|p1a: Tornadus|[anim] Ivy Cudgel Rock\n|-supereffective|p1a: Tornadus\n|-damage|p1a: Tornadus|0 fnt\n|faint|p1a: Tornadus\n|move|p2b: Lunala|Moongeist Beam|p1b: Koraidon\n|-damage|p1b: Koraidon|38/100\n|\n|-weather|SunnyDay|[upkeep]\n|upkeep\n|\n|t:|1746074787\n|switch|p1a: Flutter Mane|Flutter Mane, L50|100/100\n|-activate|p1a: Flutter Mane|ability: Protosynthesis\n|-start|p1a: Flutter Mane|protosynthesisspe\n|turn|2\n|\n|t:|1746074811\n|-terastallize|p1a: Flutter Mane|Dark\n|-terastallize|p2b: Lunala|Fairy\n|move|p2a: Ogerpon|Follow Me|p2a: Ogerpon\n|-singleturn|p2a: Ogerpon|move: Follow Me\n|move|p1a: Flutter Mane|Dazzling Gleam|p2a: Ogerpon|[spread] p2a,p2b\n|-damage|p2a: Ogerpon|52/100\n|-damage|p2b: Lunala|85/100\n|move|p1b: Koraidon|Flame Charge|p2a: Ogerpon\n|-damage|p2a: Ogerpon|11/100\n|-boost|p1b: Koraidon|spe|1\n|move|p2b: Lunala|Moongeist Beam|p1b: Koraidon\n|-damage|p1b: Koraidon|0 fnt\n|faint|p1b: Koraidon\n|\n|-weather|SunnyDay|[upkeep]\n|-heal|p2b: Lunala|91/100|[from] item: Leftovers\n|upkeep\n|\n|t:|1746074819\n|switch|p1b: Walking Wake|Walking Wake, L50|100/100\n|-activate|p1b: Walking Wake|ability: Protosynthesis\n|-start|p1b: Walking Wake|protosynthesisspa\n|turn|3\n|\n|t:|1746074837\n|move|p2b: Lunala|Wide Guard|p2b: Lunala\n|-singleturn|p2b: Lunala|Wide Guard\n|move|p1a: Flutter Mane|Dazzling Gleam|p2b: Lunala|[spread] \n|-activate|p2a: Ogerpon|move: Wide Guard\n|-activate|p2b: Lunala|move: Wide Guard\n|move|p1b: Walking Wake|Hydro Steam|p2a: Ogerpon\n|-crit|p2a: Ogerpon\n|-damage|p2a: Ogerpon|0 fnt\n|faint|p2a: Ogerpon\n|\n|-weather|SunnyDay|[upkeep]\n|-heal|p2b: Lunala|97/100|[from] item: Leftovers\n|upkeep\n|\n|t:|1746074847\n|switch|p2a: Incineroar|Incineroar, L50, F|100/100\n|-ability|p2a: Incineroar|Intimidate|boost\n|-unboost|p1a: Flutter Mane|atk|1\n|-unboost|p1b: Walking Wake|atk|1\n|turn|4\n|\n|t:|1746074857\n|move|p2a: Incineroar|Fake Out|p1a: Flutter Mane\n|-damage|p1a: Flutter Mane|75/100\n|cant|p1a: Flutter Mane|flinch\n|move|p1b: Walking Wake|Hydro Steam|p2b: Lunala\n|-damage|p2b: Lunala|47/100\n|move|p2b: Lunala|Calm Mind|p2b: Lunala\n|-boost|p2b: Lunala|spa|1\n|-boost|p2b: Lunala|spd|1\n|\n|-weather|SunnyDay|[upkeep]\n|-heal|p2b: Lunala|53/100|[from] item: Leftovers\n|-sideend|p1: TheParasectKing|move: Tailwind\n|upkeep\n|turn|5\n|\n|t:|1746074876\n|move|p2b: Lunala|Wide Guard|p2b: Lunala\n|-singleturn|p2b: Lunala|Wide Guard\n|move|p1a: Flutter Mane|Dazzling Gleam|p2b: Lunala|[spread] \n|-activate|p2a: Incineroar|move: Wide Guard\n|-activate|p2b: Lunala|move: Wide Guard\n|move|p1b: Walking Wake|Hydro Steam|p2a: Incineroar\n|-supereffective|p2a: Incineroar\n|-damage|p2a: Incineroar|0 fnt\n|faint|p2a: Incineroar\n|\n|-weather|none\n|-end|p1a: Flutter Mane|Protosynthesis\n|-end|p1b: Walking Wake|Protosynthesis\n|-heal|p2b: Lunala|59/100|[from] item: Leftovers\n|upkeep\n|\n|t:|1746074886\n|switch|p2a: Calyrex|Calyrex-Shadow, L50|100/100\n|-ability|p2a: Calyrex|As One\n|-ability|p2a: Calyrex|Unnerve\n|turn|6\n|\n|t:|1746074909\n|move|p1b: Walking Wake|Hydro Steam|p2a: Calyrex\n|-damage|p2a: Calyrex|63/100\n|move|p2a: Calyrex|Astral Barrage|p1a: Flutter Mane|[spread] p1a,p1b\n|-resisted|p1a: Flutter Mane\n|-damage|p1a: Flutter Mane|38/100\n|-damage|p1b: Walking Wake|27/100\n|-damage|p2a: Calyrex|53/100|[from] item: Life Orb\n|move|p1a: Flutter Mane|Dazzling Gleam|p2a: Calyrex|[spread] p2a,p2b\n|-damage|p2a: Calyrex|10/100\n|-damage|p2b: Lunala|38/100\n|move|p2b: Lunala|Moonblast|p1a: Flutter Mane\n|-supereffective|p1a: Flutter Mane\n|-damage|p1a: Flutter Mane|0 fnt\n|faint|p1a: Flutter Mane\n|-end|p1a: Flutter Mane|Protosynthesis|[silent]\n|\n|-heal|p2b: Lunala|44/100|[from] item: Leftovers\n|upkeep\n|turn|7\n|\n|t:|1746074916\n|move|p1b: Walking Wake|Hydro Steam|p2b: Lunala\n|-damage|p2b: Lunala|25/100\n|move|p2a: Calyrex|Astral Barrage|p1b: Walking Wake\n|-damage|p1b: Walking Wake|0 fnt\n|faint|p1b: Walking Wake\n|-end|p1b: Walking Wake|Protosynthesis|[silent]\n|-damage|p2a: Calyrex|0 fnt|[from] item: Life Orb\n|faint|p2a: Calyrex\n|\n|win|KingNeptuno\n|raw|TheParasectKing's rating: 1151 &rarr; <strong>1133</strong><br />(-18 for losing)\n|raw|KingNeptuno's rating: 1245 &rarr; <strong>1263</strong><br />(+18 for winning)\n", "uploadtime": 1746074919, "views": 16, "formatid": "gen9vgc2025regibo3", "rating": 1133, "private": 0, "password": null}