{"id": "gen9vgc2025regibo3-2354488275", "format": "[Gen 9] VGC 2025 Reg I (Bo3)", "players": ["scottedstone", "1. versuch"], "log": "|j|\u2606scottedstone\n|j|\u26061. versuch\n|html|<table width=\"100%\"><tr><td align=\"left\">scottedstone</td><td align=\"right\">1. versuch</tr><tr><td align=\"left\"><i class=\"fa fa-circle\"></i> <i class=\"fa fa-circle-o\"></i> </td><td align=\"right\"><i class=\"fa fa-circle-o\"></i> <i class=\"fa fa-circle-o\"></i> </tr></table>\n|uhtml|bestof|<h2><strong>Game 2</strong> of <a href=\"/game-bestof3-gen9vgc2025regibo3-2354486069\">a best-of-3</a></h2>\n|t:|1746080146\n|gametype|doubles\n|player|p1|scottedstone|265|1188\n|player|p2|1. versuch|waiter-gen4dp|1069\n|teamsize|p1|6\n|teamsize|p2|6\n|gen|9\n|tier|[Gen 9] VGC 2025 Reg I (Bo3)\n|rated|\n|rule|Species Clause: Limit one of each Pok\u00e9mon\n|rule|Item Clause: Limit 1 of each item\n|clearpoke\n|poke|p1|Miraidon, L50|\n|poke|p1|Iron Hands, L50|\n|poke|p1|Farigiraf, L50, F|\n|poke|p1|Ogerpon-Hearthflame, L50, F|\n|poke|p1|Whimsicott, L50, F|\n|poke|p1|Calyrex-Ice, L50|\n|poke|p2|Rillaboom, L50, F|\n|poke|p2|Koraidon, L50|\n|poke|p2|Walking Wake, L50|\n|poke|p2|Calyrex-Shadow, L50|\n|poke|p2|Murkrow, L50, F|\n|poke|p2|Breloom, L50, M|\n|teampreview|4\n|showteam|p1|Miraidon||ChoiceSpecs|HadronEngine|ElectroDrift,VoltSwitch,DracoMeteor,DazzlingGleam||||||50|,,,,,Fairy]Iron Hands||AssaultVest|QuarkDrive|DrainPunch,HeavySlam,LowKick,FakeOut||||||50|,,,,,Water]Farigiraf||ElectricSeed|ArmorTail|TrickRoom,Psychic,HelpingHand,FoulPlay|||F|||50|,,,,,Water]Ogerpon-Hearthflame||HearthflameMask|MoldBreaker|IvyCudgel,WoodHammer,FollowMe,SpikyShield|||F|||50|,,,,,Fire]Whimsicott||CovertCloak|Prankster|Moonblast,LightScreen,Encore,Tailwind|||F|||50|,,,,,Dark]Calyrex-Ice||ClearAmulet|AsOneGlastrier|GlacialLance,Protect,TrickRoom,HighHorsepower||||||50|,,,,,Fire\n|showteam|p2|Rillaboom||AssaultVest|GrassySurge|Uturn,HighHorsepower,FakeOut,GrassyGlide|||F|||50|,,,,,Ground]Koraidon||ClearAmulet|OrichalcumPulse|FlameCharge,CloseCombat,FlareBlitz,Protect||||||50|,,,,,Fire]Walking Wake||ChoiceSpecs|Protosynthesis|Flamethrower,DracoMeteor,HydroSteam,WeatherBall||||||50|,,,,,Fire]Calyrex-Shadow||LifeOrb|AsOneSpectrier|AstralBarrage,SolarBeam,Protect,NastyPlot||||||50|,,,,,Normal]Murkrow||Eviolite|Prankster|FoulPlay,Tailwind,Protect,ThunderWave|||F|||50|,,,,,Ghost]Breloom||FocusSash|Technician|Protect,CloseCombat,MachPunch,Spore|||M|||50|,,,,,Ghost\n|inactive|Battle timer is ON: inactive players will automatically lose when time's up. (requested by 1. versuch)\n|inactive|scottedstone has 60 seconds left.\n|inactive|1. versuch has 60 seconds left.\n|\n|t:|1746080181\n|start\n|switch|p1a: Miraidon|Miraidon, L50|100/100\n|switch|p1b: Farigiraf|Farigiraf, L50, F|100/100\n|switch|p2a: Rillaboom|Rillaboom, L50, F|100/100\n|switch|p2b: Calyrex|Calyrex-Shadow, L50|100/100\n|-ability|p2b: Calyrex|As One\n|-ability|p2b: Calyrex|Unnerve\n|-fieldstart|move: Electric Terrain|[from] ability: Hadron Engine|[of] p1a: Miraidon\n|-enditem|p1b: Farigiraf|Electric Seed\n|-boost|p1b: Farigiraf|def|1|[from] item: Electric Seed\n|-fieldstart|move: Grassy Terrain|[from] ability: Grassy Surge|[of] p2a: Rillaboom\n|turn|1\n|inactive|1. versuch has 30 seconds left.\n|\n|t:|1746080208\n|move|p2b: Calyrex|Astral Barrage|p1b: Farigiraf|[spread] p1a\n|-immune|p1b: Farigiraf\n|-damage|p1a: Miraidon|36/100\n|-damage|p2b: Calyrex|91/100|[from] item: Life Orb\n|move|p1a: Miraidon|Volt Switch|p2b: Calyrex\n|-damage|p2b: Calyrex|32/100\n|\n|t:|1746080216\n|switch|p1a: Calyrex|Calyrex-Ice, L50|100/100|[from] Volt Switch\n|-ability|p1a: Calyrex|As One\n|-ability|p1a: Calyrex|Unnerve\n|move|p2a: Rillaboom|High Horsepower|p1a: Calyrex\n|-damage|p1a: Calyrex|79/100\n|move|p1b: Farigiraf|Trick Room|p1b: Farigiraf\n|-fieldstart|move: Trick Room|[of] p1b: Farigiraf\n|\n|-heal|p1a: Calyrex|85/100|[from] Grassy Terrain\n|-heal|p2b: Calyrex|38/100|[from] Grassy Terrain\n|upkeep\n|turn|2\n|\n|t:|1746080235\n|move|p1b: Farigiraf|Helping Hand|p1a: Calyrex\n|-singleturn|p1a: Calyrex|Helping Hand|[of] p1b: Farigiraf\n|move|p2b: Calyrex|Protect|p2b: Calyrex\n|-singleturn|p2b: Calyrex|Protect\n|move|p1a: Calyrex|Glacial Lance|p2a: Rillaboom|[spread] p2a\n|-activate|p2b: Calyrex|move: Protect\n|-supereffective|p2a: Rillaboom\n|-damage|p2a: Rillaboom|0 fnt\n|faint|p2a: Rillaboom\n|-ability|p1a: Calyrex|Chilling Neigh|boost\n|-boost|p1a: Calyrex|atk|1\n|\n|-heal|p1a: Calyrex|91/100|[from] Grassy Terrain\n|-heal|p2b: Calyrex|44/100|[from] Grassy Terrain\n|upkeep\n|\n|t:|1746080249\n|switch|p2a: Walking Wake|Walking Wake, L50|100/100\n|turn|3\n|\n|t:|1746080267\n|switch|p2b: Koraidon|Koraidon, L50|100/100\n|-weather|SunnyDay|[from] ability: Orichalcum Pulse|[of] p2b: Koraidon\n|-activate|p2a: Walking Wake|ability: Protosynthesis\n|-start|p2a: Walking Wake|protosynthesisspa\n|-activate|p2b: Koraidon|Orichalcum Pulse|[source]\n|-terastallize|p1a: Calyrex|Fire\n|-terastallize|p2a: Walking Wake|Fire\n|move|p1b: Farigiraf|Helping Hand|p1a: Calyrex\n|-singleturn|p1a: Calyrex|Helping Hand|[of] p1b: Farigiraf\n|move|p1a: Calyrex|Glacial Lance|p2a: Walking Wake|[spread] p2a,p2b\n|-resisted|p2a: Walking Wake\n|-supereffective|p2b: Koraidon\n|-damage|p2a: Walking Wake|51/100\n|-damage|p2b: Koraidon|0 fnt\n|faint|p2b: Koraidon\n|-ability|p1a: Calyrex|Chilling Neigh|boost\n|-boost|p1a: Calyrex|atk|1\n|move|p2a: Walking Wake|Hydro Steam|p1a: Calyrex\n|-supereffective|p1a: Calyrex\n|-damage|p1a: Calyrex|0 fnt\n|faint|p1a: Calyrex\n|\n|-weather|SunnyDay|[upkeep]\n|-heal|p2a: Walking Wake|57/100|[from] Grassy Terrain\n|upkeep\n|\n|t:|1746080289\n|switch|p1a: Iron Hands|Iron Hands, L50|100/100\n|switch|p2b: Calyrex|Calyrex-Shadow, L50|44/100\n|-ability|p2b: Calyrex|As One\n|-ability|p2b: Calyrex|Unnerve\n|turn|4\n|\n|t:|1746080305\n|move|p1b: Farigiraf|Helping Hand|p1a: Iron Hands\n|-singleturn|p1a: Iron Hands|Helping Hand|[of] p1b: Farigiraf\n|move|p2b: Calyrex|Protect|p2b: Calyrex\n|-singleturn|p2b: Calyrex|Protect\n|move|p1a: Iron Hands|Low Kick|p2a: Walking Wake\n|-damage|p2a: Walking Wake|0 fnt\n|faint|p2a: Walking Wake\n|-end|p2a: Walking Wake|Protosynthesis|[silent]\n|\n|-weather|SunnyDay|[upkeep]\n|-heal|p2b: Calyrex|50/100|[from] Grassy Terrain\n|upkeep\n|turn|5\n|-message|1. versuch forfeited.\n|\n|win|scottedstone\n|raw|scottedstone's rating: 1188 &rarr; <strong>1205</strong><br />(+17 for winning)\n|raw|1. versuch's rating: 1069 &rarr; <strong>1055</strong><br />(-14 for losing)\n|l|\u26061. versuch\n|player|p2|\n", "uploadtime": 1746080316, "views": 9, "formatid": "gen9vgc2025regibo3", "rating": 1055, "private": 0, "password": null}