{"id": "gen9vgc2025regibo3-2355009056", "format": "[Gen 9] VGC 2025 Reg I (Bo3)", "players": ["nickbattlesmons", "tzarii"], "log": "|j|\u2606nickbattlesmons\n|j|\u2606tzarii\n|html|<table width=\"100%\"><tr><td align=\"left\">nickbattlesmons</td><td align=\"right\">tzarii</tr><tr><td align=\"left\"><i class=\"fa fa-circle-o\"></i> <i class=\"fa fa-circle-o\"></i> </td><td align=\"right\"><i class=\"fa fa-circle-o\"></i> <i class=\"fa fa-circle-o\"></i> </tr></table>\n|uhtml|bestof|<h2><strong>Game 1</strong> of <a href=\"/game-bestof3-gen9vgc2025regibo3-2355009055\">a best-of-3</a></h2>\n|t:|1746141544\n|gametype|doubles\n|player|p1|nickbattlesmons|1|1178\n|player|p2|tzarii|lady-gen4|1143\n|teamsize|p1|6\n|teamsize|p2|6\n|gen|9\n|tier|[Gen 9] VGC 2025 Reg I (Bo3)\n|rated|\n|rule|Species Clause: Limit one of each Pok\u00e9mon\n|rule|Item Clause: Limit 1 of each item\n|clearpoke\n|poke|p1|Miraidon, L50|\n|poke|p1|Incineroar, L50, M|\n|poke|p1|Calyrex-Shadow, L50|\n|poke|p1|Rillaboom, L50, F|\n|poke|p1|Ogerpon-Wellspring, L50, F|\n|poke|p1|Grimmsnarl, L50, M|\n|poke|p2|Koraidon, L50|\n|poke|p2|Groudon, L50|\n|poke|p2|Flutter Mane, L50|\n|poke|p2|Scovillain, L50, M|\n|poke|p2|Rillaboom, L50, F|\n|poke|p2|Grimmsnarl, L50, M|\n|teampreview|4\n|showteam|p1|Miraidon||ChoiceSpecs|HadronEngine|VoltSwitch,ElectroDrift,DracoMeteor,DragonPulse||||||50|,,,,,Electric]Incineroar||SafetyGoggles|Intimidate|FakeOut,KnockOff,FlareBlitz,PartingShot|||M|||50|,,,,,Water]Calyrex-Shadow||CovertCloak|AsOneSpectrier|AstralBarrage,Psychic,NastyPlot,Protect||||||50|,,,,,Normal]Rillaboom||AssaultVest|GrassySurge|FakeOut,GrassyGlide,DrumBeating,KnockOff|||F|||50|,,,,,Water]Ogerpon-Wellspring||WellspringMask|WaterAbsorb|FollowMe,IvyCudgel,GrassyGlide,SpikyShield|||F|||50|,,,,,Water]Grimmsnarl||LightClay|Prankster|ThunderWave,SpiritBreak,LightScreen,Reflect|||M|||50|,,,,,Ghost\n|showteam|p2|Koraidon||ClearAmulet|OrichalcumPulse|FlameCharge,CloseCombat,FlareBlitz,Protect||||||50|,,,,,Fire]Groudon||AssaultVest|Drought|PrecipiceBlades,HeatCrash,StoneEdge,HighHorsepower||||||50|,,,,,Water]Flutter Mane||FocusSash|Protosynthesis|Moonblast,IcyWind,ShadowBall,Protect||||||50|,,,,,Ground]Scovillain||CovertCloak|Chlorophyll|Overheat,SpicyExtract,WillOWisp,ScaryFace|||M|||50|,,,,,Fire]Rillaboom||MiracleSeed|GrassySurge|FakeOut,GrassyGlide,WoodHammer,Protect|||F|||50|,,,,,Water]Grimmsnarl||LightClay|Prankster|PartingShot,Reflect,ThunderWave,FoulPlay|||M|||50|,,,,,Ghost\n|inactive|Battle timer is ON: inactive players will automatically lose when time's up. (requested by tzarii)\n|inactive|nickbattlesmons has 60 seconds left.\n|inactive|nickbattlesmons has 30 seconds left.\n|inactive|nickbattlesmons has 20 seconds left.\n|\n|t:|1746141696\n|start\n|switch|p1a: Miraidon|Miraidon, L50|100/100\n|switch|p1b: Incineroar|Incineroar, L50, M|100/100\n|switch|p2a: Groudon|Groudon, L50|100/100\n|switch|p2b: Grimmsnarl|Grimmsnarl, L50, M|100/100\n|-fieldstart|move: Electric Terrain|[from] ability: Hadron Engine|[of] p1a: Miraidon\n|-weather|SunnyDay|[from] ability: Drought|[of] p2a: Groudon\n|-ability|p1b: Incineroar|Intimidate|boost\n|-unboost|p2a: Groudon|atk|1\n|-unboost|p2b: Grimmsnarl|atk|1\n|turn|1\n|inactive|tzarii has 30 seconds left.\n|\n|t:|1746141726\n|switch|p2a: Flutter Mane|Flutter Mane, L50|100/100\n|-activate|p2a: Flutter Mane|ability: Protosynthesis\n|-start|p2a: Flutter Mane|protosynthesisspe\n|move|p1b: Incineroar|Fake Out|p2a: Flutter Mane\n|-immune|p2a: Flutter Mane\n|move|p2b: Grimmsnarl|Parting Shot|p1a: Miraidon\n|-unboost|p1a: Miraidon|atk|1\n|-unboost|p1a: Miraidon|spa|1\n|\n|t:|1746141732\n|switch|p2b: Groudon|Groudon, L50|100/100|[from] Parting Shot\n|move|p1a: Miraidon|Volt Switch|p2b: Groudon\n|-immune|p2b: Groudon\n|\n|-weather|SunnyDay|[upkeep]\n|upkeep\n|turn|2\n|inactive|nickbattlesmons has 30 seconds left.\n|inactive|tzarii has 30 seconds left.\n|inactive|nickbattlesmons has 20 seconds left.\n|inactive|nickbattlesmons has 15 seconds left.\n|inactive|nickbattlesmons has 10 seconds left.\n|inactive|nickbattlesmons has 5 seconds left.\n|\n|t:|1746141787\n|move|p2a: Flutter Mane|Protect|p2a: Flutter Mane\n|-singleturn|p2a: Flutter Mane|Protect\n|move|p1b: Incineroar|Fake Out||[still]\n|-hint|Fake Out only works on your first turn out.\n|-fail|p1b: Incineroar\n|move|p1a: Miraidon|Volt Switch|p2a: Flutter Mane\n|-activate|p2a: Flutter Mane|move: Protect\n|move|p2b: Groudon|Precipice Blades|p1a: Miraidon|[spread] p1a,p1b\n|-supereffective|p1a: Miraidon\n|-supereffective|p1b: Incineroar\n|-damage|p1a: Miraidon|0 fnt\n|-damage|p1b: Incineroar|23/100\n|faint|p1a: Miraidon\n|\n|-weather|SunnyDay|[upkeep]\n|upkeep\n|\n|t:|1746141807\n|switch|p1a: Calyrex|Calyrex-Shadow, L50|100/100\n|-ability|p1a: Calyrex|As One\n|-ability|p1a: Calyrex|Unnerve\n|turn|3\n|\n|t:|1746141828\n|switch|p1b: Rillaboom|Rillaboom, L50, F|100/100\n|-fieldstart|move: Grassy Terrain|[from] ability: Grassy Surge|[of] p1b: Rillaboom\n|move|p1a: Calyrex|Protect|p1a: Calyrex\n|-singleturn|p1a: Calyrex|Protect\n|move|p2a: Flutter Mane|Icy Wind|p1b: Rillaboom|[spread] p1b\n|-activate|p1a: Calyrex|move: Protect\n|-supereffective|p1b: Rillaboom\n|-damage|p1b: Rillaboom|78/100\n|-unboost|p1b: Rillaboom|spe|1\n|move|p2b: Groudon|Precipice Blades|p1b: Rillaboom|[spread] \n|-activate|p1a: Calyrex|move: Protect\n|-miss|p2b: Groudon|p1b: Rillaboom\n|\n|-weather|SunnyDay|[upkeep]\n|-heal|p1b: Rillaboom|84/100|[from] Grassy Terrain\n|upkeep\n|turn|4\n|inactive|tzarii has 30 seconds left.\n|inactive|nickbattlesmons has 30 seconds left.\n|inactive|nickbattlesmons has 20 seconds left.\n|inactive|nickbattlesmons has 15 seconds left.\n|inactive|nickbattlesmons has 10 seconds left.\n|\n|t:|1746141879\n|-terastallize|p1a: Calyrex|Normal\n|move|p2a: Flutter Mane|Protect|p2a: Flutter Mane\n|-singleturn|p2a: Flutter Mane|Protect\n|move|p1b: Rillaboom|Fake Out|p2b: Groudon\n|-damage|p2b: Groudon|91/100\n|move|p1a: Calyrex|Astral Barrage|p2b: Groudon|[spread] p2b\n|-activate|p2a: Flutter Mane|move: Protect\n|-damage|p2b: Groudon|64/100\n|cant|p2b: Groudon|flinch\n|\n|-weather|SunnyDay|[upkeep]\n|-heal|p2b: Groudon|70/100|[from] Grassy Terrain\n|-heal|p1b: Rillaboom|90/100|[from] Grassy Terrain\n|upkeep\n|turn|5\n|inactive|tzarii has 30 seconds left.\n|inactive|tzarii has 20 seconds left.\n|\n|t:|1746141916\n|move|p1b: Rillaboom|Grassy Glide|p2b: Groudon\n|-supereffective|p2b: Groudon\n|-damage|p2b: Groudon|13/100\n|move|p2a: Flutter Mane|Icy Wind|p1b: Rillaboom|[spread] p1a,p1b\n|-supereffective|p1b: Rillaboom\n|-damage|p1a: Calyrex|86/100\n|-damage|p1b: Rillaboom|70/100\n|-unboost|p1b: Rillaboom|spe|1\n|move|p1a: Calyrex|Astral Barrage|p2b: Groudon|[spread] p2a,p2b\n|-supereffective|p2a: Flutter Mane\n|-enditem|p2a: Flutter Mane|Focus Sash\n|-damage|p2a: Flutter Mane|1/100\n|-damage|p2b: Groudon|0 fnt\n|faint|p2b: Groudon\n|-ability|p1a: Calyrex|Grim Neigh|boost\n|-boost|p1a: Calyrex|spa|1\n|\n|-weather|none\n|-end|p2a: Flutter Mane|Protosynthesis\n|-heal|p2a: Flutter Mane|7/100|[from] Grassy Terrain\n|-heal|p1a: Calyrex|92/100|[from] Grassy Terrain\n|-heal|p1b: Rillaboom|76/100|[from] Grassy Terrain\n|upkeep\n|\n|t:|1746141932\n|switch|p2b: Koraidon|Koraidon, L50|100/100\n|-weather|SunnyDay|[from] ability: Orichalcum Pulse|[of] p2b: Koraidon\n|-activate|p2a: Flutter Mane|ability: Protosynthesis\n|-start|p2a: Flutter Mane|protosynthesisspe\n|-activate|p2b: Koraidon|Orichalcum Pulse|[source]\n|turn|6\n|inactive|nickbattlesmons has 30 seconds left.\n|inactive|tzarii has 30 seconds left.\n|inactive|nickbattlesmons has 20 seconds left.\n|\n|t:|1746141967\n|switch|p1b: Incineroar|Incineroar, L50, M|23/100\n|-ability|p1b: Incineroar|Intimidate|boost\n|-unboost|p2a: Flutter Mane|atk|1\n|-fail|p2b: Koraidon|unboost|[from] item: Clear Amulet|[of] p2b: Koraidon\n|-terastallize|p2b: Koraidon|Fire\n|move|p2a: Flutter Mane|Moonblast|p1b: Incineroar\n|-damage|p1b: Incineroar|0 fnt\n|faint|p1b: Incineroar\n|move|p1a: Calyrex|Astral Barrage|p2b: Koraidon|[spread] p2a,p2b\n|-supereffective|p2a: Flutter Mane\n|-damage|p2a: Flutter Mane|0 fnt\n|-damage|p2b: Koraidon|25/100\n|faint|p2a: Flutter Mane\n|-end|p2a: Flutter Mane|Protosynthesis|[silent]\n|-ability|p1a: Calyrex|Grim Neigh|boost\n|-boost|p1a: Calyrex|spa|1\n|move|p2b: Koraidon|Flare Blitz|p1a: Calyrex\n|-damage|p1a: Calyrex|0 fnt\n|faint|p1a: Calyrex\n|-damage|p2b: Koraidon|0 fnt|[from] Recoil\n|faint|p2b: Koraidon\n|\n|-weather|SunnyDay|[upkeep]\n|upkeep\n|\n|t:|1746141985\n|switch|p2b: Grimmsnarl|Grimmsnarl, L50, M|100/100\n|switch|p1b: Rillaboom|Rillaboom, L50, F|76/100\n|turn|7\n|\n|t:|1746141997\n|move|p2b: Grimmsnarl|Reflect|p2b: Grimmsnarl\n|-sidestart|p2: tzarii|Reflect\n|move|p1b: Rillaboom|Drum Beating|p2b: Grimmsnarl\n|-damage|p2b: Grimmsnarl|64/100\n|-unboost|p2b: Grimmsnarl|spe|1\n|\n|-weather|SunnyDay|[upkeep]\n|-heal|p1b: Rillaboom|82/100|[from] Grassy Terrain\n|-heal|p2b: Grimmsnarl|70/100|[from] Grassy Terrain\n|-fieldend|move: Grassy Terrain\n|upkeep\n|turn|8\n|\n|t:|1746142006\n|move|p1b: Rillaboom|Drum Beating|p2b: Grimmsnarl\n|-damage|p2b: Grimmsnarl|44/100\n|-unboost|p2b: Grimmsnarl|spe|1\n|move|p2b: Grimmsnarl|Foul Play|p1b: Rillaboom\n|-damage|p1b: Rillaboom|33/100\n|\n|-weather|SunnyDay|[upkeep]\n|upkeep\n|turn|9\n|\n|t:|1746142013\n|move|p1b: Rillaboom|Drum Beating|p2b: Grimmsnarl\n|-damage|p2b: Grimmsnarl|18/100\n|-unboost|p2b: Grimmsnarl|spe|1\n|move|p2b: Grimmsnarl|Foul Play|p1b: Rillaboom\n|-damage|p1b: Rillaboom|0 fnt\n|faint|p1b: Rillaboom\n|\n|win|tzarii\n||tzarii is ready for game 2.\n||nickbattlesmons is ready for game 2.\n|uhtml|next|Next: <a href=\"/battle-gen9vgc2025regibo3-2355013133\"><strong>Game 2 of 3</strong></a>\n", "uploadtime": 1746142280, "views": 3, "formatid": "gen9vgc2025regibo3", "rating": null, "private": 0, "password": null}