{"id": "gen9vgc2025regibo3-2354607884", "format": "[Gen 9] VGC 2025 Reg I (Bo3)", "players": ["Mikitrash", "scalionz"], "log": "|j|\u2606Mikitrash\n|j|\u2606scalionz\n|html|<table width=\"100%\"><tr><td align=\"left\">Mikitrash</td><td align=\"right\">scalionz</tr><tr><td align=\"left\"><i class=\"fa fa-circle-o\"></i> <i class=\"fa fa-circle-o\"></i> </td><td align=\"right\"><i class=\"fa fa-circle-o\"></i> <i class=\"fa fa-circle-o\"></i> </tr></table>\n|uhtml|bestof|<h2><strong>Game 1</strong> of <a href=\"/game-bestof3-gen9vgc2025regibo3-2354607883\">a best-of-3</a></h2>\n|t:|1746102163\n|gametype|doubles\n|player|p1|Mikitrash|tourist|1065\n|player|p2|scalionz|caitlin|1073\n|teamsize|p1|6\n|teamsize|p2|6\n|gen|9\n|tier|[Gen 9] VGC 2025 Reg I (Bo3)\n|rated|\n|rule|Species Clause: Limit one of each Pok\u00e9mon\n|rule|Item Clause: Limit 1 of each item\n|clearpoke\n|poke|p1|Koraidon, L50|\n|poke|p1|Lilligant-Hisui, L50, F|\n|poke|p1|Roaring Moon, L50|\n|poke|p1|Groudon, L50|\n|poke|p1|Iron Valiant, L50|\n|poke|p1|Rillaboom, L50, M|\n|poke|p2|Miraidon, L50|\n|poke|p2|Lunala, L50|\n|poke|p2|Raichu-Alola, L50, F|\n|poke|p2|Incineroar, L50, F|\n|poke|p2|Archaludon, L50, F|\n|poke|p2|Iron Leaves, L50|\n|teampreview|4\n|showteam|p1|Koraidon||ClearAmulet|OrichalcumPulse|Protect,CloseCombat,FlareBlitz,FlameCharge||||||50|,,,,,Fire]Lilligant-Hisui||FocusSash|Chlorophyll|AfterYou,Protect,CloseCombat,Coaching|||F|||50|,,,,,Ghost]Roaring Moon||LifeOrb|Protosynthesis|Earthquake,Tailwind,Protect,KnockOff||||||50|,,,,,Ground]Groudon||LumBerry|Drought|PrecipiceBlades,HeatCrash,SwordsDance,Protect||||||50|,,,,,Fire]Iron Valiant||BoosterEnergy|QuarkDrive|SpiritBreak,Coaching,KnockOff,Encore||||||50|,,,,,Ghost]Rillaboom||AssaultVest|GrassySurge|WoodHammer,GrassyGlide,Uturn,FakeOut|||M|||50|,,,,,Fire\n|showteam|p2|Miraidon||ChoiceSpecs|HadronEngine|DazzlingGleam,DracoMeteor,VoltSwitch,ElectroDrift||||||50|,,,,,Fairy]Lunala||PowerHerb|ShadowShield|Tailwind,WideGuard,MoongeistBeam,MeteorBeam||||||50|,,,,,Dark]Raichu-Alola||FocusSash|SurgeSurfer|FakeOut,Psychic,Electroweb,Protect|||F|||50|,,,,,Grass]Incineroar||SafetyGoggles|Intimidate|FakeOut,PartingShot,KnockOff,FlareBlitz|||F|||50|,,,,,Ghost]Archaludon||AssaultVest|Stamina|BodyPress,ElectroShot,DracoMeteor,HeavySlam|||F|||50|,,,,,Grass]Iron Leaves||LifeOrb|QuarkDrive|Psyblade,LeafBlade,SacredSword,Protect||||||50|,,,,,Grass\n|inactive|Battle timer is ON: inactive players will automatically lose when time's up. (requested by scalionz)\n|\n|t:|1746102199\n|start\n|switch|p1a: Groudon|Groudon, L50|100/100\n|switch|p1b: Iron Valiant|Iron Valiant, L50|100/100\n|switch|p2a: Miraidon|Miraidon, L50|100/100\n|switch|p2b: Raichu|Raichu-Alola, L50, F, shiny|100/100\n|-fieldstart|move: Electric Terrain|[from] ability: Hadron Engine|[of] p2a: Miraidon\n|-activate|p1b: Iron Valiant|ability: Quark Drive\n|-start|p1b: Iron Valiant|quarkdrivespe\n|-weather|SunnyDay|[from] ability: Drought|[of] p1a: Groudon\n|turn|1\n|inactive|scalionz has 30 seconds left.\n|\n|t:|1746102225\n|move|p1a: Groudon|Protect|p1a: Groudon\n|-singleturn|p1a: Groudon|Protect\n|move|p2b: Raichu|Fake Out|p1a: Groudon\n|-activate|p1a: Groudon|move: Protect\n|move|p1b: Iron Valiant|Coaching|p1a: Groudon\n|-boost|p1a: Groudon|atk|1\n|-boost|p1a: Groudon|def|1\n|move|p2a: Miraidon|Electro Drift|p1b: Iron Valiant\n|-damage|p1b: Iron Valiant|0 fnt\n|faint|p1b: Iron Valiant\n|-end|p1b: Iron Valiant|Quark Drive|[silent]\n|\n|-weather|SunnyDay|[upkeep]\n|upkeep\n|\n|t:|1746102231\n|switch|p1b: Rillaboom|Rillaboom, L50, M|100/100\n|-fieldstart|move: Grassy Terrain|[from] ability: Grassy Surge|[of] p1b: Rillaboom\n|turn|2\n|\n|t:|1746102242\n|switch|p2a: Incineroar|Incineroar, L50, F, shiny|100/100\n|-ability|p2a: Incineroar|Intimidate|boost\n|-unboost|p1a: Groudon|atk|1\n|-unboost|p1b: Rillaboom|atk|1\n|move|p1b: Rillaboom|Fake Out|p2b: Raichu\n|-damage|p2b: Raichu|82/100\n|cant|p2b: Raichu|flinch\n|move|p1a: Groudon|Precipice Blades|p2a: Incineroar|[spread] p2a,p2b\n|-supereffective|p2a: Incineroar\n|-supereffective|p2b: Raichu\n|-damage|p2a: Incineroar|22/100\n|-damage|p2b: Raichu|0 fnt\n|faint|p2b: Raichu\n|\n|-weather|SunnyDay|[upkeep]\n|-heal|p2a: Incineroar|28/100|[from] Grassy Terrain\n|upkeep\n|\n|t:|1746102262\n|switch|p2b: Miraidon|Miraidon, L50|100/100\n|-fieldstart|move: Electric Terrain|[from] ability: Hadron Engine|[of] p2b: Miraidon\n|turn|3\n|\n|t:|1746102277\n|move|p1a: Groudon|Protect|p1a: Groudon\n|-singleturn|p1a: Groudon|Protect\n|move|p2a: Incineroar|Fake Out|p1b: Rillaboom\n|-damage|p1b: Rillaboom|91/100\n|move|p2b: Miraidon|Draco Meteor|p1a: Groudon\n|-activate|p1a: Groudon|move: Protect\n|cant|p1b: Rillaboom|flinch\n|\n|-weather|SunnyDay|[upkeep]\n|upkeep\n|turn|4\n|\n|t:|1746102293\n|move|p2b: Miraidon|Draco Meteor|p1a: Groudon\n|-crit|p1a: Groudon\n|-damage|p1a: Groudon|0 fnt\n|-unboost|p2b: Miraidon|spa|2\n|faint|p1a: Groudon\n|move|p1b: Rillaboom|U-turn|p2a: Incineroar\n|-damage|p2a: Incineroar|15/100\n|\n|t:|1746102299\n|switch|p1b: Lilligant|Lilligant-Hisui, L50, F|100/100|[from] U-turn\n|move|p2a: Incineroar|Parting Shot|p1b: Lilligant\n|-unboost|p1b: Lilligant|atk|1\n|-unboost|p1b: Lilligant|spa|1\n|\n|t:|1746102304\n|switch|p2a: Iron Leaves|Iron Leaves, L50|100/100|[from] Parting Shot\n|-activate|p2a: Iron Leaves|ability: Quark Drive\n|-start|p2a: Iron Leaves|quarkdriveatk\n|\n|-weather|SunnyDay|[upkeep]\n|upkeep\n|\n|t:|1746102308\n|switch|p1a: Rillaboom|Rillaboom, L50, M|91/100\n|-fieldstart|move: Grassy Terrain|[from] ability: Grassy Surge|[of] p1a: Rillaboom\n|-end|p2a: Iron Leaves|Quark Drive\n|turn|5\n|\n|t:|1746102320\n|switch|p2b: Incineroar|Incineroar, L50, F, shiny|15/100\n|-ability|p2b: Incineroar|Intimidate|boost\n|-unboost|p1a: Rillaboom|atk|1\n|-unboost|p1b: Lilligant|atk|1\n|move|p2a: Iron Leaves|Protect|p2a: Iron Leaves\n|-singleturn|p2a: Iron Leaves|Protect\n|move|p1a: Rillaboom|Fake Out|p2a: Iron Leaves\n|-activate|p2a: Iron Leaves|move: Protect\n|move|p1b: Lilligant|Close Combat|p2b: Incineroar\n|-supereffective|p2b: Incineroar\n|-damage|p2b: Incineroar|0 fnt\n|-unboost|p1b: Lilligant|def|1\n|-unboost|p1b: Lilligant|spd|1\n|faint|p2b: Incineroar\n|\n|-weather|none\n|-heal|p1a: Rillaboom|97/100|[from] Grassy Terrain\n|upkeep\n|\n|t:|1746102330\n|switch|p2b: Miraidon|Miraidon, L50|100/100\n|-fieldstart|move: Electric Terrain|[from] ability: Hadron Engine|[of] p2b: Miraidon\n|-activate|p2a: Iron Leaves|ability: Quark Drive\n|-start|p2a: Iron Leaves|quarkdriveatk\n|turn|6\n|\n|t:|1746102343\n|-terastallize|p2b: Miraidon|Fairy\n|move|p1b: Lilligant|Protect|p1b: Lilligant\n|-singleturn|p1b: Lilligant|Protect\n|move|p2b: Miraidon|Dazzling Gleam|p1b: Lilligant|[spread] p1a\n|-activate|p1b: Lilligant|move: Protect\n|-damage|p1a: Rillaboom|51/100\n|move|p2a: Iron Leaves|Psyblade|p1b: Lilligant\n|-activate|p1b: Lilligant|move: Protect\n|move|p1a: Rillaboom|Wood Hammer|p2b: Miraidon\n|-damage|p2b: Miraidon|62/100\n|-damage|p1a: Rillaboom|41/100|[from] Recoil\n|\n|upkeep\n|turn|7\n|\n|t:|1746102363\n|move|p2b: Miraidon|Dazzling Gleam|p1a: Rillaboom|[spread] p1a,p1b\n|-supereffective|p1b: Lilligant\n|-damage|p1a: Rillaboom|0 fnt\n|-enditem|p1b: Lilligant|Focus Sash\n|-damage|p1b: Lilligant|1/100\n|faint|p1a: Rillaboom\n|move|p1b: Lilligant|Coaching|p1: Rillaboom|[notarget]\n|-fail|p1b: Lilligant\n|move|p2a: Iron Leaves|Psyblade|p1b: Lilligant\n|-supereffective|p1b: Lilligant\n|-damage|p1b: Lilligant|0 fnt\n|faint|p1b: Lilligant\n|-damage|p2a: Iron Leaves|91/100|[from] item: Life Orb\n|\n|win|scalionz\n||Mikitrash is ready for game 2.\n|l|\u2606Mikitrash\n|player|p1|\n||scalionz is ready for game 2.\n|uhtml|next|Next: <a href=\"/battle-gen9vgc2025regibo3-2354609425\"><strong>Game 2 of 3</strong></a>\n", "uploadtime": 1746102735, "views": 8, "formatid": "gen9vgc2025regibo3", "rating": null, "private": 0, "password": null}