{"id": "gen9vgc2025regibo3-2353953193", "format": "[Gen 9] VGC 2025 Reg I (Bo3)", "players": ["negative gamer", "BtheMan"], "log": "|j|\u2606negative gamer\n|j|\u2606BtheMan\n|html|<table width=\"100%\"><tr><td align=\"left\">negative gamer</td><td align=\"right\">BtheMan</tr><tr><td align=\"left\"><i class=\"fa fa-circle-o\"></i> <i class=\"fa fa-circle-o\"></i> </td><td align=\"right\"><i class=\"fa fa-circle-o\"></i> <i class=\"fa fa-circle-o\"></i> </tr></table>\n|uhtml|bestof|<h2><strong>Game 1</strong> of <a href=\"/game-bestof3-gen9vgc2025regibo3-2353953192\">a best-of-3</a></h2>\n|t:|1746022167\n|gametype|doubles\n|player|p1|negative gamer|karen|1224\n|player|p2|BtheMan|fisherman|1116\n|teamsize|p1|6\n|teamsize|p2|6\n|gen|9\n|tier|[Gen 9] VGC 2025 Reg I (Bo3)\n|rated|\n|rule|Species Clause: Limit one of each Pok\u00e9mon\n|rule|Item Clause: Limit 1 of each item\n|clearpoke\n|poke|p1|Calyrex-Ice, L50|\n|poke|p1|Miraidon, L50|\n|poke|p1|Iron Bundle, L50|\n|poke|p1|Iron Hands, L50|\n|poke|p1|Grimmsnarl, L50, M|\n|poke|p1|Ogerpon-Cornerstone, L50, F|\n|poke|p2|Whimsicott, L50, M|\n|poke|p2|Miraidon, L50|\n|poke|p2|Lunala, L50|\n|poke|p2|Iron Hands, L50|\n|poke|p2|Chi-Yu, L50|\n|poke|p2|Urshifu-*, L50, M|\n|teampreview|4\n|showteam|p1|Calyrex-Ice||ClearAmulet|AsOneGlastrier|GlacialLance,HighHorsepower,TrickRoom,Protect||||||50|,,,,,Fire]Miraidon||ChoiceSpecs|HadronEngine|ElectroDrift,DazzlingGleam,VoltSwitch,DracoMeteor||||||50|,,,,,Fairy]Iron Bundle||FocusSash|QuarkDrive|FreezeDry,IcyWind,Encore,Protect||||||50|,,,,,Ghost]Iron Hands||AssaultVest|QuarkDrive|FakeOut,LowKick,WildCharge,DrainPunch||||||50|,,,,,Water]Grimmsnarl||LightClay|Prankster|LightScreen,Reflect,SpiritBreak,FoulPlay|||M|||50|,,,,,Ghost]Ogerpon-Cornerstone||CornerstoneMask|Sturdy|HornLeech,IvyCudgel,SpikyShield,FollowMe|||F|||50|,,,,,Rock\n|showteam|p2|Whimsicott||CovertCloak|Prankster|Moonblast,Tailwind,Encore,LightScreen|||M|||50|,,,,,Dark]Miraidon||ChoiceSpecs|HadronEngine|ElectroDrift,VoltSwitch,DracoMeteor,DazzlingGleam||||||50|,,,,,Fairy]Lunala||ElectricSeed|ShadowShield|MoongeistBeam,Psyshock,TrickRoom,WideGuard||||||50|,,,,,Water]Iron Hands||AssaultVest|QuarkDrive|DrainPunch,LowKick,HeavySlam,FakeOut||||||50|,,,,,Water]Chi-Yu||ChoiceScarf|BeadsofRuin|HeatWave,DarkPulse,Overheat,Snarl||||||50|,,,,,Ghost]Urshifu-Rapid-Strike||FocusSash|UnseenFist|SurgingStrikes,CloseCombat,AquaJet,Protect|||M|||50|,,,,,Stellar\n|inactive|Battle timer is ON: inactive players will automatically lose when time's up. (requested by BtheMan)\n|inactive|negative gamer has 60 seconds left.\n|inactive|BtheMan has 60 seconds left.\n|\n|t:|1746022218\n|start\n|switch|p1a: Grimmsnarl|Grimmsnarl, L50, M|100/100\n|switch|p1b: Calyrex|Calyrex-Ice, L50|100/100\n|switch|p2a: Chi-Yu|Chi-Yu, L50|100/100\n|switch|p2b: Miraidon|Miraidon, L50|100/100\n|-ability|p1b: Calyrex|As One\n|-ability|p1b: Calyrex|Unnerve\n|-ability|p2a: Chi-Yu|Beads of Ruin\n|-fieldstart|move: Electric Terrain|[from] ability: Hadron Engine|[of] p2b: Miraidon\n|turn|1\n|\n|t:|1746022240\n|-terastallize|p1b: Calyrex|Fire\n|move|p1a: Grimmsnarl|Light Screen|p1a: Grimmsnarl\n|-sidestart|p1: negative gamer|move: Light Screen\n|move|p2a: Chi-Yu|Dark Pulse|p1b: Calyrex\n|-damage|p1b: Calyrex|75/100\n|move|p2b: Miraidon|Electro Drift|p1b: Calyrex\n|-damage|p1b: Calyrex|7/100\n|move|p1b: Calyrex|Trick Room|p1b: Calyrex\n|-fieldstart|move: Trick Room|[of] p1b: Calyrex\n|\n|upkeep\n|turn|2\n|\n|t:|1746022264\n|-terastallize|p2b: Miraidon|Fairy\n|move|p1b: Calyrex|High Horsepower|p2a: Chi-Yu\n|-supereffective|p2a: Chi-Yu\n|-damage|p2a: Chi-Yu|0 fnt\n|faint|p2a: Chi-Yu\n|-ability|p1b: Calyrex|Chilling Neigh|boost\n|-boost|p1b: Calyrex|atk|1\n|move|p1a: Grimmsnarl|Spirit Break|p2b: Miraidon\n|-damage|p2b: Miraidon|70/100\n|-unboost|p2b: Miraidon|spa|1\n|move|p2b: Miraidon|Electro Drift|p1b: Calyrex\n|-crit|p1b: Calyrex\n|-damage|p1b: Calyrex|0 fnt\n|faint|p1b: Calyrex\n|\n|upkeep\n|\n|t:|1746022282\n|switch|p1b: Iron Hands|Iron Hands, L50|100/100\n|switch|p2a: Iron Hands|Iron Hands, L50|100/100\n|-activate|p2a: Iron Hands|ability: Quark Drive\n|-start|p2a: Iron Hands|quarkdriveatk\n|-activate|p1b: Iron Hands|ability: Quark Drive\n|-start|p1b: Iron Hands|quarkdriveatk\n|turn|3\n|\n|t:|1746022295\n|switch|p2b: Lunala|Lunala, L50|100/100\n|-enditem|p2b: Lunala|Electric Seed\n|-boost|p2b: Lunala|def|1|[from] item: Electric Seed\n|move|p2a: Iron Hands|Fake Out|p1b: Iron Hands\n|-damage|p1b: Iron Hands|86/100\n|move|p1a: Grimmsnarl|Reflect|p1a: Grimmsnarl\n|-sidestart|p1: negative gamer|Reflect\n|cant|p1b: Iron Hands|flinch\n|\n|upkeep\n|turn|4\n|\n|t:|1746022314\n|move|p2a: Iron Hands|Low Kick|p1b: Iron Hands\n|-damage|p1b: Iron Hands|44/100\n|move|p1b: Iron Hands|Low Kick|p2a: Iron Hands\n|-crit|p2a: Iron Hands\n|-damage|p2a: Iron Hands|8/100\n|move|p1a: Grimmsnarl|Spirit Break|p2a: Iron Hands\n|-supereffective|p2a: Iron Hands\n|-damage|p2a: Iron Hands|0 fnt\n|faint|p2a: Iron Hands\n|-end|p2a: Iron Hands|Quark Drive|[silent]\n|move|p2b: Lunala|Trick Room|p2b: Lunala\n|-fieldend|move: Trick Room\n|\n|upkeep\n|\n|t:|1746022324\n|switch|p2a: Miraidon|Miraidon, L50, tera:Fairy|70/100\n|-activate|p2a: Miraidon|ability: Hadron Engine\n|turn|5\n|\n|t:|1746022340\n|move|p2a: Miraidon|Dazzling Gleam|p1b: Iron Hands|[spread] p1a,p1b\n|-supereffective|p1a: Grimmsnarl\n|-supereffective|p1b: Iron Hands\n|-damage|p1a: Grimmsnarl|27/100\n|-damage|p1b: Iron Hands|3/100\n|move|p2b: Lunala|Moongeist Beam|p1b: Iron Hands\n|-damage|p1b: Iron Hands|0 fnt\n|faint|p1b: Iron Hands\n|-end|p1b: Iron Hands|Quark Drive|[silent]\n|move|p1a: Grimmsnarl|Spirit Break|p2a: Miraidon\n|-damage|p2a: Miraidon|42/100\n|-unboost|p2a: Miraidon|spa|1\n|\n|-fieldend|move: Electric Terrain\n|upkeep\n|\n|t:|1746022347\n|switch|p1b: Miraidon|Miraidon, L50|100/100\n|-fieldstart|move: Electric Terrain|[from] ability: Hadron Engine|[of] p1b: Miraidon\n|turn|6\n|\n|t:|1746022362\n|move|p2a: Miraidon|Dazzling Gleam|p1b: Miraidon|[spread] p1a,p1b\n|-supereffective|p1a: Grimmsnarl\n|-supereffective|p1b: Miraidon\n|-damage|p1a: Grimmsnarl|0 fnt\n|-damage|p1b: Miraidon|52/100\n|faint|p1a: Grimmsnarl\n|move|p1b: Miraidon|Electro Drift|p2a: Miraidon\n|-damage|p2a: Miraidon|0 fnt\n|faint|p2a: Miraidon\n|move|p2b: Lunala|Moongeist Beam|p1b: Miraidon\n|-damage|p1b: Miraidon|16/100\n|\n|upkeep\n|turn|7\n|\n|t:|1746022377\n|move|p1b: Miraidon|Electro Drift|p2b: Lunala\n|-damage|p2b: Lunala|50/100\n|move|p2b: Lunala|Moongeist Beam|p1b: Miraidon\n|-damage|p1b: Miraidon|0 fnt\n|faint|p1b: Miraidon\n|\n|win|BtheMan\n||negative gamer is ready for game 2.\n||BtheMan is ready for game 2.\n|uhtml|next|Next: <a href=\"/battle-gen9vgc2025regibo3-2353955673\"><strong>Game 2 of 3</strong></a>\n|l|\u2606negative gamer\n|player|p1|\n", "uploadtime": 1746022810, "views": 7, "formatid": "gen9vgc2025regibo3", "rating": null, "private": 0, "password": null}