{"id": "gen9vgc2025regibo3-2354314379", "format": "[Gen 9] VGC 2025 Reg I (Bo3)", "players": ["mavvyvgc", "Gopackgo25"], "log": "|j|\u2606mavvyvgc\n|j|\u2606Gopackgo25\n|html|<table width=\"100%\"><tr><td align=\"left\">mavvyvgc</td><td align=\"right\">Gopackgo25</tr><tr><td align=\"left\"><i class=\"fa fa-circle-o\"></i> <i class=\"fa fa-circle-o\"></i> </td><td align=\"right\"><i class=\"fa fa-circle-o\"></i> <i class=\"fa fa-circle-o\"></i> </tr></table>\n|uhtml|bestof|<h2><strong>Game 1</strong> of <a href=\"/game-bestof3-gen9vgc2025regibo3-2354314378\">a best-of-3</a></h2>\n|t:|1746056268\n|gametype|doubles\n|player|p1|mavvyvgc|riley|1098\n|player|p2|Gopackgo25|170|1055\n|teamsize|p1|6\n|teamsize|p2|6\n|gen|9\n|tier|[Gen 9] VGC 2025 Reg I (Bo3)\n|rated|\n|rule|Species Clause: Limit one of each Pok\u00e9mon\n|rule|Item Clause: Limit 1 of each item\n|clearpoke\n|poke|p1|Calyrex-Shadow, L50|\n|poke|p1|Kyurem-White, L50|\n|poke|p1|Slowking, L50, M|\n|poke|p1|Tornadus, L50, M|\n|poke|p1|Rillaboom, L50, F|\n|poke|p1|Incineroar, L50, F|\n|poke|p2|Zamazenta-*, L50|\n|poke|p2|Calyrex-Shadow, L50|\n|poke|p2|Murkrow, L50, M|\n|poke|p2|Rillaboom, L50, M|\n|poke|p2|Flutter Mane, L50|\n|poke|p2|Urshifu-*, L50, F|\n|teampreview|4\n|showteam|p1|Calyrex-Shadow||FocusSash|AsOneSpectrier|DarkPulse,AstralBarrage,NastyPlot,Protect||||||50|,,,,,Dark]Kyurem-White||ChoiceSpecs|Turboblaze|EarthPower,Blizzard,DragonPulse,FusionFlare||||||50|,,,,,Ground]Slowking||RockyHelmet|Oblivious|Psychic,TrickRoom,ChillyReception,HydroPump|||M|||50|,,,,,Water]Tornadus||CovertCloak|Prankster|Tailwind,BleakwindStorm,Protect,Snowscape|||M|||50|,,,,,Dark]Rillaboom||GrassySeed|GrassySurge|DrumBeating,Uturn,GrassyGlide,FakeOut|||F|||50|,,,,,Grass]Incineroar||AssaultVest|Intimidate|FakeOut,KnockOff,FlareBlitz,Uturn|||F|||50|,,,,,Fire\n|showteam|p2|Zamazenta-Crowned||RustedShield|DauntlessShield|Protect,IronDefense,Snarl,BodyPress||||||50|,,,,,Fire]Calyrex-Shadow||FocusSash|AsOneSpectrier|Protect,PollenPuff,Psychic,AstralBarrage||||||50|,,,,,Normal]Murkrow||LifeOrb|Prankster|Tailwind,Taunt,SuckerPunch,BraveBird|||M|||50|,,,,,Ghost]Rillaboom||AssaultVest|GrassySurge|FakeOut,Uturn,TeraBlast,GrassyGlide|||M|||50|,,,,,Rock]Flutter Mane||BoosterEnergy|Protosynthesis|Protect,Taunt,IcyWind,Moonblast||||||50|,,,,,Fairy]Urshifu-Rapid-Strike||MysticWater|UnseenFist|Detect,SurgingStrikes,CloseCombat,AquaJet|||F|||50|,,,,,Grass\n|\n|t:|1746056338\n|start\n|switch|p1a: Kyurem|Kyurem-White, L50|100/100\n|switch|p1b: Slowking|Slowking, L50, M|100/100\n|switch|p2a: Zamazenta|Zamazenta-Crowned, L50|100/100\n|switch|p2b: Flutter Mane|Flutter Mane, L50|100/100\n|-ability|p2a: Zamazenta|Dauntless Shield|boost\n|-boost|p2a: Zamazenta|def|1\n|-ability|p1a: Kyurem|Turboblaze\n|-enditem|p2b: Flutter Mane|Booster Energy\n|-activate|p2b: Flutter Mane|ability: Protosynthesis|[fromitem]\n|-start|p2b: Flutter Mane|protosynthesisspe\n|turn|1\n|\n|t:|1746056369\n|-terastallize|p1a: Kyurem|Ground\n|move|p2a: Zamazenta|Protect|p2a: Zamazenta\n|-singleturn|p2a: Zamazenta|Protect\n|move|p2b: Flutter Mane|Taunt|p1b: Slowking\n|-immune|p1b: Slowking|[from] ability: Oblivious\n|move|p1a: Kyurem|Earth Power|p2a: Zamazenta\n|-activate|p2a: Zamazenta|move: Protect\n|move|p1b: Slowking|Trick Room|p1b: Slowking\n|-fieldstart|move: Trick Room|[of] p1b: Slowking\n|\n|upkeep\n|turn|2\n|\n|t:|1746056406\n|switch|p2a: Murkrow|Murkrow, L50, M|100/100\n|move|p1b: Slowking|Psychic|p2a: Murkrow\n|-immune|p2a: Murkrow\n|move|p1a: Kyurem|Earth Power|p2b: Flutter Mane\n|-damage|p2b: Flutter Mane|30/100\n|move|p2b: Flutter Mane|Moonblast|p1a: Kyurem\n|-damage|p1a: Kyurem|67/100\n|\n|upkeep\n|turn|3\n|\n|t:|1746056433\n|switch|p1a: Rillaboom|Rillaboom, L50, F|100/100\n|-fieldstart|move: Grassy Terrain|[from] ability: Grassy Surge|[of] p1a: Rillaboom\n|-enditem|p1a: Rillaboom|Grassy Seed\n|-boost|p1a: Rillaboom|def|1|[from] item: Grassy Seed\n|move|p2a: Murkrow|Sucker Punch||[still]\n|-fail|p2a: Murkrow\n|-prepare|p1b: Slowking|Chilly Reception|[premajor]\n|move|p1b: Slowking|Chilly Reception|p1b: Slowking\n|-weather|Snowscape\n|\n|t:|1746056443\n|switch|p1b: Kyurem|Kyurem-White, L50, tera:Ground|67/100|[from] Chilly Reception\n|-ability|p1b: Kyurem|Turboblaze\n|move|p2b: Flutter Mane|Moonblast|p1a: Rillaboom\n|-damage|p1a: Rillaboom|48/100\n|\n|-weather|Snowscape|[upkeep]\n|-heal|p1a: Rillaboom|54/100|[from] Grassy Terrain\n|-heal|p1b: Kyurem|73/100|[from] Grassy Terrain\n|-heal|p2b: Flutter Mane|36/100|[from] Grassy Terrain\n|upkeep\n|turn|4\n|\n|t:|1746056478\n|-terastallize|p2a: Murkrow|Ghost\n|move|p1a: Rillaboom|Fake Out|p2a: Murkrow\n|-immune|p2a: Murkrow\n|move|p1b: Kyurem|Blizzard|p2b: Flutter Mane|[spread] p2a,p2b\n|-damage|p2a: Murkrow|0 fnt\n|-damage|p2b: Flutter Mane|0 fnt\n|faint|p2a: Murkrow\n|faint|p2b: Flutter Mane\n|-end|p2b: Flutter Mane|Protosynthesis|[silent]\n|\n|-weather|Snowscape|[upkeep]\n|-heal|p1a: Rillaboom|59/100|[from] Grassy Terrain\n|-heal|p1b: Kyurem|79/100|[from] Grassy Terrain\n|upkeep\n|\n|t:|1746056490\n|switch|p2a: Zamazenta|Zamazenta-Crowned, L50|100/100\n|switch|p2b: Calyrex|Calyrex-Shadow, L50|100/100\n|-ability|p2b: Calyrex|As One\n|-ability|p2b: Calyrex|Unnerve\n|turn|5\n|\n|t:|1746056515\n|move|p2a: Zamazenta|Protect|p2a: Zamazenta\n|-singleturn|p2a: Zamazenta|Protect\n|move|p2b: Calyrex|Protect|p2b: Calyrex\n|-singleturn|p2b: Calyrex|Protect\n|move|p1a: Rillaboom|Grassy Glide|p2b: Calyrex\n|-activate|p2b: Calyrex|move: Protect\n|move|p1b: Kyurem|Blizzard|p2a: Zamazenta|[spread] \n|-activate|p2a: Zamazenta|move: Protect\n|-activate|p2b: Calyrex|move: Protect\n|\n|-weather|Snowscape|[upkeep]\n|-heal|p1a: Rillaboom|65/100|[from] Grassy Terrain\n|-heal|p1b: Kyurem|85/100|[from] Grassy Terrain\n|-fieldend|move: Trick Room\n|upkeep\n|turn|6\n|\n|t:|1746056537\n|move|p1a: Rillaboom|Grassy Glide|p2b: Calyrex\n|-damage|p2b: Calyrex|59/100\n|move|p2b: Calyrex|Astral Barrage|p1a: Rillaboom|[spread] p1a,p1b\n|-damage|p1a: Rillaboom|0 fnt\n|-damage|p1b: Kyurem|38/100\n|faint|p1a: Rillaboom\n|-ability|p2b: Calyrex|Grim Neigh|boost\n|-boost|p2b: Calyrex|spa|1\n|move|p2a: Zamazenta|Body Press|p1b: Kyurem\n|-damage|p1b: Kyurem|0 fnt\n|faint|p1b: Kyurem\n|\n|-weather|Snowscape|[upkeep]\n|-heal|p2b: Calyrex|65/100|[from] Grassy Terrain\n|upkeep\n|\n|t:|1746056552\n|switch|p1b: Calyrex|Calyrex-Shadow, L50|100/100\n|switch|p1a: Slowking|Slowking, L50, M|100/100\n|-ability|p1b: Calyrex|As One\n|-ability|p1b: Calyrex|Unnerve\n|turn|7\n|\n|t:|1746056577\n|move|p2b: Calyrex|Astral Barrage|p1a: Slowking|[spread] p1a,p1b\n|-supereffective|p1a: Slowking\n|-supereffective|p1b: Calyrex\n|-damage|p1a: Slowking|0 fnt\n|-enditem|p1b: Calyrex|Focus Sash\n|-damage|p1b: Calyrex|1/100\n|faint|p1a: Slowking\n|-ability|p2b: Calyrex|Grim Neigh|boost\n|-boost|p2b: Calyrex|spa|1\n|move|p1b: Calyrex|Astral Barrage|p2a: Zamazenta|[spread] p2a,p2b\n|-supereffective|p2b: Calyrex\n|-damage|p2a: Zamazenta|66/100\n|-damage|p2b: Calyrex|0 fnt\n|faint|p2b: Calyrex\n|-ability|p1b: Calyrex|Grim Neigh|boost\n|-boost|p1b: Calyrex|spa|1\n|move|p2a: Zamazenta|Snarl|p1b: Calyrex\n|-supereffective|p1b: Calyrex\n|-damage|p1b: Calyrex|0 fnt\n|faint|p1b: Calyrex\n|\n|win|Gopackgo25\n|inactive|mavvyvgc has 30 seconds to confirm battle start!\n|inactive|Gopackgo25 has 30 seconds to confirm battle start!\n|inactive|mavvyvgc has 20 seconds to confirm battle start!\n|inactive|Gopackgo25 has 20 seconds to confirm battle start!\n||Gopackgo25 is ready for game 2.\n||mavvyvgc is ready for game 2.\n|uhtml|next|Next: <a href=\"/battle-gen9vgc2025regibo3-2354317201\"><strong>Game 2 of 3</strong></a>\n|l|\u2606mavvyvgc\n|player|p1|\n|j|\u2606mavvyvgc\n|player|p1|mavvyvgc|riley|\n", "uploadtime": 1746057315, "views": 14, "formatid": "gen9vgc2025regibo3", "rating": null, "private": 0, "password": null}