{"id": "gen9vgc2025regibo3-2354980009", "format": "[Gen 9] VGC 2025 Reg I (Bo3)", "players": ["HeatVW", "Llama_Llord"], "log": "|j|\u2606HeatVW\n|j|\u2606Llama_Llord\n|html|<table width=\"100%\"><tr><td align=\"left\">HeatVW</td><td align=\"right\">Llama_Llord</tr><tr><td align=\"left\"><i class=\"fa fa-circle-o\"></i> <i class=\"fa fa-circle-o\"></i> </td><td align=\"right\"><i class=\"fa fa-circle-o\"></i> <i class=\"fa fa-circle-o\"></i> </tr></table>\n|uhtml|bestof|<h2><strong>Game 1</strong> of <a href=\"/game-bestof3-gen9vgc2025regibo3-2354980007\">a best-of-3</a></h2>\n|t:|1746138161\n|gametype|doubles\n|player|p1|HeatVW|169|1146\n|player|p2|Llama_Llord|1|1221\n|teamsize|p1|6\n|teamsize|p2|6\n|gen|9\n|tier|[Gen 9] VGC 2025 Reg I (Bo3)\n|rated|\n|rule|Species Clause: Limit one of each Pok\u00e9mon\n|rule|Item Clause: Limit 1 of each item\n|clearpoke\n|poke|p1|Koraidon, L50|\n|poke|p1|Chi-Yu, L50|\n|poke|p1|Flutter Mane, L50|\n|poke|p1|Calyrex-Shadow, L50|\n|poke|p1|Tornadus, L50, M|\n|poke|p1|Raging Bolt, L50|\n|poke|p2|Zacian-*, L50|\n|poke|p2|Kyogre, L50|\n|poke|p2|Tornadus, L50, M|\n|poke|p2|Amoonguss, L50, F|\n|poke|p2|Urshifu-*, L50, F|\n|poke|p2|Grimmsnarl, L50, M|\n|teampreview|4\n|showteam|p1|Koraidon||LifeOrb|OrichalcumPulse|CollisionCourse,FlareBlitz,FlameCharge,Protect||||||50|,,,,,Fire]Chi-Yu||ChoiceScarf|BeadsofRuin|DarkPulse,Overheat,HeatWave,Snarl||||||50|,,,,,Ghost]Flutter Mane||BoosterEnergy|Protosynthesis|Taunt,Moonblast,IcyWind,Protect||||||50|,,,,,Fairy]Calyrex-Shadow||FocusSash|AsOneSpectrier|AstralBarrage,Psychic,Encore,Protect||||||50|,,,,,Dark]Tornadus||CovertCloak|Prankster|Tailwind,Protect,BleakwindStorm,SunnyDay|||M|||50|,,,,,Dark]Raging Bolt||AssaultVest|Protosynthesis|Snarl,Thunderclap,Thunderbolt,DracoMeteor||||||50|,,,,,Electric\n|showteam|p2|Zacian-Crowned||RustedSword|IntrepidSword|behemothblade,SwordsDance,PlayRough,Protect||||||50|,,,,,Ground]Kyogre||AssaultVest|Drizzle|WaterSpout,IceBeam,OriginPulse,Thunder||||||50|,,,,,Grass]Tornadus||CovertCloak|Prankster|Tailwind,BleakwindStorm,Taunt,RainDance|||M|||50|,,,,,Dark]Amoonguss||RockyHelmet|Regenerator|RagePowder,Spore,PollenPuff,Protect|||F|||50|,,,,,Water]Urshifu-Rapid-Strike||ChoiceScarf|UnseenFist|SurgingStrikes,CloseCombat,Uturn,Coaching|||F|||50|,,,,,Fire]Grimmsnarl||LightClay|Prankster|LightScreen,Reflect,FakeTears,SpiritBreak|||M|||50|,,,,,Ghost\n|inactive|Battle timer is ON: inactive players will automatically lose when time's up. (requested by HeatVW)\n|inactive|Llama_Llord also wants the timer to be on.\n|inactive|Llama_Llord has 60 seconds left.\n|\n|t:|1746138195\n|start\n|switch|p1a: Flutter Mane|Flutter Mane, L50|100/100\n|switch|p1b: Calyrex|Calyrex-Shadow, L50|100/100\n|switch|p2a: Grimmsnarl|Grimmsnarl, L50, M|100/100\n|switch|p2b: Kyogre|Kyogre, L50|100/100\n|-ability|p1b: Calyrex|As One\n|-ability|p1b: Calyrex|Unnerve\n|-weather|RainDance|[from] ability: Drizzle|[of] p2b: Kyogre\n|-enditem|p1a: Flutter Mane|Booster Energy\n|-activate|p1a: Flutter Mane|ability: Protosynthesis|[fromitem]\n|-start|p1a: Flutter Mane|protosynthesisspe\n|turn|1\n|inactive|Llama_Llord has 30 seconds left.\n|\n|t:|1746138221\n|switch|p1b: Koraidon|Koraidon, L50|100/100\n|-weather|SunnyDay|[from] ability: Orichalcum Pulse|[of] p1b: Koraidon\n|-activate|p1b: Koraidon|Orichalcum Pulse|[source]\n|move|p2a: Grimmsnarl|Light Screen|p2a: Grimmsnarl\n|-sidestart|p2: Llama_Llord|move: Light Screen\n|move|p1a: Flutter Mane|Moonblast|p2b: Kyogre\n|-crit|p2b: Kyogre\n|-damage|p2b: Kyogre|72/100\n|-unboost|p2b: Kyogre|spa|1\n|move|p2b: Kyogre|Origin Pulse|p1a: Flutter Mane|[spread] p1a\n|-miss|p2b: Kyogre|p1b: Koraidon\n|-damage|p1a: Flutter Mane|87/100\n|\n|-weather|SunnyDay|[upkeep]\n|upkeep\n|turn|2\n|inactive|Llama_Llord has 30 seconds left.\n|\n|t:|1746138252\n|switch|p2b: Tornadus|Tornadus, L50, M|100/100\n|-terastallize|p1b: Koraidon|Fire\n|move|p1a: Flutter Mane|Moonblast|p2a: Grimmsnarl\n|-supereffective|p2a: Grimmsnarl\n|-damage|p2a: Grimmsnarl|54/100\n|-unboost|p2a: Grimmsnarl|spa|1\n|move|p1b: Koraidon|Flame Charge|p2a: Grimmsnarl\n|-damage|p2a: Grimmsnarl|0 fnt\n|-boost|p1b: Koraidon|spe|1\n|faint|p2a: Grimmsnarl\n|-damage|p1b: Koraidon|91/100|[from] item: Life Orb\n|\n|-weather|SunnyDay|[upkeep]\n|upkeep\n|\n|t:|1746138271\n|switch|p2a: Kyogre|Kyogre, L50|72/100\n|-weather|RainDance|[from] ability: Drizzle|[of] p2a: Kyogre\n|turn|3\n|\n|t:|1746138280\n|move|p1b: Koraidon|Protect|p1b: Koraidon\n|-singleturn|p1b: Koraidon|Protect\n|move|p2b: Tornadus|Tailwind|p2b: Tornadus\n|-sidestart|p2: Llama_Llord|move: Tailwind\n|move|p1a: Flutter Mane|Taunt|p2b: Tornadus\n|-start|p2b: Tornadus|move: Taunt\n|move|p2a: Kyogre|Water Spout|p1b: Koraidon|[spread] p1a\n|-activate|p1b: Koraidon|move: Protect\n|-damage|p1a: Flutter Mane|26/100\n|\n|-weather|RainDance|[upkeep]\n|upkeep\n|turn|4\n|\n|t:|1746138301\n|switch|p1b: Raging Bolt|Raging Bolt, L50|100/100\n|move|p2b: Tornadus|Bleakwind Storm|p1a: Flutter Mane|[spread] p1a,p1b\n|-resisted|p1b: Raging Bolt\n|-damage|p1a: Flutter Mane|0 fnt\n|-damage|p1b: Raging Bolt|91/100\n|-unboost|p1b: Raging Bolt|spe|1\n|faint|p1a: Flutter Mane\n|-end|p1a: Flutter Mane|Protosynthesis|[silent]\n|move|p2a: Kyogre|Water Spout|p1b: Raging Bolt\n|-resisted|p1b: Raging Bolt\n|-damage|p1b: Raging Bolt|67/100\n|\n|-weather|RainDance|[upkeep]\n|upkeep\n|\n|t:|1746138309\n|switch|p1a: Koraidon|Koraidon, L50, tera:Fire|91/100\n|-weather|SunnyDay|[from] ability: Orichalcum Pulse|[of] p1a: Koraidon\n|-activate|p1b: Raging Bolt|ability: Protosynthesis\n|-start|p1b: Raging Bolt|protosynthesisspa\n|-activate|p1a: Koraidon|Orichalcum Pulse|[source]\n|turn|5\n|\n|t:|1746138327\n|-terastallize|p2a: Kyogre|Grass\n|move|p1b: Raging Bolt|Thunderclap|p2a: Kyogre\n|-resisted|p2a: Kyogre\n|-damage|p2a: Kyogre|65/100\n|move|p2b: Tornadus|Bleakwind Storm|p1b: Raging Bolt|[spread] p1a,p1b\n|-resisted|p1b: Raging Bolt\n|-damage|p1a: Koraidon|57/100\n|-damage|p1b: Raging Bolt|55/100\n|-unboost|p1a: Koraidon|spe|1\n|-unboost|p1b: Raging Bolt|spe|1\n|move|p2a: Kyogre|Ice Beam|p1b: Raging Bolt\n|-supereffective|p1b: Raging Bolt\n|-damage|p1b: Raging Bolt|17/100\n|move|p1a: Koraidon|Flame Charge|p2b: Tornadus\n|-damage|p2b: Tornadus|0 fnt\n|-boost|p1a: Koraidon|spe|1\n|faint|p2b: Tornadus\n|-damage|p1a: Koraidon|47/100|[from] item: Life Orb\n|\n|-weather|SunnyDay|[upkeep]\n|upkeep\n|\n|t:|1746138341\n|switch|p2b: Amoonguss|Amoonguss, L50, F|100/100\n|turn|6\n|inactive|Llama_Llord has 30 seconds left.\n|\n|t:|1746138367\n|move|p2a: Kyogre|Thunder|p1a: Koraidon\n|-damage|p1a: Koraidon|6/100\n|-status|p1a: Koraidon|par\n|move|p2b: Amoonguss|Pollen Puff|p2a: Kyogre\n|-heal|p2a: Kyogre|100/100\n|move|p1a: Koraidon|Flame Charge|p2a: Kyogre\n|-supereffective|p2a: Kyogre\n|-damage|p2a: Kyogre|0 fnt\n|-boost|p1a: Koraidon|spe|1\n|faint|p2a: Kyogre\n|-damage|p1a: Koraidon|0 fnt|[from] item: Life Orb\n|faint|p1a: Koraidon\n|move|p1b: Raging Bolt|Draco Meteor|p2b: Amoonguss\n|-damage|p2b: Amoonguss|60/100\n|-unboost|p1b: Raging Bolt|spa|2\n|\n|-weather|SunnyDay|[upkeep]\n|-sideend|p2: Llama_Llord|move: Tailwind\n|upkeep\n|\n|t:|1746138379\n|switch|p1a: Calyrex|Calyrex-Shadow, L50|100/100\n|-ability|p1a: Calyrex|As One\n|-ability|p1a: Calyrex|Unnerve\n|turn|7\n|\n|t:|1746138404\n|move|p1a: Calyrex|Encore|p2b: Amoonguss\n|-start|p2b: Amoonguss|Encore\n|move|p2b: Amoonguss|Pollen Puff|p1b: Raging Bolt\n|-damage|p1b: Raging Bolt|7/100\n|move|p1b: Raging Bolt|Snarl|p2b: Amoonguss\n|-damage|p2b: Amoonguss|55/100\n|-unboost|p2b: Amoonguss|spa|1\n|\n|-weather|SunnyDay|[upkeep]\n|upkeep\n|turn|8\n|-message|Llama_Llord forfeited.\n|\n|win|HeatVW\n||HeatVW is ready for game 2.\n||Llama_Llord is ready for game 2.\n|uhtml|next|Next: <a href=\"/battle-gen9vgc2025regibo3-2354982329\"><strong>Game 2 of 3</strong></a>\n", "uploadtime": 1746138415, "views": 9, "formatid": "gen9vgc2025regibo3", "rating": null, "private": 0, "password": null}