{"id": "gen9vgc2025regibo3-2353792215", "format": "[Gen 9] VGC 2025 Reg I (Bo3)", "players": ["tzarii", "ginopollo"], "log": "|j|\u2606tzarii\n|j|\u2606ginopollo\n|html|<table width=\"100%\"><tr><td align=\"left\">tzarii</td><td align=\"right\">ginopollo</tr><tr><td align=\"left\"><i class=\"fa fa-circle-o\"></i> <i class=\"fa fa-circle-o\"></i> </td><td align=\"right\"><i class=\"fa fa-circle-o\"></i> <i class=\"fa fa-circle-o\"></i> </tr></table>\n|uhtml|bestof|<h2><strong>Game 1</strong> of <a href=\"/game-bestof3-gen9vgc2025regibo3-2353792214\">a best-of-3</a></h2>\n|t:|1746000719\n|gametype|doubles\n|player|p1|tzarii|lady-gen4|1182\n|player|p2|ginopollo|102|1285\n|teamsize|p1|6\n|teamsize|p2|6\n|gen|9\n|tier|[Gen 9] VGC 2025 Reg I (Bo3)\n|rated|\n|rule|Species Clause: Limit one of each Pok\u00e9mon\n|rule|Item Clause: Limit 1 of each item\n|clearpoke\n|poke|p1|Koraidon, L50|\n|poke|p1|Groudon, L50|\n|poke|p1|Flutter Mane, L50|\n|poke|p1|Scovillain, L50, M|\n|poke|p1|Rillaboom, L50, M|\n|poke|p1|Urshifu-*, L50, M|\n|poke|p2|Calyrex-Ice, L50|\n|poke|p2|Lunala, L50|\n|poke|p2|Smeargle, L50, F|\n|poke|p2|Ursaluna, L50, F|\n|poke|p2|Torkoal, L50, M|\n|poke|p2|Raging Bolt, L50|\n|teampreview|4\n|showteam|p1|Koraidon||ClearAmulet|OrichalcumPulse|FlameCharge,CloseCombat,FlareBlitz,Protect||||||50|,,,,,Fire]Groudon||AssaultVest|Drought|PrecipiceBlades,HeatCrash,RockSlide,HighHorsepower||||||50|,,,,,Water]Flutter Mane||FocusSash|Protosynthesis|Moonblast,IcyWind,ShadowBall,Protect||||||50|,,,,,Fairy]Scovillain||CovertCloak|Chlorophyll|Overheat,SpicyExtract,WillOWisp,ScaryFace|||M|||50|,,,,,Fire]Rillaboom||MiracleSeed|GrassySurge|FakeOut,GrassyGlide,WoodHammer,Protect|||M|||50|,,,,,Water]Urshifu||ChoiceBand|UnseenFist|WickedBlow,CloseCombat,Uturn,SuckerPunch|||M|||50|,,,,,Dark\n|showteam|p2|Calyrex-Ice||ClearAmulet|AsOneGlastrier|GlacialLance,HighHorsepower,Protect,TrickRoom||||||50|,,,,,Normal]Lunala||PowerHerb|ShadowShield|MoongeistBeam,MeteorBeam,WideGuard,TrickRoom||||||50|,,,,,Fairy]Smeargle||FocusSash|Moody|Spore,FollowMe,FakeOut,Decorate|||F|||50|,,,,,Grass]Ursaluna||FlameOrb|Guts|Protect,Facade,HeadlongRush,Crunch|||F|||50|,,,,,Water]Torkoal||LifeOrb|Drought|Eruption,EarthPower,Protect,HeatWave|||M|||50|,,,,,Grass]Raging Bolt||AssaultVest|Protosynthesis|Thunder,Thunderclap,Snarl,DracoMeteor||||||50|,,,,,Flying\n|inactive|Battle timer is ON: inactive players will automatically lose when time's up. (requested by tzarii)\n|\n|t:|1746000782\n|start\n|switch|p1a: Rillaboom|Rillaboom, L50, M|100/100\n|switch|p1b: Urshifu|Urshifu, L50, M|100/100\n|switch|p2a: Smeargle|Smeargle, L50, F|100/100\n|switch|p2b: Lunala|Lunala, L50|100/100\n|-fieldstart|move: Grassy Terrain|[from] ability: Grassy Surge|[of] p1a: Rillaboom\n|turn|1\n|inactive|tzarii has 30 seconds left.\n|\n|t:|1746000816\n|move|p2a: Smeargle|Fake Out|p1b: Urshifu\n|-damage|p1b: Urshifu|95/100\n|move|p1a: Rillaboom|Fake Out|p2b: Lunala\n|-immune|p2b: Lunala\n|cant|p1b: Urshifu|flinch\n|move|p2b: Lunala|Trick Room|p2b: Lunala\n|-fieldstart|move: Trick Room|[of] p2b: Lunala\n|\n|-heal|p1b: Urshifu|100/100|[from] Grassy Terrain\n|-ability|p2a: Smeargle|Moody|boost\n|-boost|p2a: Smeargle|atk|2\n|-unboost|p2a: Smeargle|def|1\n|upkeep\n|turn|2\n|inactive|tzarii has 30 seconds left.\n|inactive|tzarii has 20 seconds left.\n|inactive|tzarii has 15 seconds left.\n|\n|t:|1746000861\n|-terastallize|p1b: Urshifu|Dark\n|move|p1a: Rillaboom|Grassy Glide|p2a: Smeargle\n|-enditem|p2a: Smeargle|Focus Sash\n|-damage|p2a: Smeargle|1/100\n|move|p1b: Urshifu|Sucker Punch|p2b: Lunala\n|-supereffective|p2b: Lunala\n|-damage|p2b: Lunala|0 fnt\n|faint|p2b: Lunala\n|move|p2a: Smeargle|Spore|p1b: Urshifu\n|-status|p1b: Urshifu|slp|[from] move: Spore\n|\n|-heal|p2a: Smeargle|7/100|[from] Grassy Terrain\n|-ability|p2a: Smeargle|Moody|boost\n|-boost|p2a: Smeargle|spe|2\n|-unboost|p2a: Smeargle|spa|1\n|upkeep\n|\n|t:|1746000874\n|switch|p2b: Calyrex|Calyrex-Ice, L50|100/100\n|-ability|p2b: Calyrex|As One\n|-ability|p2b: Calyrex|Unnerve\n|turn|3\n|\n|t:|1746000899\n|switch|p2a: Ursaluna|Ursaluna, L50, F|100/100\n|move|p1a: Rillaboom|Grassy Glide|p2a: Ursaluna\n|-supereffective|p2a: Ursaluna\n|-damage|p2a: Ursaluna|35/100\n|cant|p1b: Urshifu|slp\n|move|p2b: Calyrex|Glacial Lance|p1b: Urshifu|[spread] p1a,p1b\n|-supereffective|p1a: Rillaboom\n|-damage|p1a: Rillaboom|0 fnt\n|-damage|p1b: Urshifu|40/100 slp\n|faint|p1a: Rillaboom\n|-ability|p2b: Calyrex|Chilling Neigh|boost\n|-boost|p2b: Calyrex|atk|1\n|\n|-heal|p2a: Ursaluna|41/100|[from] Grassy Terrain\n|-heal|p1b: Urshifu|46/100 slp|[from] Grassy Terrain\n|-status|p2a: Ursaluna|brn|[from] item: Flame Orb\n|upkeep\n|\n|t:|1746000908\n|switch|p1a: Groudon|Groudon, L50|100/100\n|-weather|SunnyDay|[from] ability: Drought|[of] p1a: Groudon\n|turn|4\n|\n|t:|1746000924\n|-terastallize|p2b: Calyrex|Normal\n|-curestatus|p1b: Urshifu|slp|[msg]\n|move|p1b: Urshifu|Sucker Punch|p2b: Calyrex\n|-damage|p2b: Calyrex|59/100\n|move|p2a: Ursaluna|Facade|p1a: Groudon\n|-damage|p1a: Groudon|16/100\n|move|p2b: Calyrex|Glacial Lance|p1a: Groudon|[spread] p1a,p1b\n|-supereffective|p1a: Groudon\n|-damage|p1a: Groudon|0 fnt\n|-damage|p1b: Urshifu|0 fnt\n|faint|p1a: Groudon\n|faint|p1b: Urshifu\n|-ability|p2b: Calyrex|Chilling Neigh|boost\n|-boost|p2b: Calyrex|atk|2\n|\n|-weather|SunnyDay|[upkeep]\n|-heal|p2a: Ursaluna|46/100 brn|[from] Grassy Terrain\n|-heal|p2b: Calyrex|65/100|[from] Grassy Terrain\n|-damage|p2a: Ursaluna|41/100 brn|[from] brn\n|upkeep\n|\n|t:|1746000934\n|switch|p1b: Koraidon|Koraidon, L50|100/100\n|-activate|p1b: Koraidon|ability: Orichalcum Pulse\n|turn|5\n|\n|t:|1746000946\n|switch|p2a: Smeargle|Smeargle, L50, F|7/100\n|move|p1b: Koraidon|Protect|p1b: Koraidon\n|-singleturn|p1b: Koraidon|Protect\n|move|p2b: Calyrex|Glacial Lance|p1b: Koraidon\n|-activate|p1b: Koraidon|move: Protect\n|\n|-weather|SunnyDay|[upkeep]\n|-heal|p2b: Calyrex|71/100|[from] Grassy Terrain\n|-heal|p2a: Smeargle|13/100|[from] Grassy Terrain\n|-fieldend|move: Trick Room\n|-fieldend|move: Grassy Terrain\n|-ability|p2a: Smeargle|Moody|boost\n|-boost|p2a: Smeargle|spa|2\n|-unboost|p2a: Smeargle|atk|1\n|upkeep\n|turn|6\n|-message|tzarii forfeited.\n|\n|win|ginopollo\n||tzarii is ready for game 2.\n||ginopollo is ready for game 2.\n|uhtml|next|Next: <a href=\"/battle-gen9vgc2025regibo3-2353793637\"><strong>Game 2 of 3</strong></a>\n|l|\u2606tzarii\n|player|p1|\n", "uploadtime": 1746001304, "views": 9, "formatid": "gen9vgc2025regibo3", "rating": null, "private": 0, "password": null}