{"id": "gen9vgc2025regibo3-2354720841", "format": "[Gen 9] VGC 2025 Reg I (Bo3)", "players": ["killfery", "HushWasHere"], "log": "|j|\u2606killfery\n|j|\u2606HushWasHere\n|html|<table width=\"100%\"><tr><td align=\"left\">killfery</td><td align=\"right\">HushWasHere</tr><tr><td align=\"left\"><i class=\"fa fa-circle-o\"></i> <i class=\"fa fa-circle-o\"></i> </td><td align=\"right\"><i class=\"fa fa-circle-o\"></i> <i class=\"fa fa-circle-o\"></i> </tr></table>\n|uhtml|bestof|<h2><strong>Game 1</strong> of <a href=\"/game-bestof3-gen9vgc2025regibo3-2354720840\">a best-of-3</a></h2>\n|t:|1746113847\n|gametype|doubles\n|player|p1|killfery|harlequin|1095\n|player|p2|HushWasHere|supernerd|1128\n|teamsize|p1|6\n|teamsize|p2|6\n|gen|9\n|tier|[Gen 9] VGC 2025 Reg I (Bo3)\n|rated|\n|rule|Species Clause: Limit one of each Pok\u00e9mon\n|rule|Item Clause: Limit 1 of each item\n|clearpoke\n|poke|p1|Miraidon, L50|\n|poke|p1|Koraidon, L50|\n|poke|p1|Flutter Mane, L50|\n|poke|p1|Raging Bolt, L50|\n|poke|p1|Incineroar, L50, F|\n|poke|p1|Ogerpon-Cornerstone, L50, F|\n|poke|p2|Miraidon, L50|\n|poke|p2|Farigiraf, L50, F|\n|poke|p2|Calyrex-Ice, L50|\n|poke|p2|Iron Hands, L50|\n|poke|p2|Ogerpon-Cornerstone, L50, F|\n|poke|p2|Volcarona, L50, F|\n|teampreview|4\n|showteam|p1|Miraidon||ChoiceSpecs|HadronEngine|ElectroDrift,VoltSwitch,DazzlingGleam,DracoMeteor||||||50|,,,,,Fairy]Koraidon||LifeOrb|OrichalcumPulse|CloseCombat,FlareBlitz,FlameCharge,Protect||||||50|,,,,,Fire]Flutter Mane||FocusSash|Protosynthesis|Moonblast,ShadowBall,IcyWind,Protect||||||50|,,,,,Stellar]Raging Bolt||AssaultVest|Protosynthesis|RisingVoltage,DracoMeteor,Thunderclap,Electroweb||||||50|,,,,,Electric]Incineroar||RockyHelmet|Intimidate|FlareBlitz,KnockOff,Uturn,FakeOut|||F|||50|,,,,,Ghost]Ogerpon-Cornerstone||CornerstoneMask|Sturdy|IvyCudgel,PowerWhip,FollowMe,SpikyShield|||F|||50|,,,,,Rock\n|showteam|p2|Miraidon||ChoiceScarf|HadronEngine|VoltSwitch,ElectroDrift,DracoMeteor,Snarl||||||50|,,,,,Electric]Farigiraf||ElectricSeed|ArmorTail|FoulPlay,PsychicNoise,TrickRoom,HelpingHand|||F|||50|,,,,,Water]Calyrex-Ice||ClearAmulet|AsOneGlastrier|GlacialLance,HighHorsepower,TrickRoom,Protect||||||50|,,,,,Fire]Iron Hands||AssaultVest|QuarkDrive|DrainPunch,LowKick,WildCharge,FakeOut||||||50|,,,,,Water]Ogerpon-Cornerstone||CornerstoneMask|Sturdy|IvyCudgel,FollowMe,SpikyShield,PowerWhip|||F|||50|,,,,,Rock]Volcarona||RockyHelmet|FlameBody|FieryDance,WillOWisp,RagePowder,StruggleBug|||F|||50|,,,,,Dragon\n|inactive|Battle timer is ON: inactive players will automatically lose when time's up. (requested by HushWasHere)\n|inactive|HushWasHere has 60 seconds left.\n|\n|t:|1746113895\n|start\n|switch|p1a: Ogerpon|Ogerpon-Cornerstone, L50, F|100/100\n|switch|p1b: Koraidon|Koraidon, L50|100/100\n|switch|p2a: Calyrex|Calyrex-Ice, L50|100/100\n|switch|p2b: Ogerpon|Ogerpon-Cornerstone, L50, F|100/100\n|-ability|p2a: Calyrex|As One\n|-ability|p2a: Calyrex|Unnerve\n|-weather|SunnyDay|[from] ability: Orichalcum Pulse|[of] p1b: Koraidon\n|-activate|p1b: Koraidon|Orichalcum Pulse|[source]\n|turn|1\n|\n|t:|1746113907\n|move|p2b: Ogerpon|Follow Me|p2b: Ogerpon\n|-singleturn|p2b: Ogerpon|move: Follow Me\n|move|p1b: Koraidon|Flame Charge|p2b: Ogerpon\n|-damage|p2b: Ogerpon|33/100\n|-boost|p1b: Koraidon|spe|1\n|-damage|p1b: Koraidon|91/100|[from] item: Life Orb\n|move|p1a: Ogerpon|Ivy Cudgel|p2b: Ogerpon|[anim] Ivy Cudgel Rock\n|-damage|p2b: Ogerpon|0 fnt\n|faint|p2b: Ogerpon\n|move|p2a: Calyrex|Trick Room|p2a: Calyrex\n|-fieldstart|move: Trick Room|[of] p2a: Calyrex\n|\n|-weather|SunnyDay|[upkeep]\n|upkeep\n|\n|t:|1746113919\n|switch|p2b: Iron Hands|Iron Hands, L50, shiny|100/100\n|turn|2\n|\n|t:|1746113926\n|-terastallize|p2a: Calyrex|Fire\n|move|p1a: Ogerpon|Spiky Shield|p1a: Ogerpon\n|-singleturn|p1a: Ogerpon|move: Protect\n|move|p1b: Koraidon|Protect|p1b: Koraidon\n|-singleturn|p1b: Koraidon|Protect\n|move|p2b: Iron Hands|Fake Out|p1a: Ogerpon\n|-activate|p1a: Ogerpon|move: Protect\n|-damage|p2b: Iron Hands|88/100|[from] Spiky Shield|[of] p1a: Ogerpon\n|move|p2a: Calyrex|Glacial Lance|p1a: Ogerpon|[spread] \n|-activate|p1a: Ogerpon|move: Protect\n|-activate|p1b: Koraidon|move: Protect\n|\n|-weather|SunnyDay|[upkeep]\n|upkeep\n|turn|3\n|inactive|killfery has 30 seconds left.\n|\n|t:|1746113954\n|-terastallize|p1b: Koraidon|Fire\n|move|p2a: Calyrex|Glacial Lance|p1b: Koraidon|[spread] p1a,p1b\n|-supereffective|p1a: Ogerpon\n|-resisted|p1b: Koraidon\n|-ability|p1a: Ogerpon|Sturdy\n|-damage|p1a: Ogerpon|1/100\n|-damage|p1b: Koraidon|64/100\n|move|p2b: Iron Hands|Drain Punch|p1a: Ogerpon\n|-supereffective|p1a: Ogerpon\n|-damage|p1a: Ogerpon|0 fnt\n|-heal|p2b: Iron Hands|89/100|[from] drain|[of] p1a: Ogerpon\n|faint|p1a: Ogerpon\n|move|p1b: Koraidon|Close Combat|p2a: Calyrex\n|-damage|p2a: Calyrex|33/100\n|-unboost|p1b: Koraidon|def|1\n|-unboost|p1b: Koraidon|spd|1\n|-damage|p1b: Koraidon|54/100|[from] item: Life Orb\n|\n|-weather|SunnyDay|[upkeep]\n|upkeep\n|\n|t:|1746113961\n|switch|p1a: Incineroar|Incineroar, L50, F|100/100\n|-ability|p1a: Incineroar|Intimidate|boost\n|-fail|p2a: Calyrex|unboost|[from] item: Clear Amulet|[of] p2a: Calyrex\n|-unboost|p2b: Iron Hands|atk|1\n|turn|4\n|\n|t:|1746113971\n|-end|p2b: Iron Hands|Quark Drive|[silent]\n|switch|p2b: Farigiraf|Farigiraf, L50, F|100/100\n|move|p1a: Incineroar|Fake Out||[still]\n|cant|p2b: Farigiraf|ability: Armor Tail|Fake Out|[of] p1a: Incineroar\n|move|p2a: Calyrex|High Horsepower|p1b: Koraidon|[miss]\n|-miss|p2a: Calyrex|p1b: Koraidon\n|move|p1b: Koraidon|Close Combat|p2a: Calyrex\n|-damage|p2a: Calyrex|0 fnt\n|-unboost|p1b: Koraidon|def|1\n|-unboost|p1b: Koraidon|spd|1\n|faint|p2a: Calyrex\n|-damage|p1b: Koraidon|44/100|[from] item: Life Orb\n|\n|-weather|SunnyDay|[upkeep]\n|upkeep\n|\n|t:|1746113979\n|switch|p2a: Iron Hands|Iron Hands, L50, shiny|89/100\n|turn|5\n|\n|t:|1746113990\n|switch|p1a: Raging Bolt|Raging Bolt, L50|100/100\n|-activate|p1a: Raging Bolt|ability: Protosynthesis\n|-start|p1a: Raging Bolt|protosynthesisspa\n|move|p1b: Koraidon|Protect|p1b: Koraidon\n|-singleturn|p1b: Koraidon|Protect\n|move|p2a: Iron Hands|Drain Punch|p1a: Raging Bolt\n|-damage|p1a: Raging Bolt|65/100\n|-heal|p2a: Iron Hands|100/100|[from] drain|[of] p1a: Raging Bolt\n|move|p2b: Farigiraf|Foul Play|p1b: Koraidon\n|-activate|p1b: Koraidon|move: Protect\n|\n|-weather|none\n|-end|p1a: Raging Bolt|Protosynthesis\n|-fieldend|move: Trick Room\n|upkeep\n|turn|6\n|\n|t:|1746114005\n|-end|p1a: Raging Bolt|Protosynthesis|[silent]\n|switch|p1a: Incineroar|Incineroar, L50, F|100/100\n|-ability|p1a: Incineroar|Intimidate|boost\n|-unboost|p2a: Iron Hands|atk|1\n|-unboost|p2b: Farigiraf|atk|1\n|move|p1b: Koraidon|Flare Blitz|p2b: Farigiraf\n|-crit|p2b: Farigiraf\n|-damage|p2b: Farigiraf|2/100\n|-damage|p1b: Koraidon|3/100|[from] Recoil\n|-damage|p1b: Koraidon|0 fnt|[from] item: Life Orb\n|faint|p1b: Koraidon\n|move|p2a: Iron Hands|Drain Punch|p1a: Incineroar\n|-supereffective|p1a: Incineroar\n|-damage|p1a: Incineroar|59/100\n|-damage|p2a: Iron Hands|84/100|[from] item: Rocky Helmet|[of] p1a: Incineroar\n|move|p2b: Farigiraf|Trick Room|p2b: Farigiraf\n|-fieldstart|move: Trick Room|[of] p2b: Farigiraf\n|\n|upkeep\n|\n|t:|1746114012\n|switch|p1b: Raging Bolt|Raging Bolt, L50|65/100\n|turn|7\n|\n|t:|1746114026\n|move|p2b: Farigiraf|Helping Hand|p2a: Iron Hands\n|-singleturn|p2a: Iron Hands|Helping Hand|[of] p2b: Farigiraf\n|move|p2a: Iron Hands|Drain Punch|p1a: Incineroar\n|-supereffective|p1a: Incineroar\n|-damage|p1a: Incineroar|0 fnt\n|-heal|p2a: Iron Hands|100/100|[from] drain|[of] p1a: Incineroar\n|-damage|p2a: Iron Hands|84/100|[from] item: Rocky Helmet|[of] p1a: Incineroar\n|faint|p1a: Incineroar\n|move|p1b: Raging Bolt|Draco Meteor|p2a: Iron Hands\n|-damage|p2a: Iron Hands|44/100\n|-unboost|p1b: Raging Bolt|spa|2\n|\n|upkeep\n|turn|8\n|-message|killfery forfeited.\n|\n|win|HushWasHere\n|l|\u2606killfery\n|player|p1|\n||killfery is ready for game 2.\n||HushWasHere is ready for game 2.\n|uhtml|next|Next: <a href=\"/battle-gen9vgc2025regibo3-2354723026\"><strong>Game 2 of 3</strong></a>\n", "uploadtime": 1746114312, "views": 6, "formatid": "gen9vgc2025regibo3", "rating": null, "private": 0, "password": null}