{"id": "gen9vgc2025regibo3-2354290747", "format": "[Gen 9] VGC 2025 Reg I (Bo3)", "players": ["PaniniWeenie", "ketertitanarmadio"], "log": "|j|\u2606PaniniWeenie\n|j|\u2606ketertitanarmadio\n|html|<table width=\"100%\"><tr><td align=\"left\">PaniniWeenie</td><td align=\"right\">ketertitanarmadio</tr><tr><td align=\"left\"><i class=\"fa fa-circle\"></i> <i class=\"fa fa-circle-o\"></i> </td><td align=\"right\"><i class=\"fa fa-circle-o\"></i> <i class=\"fa fa-circle-o\"></i> </tr></table>\n|uhtml|bestof|<h2><strong>Game 2</strong> of <a href=\"/game-bestof3-gen9vgc2025regibo3-2354290044\">a best-of-3</a></h2>\n|t:|1746053535\n|gametype|doubles\n|player|p1|PaniniWeenie|pokemaniac|1222\n|player|p2|ketertitanarmadio|169|1378\n|teamsize|p1|6\n|teamsize|p2|6\n|gen|9\n|tier|[Gen 9] VGC 2025 Reg I (Bo3)\n|rated|\n|rule|Species Clause: Limit one of each Pok\u00e9mon\n|rule|Item Clause: Limit 1 of each item\n|clearpoke\n|poke|p1|Ditto, L50|\n|poke|p1|Grimmsnarl, L50, M|\n|poke|p1|Zamazenta-*, L50|\n|poke|p1|Miraidon, L50|\n|poke|p1|Entei, L50|\n|poke|p1|Iron Leaves, L50|\n|poke|p2|Incineroar, L50, F|\n|poke|p2|Ogerpon-Cornerstone, L50, F|\n|poke|p2|Zacian-*, L50|\n|poke|p2|Miraidon, L50|\n|poke|p2|Farigiraf, L50, F|\n|poke|p2|Volbeat, L50, M|\n|teampreview|4\n|showteam|p1|Ditto||FocusSash|Imposter|Transform||||||50|,,,,,Normal]Grimmsnarl||LightClay|Prankster|Reflect,LightScreen,ThunderWave,SpiritBreak|||M|||50|,,,,,Ghost]Zamazenta-Crowned||RustedShield|DauntlessShield|BodyPress,HeavySlam,WideGuard,Protect||||||50|,,,,,Dragon]Miraidon||ChoiceSpecs|HadronEngine|ElectroDrift,DracoMeteor,VoltSwitch,DazzlingGleam||||||50|,,,,,Fairy]Entei||AssaultVest|InnerFocus|SacredFire,ExtremeSpeed,StoneEdge,Crunch||||||50|,,,,,Fairy]Iron Leaves||LifeOrb|QuarkDrive|Psyblade,LeafBlade,QuickGuard,Protect||||||50|,,,,,Stellar\n|showteam|p2|Incineroar||SitrusBerry|Intimidate|KnockOff,WillOWisp,PartingShot,FakeOut|||F|||50|,,,,,Bug]Ogerpon-Cornerstone||CornerstoneMask|Sturdy|IvyCudgel,SeedBomb,FollowMe,SpikyShield|||F|||50|,,,,,Rock]Zacian-Crowned||RustedSword|IntrepidSword|behemothblade,PlayRough,SwordsDance,Protect||||||50|,,,,,Normal]Miraidon||ChoiceSpecs|HadronEngine|ElectroDrift,VoltSwitch,DracoMeteor,DazzlingGleam||||||50|,,,,,Fairy]Farigiraf||ElectricSeed|ArmorTail|Psychic,FoulPlay,TrickRoom,HelpingHand|||F|||50|,,,,,Water]Volbeat||FocusSash|Prankster|Uturn,Tailwind,Encore,LightScreen|||M|||50|,,,,,Ghost\n|\n|t:|1746053547\n|start\n|switch|p1a: Miraidon|Miraidon, L50|100/100\n|switch|p1b: Iron Leaves|Iron Leaves, L50|100/100\n|switch|p2a: Zacian|Zacian-Crowned, L50, shiny|100/100\n|switch|p2b: Miraidon|Miraidon, L50|100/100\n|-ability|p2a: Zacian|Intrepid Sword|boost\n|-boost|p2a: Zacian|atk|1\n|-fieldstart|move: Electric Terrain|[from] ability: Hadron Engine|[of] p1a: Miraidon\n|-activate|p1b: Iron Leaves|ability: Quark Drive\n|-start|p1b: Iron Leaves|quarkdrivespe\n|-activate|p2b: Miraidon|ability: Hadron Engine\n|turn|1\n|inactive|Battle timer is ON: inactive players will automatically lose when time's up. (requested by PaniniWeenie)\n|\n|t:|1746053557\n|switch|p1a: Entei|Entei, L50|100/100\n|-terastallize|p1b: Iron Leaves|Stellar\n|move|p1b: Iron Leaves|Psyblade|p2b: Miraidon\n|-damage|p2b: Miraidon|3/100\n|-damage|p1b: Iron Leaves|91/100|[from] item: Life Orb\n|move|p2a: Zacian|Behemoth Blade|p1a: Entei\n|-resisted|p1a: Entei\n|-damage|p1a: Entei|66/100\n|move|p2b: Miraidon|Dazzling Gleam|p1a: Entei|[spread] p1a,p1b\n|-resisted|p1a: Entei\n|-damage|p1a: Entei|50/100\n|-damage|p1b: Iron Leaves|50/100\n|\n|upkeep\n|turn|2\n|\n|t:|1746053581\n|switch|p2b: Incineroar|Incineroar, L50, F|100/100\n|-ability|p2b: Incineroar|Intimidate|boost\n|-fail|p1a: Entei|unboost|Attack|[from] ability: Inner Focus|[of] p1a: Entei\n|-unboost|p1b: Iron Leaves|atk|1\n|move|p2a: Zacian|Protect|p2a: Zacian\n|-singleturn|p2a: Zacian|Protect\n|move|p1b: Iron Leaves|Leaf Blade|p2b: Incineroar\n|-resisted|p2b: Incineroar\n|-crit|p2b: Incineroar\n|-damage|p2b: Incineroar|60/100\n|-damage|p1b: Iron Leaves|40/100|[from] item: Life Orb\n|move|p1a: Entei|Sacred Fire|p2a: Zacian\n|-activate|p2a: Zacian|move: Protect\n|\n|upkeep\n|turn|3\n|inactive|ketertitanarmadio has 30 seconds left.\n|\n|t:|1746053607\n|-end|p1b: Iron Leaves|Quark Drive|[silent]\n|switch|p1b: Ditto|Ditto, L50, shiny|100/100\n|-transform|p1b: Ditto|p2a: Zacian|[from] ability: Imposter\n|-ability|p1b: Ditto|Intrepid Sword|boost\n|-boost|p1b: Ditto|atk|1\n|move|p2a: Zacian|Behemoth Blade|p1a: Entei\n|-resisted|p1a: Entei\n|-damage|p1a: Entei|11/100\n|move|p1a: Entei|Sacred Fire|p2a: Zacian\n|-supereffective|p2a: Zacian\n|-damage|p2a: Zacian|11/100\n|move|p2b: Incineroar|Knock Off|p1a: Entei\n|-damage|p1a: Entei|0 fnt\n|-enditem|p1a: Entei|Assault Vest|[from] move: Knock Off|[of] p2b: Incineroar\n|faint|p1a: Entei\n|\n|upkeep\n|\n|t:|1746053622\n|switch|p1a: Iron Leaves|Iron Leaves, L50, tera:Stellar|40/100\n|-activate|p1a: Iron Leaves|ability: Quark Drive\n|-start|p1a: Iron Leaves|quarkdrivespe\n|turn|4\n|\n|t:|1746053645\n|move|p2a: Zacian|Protect|p2a: Zacian\n|-singleturn|p2a: Zacian|Protect\n|move|p1a: Iron Leaves|Psyblade|p2a: Zacian\n|-activate|p2a: Zacian|move: Protect\n|move|p1b: Ditto|Play Rough|p2b: Incineroar\n|-damage|p2b: Incineroar|0 fnt\n|faint|p2b: Incineroar\n|\n|upkeep\n|\n|t:|1746053660\n|switch|p2b: Ogerpon|Ogerpon-Cornerstone, L50, F|100/100\n|turn|5\n|\n|t:|1746053672\n|move|p1a: Iron Leaves|Protect|p1a: Iron Leaves\n|-singleturn|p1a: Iron Leaves|Protect\n|move|p2b: Ogerpon|Follow Me|p2b: Ogerpon\n|-singleturn|p2b: Ogerpon|move: Follow Me\n|move|p2a: Zacian|Behemoth Blade|p1b: Ditto\n|-damage|p1b: Ditto|29/100\n|move|p1b: Ditto|Behemoth Blade|p2b: Ogerpon\n|-supereffective|p2b: Ogerpon\n|-ability|p2b: Ogerpon|Sturdy\n|-damage|p2b: Ogerpon|1/100\n|\n|-fieldend|move: Electric Terrain\n|-end|p1a: Iron Leaves|Quark Drive\n|upkeep\n|turn|6\n|inactive|PaniniWeenie has 30 seconds left.\n|\n|t:|1746053700\n|move|p2b: Ogerpon|Spiky Shield|p2b: Ogerpon\n|-singleturn|p2b: Ogerpon|move: Protect\n|move|p1b: Ditto|Behemoth Blade|p2a: Zacian\n|-damage|p2a: Zacian|0 fnt\n|faint|p2a: Zacian\n|move|p1a: Iron Leaves|Leaf Blade|p2b: Ogerpon\n|-activate|p2b: Ogerpon|move: Protect\n|-damage|p1a: Iron Leaves|28/100|[from] Spiky Shield|[of] p2b: Ogerpon\n|\n|upkeep\n|inactive|ketertitanarmadio has 30 seconds left.\n|c|\u2606ketertitanarmadio|everyithing that could have gone your way, did, ggs!\n|inactive|ketertitanarmadio has 20 seconds left.\n|-message|ketertitanarmadio forfeited.\n|\n|win|PaniniWeenie\n|raw|PaniniWeenie's rating: 1222 &rarr; <strong>1258</strong><br />(+36 for winning)\n|raw|ketertitanarmadio's rating: 1378 &rarr; <strong>1350</strong><br />(-28 for losing)\n|l|\u2606PaniniWeenie\n|player|p1|\n", "uploadtime": 1746054069, "views": 7, "formatid": "gen9vgc2025regibo3", "rating": 1258, "private": 0, "password": null}