{"id": "gen9vgc2025regibo3-2354146112", "format": "[Gen 9] VGC 2025 Reg I (Bo3)", "players": ["Bmcqueen", "Orionseas"], "log": "|j|\u2606Bmcqueen\n|j|\u2606Orionseas\n|html|<table width=\"100%\"><tr><td align=\"left\">Bmcqueen</td><td align=\"right\">Orionseas</tr><tr><td align=\"left\"><i class=\"fa fa-circle-o\"></i> <i class=\"fa fa-circle-o\"></i> </td><td align=\"right\"><i class=\"fa fa-circle-o\"></i> <i class=\"fa fa-circle-o\"></i> </tr></table>\n|uhtml|bestof|<h2><strong>Game 1</strong> of <a href=\"/game-bestof3-gen9vgc2025regibo3-2354146111\">a best-of-3</a></h2>\n|t:|1746038830\n|gametype|doubles\n|player|p1|Bmcqueen|rood|1243\n|player|p2|Orionseas|266|1194\n|teamsize|p1|6\n|teamsize|p2|6\n|gen|9\n|tier|[Gen 9] VGC 2025 Reg I (Bo3)\n|rated|\n|rule|Species Clause: Limit one of each Pok\u00e9mon\n|rule|Item Clause: Limit 1 of each item\n|clearpoke\n|poke|p1|Tyranitar, L50, F|\n|poke|p1|Excadrill, L50, M|\n|poke|p1|Farigiraf, L50, M|\n|poke|p1|Miraidon, L50|\n|poke|p1|Ho-Oh, L50|\n|poke|p1|Iron Bundle, L50|\n|poke|p2|Miraidon, L50|\n|poke|p2|Kyogre, L50|\n|poke|p2|Iron Hands, L50|\n|poke|p2|Whimsicott, L50, F|\n|poke|p2|Iron Valiant, L50|\n|poke|p2|Farigiraf, L50, F|\n|teampreview|4\n|showteam|p1|Tyranitar||AssaultVest|SandStream|RockSlide,KnockOff,LowKick,TeraBlast|||F|||50|,,,,,Flying]Excadrill||LifeOrb|SandRush|HighHorsepower,Earthquake,IronHead,Protect|||M|||50|,,,,,Ground]Farigiraf||ElectricSeed|ArmorTail|Psychic,FoulPlay,TrickRoom,Imprison|||M|||50|,,,,,Steel]Miraidon||ChoiceSpecs|HadronEngine|ElectroDrift,DracoMeteor,VoltSwitch,DazzlingGleam||||||50|,,,,,Fairy]Ho-Oh||ClearAmulet|Regenerator|BraveBird,SacredFire,Tailwind,Protect||||||50|,,,,,Grass]Iron Bundle||FocusSash|QuarkDrive|FreezeDry,IcyWind,Encore,Protect||||||50|,,,,,Ghost\n|showteam|p2|Miraidon||ChoiceSpecs|HadronEngine|VoltSwitch,ElectroDrift,DazzlingGleam,DracoMeteor||||||50|,,,,,Fairy]Kyogre||ChoiceScarf|Drizzle|HydroPump,WaterSpout,IceBeam,OriginPulse||||||50|,,,,,Ghost]Iron Hands||AssaultVest|QuarkDrive|LowKick,FakeOut,DrainPunch,WildCharge||||||50|,,,,,Water]Whimsicott||CovertCloak|Prankster|Moonblast,Tailwind,LightScreen,Encore|||F|||50|,,,,,Dark]Iron Valiant||FocusSash|QuarkDrive|SpiritBreak,TrickRoom,KnockOff,WideGuard||||||50|,,,,,Ghost]Farigiraf||ElectricSeed|ArmorTail|HelpingHand,TrickRoom,FoulPlay,DazzlingGleam|||F|||50|,,,,,Fairy\n|inactive|Battle timer is ON: inactive players will automatically lose when time's up. (requested by Orionseas)\n|inactive|Bmcqueen also wants the timer to be on.\n|inactive|Orionseas has 60 seconds left.\n|\n|t:|1746038864\n|start\n|switch|p1a: Miraidon|Miraidon, L50|100/100\n|switch|p1b: Iron Bundle|Iron Bundle, L50|100/100\n|switch|p2a: Miraidon|Miraidon, L50|100/100\n|switch|p2b: Iron Hands|Iron Hands, L50|100/100\n|-fieldstart|move: Electric Terrain|[from] ability: Hadron Engine|[of] p2a: Miraidon\n|-activate|p1b: Iron Bundle|ability: Quark Drive\n|-start|p1b: Iron Bundle|quarkdrivespe\n|-activate|p2b: Iron Hands|ability: Quark Drive\n|-start|p2b: Iron Hands|quarkdriveatk\n|-activate|p1a: Miraidon|ability: Hadron Engine\n|turn|1\n|inactive|Bmcqueen has 30 seconds left.\n|inactive|Bmcqueen has 20 seconds left.\n|inactive|Bmcqueen has 15 seconds left.\n|\n|t:|1746038907\n|-terastallize|p2a: Miraidon|Fairy\n|move|p1b: Iron Bundle|Protect|p1b: Iron Bundle\n|-singleturn|p1b: Iron Bundle|Protect\n|move|p2b: Iron Hands|Fake Out|p1b: Iron Bundle\n|-activate|p1b: Iron Bundle|move: Protect\n|move|p2a: Miraidon|Volt Switch|p1a: Miraidon\n|-resisted|p1a: Miraidon\n|-damage|p1a: Miraidon|77/100\n|\n|t:|1746038917\n|switch|p2a: Whimsicott|Whimsicott, L50, F|100/100|[from] Volt Switch\n|move|p1a: Miraidon|Draco Meteor|p2a: Whimsicott\n|-immune|p2a: Whimsicott\n|\n|upkeep\n|turn|2\n|\n|t:|1746038941\n|-end|p1b: Iron Bundle|Quark Drive|[silent]\n|switch|p1b: Ho-Oh|Ho-Oh, L50|100/100\n|move|p2a: Whimsicott|Encore||[still]\n|-fail|p2a: Whimsicott\n|move|p1a: Miraidon|Draco Meteor|p2b: Iron Hands\n|-damage|p2b: Iron Hands|17/100\n|-unboost|p1a: Miraidon|spa|2\n|move|p2b: Iron Hands|Low Kick|p1a: Miraidon\n|-damage|p1a: Miraidon|0 fnt\n|faint|p1a: Miraidon\n|\n|upkeep\n|\n|t:|1746038953\n|switch|p1a: Tyranitar|Tyranitar, L50, F|100/100\n|-weather|Sandstorm|[from] ability: Sand Stream|[of] p1a: Tyranitar\n|turn|3\n|\n|t:|1746038970\n|-terastallize|p1a: Tyranitar|Flying\n|move|p2a: Whimsicott|Tailwind|p2a: Whimsicott\n|-sidestart|p2: Orionseas|move: Tailwind\n|move|p2b: Iron Hands|Drain Punch|p1a: Tyranitar\n|-resisted|p1a: Tyranitar\n|-damage|p1a: Tyranitar|78/100\n|-heal|p2b: Iron Hands|27/100|[from] drain|[of] p1a: Tyranitar\n|move|p1b: Ho-Oh|Sacred Fire|p2a: Whimsicott\n|-supereffective|p2a: Whimsicott\n|-damage|p2a: Whimsicott|0 fnt\n|faint|p2a: Whimsicott\n|move|p1a: Tyranitar|Tera Blast|p2b: Iron Hands|[anim] Tera Blast Flying\n|-damage|p2b: Iron Hands|0 fnt\n|faint|p2b: Iron Hands\n|-end|p2b: Iron Hands|Quark Drive|[silent]\n|\n|-weather|Sandstorm|[upkeep]\n|-damage|p1b: Ho-Oh|95/100|[from] Sandstorm\n|-damage|p1a: Tyranitar|72/100|[from] Sandstorm\n|upkeep\n|\n|t:|1746038985\n|switch|p2a: Miraidon|Miraidon, L50, tera:Fairy|100/100\n|switch|p2b: Kyogre|Kyogre, L50|100/100\n|-weather|RainDance|[from] ability: Drizzle|[of] p2b: Kyogre\n|-activate|p2a: Miraidon|ability: Hadron Engine\n|turn|4\n|\n|t:|1746039000\n|switch|p1a: Iron Bundle|Iron Bundle, L50|100/100\n|-activate|p1a: Iron Bundle|ability: Quark Drive\n|-start|p1a: Iron Bundle|quarkdrivespe\n|move|p1b: Ho-Oh|Protect|p1b: Ho-Oh\n|-singleturn|p1b: Ho-Oh|Protect\n|move|p2b: Kyogre|Water Spout|p1b: Ho-Oh|[spread] p1a\n|-activate|p1b: Ho-Oh|move: Protect\n|-resisted|p1a: Iron Bundle\n|-damage|p1a: Iron Bundle|7/100\n|move|p2a: Miraidon|Electro Drift|p1a: Iron Bundle\n|-supereffective|p1a: Iron Bundle\n|-damage|p1a: Iron Bundle|0 fnt\n|faint|p1a: Iron Bundle\n|-end|p1a: Iron Bundle|Quark Drive|[silent]\n|\n|-weather|RainDance|[upkeep]\n|upkeep\n|\n|t:|1746039016\n|switch|p1a: Tyranitar|Tyranitar, L50, F, tera:Flying|72/100\n|-weather|Sandstorm|[from] ability: Sand Stream|[of] p1a: Tyranitar\n|turn|5\n|\n|t:|1746039032\n|move|p2b: Kyogre|Water Spout|p1a: Tyranitar|[spread] p1a,p1b\n|-supereffective|p1b: Ho-Oh\n|-damage|p1a: Tyranitar|36/100\n|-damage|p1b: Ho-Oh|23/100\n|move|p2a: Miraidon|Electro Drift|p1a: Tyranitar\n|-supereffective|p1a: Tyranitar\n|-damage|p1a: Tyranitar|0 fnt\n|faint|p1a: Tyranitar\n|move|p1b: Ho-Oh|Brave Bird|p2b: Kyogre\n|-damage|p2b: Kyogre|27/100\n|-damage|p1b: Ho-Oh|2/100|[from] Recoil\n|\n|-weather|Sandstorm|[upkeep]\n|-damage|p2b: Kyogre|21/100|[from] Sandstorm\n|-damage|p2a: Miraidon|95/100|[from] Sandstorm\n|-damage|p1b: Ho-Oh|0 fnt|[from] Sandstorm\n|faint|p1b: Ho-Oh\n|\n|win|Orionseas\n", "uploadtime": 1746039041, "views": 11, "formatid": "gen9vgc2025regibo3", "rating": null, "private": 0, "password": null}