{"id": "gen9vgc2025regibo3-2354066299", "format": "[Gen 9] VGC 2025 Reg I (Bo3)", "players": ["MatthewJi\u5e7b\u6b87\u79cb\u51a5VGC", "Yoddle Yoddle"], "log": "|j|\u2606MatthewJi\u5e7b\u6b87\u79cb\u51a5VGC\n|j|\u2606Yoddle Yoddle\n|html|<table width=\"100%\"><tr><td align=\"left\">MatthewJi\u5e7b\u6b87\u79cb\u51a5VGC</td><td align=\"right\">Yoddle Yoddle</tr><tr><td align=\"left\"><i class=\"fa fa-circle-o\"></i> <i class=\"fa fa-circle-o\"></i> </td><td align=\"right\"><i class=\"fa fa-circle-o\"></i> <i class=\"fa fa-circle-o\"></i> </tr></table>\n|uhtml|bestof|<h2><strong>Game 1</strong> of <a href=\"/game-bestof3-gen9vgc2025regibo3-2354066298\">a best-of-3</a></h2>\n|t:|1746031949\n|gametype|doubles\n|player|p1|MatthewJi\u5e7b\u6b87\u79cb\u51a5VGC|lucas|1175\n|player|p2|Yoddle Yoddle|backpacker|1209\n|teamsize|p1|6\n|teamsize|p2|6\n|gen|9\n|tier|[Gen 9] VGC 2025 Reg I (Bo3)\n|rated|\n|rule|Species Clause: Limit one of each Pok\u00e9mon\n|rule|Item Clause: Limit 1 of each item\n|clearpoke\n|poke|p1|Koraidon, L50|\n|poke|p1|Lunala, L50|\n|poke|p1|Umbreon, L50, M|\n|poke|p1|Raging Bolt, L50|\n|poke|p1|Flutter Mane, L50|\n|poke|p1|Ursaluna, L50, F|\n|poke|p2|Zamazenta-*, L50|\n|poke|p2|Chien-Pao, L50|\n|poke|p2|Lunala, L50|\n|poke|p2|Indeedee-F, L50, F|\n|poke|p2|Sneasler, L50, M|\n|poke|p2|Gouging Fire, L50|\n|teampreview|4\n|showteam|p1|Koraidon||ClearAmulet|OrichalcumPulse|CollisionCourse,FlareBlitz,FlameCharge,Protect||||||50|,,,,,Fire]Lunala||SafetyGoggles|ShadowShield|MoongeistBeam,Moonblast,WideGuard,TrickRoom||||||50|,,,,,Fairy]Umbreon||ChopleBerry|InnerFocus|FoulPlay,Taunt,Snarl,Yawn|||M|||50|,,,,,Bug]Raging Bolt||AssaultVest|Protosynthesis|Thunderclap,VoltSwitch,DracoMeteor,Thunderbolt||||||50|,,,,,Fairy]Flutter Mane||FocusSash|Protosynthesis|Moonblast,ShadowBall,IcyWind,Protect||||||50|,,,,,Fairy]Ursaluna||FlameOrb|Guts|Facade,HeadlongRush,Substitute,Protect|||F|||50|,,,,,Ghost\n|showteam|p2|Zamazenta-Crowned||RustedShield|DauntlessShield|behemothbash,BodyPress,Protect,WideGuard||||||50|,,,,,Dragon]Chien-Pao||FocusSash|SwordofRuin|Protect,ThroatChop,SacredSword,IcyWind||||||50|,,,,,Stellar]Lunala||PowerHerb|ShadowShield|MoongeistBeam,ExpandingForce,MeteorBeam,TrickRoom||||||50|,,,,,Water]Indeedee-F||SafetyGoggles|PsychicSurge|FollowMe,TrickRoom,AlluringVoice,HealPulse|||F|||50|,,,,,Fairy]Sneasler||PsychicSeed|Unburden|DireClaw,ThroatChop,ToxicSpikes,CloseCombat|||M|||50|,,,,,Ghost]Gouging Fire||BoosterEnergy|Protosynthesis|BurningBulwark,Howl,FlareBlitz,DragonClaw||||||50|,,,,,Water\n|inactive|Battle timer is ON: inactive players will automatically lose when time's up. (requested by Yoddle Yoddle)\n|\n|t:|1746031983\n|start\n|switch|p1a: Flutter Mane|Flutter Mane, L50|100/100\n|switch|p1b: Lunala|Lunala, L50|100/100\n|switch|p2a: Sneasler|Sneasler, L50, M|100/100\n|switch|p2b: Indeedee|Indeedee-F, L50, F|100/100\n|-fieldstart|move: Psychic Terrain|[from] ability: Psychic Surge|[of] p2b: Indeedee\n|-enditem|p2a: Sneasler|Psychic Seed\n|-boost|p2a: Sneasler|spd|1|[from] item: Psychic Seed\n|turn|1\n|inactive|MatthewJi\u5e7b\u6b87\u79cb\u51a5VGC has 30 seconds left.\n|\n|t:|1746032013\n|move|p2a: Sneasler|Toxic Spikes|p1a: Flutter Mane\n|-sidestart|p1: MatthewJi\u5e7b\u6b87\u79cb\u51a5VGC|move: Toxic Spikes\n|move|p1a: Flutter Mane|Moonblast|p2a: Sneasler\n|-crit|p2a: Sneasler\n|-damage|p2a: Sneasler|27/100\n|move|p1b: Lunala|Moonblast|p2a: Sneasler\n|-damage|p2a: Sneasler|2/100\n|move|p2b: Indeedee|Alluring Voice|p1b: Lunala\n|-damage|p1b: Lunala|95/100\n|\n|upkeep\n|turn|2\n|\n|t:|1746032029\n|move|p2a: Sneasler|Dire Claw|p1b: Lunala\n|-resisted|p1b: Lunala\n|-damage|p1b: Lunala|78/100\n|-status|p1b: Lunala|psn\n|move|p1a: Flutter Mane|Icy Wind|p2a: Sneasler|[spread] p2a,p2b\n|-damage|p2a: Sneasler|0 fnt\n|-damage|p2b: Indeedee|88/100\n|-unboost|p2b: Indeedee|spe|1\n|faint|p2a: Sneasler\n|move|p1b: Lunala|Moonblast|p2b: Indeedee\n|-damage|p2b: Indeedee|53/100\n|move|p2b: Indeedee|Trick Room|p2b: Indeedee\n|-fieldstart|move: Trick Room|[of] p2b: Indeedee\n|\n|-damage|p1b: Lunala|65/100 psn|[from] psn\n|upkeep\n|\n|t:|1746032036\n|switch|p2a: Lunala|Lunala, L50|100/100\n|turn|3\n|\n|t:|1746032052\n|-terastallize|p1b: Lunala|Fairy\n|-terastallize|p2a: Lunala|Water\n|move|p2b: Indeedee|Alluring Voice|p1a: Flutter Mane\n|-damage|p1a: Flutter Mane|86/100\n|move|p1b: Lunala|Moongeist Beam|p2a: Lunala\n|-damage|p2a: Lunala|79/100\n|move|p2a: Lunala|Meteor Beam||[still]\n|-prepare|p2a: Lunala|Meteor Beam\n|-boost|p2a: Lunala|spa|1\n|-enditem|p2a: Lunala|Power Herb\n|-anim|p2a: Lunala|Meteor Beam|p1a: Flutter Mane\n|-damage|p1a: Flutter Mane|30/100\n|move|p1a: Flutter Mane|Shadow Ball|p2a: Lunala\n|-damage|p2a: Lunala|52/100\n|\n|-damage|p1b: Lunala|53/100 psn|[from] psn\n|upkeep\n|turn|4\n|\n|t:|1746032073\n|move|p1b: Lunala|Wide Guard|p1b: Lunala\n|-singleturn|p1b: Lunala|Wide Guard\n|move|p2b: Indeedee|Heal Pulse|p2a: Lunala\n|-heal|p2a: Lunala|100/100\n|move|p2a: Lunala|Expanding Force|p1a: Flutter Mane|[spread] \n|-activate|p1a: Flutter Mane|move: Wide Guard\n|-activate|p1b: Lunala|move: Wide Guard\n|move|p1a: Flutter Mane|Moonblast|p2a: Lunala\n|-damage|p2a: Lunala|83/100\n|\n|-damage|p1b: Lunala|40/100 psn|[from] psn\n|upkeep\n|turn|5\n|\n|t:|1746032093\n|move|p1a: Flutter Mane|Protect|p1a: Flutter Mane\n|-singleturn|p1a: Flutter Mane|Protect\n|move|p2b: Indeedee|Heal Pulse|p2a: Lunala\n|-heal|p2a: Lunala|100/100\n|move|p1b: Lunala|Moongeist Beam|p2a: Lunala\n|-damage|p2a: Lunala|79/100\n|move|p2a: Lunala|Expanding Force|p1b: Lunala|[spread] p1b\n|-activate|p1a: Flutter Mane|move: Protect\n|-damage|p1b: Lunala|0 fnt\n|faint|p1b: Lunala\n|\n|-fieldend|move: Psychic Terrain\n|upkeep\n|\n|t:|1746032104\n|switch|p1b: Koraidon|Koraidon, L50|100/100\n|-status|p1b: Koraidon|psn\n|-weather|SunnyDay|[from] ability: Orichalcum Pulse|[of] p1b: Koraidon\n|-activate|p1a: Flutter Mane|ability: Protosynthesis\n|-start|p1a: Flutter Mane|protosynthesisspe\n|-activate|p1b: Koraidon|Orichalcum Pulse|[source]\n|turn|6\n|\n|t:|1746032115\n|move|p1b: Koraidon|Protect|p1b: Koraidon\n|-singleturn|p1b: Koraidon|Protect\n|move|p2b: Indeedee|Heal Pulse|p2a: Lunala\n|-heal|p2a: Lunala|100/100\n|move|p2a: Lunala|Expanding Force|p1a: Flutter Mane\n|-damage|p1a: Flutter Mane|0 fnt\n|faint|p1a: Flutter Mane\n|-end|p1a: Flutter Mane|Protosynthesis|[silent]\n|\n|-weather|SunnyDay|[upkeep]\n|-damage|p1b: Koraidon|88/100 psn|[from] psn\n|-fieldend|move: Trick Room\n|upkeep\n|\n|t:|1746032118\n|switch|p1a: Raging Bolt|Raging Bolt, L50|100/100\n|-status|p1a: Raging Bolt|psn\n|-activate|p1a: Raging Bolt|ability: Protosynthesis\n|-start|p1a: Raging Bolt|protosynthesisspa\n|turn|7\n|\n|t:|1746032130\n|move|p2b: Indeedee|Follow Me|p2b: Indeedee\n|-singleturn|p2b: Indeedee|move: Follow Me\n|move|p1b: Koraidon|Flare Blitz|p2b: Indeedee\n|-damage|p2b: Indeedee|0 fnt\n|faint|p2b: Indeedee\n|-damage|p1b: Koraidon|74/100 psn|[from] Recoil\n|move|p2a: Lunala|Expanding Force|p1b: Koraidon\n|-supereffective|p1b: Koraidon\n|-damage|p1b: Koraidon|0 fnt\n|faint|p1b: Koraidon\n|move|p1a: Raging Bolt|Thunderbolt|p2a: Lunala\n|-supereffective|p2a: Lunala\n|-damage|p2a: Lunala|51/100\n|\n|-weather|SunnyDay|[upkeep]\n|-damage|p1a: Raging Bolt|88/100 psn|[from] psn\n|upkeep\n|\n|t:|1746032133\n|switch|p2b: Zamazenta|Zamazenta-Crowned, L50|100/100\n|-ability|p2b: Zamazenta|Dauntless Shield|boost\n|-boost|p2b: Zamazenta|def|1\n|turn|8\n|-message|MatthewJi\u5e7b\u6b87\u79cb\u51a5VGC forfeited.\n|\n|win|Yoddle Yoddle\n|l|\u2606MatthewJi\u5e7b\u6b87\u79cb\u51a5VGC\n|player|p1|\n||Yoddle Yoddle is ready for game 2.\n|inactive|MatthewJi\u5e7b\u6b87\u79cb\u51a5VGC has 30 seconds to confirm battle start!\n|inactive|MatthewJi\u5e7b\u6b87\u79cb\u51a5VGC has 20 seconds to confirm battle start!\n|inactive|MatthewJi\u5e7b\u6b87\u79cb\u51a5VGC has 10 seconds to confirm battle start!\n|uhtml|next|Next: <a href=\"/battle-gen9vgc2025regibo3-2354069058\"><strong>Game 2 of 3</strong></a>\n", "uploadtime": 1746032437, "views": 11, "formatid": "gen9vgc2025regibo3", "rating": null, "private": 0, "password": null}