{"id": "gen9vgc2025regibo3-2354125336", "format": "[Gen 9] VGC 2025 Reg I (Bo3)", "players": ["migolazo04", "ultraclaw1"], "log": "|j|\u2606migolazo04\n|j|\u2606ultraclaw1\n|html|<table width=\"100%\"><tr><td align=\"left\">migolazo04</td><td align=\"right\">ultraclaw1</tr><tr><td align=\"left\"><i class=\"fa fa-circle-o\"></i> <i class=\"fa fa-circle-o\"></i> </td><td align=\"right\"><i class=\"fa fa-circle-o\"></i> <i class=\"fa fa-circle\"></i> </tr></table>\n|uhtml|bestof|<h2><strong>Game 2</strong> of <a href=\"/game-bestof3-gen9vgc2025regibo3-2354121523\">a best-of-3</a></h2>\n|t:|1746037016\n|gametype|doubles\n|player|p1|migolazo04|170|1152\n|player|p2|ultraclaw1|steven|1086\n|teamsize|p1|6\n|teamsize|p2|6\n|gen|9\n|tier|[Gen 9] VGC 2025 Reg I (Bo3)\n|rated|\n|rule|Species Clause: Limit one of each Pok\u00e9mon\n|rule|Item Clause: Limit 1 of each item\n|clearpoke\n|poke|p1|Zamazenta-*, L50|\n|poke|p1|Calyrex-Shadow, L50|\n|poke|p1|Incineroar, L50, F|\n|poke|p1|Rillaboom, L50, F|\n|poke|p1|Urshifu-*, L50, M|\n|poke|p1|Tornadus, L50, M|\n|poke|p2|Miraidon, L50|\n|poke|p2|Calyrex-Ice, L50|\n|poke|p2|Landorus, L50, M|\n|poke|p2|Iron Hands, L50|\n|poke|p2|Ogerpon-Hearthflame, L50, F|\n|poke|p2|Whimsicott, L50, M|\n|teampreview|4\n|showteam|p1|Zamazenta-Crowned||RustedShield|DauntlessShield|BodyPress,HeavySlam,WideGuard,Protect||||||50|,,,,,Dragon]Calyrex-Shadow||LifeOrb|AsOneSpectrier|AstralBarrage,Psychic,NastyPlot,Protect||||||50|,,,,,Dark]Incineroar||RockyHelmet|Intimidate|FakeOut,KnockOff,HelpingHand,PartingShot|||F|||50|,,,,,Bug]Rillaboom||AssaultVest|GrassySurge|FakeOut,WoodHammer,GrassyGlide,Uturn|||F|||50|,,,,,Water]Urshifu-Rapid-Strike||ChoiceScarf|UnseenFist|SurgingStrikes,CloseCombat,AquaJet,Uturn|||M|||50|,,,,,Water]Tornadus||CovertCloak|Prankster|BleakwindStorm,Taunt,RainDance,Tailwind|||M|||50|,,,,,Dark\n|showteam|p2|Miraidon||ChoiceSpecs|HadronEngine|ElectroDrift,DracoMeteor,VoltSwitch,DazzlingGleam||||||50|,,,,,Ghost]Calyrex-Ice||ClearAmulet|AsOneGlastrier|GlacialLance,Protect,HighHorsepower,TrickRoom||||||50|,,,,,Water]Landorus||LifeOrb|SheerForce|EarthPower,SludgeBomb,SandsearStorm,Protect|||M|||50|,,,,,Water]Iron Hands||AssaultVest|QuarkDrive|FakeOut,DrainPunch,HeavySlam,LowKick||||||50|,,,,,Water]Ogerpon-Hearthflame||HearthflameMask|MoldBreaker|IvyCudgel,WoodHammer,FollowMe,SpikyShield|||F|||50|,,,,,Fire]Whimsicott||CovertCloak|Prankster|Moonblast,Tailwind,LightScreen,Encore|||M|||50|,,,,,Dark\n|inactive|Battle timer is ON: inactive players will automatically lose when time's up. (requested by ultraclaw1)\n|inactive|migolazo04 has 60 seconds left.\n|\n|t:|1746037054\n|start\n|switch|p1a: Zamazenta|Zamazenta-Crowned, L50|100/100\n|switch|p1b: Rillaboom|Rillaboom, L50, F|100/100\n|switch|p2a: Calyrex|Calyrex-Ice, L50|100/100\n|switch|p2b: Ogerpon|Ogerpon-Hearthflame, L50, F|100/100\n|-ability|p2a: Calyrex|As One\n|-ability|p2a: Calyrex|Unnerve\n|-ability|p1a: Zamazenta|Dauntless Shield|boost\n|-boost|p1a: Zamazenta|def|1\n|-ability|p2b: Ogerpon|Mold Breaker\n|-fieldstart|move: Grassy Terrain|[from] ability: Grassy Surge|[of] p1b: Rillaboom\n|turn|1\n|inactive|migolazo04 has 30 seconds left.\n|\n|t:|1746037086\n|-terastallize|p1b: Rillaboom|Water\n|move|p2a: Calyrex|Protect|p2a: Calyrex\n|-singleturn|p2a: Calyrex|Protect\n|move|p1a: Zamazenta|Body Press|p2a: Calyrex\n|-activate|p2a: Calyrex|move: Protect\n|move|p2b: Ogerpon|Ivy Cudgel|p1b: Rillaboom|[anim] Ivy Cudgel Fire\n|-resisted|p1b: Rillaboom\n|-damage|p1b: Rillaboom|77/100\n|move|p1b: Rillaboom|Wood Hammer|p2a: Calyrex\n|-activate|p2a: Calyrex|move: Protect\n|\n|-heal|p1b: Rillaboom|83/100|[from] Grassy Terrain\n|upkeep\n|turn|2\n|\n|t:|1746037110\n|move|p2b: Ogerpon|Follow Me|p2b: Ogerpon\n|-singleturn|p2b: Ogerpon|move: Follow Me\n|move|p1a: Zamazenta|Body Press|p2b: Ogerpon\n|-damage|p2b: Ogerpon|26/100\n|move|p1b: Rillaboom|Wood Hammer|p2b: Ogerpon\n|-resisted|p2b: Ogerpon\n|-damage|p2b: Ogerpon|6/100\n|-damage|p1b: Rillaboom|77/100|[from] Recoil\n|move|p2a: Calyrex|Trick Room|p2a: Calyrex\n|-fieldstart|move: Trick Room|[of] p2a: Calyrex\n|\n|-heal|p1b: Rillaboom|83/100|[from] Grassy Terrain\n|-heal|p2b: Ogerpon|12/100|[from] Grassy Terrain\n|upkeep\n|turn|3\n|inactive|migolazo04 has 30 seconds left.\n|inactive|ultraclaw1 has 30 seconds left.\n|\n|t:|1746037144\n|move|p1a: Zamazenta|Wide Guard|p1a: Zamazenta\n|-singleturn|p1a: Zamazenta|Wide Guard\n|move|p2b: Ogerpon|Follow Me|p2b: Ogerpon\n|-singleturn|p2b: Ogerpon|move: Follow Me\n|move|p2a: Calyrex|High Horsepower|p1a: Zamazenta\n|-supereffective|p1a: Zamazenta\n|-damage|p1a: Zamazenta|69/100\n|move|p1b: Rillaboom|U-turn|p2b: Ogerpon\n|-damage|p2b: Ogerpon|0 fnt\n|faint|p2b: Ogerpon\n|\n|t:|1746037167\n|switch|p1b: Calyrex|Calyrex-Shadow, L50|100/100|[from] U-turn\n|-ability|p1b: Calyrex|As One\n|-ability|p1b: Calyrex|Unnerve\n|\n|-heal|p1a: Zamazenta|75/100|[from] Grassy Terrain\n|upkeep\n|\n|t:|1746037170\n|switch|p2b: Iron Hands|Iron Hands, L50|100/100\n|turn|4\n|inactive|ultraclaw1 has 30 seconds left.\n|\n|t:|1746037203\n|switch|p1a: Incineroar|Incineroar, L50, F|100/100\n|-ability|p1a: Incineroar|Intimidate|boost\n|-fail|p2a: Calyrex|unboost|[from] item: Clear Amulet|[of] p2a: Calyrex\n|-unboost|p2b: Iron Hands|atk|1\n|-terastallize|p2a: Calyrex|Water\n|move|p1b: Calyrex|Protect|p1b: Calyrex\n|-singleturn|p1b: Calyrex|Protect\n|move|p2b: Iron Hands|Fake Out|p1a: Incineroar\n|-damage|p1a: Incineroar|92/100\n|-damage|p2b: Iron Hands|84/100|[from] item: Rocky Helmet|[of] p1a: Incineroar\n|move|p2a: Calyrex|Glacial Lance|p1b: Calyrex|[spread] p1a\n|-activate|p1b: Calyrex|move: Protect\n|-resisted|p1a: Incineroar\n|-damage|p1a: Incineroar|71/100\n|\n|-heal|p2b: Iron Hands|90/100|[from] Grassy Terrain\n|-heal|p1a: Incineroar|77/100|[from] Grassy Terrain\n|upkeep\n|turn|5\n|inactive|migolazo04 has 30 seconds left.\n|inactive|migolazo04 has 20 seconds left.\n|inactive|migolazo04 has 15 seconds left.\n|\n|t:|1746037248\n|move|p2a: Calyrex|Protect|p2a: Calyrex\n|-singleturn|p2a: Calyrex|Protect\n|move|p2b: Iron Hands|Heavy Slam|p1b: Calyrex\n|-damage|p1b: Calyrex|69/100\n|move|p1a: Incineroar|Knock Off|p2a: Calyrex\n|-activate|p2a: Calyrex|move: Protect\n|move|p1b: Calyrex|Nasty Plot|p1b: Calyrex\n|-boost|p1b: Calyrex|spa|2\n|\n|-heal|p2b: Iron Hands|96/100|[from] Grassy Terrain\n|-heal|p1a: Incineroar|83/100|[from] Grassy Terrain\n|-heal|p1b: Calyrex|75/100|[from] Grassy Terrain\n|-fieldend|move: Grassy Terrain\n|upkeep\n|turn|6\n|\n|t:|1746037263\n|move|p1b: Calyrex|Protect|p1b: Calyrex\n|-singleturn|p1b: Calyrex|Protect\n|move|p2b: Iron Hands|Drain Punch|p1a: Incineroar\n|-supereffective|p1a: Incineroar\n|-damage|p1a: Incineroar|38/100\n|-heal|p2b: Iron Hands|100/100|[from] drain|[of] p1a: Incineroar\n|-damage|p2b: Iron Hands|84/100|[from] item: Rocky Helmet|[of] p1a: Incineroar\n|move|p2a: Calyrex|Glacial Lance|p1a: Incineroar|[spread] p1a\n|-activate|p1b: Calyrex|move: Protect\n|-resisted|p1a: Incineroar\n|-damage|p1a: Incineroar|16/100\n|move|p1a: Incineroar|Knock Off|p2a: Calyrex\n|-damage|p2a: Calyrex|77/100\n|-enditem|p2a: Calyrex|Clear Amulet|[from] move: Knock Off|[of] p1a: Incineroar\n|\n|-fieldend|move: Trick Room\n|upkeep\n|turn|7\n|inactive|migolazo04 has 30 seconds left.\n|\n|t:|1746037301\n|move|p1a: Incineroar|Helping Hand|p1b: Calyrex\n|-singleturn|p1b: Calyrex|Helping Hand|[of] p1a: Incineroar\n|move|p2a: Calyrex|Protect|p2a: Calyrex\n|-singleturn|p2a: Calyrex|Protect\n|move|p1b: Calyrex|Astral Barrage|p2a: Calyrex|[spread] p2b\n|-activate|p2a: Calyrex|move: Protect\n|-damage|p2b: Iron Hands|0 fnt\n|faint|p2b: Iron Hands\n|-end|p2b: Iron Hands|Quark Drive|[silent]\n|-ability|p1b: Calyrex|Grim Neigh|boost\n|-boost|p1b: Calyrex|spa|1\n|-damage|p1b: Calyrex|65/100|[from] item: Life Orb\n|\n|upkeep\n|-message|ultraclaw1 forfeited.\n|\n|win|migolazo04\n|l|\u2606ultraclaw1\n|player|p2|\n||ultraclaw1 is ready for game 3.\n||migolazo04 is ready for game 3.\n|uhtml|next|Next: <a href=\"/battle-gen9vgc2025regibo3-2354128782\"><strong>Game 3 of 3</strong></a>\n", "uploadtime": 1746037732, "views": 12, "formatid": "gen9vgc2025regibo3", "rating": null, "private": 0, "password": null}