{"id": "gen9vgc2025regibo3-2353729814", "format": "[Gen 9] VGC 2025 Reg I (Bo3)", "players": ["johnbanned", "lycheesnail"], "log": "|j|\u2606johnbanned\n|j|\u2606lycheesnail\n|html|<table width=\"100%\"><tr><td align=\"left\">johnbanned</td><td align=\"right\">lycheesnail</tr><tr><td align=\"left\"><i class=\"fa fa-circle\"></i> <i class=\"fa fa-circle-o\"></i> </td><td align=\"right\"><i class=\"fa fa-circle-o\"></i> <i class=\"fa fa-circle-o\"></i> </tr></table>\n|uhtml|bestof|<h2><strong>Game 2</strong> of <a href=\"/game-bestof3-gen9vgc2025regibo3-2353726773\">a best-of-3</a></h2>\n|t:|1745989999\n|gametype|doubles\n|player|p1|johnbanned|baker|\n|player|p2|lycheesnail|preschoolerf|\n|teamsize|p1|6\n|teamsize|p2|6\n|gen|9\n|tier|[Gen 9] VGC 2025 Reg I (Bo3)\n|rule|Species Clause: Limit one of each Pok\u00e9mon\n|rule|Item Clause: Limit 1 of each item\n|clearpoke\n|poke|p1|Giratina, L50|\n|poke|p1|Amoonguss, L50, M|\n|poke|p1|Grimmsnarl, L50, M|\n|poke|p1|Urshifu-*, L50, F|\n|poke|p1|Rillaboom, L50, M|\n|poke|p1|Zacian-*, L50|\n|poke|p2|Volcarona, L50, F|\n|poke|p2|Groudon, L50|\n|poke|p2|Reshiram, L50|\n|poke|p2|Sableye, L50, M|\n|poke|p2|Dipplin, L50, M|\n|poke|p2|Oricorio-Pom-Pom, L50, F|\n|teampreview|4\n|showteam|p1|Giratina||Leftovers|Pressure|CalmMind,Hex,Protect,DragonPulse||||||50|,,,,,Water]Amoonguss||RockyHelmet|Regenerator|ClearSmog,RagePowder,Protect,Spore|||M|||50|,,,,,Dark]Grimmsnarl||LightClay|Prankster|SpiritBreak,ThunderWave,LightScreen,Reflect|||M|||50|,,,,,Ghost]Urshifu||FocusSash|UnseenFist|CloseCombat,WickedBlow,Detect,PoisonJab|||F|||50|,,,,,Poison]Rillaboom||AssaultVest|GrassySurge|Uturn,WoodHammer,FakeOut,GrassyGlide|||M|||50|,,,,,Fire]Zacian-Crowned||RustedSword|IntrepidSword|behemothblade,SacredSword,PlayRough,Protect||||||50|,,,,,Fighting\n|showteam|p2|Volcarona||Leftovers|FlameBody|QuiverDance,FieryDance,RagePowder,GigaDrain|||F|||50|,,,,,Water]Groudon||ClearAmulet|Drought|PrecipiceBlades,HeatCrash,Protect,StompingTantrum||||||50|,,,,,Fire]Reshiram||AssaultVest|Turboblaze|BlueFlare,EarthPower,DracoMeteor,HeatWave||||||50|,,,,,Ghost]Sableye||SafetyGoggles|Prankster|Gravity,WillOWisp,FoulPlay,FakeOut|||M|||50|,,,,,Steel]Dipplin||Eviolite|SupersweetSyrup|PollenPuff,Protect,DracoMeteor,SyrupBomb|||M|||50|,,,,,Fairy]Oricorio-Pom-Pom||FocusSash|Dancer|RevelationDance,Tailwind,Protect,AirSlash|||F|||50|,,,,,Ground\n|\n|t:|1745990043\n|start\n|switch|p1a: zilch alexander|Zacian-Crowned, L50|100/100\n|switch|p1b: eep|Amoonguss, L50, M, shiny|100/100\n|switch|p2a: Reshiram|Reshiram, L50, shiny|100/100\n|switch|p2b: Sableye|Sableye, L50, M, shiny|100/100\n|-ability|p1a: zilch alexander|Intrepid Sword|boost\n|-boost|p1a: zilch alexander|atk|1\n|-ability|p2a: Reshiram|Turboblaze\n|turn|1\n|\n|t:|1745990080\n|switch|p1b: zange eraser|Grimmsnarl, L50, M, shiny|100/100\n|move|p1a: zilch alexander|Protect|p1a: zilch alexander\n|-singleturn|p1a: zilch alexander|Protect\n|move|p2b: Sableye|Fake Out|p1a: zilch alexander\n|-activate|p1a: zilch alexander|move: Protect\n|move|p2a: Reshiram|Heat Wave|p1a: zilch alexander|[spread] p1b\n|-activate|p1a: zilch alexander|move: Protect\n|-damage|p1b: zange eraser|65/100\n|\n|upkeep\n|turn|2\n|\n|t:|1745990114\n|move|p1b: zange eraser|Light Screen|p1b: zange eraser\n|-sidestart|p1: johnbanned|move: Light Screen\n|move|p2b: Sableye|Gravity|p2b: Sableye\n|-fieldstart|move: Gravity\n|move|p1a: zilch alexander|Play Rough|p2a: Reshiram\n|-damage|p2a: Reshiram|30/100\n|move|p2a: Reshiram|Blue Flare|p1a: zilch alexander\n|-supereffective|p1a: zilch alexander\n|-damage|p1a: zilch alexander|0 fnt\n|faint|p1a: zilch alexander\n|\n|upkeep\n|\n|t:|1745990123\n|switch|p1a: yuma kokohead|Urshifu, L50, F|100/100\n|turn|3\n|\n|t:|1745990147\n|move|p1a: yuma kokohead|Detect|p1a: yuma kokohead\n|-singleturn|p1a: yuma kokohead|Protect\n|move|p2b: Sableye|Will-O-Wisp|p1a: yuma kokohead\n|-activate|p1a: yuma kokohead|move: Protect\n|move|p2a: Reshiram|Blue Flare|p1b: zange eraser\n|-damage|p1b: zange eraser|23/100\n|move|p1b: zange eraser|Spirit Break|p2a: Reshiram\n|-damage|p2a: Reshiram|0 fnt\n|faint|p2a: Reshiram\n|\n|upkeep\n|\n|t:|1745990159\n|switch|p2a: Groudon|Groudon, L50, shiny|100/100\n|-weather|SunnyDay|[from] ability: Drought|[of] p2a: Groudon\n|turn|4\n|\n|t:|1745990191\n|switch|p1a: eep|Amoonguss, L50, M, shiny|100/100\n|move|p1b: zange eraser|Reflect|p1b: zange eraser\n|-sidestart|p1: johnbanned|Reflect\n|move|p2b: Sableye|Will-O-Wisp|p1a: eep\n|-status|p1a: eep|brn\n|move|p2a: Groudon|Precipice Blades|p1b: zange eraser|[spread] p1a,p1b\n|-damage|p1a: eep|57/100 brn\n|-damage|p1b: zange eraser|0 fnt\n|faint|p1b: zange eraser\n|\n|-weather|SunnyDay|[upkeep]\n|-damage|p1a: eep|51/100 brn|[from] brn\n|upkeep\n|\n|t:|1745990203\n|switch|p1b: yuma kokohead|Urshifu, L50, F|100/100\n|turn|5\n|\n|t:|1745990229\n|move|p2b: Sableye|Will-O-Wisp|p1b: yuma kokohead\n|-hint|Since gen 7, Dark is immune to Prankster moves.\n|-immune|p1b: yuma kokohead\n|move|p1b: yuma kokohead|Poison Jab|p2b: Sableye\n|-resisted|p2b: Sableye\n|-damage|p2b: Sableye|83/100\n|-status|p2b: Sableye|psn\n|move|p2a: Groudon|Precipice Blades|p1b: yuma kokohead|[spread] p1a,p1b\n|-crit|p1b: yuma kokohead\n|-damage|p1a: eep|9/100 brn\n|-damage|p1b: yuma kokohead|16/100\n|move|p1a: eep|Spore|p2b: Sableye\n|-activate|p2b: Sableye|item: Safety Goggles|Spore\n|\n|-weather|SunnyDay|[upkeep]\n|-damage|p2b: Sableye|71/100 psn|[from] psn\n|-damage|p1a: eep|3/100 brn|[from] brn\n|upkeep\n|turn|6\n|\n|t:|1745990259\n|move|p1b: yuma kokohead|Wicked Blow|p2a: Groudon\n|-crit|p2a: Groudon\n|-damage|p2a: Groudon|62/100\n|move|p2a: Groudon|Precipice Blades|p1b: yuma kokohead|[spread] p1a,p1b\n|-damage|p1a: eep|0 fnt\n|-damage|p1b: yuma kokohead|0 fnt\n|faint|p1a: eep\n|faint|p1b: yuma kokohead\n|\n|win|lycheesnail\n||lycheesnail is ready for game 3.\n|inactive|johnbanned has 30 seconds to confirm battle start!\n||johnbanned is ready for game 3.\n|uhtml|next|Next: <a href=\"/battle-gen9vgc2025regibo3-2353731399\"><strong>Game 3 of 3</strong></a>\n", "uploadtime": 1745990614, "views": 22, "formatid": "gen9vgc2025regibo3", "rating": null, "private": 0, "password": null}