{"id": "gen9vgc2025regibo3-2353943245", "format": "[Gen 9] VGC 2025 Reg I (Bo3)", "players": ["mysteriousmeatman", "efibledo"], "log": "|j|\u2606mysteriousmeatman\n|j|\u203defibledo\n|html|<table width=\"100%\"><tr><td align=\"left\">mysteriousmeatman</td><td align=\"right\">efibledo</tr><tr><td align=\"left\"><i class=\"fa fa-circle-o\"></i> <i class=\"fa fa-circle-o\"></i> </td><td align=\"right\"><i class=\"fa fa-circle-o\"></i> <i class=\"fa fa-circle-o\"></i> </tr></table>\n|uhtml|bestof|<h2><strong>Game 1</strong> of <a href=\"/game-bestof3-gen9vgc2025regibo3-2353943244\">a best-of-3</a></h2>\n|t:|1746021238\n|gametype|doubles\n|player|p1|mysteriousmeatman|giovanni|1101\n|player|p2|efibledo|2|1034\n|teamsize|p1|6\n|teamsize|p2|6\n|gen|9\n|tier|[Gen 9] VGC 2025 Reg I (Bo3)\n|rated|\n|rule|Species Clause: Limit one of each Pok\u00e9mon\n|rule|Item Clause: Limit 1 of each item\n|clearpoke\n|poke|p1|Talonflame, L50, F|\n|poke|p1|Farigiraf, L50, M|\n|poke|p1|Kyogre, L50|\n|poke|p1|Pawmot, L50, F|\n|poke|p1|Miraidon, L50|\n|poke|p1|Meowscarada, L50, M|\n|poke|p2|Abomasnow, L50, F|\n|poke|p2|Calyrex-Ice, L50|\n|poke|p2|Amoonguss, L50, M|\n|poke|p2|Lunala, L50|\n|poke|p2|Indeedee-F, L50, F|\n|poke|p2|Salamence, L50, F|\n|teampreview|4\n|showteam|p1|Talonflame||SafetyGoggles|GaleWings|BraveBird,Protect,Taunt,Tailwind|||F|||50|,,,,,Dark]Farigiraf||ThroatSpray|ArmorTail|TeraBlast,HyperVoice,Protect,TrickRoom|||M|||50|,,,,,Dark]Kyogre||AssaultVest|Drizzle|WaterSpout,OriginPulse,Thunder,IceBeam||||||50|,,,,,Water]Pawmot||FocusSash|VoltAbsorb|DoubleShock,Nuzzle,RevivalBlessing,Protect|||F|||50|,,,,,Electric]Miraidon||EjectPack|HadronEngine|DracoMeteor,ElectroDrift,VoltSwitch,Protect||||||50|,,,,,Dragon]Meowscarada||ClearAmulet|Protean|FlowerTrick,KnockOff,AllySwitch,Protect|||M|||50|,,,,,Dark\n|showteam|p2|Abomasnow||FocusSash|SnowWarning|AuroraVeil,Blizzard,EnergyBall,Protect|||F|||50|,,,,,Water]Calyrex-Ice||RoomService|AsOneGlastrier|Imprison,TrickRoom,Protect,GlacialLance||||||50|,,,,,Fire]Amoonguss||SitrusBerry|Regenerator|Spore,RagePowder,Protect,SludgeBomb|||M|||50|,,,,,Water]Lunala||PowerHerb|ShadowShield|MeteorBeam,WideGuard,MoongeistBeam,ExpandingForce||||||50|,,,,,Dark]Indeedee-F||RockyHelmet|PsychicSurge|TrickRoom,FollowMe,TeraBlast,Protect|||F|||50|,,,,,Dark]Salamence||CovertCloak|Intimidate|DragonClaw,Protect,AerialAce,Tailwind|||F|||50|,,,,,Grass\n|inactive|Battle timer is ON: inactive players will automatically lose when time's up. (requested by mysteriousmeatman)\n|inactive|mysteriousmeatman has 60 seconds left.\n|\n|t:|1746021283\n|start\n|switch|p1a: Farigiraf|Farigiraf, L50, M, shiny|100/100\n|switch|p1b: Meowscarada|Meowscarada, L50, M, shiny|100/100\n|switch|p2a: Calyrex|Calyrex-Ice, L50|100/100\n|switch|p2b: Indeedee|Indeedee-F, L50, F|100/100\n|-ability|p2a: Calyrex|As One\n|-ability|p2a: Calyrex|Unnerve\n|-fieldstart|move: Psychic Terrain|[from] ability: Psychic Surge|[of] p2b: Indeedee\n|turn|1\n|inactive|mysteriousmeatman has 30 seconds left.\n|\n|t:|1746021310\n|-terastallize|p1a: Farigiraf|Dark\n|move|p2b: Indeedee|Follow Me|p2b: Indeedee\n|-singleturn|p2b: Indeedee|move: Follow Me\n|move|p1b: Meowscarada|Knock Off|p2b: Indeedee\n|-start|p1b: Meowscarada|typechange|Dark|[from] ability: Protean\n|-supereffective|p2b: Indeedee\n|-damage|p2b: Indeedee|0 fnt\n|-damage|p1b: Meowscarada|84/100|[from] item: Rocky Helmet|[of] p2b: Indeedee\n|-enditem|p2b: Indeedee|Rocky Helmet|[from] move: Knock Off|[of] p1b: Meowscarada\n|faint|p2b: Indeedee\n|move|p1a: Farigiraf|Tera Blast|p2a: Calyrex|[anim] Tera Blast Dark\n|-supereffective|p2a: Calyrex\n|-damage|p2a: Calyrex|49/100\n|move|p2a: Calyrex|Trick Room|p2a: Calyrex\n|-fieldstart|move: Trick Room|[of] p2a: Calyrex\n|-enditem|p2a: Calyrex|Room Service\n|-unboost|p2a: Calyrex|spe|1|[from] item: Room Service\n|\n|upkeep\n|\n|t:|1746021326\n|switch|p2b: Abomasnow|Abomasnow, L50, F|100/100\n|-weather|Snowscape|[from] ability: Snow Warning|[of] p2b: Abomasnow\n|turn|2\n|\n|t:|1746021346\n|-terastallize|p2a: Calyrex|Fire\n|move|p2a: Calyrex|Glacial Lance|p1b: Meowscarada|[spread] p1a,p1b\n|-crit|p1a: Farigiraf\n|-damage|p1a: Farigiraf|2/100\n|-damage|p1b: Meowscarada|0 fnt\n|faint|p1b: Meowscarada\n|-ability|p2a: Calyrex|Chilling Neigh|boost\n|-boost|p2a: Calyrex|atk|1\n|move|p2b: Abomasnow|Aurora Veil|p2b: Abomasnow\n|-sidestart|p2: efibledo|move: Aurora Veil\n|move|p1a: Farigiraf|Tera Blast|p2a: Calyrex|[anim] Tera Blast Dark\n|-damage|p2a: Calyrex|28/100\n|\n|-weather|Snowscape|[upkeep]\n|upkeep\n|\n|t:|1746021357\n|switch|p1b: Kyogre|Kyogre, L50, shiny|100/100\n|-weather|RainDance|[from] ability: Drizzle|[of] p1b: Kyogre\n|turn|3\n|\n|t:|1746021362\n|move|p2a: Calyrex|Glacial Lance|p1a: Farigiraf|[spread] p1a,p1b\n|-resisted|p1b: Kyogre\n|-damage|p1a: Farigiraf|0 fnt\n|-damage|p1b: Kyogre|57/100\n|faint|p1a: Farigiraf\n|-ability|p2a: Calyrex|Chilling Neigh|boost\n|-boost|p2a: Calyrex|atk|1\n|move|p2b: Abomasnow|Energy Ball|p1b: Kyogre\n|-supereffective|p1b: Kyogre\n|-damage|p1b: Kyogre|30/100\n|-unboost|p1b: Kyogre|spd|1\n|move|p1b: Kyogre|Origin Pulse|p2a: Calyrex|[spread] p2a,p2b\n|-supereffective|p2a: Calyrex\n|-resisted|p2b: Abomasnow\n|-damage|p2a: Calyrex|0 fnt\n|-damage|p2b: Abomasnow|77/100\n|faint|p2a: Calyrex\n|\n|-weather|RainDance|[upkeep]\n|upkeep\n|\n|t:|1746021374\n|switch|p2a: Amoonguss|Amoonguss, L50, M|100/100\n|switch|p1a: Miraidon|Miraidon, L50|100/100\n|-fieldstart|move: Electric Terrain|[from] ability: Hadron Engine|[of] p1a: Miraidon\n|turn|4\n|\n|t:|1746021388\n|move|p2a: Amoonguss|Sludge Bomb|p1a: Miraidon\n|-damage|p1a: Miraidon|78/100\n|move|p2b: Abomasnow|Blizzard|p1b: Kyogre|[spread] p1a\n|-miss|p2b: Abomasnow|p1b: Kyogre\n|-supereffective|p1a: Miraidon\n|-damage|p1a: Miraidon|18/100\n|move|p1b: Kyogre|Thunder|p2b: Abomasnow\n|-resisted|p2b: Abomasnow\n|-damage|p2b: Abomasnow|59/100\n|move|p1a: Miraidon|Draco Meteor|p2a: Amoonguss\n|-damage|p2a: Amoonguss|51/100\n|-unboost|p1a: Miraidon|spa|2\n|\n|-weather|RainDance|[upkeep]\n|upkeep\n|turn|5\n|\n|t:|1746021403\n|move|p1a: Miraidon|Protect|p1a: Miraidon\n|-singleturn|p1a: Miraidon|Protect\n|move|p2a: Amoonguss|Sludge Bomb|p1b: Kyogre\n|-damage|p1b: Kyogre|14/100\n|move|p2b: Abomasnow|Blizzard|p1b: Kyogre|[spread] p1b\n|-activate|p1a: Miraidon|move: Protect\n|-resisted|p1b: Kyogre\n|-damage|p1b: Kyogre|4/100\n|move|p1b: Kyogre|Origin Pulse|p2a: Amoonguss|[spread] p2a,p2b\n|-resisted|p2a: Amoonguss\n|-resisted|p2b: Abomasnow\n|-damage|p2a: Amoonguss|32/100\n|-damage|p2b: Abomasnow|34/100\n|-enditem|p2a: Amoonguss|Sitrus Berry|[eat]\n|-heal|p2a: Amoonguss|56/100|[from] item: Sitrus Berry\n|\n|-weather|RainDance|[upkeep]\n|-fieldend|move: Trick Room\n|upkeep\n|turn|6\n|\n|t:|1746021418\n|move|p2a: Amoonguss|Rage Powder|p2a: Amoonguss\n|-singleturn|p2a: Amoonguss|move: Rage Powder\n|move|p1a: Miraidon|Electro Drift|p2a: Amoonguss\n|-resisted|p2a: Amoonguss\n|-damage|p2a: Amoonguss|44/100\n|move|p1b: Kyogre|Origin Pulse|p2a: Amoonguss|[spread] p2a,p2b\n|-resisted|p2a: Amoonguss\n|-resisted|p2b: Abomasnow\n|-damage|p2a: Amoonguss|23/100\n|-damage|p2b: Abomasnow|8/100\n|move|p2b: Abomasnow|Blizzard|p1b: Kyogre|[spread] p1b\n|-miss|p2b: Abomasnow|p1a: Miraidon\n|-resisted|p1b: Kyogre\n|-damage|p1b: Kyogre|0 fnt\n|faint|p1b: Kyogre\n|\n|-weather|RainDance|[upkeep]\n|-sideend|p2: efibledo|move: Aurora Veil\n|upkeep\n|turn|7\n|-message|mysteriousmeatman forfeited.\n|\n|win|efibledo\n|l|\u2606mysteriousmeatman\n|player|p1|\n||mysteriousmeatman is ready for game 2.\n||efibledo is ready for game 2.\n|uhtml|next|Next: <a href=\"/battle-gen9vgc2025regibo3-2353945307\"><strong>Game 2 of 3</strong></a>\n|l|\u203defibledo\n|player|p2|\n", "uploadtime": 1746021711, "views": 5, "formatid": "gen9vgc2025regibo3", "rating": null, "private": 0, "password": null}