{"id": "gen9vgc2025regibo3-2355107982", "format": "[Gen 9] VGC 2025 Reg I (Bo3)", "players": ["zzzaap", "G00bermeister69420"], "log": "|j|\u2606zzzaap\n|j|\u2606G00bermeister69420\n|html|<table width=\"100%\"><tr><td align=\"left\">zzzaap</td><td align=\"right\">G00bermeister69420</tr><tr><td align=\"left\"><i class=\"fa fa-circle-o\"></i> <i class=\"fa fa-circle-o\"></i> </td><td align=\"right\"><i class=\"fa fa-circle-o\"></i> <i class=\"fa fa-circle\"></i> </tr></table>\n|uhtml|bestof|<h2><strong>Game 2</strong> of <a href=\"/game-bestof3-gen9vgc2025regibo3-2355105507\">a best-of-3</a></h2>\n|t:|1746153463\n|gametype|doubles\n|player|p1|zzzaap|sailor|1135\n|player|p2|G00bermeister69420|hiker-gen4|1114\n|teamsize|p1|6\n|teamsize|p2|5\n|gen|9\n|tier|[Gen 9] VGC 2025 Reg I (Bo3)\n|rated|\n|rule|Species Clause: Limit one of each Pok\u00e9mon\n|rule|Item Clause: Limit 1 of each item\n|clearpoke\n|poke|p1|Landorus, L50, M|\n|poke|p1|Terapagos, L50, M|\n|poke|p1|Ogerpon-Hearthflame, L50, F|\n|poke|p1|Calyrex-Shadow, L50|\n|poke|p1|Rillaboom, L50, F|\n|poke|p1|Incineroar, L50, F|\n|poke|p2|Rampardos, L50, M|\n|poke|p2|Crabominable, L50, F|\n|poke|p2|Cresselia, L50, F|\n|poke|p2|Necrozma-Dusk-Mane, L50|\n|poke|p2|Farigiraf, L50, M|\n|teampreview|4\n|showteam|p1|Landorus||ChoiceScarf|SheerForce|EarthPower,SludgeBomb,SandsearStorm,Uturn|||M|||50|,,,,,Poison]Terapagos||LifeOrb|TeraShift|TeraStarstorm,DazzlingGleam,EarthPower,Protect|||M|||50|,,,,,Stellar]Ogerpon-Hearthflame||HearthflameMask|MoldBreaker|FollowMe,SpikyShield,IvyCudgel,StompingTantrum|||F|||50|,,,,,Fire]Calyrex-Shadow||GrassySeed|AsOneSpectrier|GigaDrain,AstralBarrage,Protect,Encore||||||50|,,,,,Grass]Rillaboom||AssaultVest|GrassySurge|FakeOut,WoodHammer,GrassyGlide,Uturn|||F|||50|,,,,,Fire]Incineroar||SafetyGoggles|Intimidate|FakeOut,FlareBlitz,KnockOff,PartingShot|||F|||50|,,,,,Ghost\n|showteam|p2|Rampardos||PowerLens|SheerForce|StoneEdge,RockSlide,Protect,FocusEnergy|||M|||50|,,,,,Rock]Crabominable||ClearAmulet|HyperCutter|IceHammer,CloseCombat,BrickBreak,Protect|||F|||50|,,,,,Fighting]Cresselia|||Levitate|TrickRoom,Gravity,LunarBlessing,HelpingHand|||F|||50|,,,,,Normal]Necrozma-Dusk-Mane||IronBall|PrismArmor|SunsteelStrike,PhotonGeyser,TrickRoom,Fling||||||50|,,,,,Normal]Farigiraf||ThroatSpray|ArmorTail|TrickRoom,Protect,Gravity,HyperVoice|||M|||50|,,,,,Water\n|inactive|Battle timer is ON: inactive players will automatically lose when time's up. (requested by G00bermeister69420)\n|\n|t:|1746153485\n|start\n|switch|p1a: Rillaboom|Rillaboom, L50, F|100/100\n|switch|p1b: Terapagos|Terapagos, L50, M|100/100\n|switch|p2a: Calyrex dih rider|Farigiraf, L50, M|100/100\n|switch|p2b: Necrozma|Necrozma-Dusk-Mane, L50|100/100\n|-activate|p1b: Terapagos|ability: Tera Shift\n|detailschange|p1b: Terapagos|Terapagos-Terastal, L50, M\n|-heal|p1b: Terapagos|100/100|[silent]\n|-fieldstart|move: Grassy Terrain|[from] ability: Grassy Surge|[of] p1a: Rillaboom\n|turn|1\n|\n|t:|1746153503\n|move|p2a: Calyrex dih rider|Protect|p2a: Calyrex dih rider\n|-singleturn|p2a: Calyrex dih rider|Protect\n|move|p1b: Terapagos|Tera Starstorm|p2a: Calyrex dih rider\n|-activate|p2a: Calyrex dih rider|move: Protect\n|move|p1a: Rillaboom|U-turn|p2a: Calyrex dih rider\n|-activate|p2a: Calyrex dih rider|move: Protect\n|move|p2b: Necrozma|Trick Room|p2b: Necrozma\n|-fieldstart|move: Trick Room|[of] p2b: Necrozma\n|\n|upkeep\n|turn|2\n|\n|t:|1746153528\n|move|p2b: Necrozma|Photon Geyser|p1b: Terapagos\n|-damage|p1b: Terapagos|47/100\n|move|p2a: Calyrex dih rider|Gravity|p2a: Calyrex dih rider\n|-fieldstart|move: Gravity\n|move|p1a: Rillaboom|U-turn|p2a: Calyrex dih rider\n|-supereffective|p2a: Calyrex dih rider\n|-damage|p2a: Calyrex dih rider|54/100\n|\n|t:|1746153538\n|switch|p1a: Incineroar|Incineroar, L50, F|100/100|[from] U-turn\n|-ability|p1a: Incineroar|Intimidate|boost\n|-unboost|p2a: Calyrex dih rider|atk|1\n|-unboost|p2b: Necrozma|atk|1\n|move|p1b: Terapagos|Tera Starstorm|p2a: Calyrex dih rider\n|-damage|p2a: Calyrex dih rider|0 fnt\n|faint|p2a: Calyrex dih rider\n|-damage|p1b: Terapagos|37/100|[from] item: Life Orb\n|\n|-heal|p1b: Terapagos|43/100|[from] Grassy Terrain\n|upkeep\n|\n|t:|1746153546\n|switch|p2a: Ginshakaklook|Rampardos, L50, M|100/100\n|turn|3\n|\n|t:|1746153570\n|switch|p1a: Rillaboom|Rillaboom, L50, F|100/100\n|-terastallize|p2a: Ginshakaklook|Rock\n|move|p1b: Terapagos|Protect|p1b: Terapagos\n|-singleturn|p1b: Terapagos|Protect\n|move|p2a: Ginshakaklook|Rock Slide|p1b: Terapagos|[spread] p1a\n|-activate|p1b: Terapagos|move: Protect\n|-damage|p1a: Rillaboom|41/100\n|move|p2b: Necrozma|Photon Geyser|p1b: Terapagos\n|-activate|p1b: Terapagos|move: Protect\n|\n|-heal|p1a: Rillaboom|47/100|[from] Grassy Terrain\n|-heal|p1b: Terapagos|49/100|[from] Grassy Terrain\n|upkeep\n|turn|4\n|inactive|zzzaap has 30 seconds left.\n|inactive|zzzaap has 20 seconds left.\n|inactive|zzzaap has 15 seconds left.\n|\n|t:|1746153615\n|-terastallize|p1b: Terapagos|Stellar\n|detailschange|p1b: Terapagos|Terapagos-Stellar, L50, M, tera:Stellar\n|-heal|p1b: Terapagos|61/100|[silent]\n|-ability|p1b: Terapagos|Teraform Zero\n|-fieldend|move: Grassy Terrain\n|move|p2a: Ginshakaklook|Protect|p2a: Ginshakaklook\n|-singleturn|p2a: Ginshakaklook|Protect\n|move|p1a: Rillaboom|Fake Out|p2b: Necrozma\n|-resisted|p2b: Necrozma\n|-damage|p2b: Necrozma|96/100\n|cant|p2b: Necrozma|flinch\n|move|p1b: Terapagos|Earth Power|p2a: Ginshakaklook\n|-activate|p2a: Ginshakaklook|move: Protect\n|\n|upkeep\n|turn|5\n|\n|t:|1746153637\n|switch|p1a: Incineroar|Incineroar, L50, F|100/100\n|-ability|p1a: Incineroar|Intimidate|boost\n|-unboost|p2a: Ginshakaklook|atk|1\n|-unboost|p2b: Necrozma|atk|1\n|move|p1b: Terapagos|Protect|p1b: Terapagos\n|-singleturn|p1b: Terapagos|Protect\n|move|p2a: Ginshakaklook|Stone Edge|p1b: Terapagos\n|-activate|p1b: Terapagos|move: Protect\n|move|p2b: Necrozma|Photon Geyser|p1a: Incineroar\n|-immune|p1a: Incineroar\n|\n|-fieldend|move: Trick Room\n|upkeep\n|turn|6\n|inactive|zzzaap has 30 seconds left.\n|\n|t:|1746153663\n|move|p2a: Ginshakaklook|Protect|p2a: Ginshakaklook\n|-singleturn|p2a: Ginshakaklook|Protect\n|move|p1a: Incineroar|Fake Out|p2b: Necrozma\n|-resisted|p2b: Necrozma\n|-damage|p2b: Necrozma|91/100\n|move|p1b: Terapagos|Earth Power|p2a: Ginshakaklook\n|-activate|p2a: Ginshakaklook|move: Protect\n|cant|p2b: Necrozma|flinch\n|\n|-fieldend|move: Gravity\n|upkeep\n|turn|7\n|inactive|zzzaap has 30 seconds left.\n|inactive|zzzaap has 20 seconds left.\n|inactive|zzzaap has 15 seconds left.\n|inactive|zzzaap has 10 seconds left.\n|\n|t:|1746153709\n|switch|p2a: Ginshakakrab|Crabominable, L50, F|100/100\n|move|p1b: Terapagos|Tera Starstorm|p2b: Necrozma|[spread] p2a,p2b\n|-damage|p2a: Ginshakakrab|41/100\n|-damage|p2b: Necrozma|50/100\n|-damage|p1b: Terapagos|51/100|[from] item: Life Orb\n|move|p1a: Incineroar|Parting Shot|p2a: Ginshakakrab\n|-fail|p2a: Ginshakakrab|unboost|[from] item: Clear Amulet|[of] p2a: Ginshakakrab\n|move|p2b: Necrozma|Trick Room|p2b: Necrozma\n|-fieldstart|move: Trick Room|[of] p2b: Necrozma\n|\n|upkeep\n|turn|8\n|inactive|zzzaap has 30 seconds left.\n|inactive|G00bermeister69420 has 30 seconds left.\n|inactive|zzzaap has 20 seconds left.\n|\n|t:|1746153748\n|switch|p1b: Rillaboom|Rillaboom, L50, F|47/100\n|-fieldstart|move: Grassy Terrain|[from] ability: Grassy Surge|[of] p1b: Rillaboom\n|move|p2b: Necrozma|Sunsteel Strike|p1a: Incineroar\n|-resisted|p1a: Incineroar\n|-damage|p1a: Incineroar|88/100\n|move|p2a: Ginshakakrab|Close Combat|p1b: Rillaboom\n|-damage|p1b: Rillaboom|0 fnt\n|-unboost|p2a: Ginshakakrab|def|1\n|-unboost|p2a: Ginshakakrab|spd|1\n|faint|p1b: Rillaboom\n|move|p1a: Incineroar|Knock Off|p2b: Necrozma\n|-supereffective|p2b: Necrozma\n|-damage|p2b: Necrozma|0 fnt\n|-enditem|p2b: Necrozma|Iron Ball|[from] move: Knock Off|[of] p1a: Incineroar\n|faint|p2b: Necrozma\n|\n|-heal|p2a: Ginshakakrab|47/100|[from] Grassy Terrain\n|-heal|p1a: Incineroar|94/100|[from] Grassy Terrain\n|upkeep\n|\n|t:|1746153767\n|switch|p2b: Ginshakaklook|Rampardos, L50, M, tera:Rock|100/100\n|switch|p1b: Terapagos|Terapagos-Stellar, L50, M, tera:Stellar|51/100\n|turn|9\n|inactive|zzzaap has 30 seconds left.\n|inactive|zzzaap has 20 seconds left.\n|inactive|zzzaap has 15 seconds left.\n|inactive|zzzaap has 10 seconds left.\n|\n|t:|1746153815\n|move|p2b: Ginshakaklook|Rock Slide|p1b: Terapagos|[spread] p1b\n|-miss|p2b: Ginshakaklook|p1a: Incineroar\n|-damage|p1b: Terapagos|12/100\n|move|p2a: Ginshakakrab|Close Combat|p1b: Terapagos\n|-supereffective|p1b: Terapagos\n|-damage|p1b: Terapagos|0 fnt\n|-unboost|p2a: Ginshakakrab|def|1\n|-unboost|p2a: Ginshakakrab|spd|1\n|faint|p1b: Terapagos\n|move|p1a: Incineroar|Flare Blitz|p2a: Ginshakakrab\n|-supereffective|p2a: Ginshakakrab\n|-damage|p2a: Ginshakakrab|0 fnt\n|faint|p2a: Ginshakakrab\n|-damage|p1a: Incineroar|78/100|[from] Recoil\n|\n|-heal|p1a: Incineroar|84/100|[from] Grassy Terrain\n|upkeep\n|\n|t:|1746153830\n|switch|p1b: Calyrex|Calyrex-Shadow, L50|100/100\n|-ability|p1b: Calyrex|As One\n|-ability|p1b: Calyrex|Unnerve\n|-enditem|p1b: Calyrex|Grassy Seed\n|-boost|p1b: Calyrex|def|1|[from] item: Grassy Seed\n|turn|10\n|\n|t:|1746153853\n|move|p1b: Calyrex|Protect|p1b: Calyrex\n|-singleturn|p1b: Calyrex|Protect\n|move|p2b: Ginshakaklook|Rock Slide|p1b: Calyrex|[spread] p1a\n|-activate|p1b: Calyrex|move: Protect\n|-supereffective|p1a: Incineroar\n|-damage|p1a: Incineroar|0 fnt\n|faint|p1a: Incineroar\n|\n|upkeep\n|turn|11\n|\n|t:|1746153865\n|move|p2b: Ginshakaklook|Rock Slide|p1b: Calyrex\n|-damage|p1b: Calyrex|32/100\n|move|p1b: Calyrex|Giga Drain|p2b: Ginshakaklook\n|-supereffective|p2b: Ginshakaklook\n|-damage|p2b: Ginshakaklook|0 fnt\n|-heal|p1b: Calyrex|84/100|[from] drain|[of] p2b: Ginshakaklook\n|faint|p2b: Ginshakaklook\n|\n|win|zzzaap\n|raw|zzzaap's rating: 1135 &rarr; <strong>1158</strong><br />(+23 for winning)\n|raw|G00bermeister69420's rating: 1114 &rarr; <strong>1091</strong><br />(-23 for losing)\n|l|\u2606G00bermeister69420\n|player|p2|\n|l|\u2606zzzaap\n|player|p1|\n", "uploadtime": 1746154162, "views": 4, "formatid": "gen9vgc2025regibo3", "rating": 1091, "private": 0, "password": null}