{"id": "gen9vgc2025regibo3-2354887244", "format": "[Gen 9] VGC 2025 Reg I (Bo3)", "players": ["Gimffy", "DigitalWolf"], "log": "|j|\u2606Gimffy\n|j|\u2606DigitalWolf\n|html|<table width=\"100%\"><tr><td align=\"left\">Gimffy</td><td align=\"right\">DigitalWolf</tr><tr><td align=\"left\"><i class=\"fa fa-circle\"></i> <i class=\"fa fa-circle-o\"></i> </td><td align=\"right\"><i class=\"fa fa-circle-o\"></i> <i class=\"fa fa-circle\"></i> </tr></table>\n|uhtml|bestof|<h2><strong>Game 3</strong> of <a href=\"/game-bestof3-gen9vgc2025regibo3-2354879878\">a best-of-3</a></h2>\n|t:|1746128631\n|gametype|doubles\n|player|p1|Gimffy|ingo|1253\n|player|p2|DigitalWolf|1|1247\n|teamsize|p1|6\n|teamsize|p2|6\n|gen|9\n|tier|[Gen 9] VGC 2025 Reg I (Bo3)\n|rated|\n|rule|Species Clause: Limit one of each Pok\u00e9mon\n|rule|Item Clause: Limit 1 of each item\n|clearpoke\n|poke|p1|Koraidon, L50|\n|poke|p1|Lunala, L50|\n|poke|p1|Flutter Mane, L50|\n|poke|p1|Chi-Yu, L50|\n|poke|p1|Brute Bonnet, L50|\n|poke|p1|Ursaluna, L50, M|\n|poke|p2|Zacian-*, L50|\n|poke|p2|Kyogre, L50|\n|poke|p2|Tornadus, L50, M|\n|poke|p2|Amoonguss, L50, M|\n|poke|p2|Incineroar, L50, M|\n|poke|p2|Urshifu-*, L50, F|\n|teampreview|4\n|showteam|p1|Koraidon||ClearAmulet|OrichalcumPulse|CollisionCourse,FlareBlitz,FlameCharge,Protect||||||50|,,,,,Fire]Lunala||PowerHerb|ShadowShield|MoongeistBeam,MeteorBeam,WideGuard,TrickRoom||||||50|,,,,,Water]Flutter Mane||FocusSash|Protosynthesis|Moonblast,ShadowBall,IcyWind,Protect||||||50|,,,,,Fairy]Chi-Yu||ChoiceScarf|BeadsofRuin|DarkPulse,HeatWave,Overheat,Snarl||||||50|,,,,,Ghost]Brute Bonnet||RockyHelmet|Protosynthesis|RagePowder,Spore,SeedBomb,SuckerPunch||||||50|,,,,,Water]Ursaluna||FlameOrb|Guts|Facade,HeadlongRush,Earthquake,Protect|||M|||50|,,,,,Water\n|showteam|p2|Zacian-Crowned||RustedSword|IntrepidSword|behemothblade,PlayRough,TeraBlast,Protect||||||50|,,,,,Ground]Kyogre||AssaultVest|Drizzle|WaterSpout,OriginPulse,IceBeam,Thunder||||||50|,,,,,Grass]Tornadus||RockyHelmet|Prankster|BleakwindStorm,Tailwind,RainDance,Taunt|||M|||50|,,,,,Dark]Amoonguss||SitrusBerry|Regenerator|PollenPuff,Spore,RagePowder,Protect|||M|||50|,,,,,Steel]Incineroar||SafetyGoggles|Intimidate|KnockOff,FakeOut,FlareBlitz,PartingShot|||M|||50|,,,,,Ghost]Urshifu||FocusSash|UnseenFist|SuckerPunch,WickedBlow,CloseCombat,Detect|||F|||50|,,,,,Normal\n|inactive|Battle timer is ON: inactive players will automatically lose when time's up. (requested by Gimffy)\n|inactive|DigitalWolf has 60 seconds left.\n|inactive|DigitalWolf has 30 seconds left.\n|inactive|DigitalWolf has 20 seconds left.\n|\n|t:|1746128707\n|start\n|switch|p1a: Bruce Wane|Lunala, L50|100/100\n|switch|p1b: Imposter|Brute Bonnet, L50|100/100\n|switch|p2a: Kyogre|Kyogre, L50|100/100\n|switch|p2b: Urshifu|Urshifu, L50, F|100/100\n|-weather|RainDance|[from] ability: Drizzle|[of] p2a: Kyogre\n|turn|1\n|inactive|Gimffy has 30 seconds left.\n|inactive|DigitalWolf has 30 seconds left.\n|inactive|Gimffy has 20 seconds left.\n|inactive|DigitalWolf has 20 seconds left.\n|inactive|DigitalWolf has 15 seconds left.\n|inactive|DigitalWolf has 10 seconds left.\n|inactive|DigitalWolf has 5 seconds left.\n|\n|t:|1746128758\n|-terastallize|p1a: Bruce Wane|Water\n|move|p2b: Urshifu|Close Combat|p1b: Imposter\n|-supereffective|p1b: Imposter\n|-damage|p1b: Imposter|7/100\n|-unboost|p2b: Urshifu|def|1\n|-unboost|p2b: Urshifu|spd|1\n|-damage|p2b: Urshifu|84/100|[from] item: Rocky Helmet|[of] p1b: Imposter\n|move|p2a: Kyogre|Ice Beam|p1b: Imposter\n|-supereffective|p1b: Imposter\n|-damage|p1b: Imposter|0 fnt\n|faint|p1b: Imposter\n|-end|p1b: Imposter|Protosynthesis|[silent]\n|move|p1a: Bruce Wane|Trick Room|p1a: Bruce Wane\n|-fieldstart|move: Trick Room|[of] p1a: Bruce Wane\n|\n|-weather|RainDance|[upkeep]\n|upkeep\n|\n|t:|1746128771\n|switch|p1b: Freddy Fazbear|Ursaluna, L50, M|100/100\n|turn|2\n|inactive|DigitalWolf has 30 seconds left.\n|\n|t:|1746128799\n|move|p1b: Freddy Fazbear|Protect|p1b: Freddy Fazbear\n|-singleturn|p1b: Freddy Fazbear|Protect\n|move|p2b: Urshifu|Detect|p2b: Urshifu\n|-singleturn|p2b: Urshifu|Protect\n|move|p2a: Kyogre|Thunder|p1a: Bruce Wane\n|-supereffective|p1a: Bruce Wane\n|-damage|p1a: Bruce Wane|70/100\n|-status|p1a: Bruce Wane|par\n|move|p1a: Bruce Wane|Moongeist Beam|p2a: Kyogre\n|-damage|p2a: Kyogre|76/100\n|\n|-weather|RainDance|[upkeep]\n|-status|p1b: Freddy Fazbear|brn|[from] item: Flame Orb\n|upkeep\n|turn|3\n|inactive|DigitalWolf has 30 seconds left.\n|inactive|Gimffy has 30 seconds left.\n|inactive|DigitalWolf has 20 seconds left.\n|\n|t:|1746128839\n|move|p2b: Urshifu|Sucker Punch|p1b: Freddy Fazbear\n|-damage|p1b: Freddy Fazbear|69/100 brn\n|move|p1b: Freddy Fazbear|Facade|p2a: Kyogre\n|-damage|p2a: Kyogre|0 fnt\n|faint|p2a: Kyogre\n|move|p1a: Bruce Wane|Moongeist Beam|p2b: Urshifu\n|-resisted|p2b: Urshifu\n|-damage|p2b: Urshifu|12/100\n|\n|-weather|RainDance|[upkeep]\n|-damage|p1b: Freddy Fazbear|63/100 brn|[from] brn\n|upkeep\n|\n|t:|1746128861\n|switch|p2a: Tornadus|Tornadus, L50, M|100/100\n|turn|4\n|inactive|DigitalWolf has 30 seconds left.\n|\n|t:|1746128896\n|move|p2b: Urshifu|Detect|p2b: Urshifu\n|-singleturn|p2b: Urshifu|Protect\n|move|p1b: Freddy Fazbear|Facade|p2b: Urshifu\n|-activate|p2b: Urshifu|move: Protect\n|cant|p1a: Bruce Wane|par\n|move|p2a: Tornadus|Bleakwind Storm|p1b: Freddy Fazbear|[spread] p1a,p1b\n|-crit|p1a: Bruce Wane\n|-damage|p1a: Bruce Wane|38/100 par\n|-damage|p1b: Freddy Fazbear|39/100 brn\n|\n|-weather|RainDance|[upkeep]\n|-damage|p1b: Freddy Fazbear|33/100 brn|[from] brn\n|upkeep\n|turn|5\n|inactive|DigitalWolf has 30 seconds left.\n|inactive|DigitalWolf has 20 seconds left.\n|\n|t:|1746128934\n|move|p2b: Urshifu|Sucker Punch|p1b: Freddy Fazbear\n|-damage|p1b: Freddy Fazbear|2/100 brn\n|move|p1b: Freddy Fazbear|Facade|p2b: Urshifu\n|-damage|p2b: Urshifu|0 fnt\n|faint|p2b: Urshifu\n|move|p1a: Bruce Wane|Meteor Beam||[still]\n|-prepare|p1a: Bruce Wane|Meteor Beam\n|-boost|p1a: Bruce Wane|spa|1\n|-enditem|p1a: Bruce Wane|Power Herb\n|-anim|p1a: Bruce Wane|Meteor Beam|p2a: Tornadus\n|-supereffective|p2a: Tornadus\n|-damage|p2a: Tornadus|0 fnt\n|faint|p2a: Tornadus\n|\n|-weather|none\n|-damage|p1b: Freddy Fazbear|0 fnt|[from] brn\n|faint|p1b: Freddy Fazbear\n|-fieldend|move: Trick Room\n|upkeep\n|\n|t:|1746128949\n|switch|p2b: Zacian|Zacian-Crowned, L50|100/100\n|switch|p1b: Akira|Koraidon, L50|100/100\n|-ability|p2b: Zacian|Intrepid Sword|boost\n|-boost|p2b: Zacian|atk|1\n|-weather|SunnyDay|[from] ability: Orichalcum Pulse|[of] p1b: Akira\n|-activate|p1b: Akira|Orichalcum Pulse|[source]\n|turn|6\n|inactive|DigitalWolf has 30 seconds left.\n|\n|t:|1746128983\n|move|p1b: Akira|Protect|p1b: Akira\n|-singleturn|p1b: Akira|Protect\n|move|p2b: Zacian|Play Rough|p1b: Akira\n|-activate|p1b: Akira|move: Protect\n|move|p1a: Bruce Wane|Trick Room|p1a: Bruce Wane\n|-fieldstart|move: Trick Room|[of] p1a: Bruce Wane\n|\n|-weather|SunnyDay|[upkeep]\n|upkeep\n|turn|7\n|\n|t:|1746129002\n|move|p2b: Zacian|Protect|p2b: Zacian\n|-singleturn|p2b: Zacian|Protect\n|move|p1a: Bruce Wane|Moongeist Beam|p2b: Zacian\n|-activate|p2b: Zacian|move: Protect\n|move|p1b: Akira|Flare Blitz|p2b: Zacian\n|-activate|p2b: Zacian|move: Protect\n|\n|-weather|SunnyDay|[upkeep]\n|upkeep\n|turn|8\n|inactive|DigitalWolf has 30 seconds left.\n|\n|t:|1746129028\n|-terastallize|p2b: Zacian|Ground\n|move|p1a: Bruce Wane|Moongeist Beam|p2b: Zacian\n|-damage|p2b: Zacian|25/100\n|move|p1b: Akira|Flare Blitz|p2b: Zacian\n|-damage|p2b: Zacian|0 fnt\n|faint|p2b: Zacian\n|-damage|p1b: Akira|91/100|[from] Recoil\n|\n|win|Gimffy\n|raw|Gimffy's rating: 1253 &rarr; <strong>1278</strong><br />(+25 for winning)\n|raw|DigitalWolf's rating: 1247 &rarr; <strong>1222</strong><br />(-25 for losing)\n", "uploadtime": 1746129040, "views": 9, "formatid": "gen9vgc2025regibo3", "rating": 1222, "private": 0, "password": null}