{"id": "gen9vgc2025regibo3-2353904021", "format": "[Gen 9] VGC 2025 Reg I (Bo3)", "players": ["manlikewiz", "Azarin"], "log": "|j|\u2606manlikewiz\n|j|\u2606Azarin\n|html|<table width=\"100%\"><tr><td align=\"left\">manlikewiz</td><td align=\"right\">Azarin</tr><tr><td align=\"left\"><i class=\"fa fa-circle-o\"></i> <i class=\"fa fa-circle-o\"></i> </td><td align=\"right\"><i class=\"fa fa-circle-o\"></i> <i class=\"fa fa-circle-o\"></i> </tr></table>\n|uhtml|bestof|<h2><strong>Game 1</strong> of <a href=\"/game-bestof3-gen9vgc2025regibo3-2353904020\">a best-of-3</a></h2>\n|t:|1746017164\n|gametype|doubles\n|player|p1|manlikewiz|102|\n|player|p2|Azarin|koga|\n|teamsize|p1|6\n|teamsize|p2|6\n|gen|9\n|tier|[Gen 9] VGC 2025 Reg I (Bo3)\n|rule|Species Clause: Limit one of each Pok\u00e9mon\n|rule|Item Clause: Limit 1 of each item\n|clearpoke\n|poke|p1|Groudon, L50|\n|poke|p1|Tornadus, L50, M|\n|poke|p1|Volcarona, L50, F|\n|poke|p1|Dragonite, L50, M|\n|poke|p1|Ursaluna-Bloodmoon, L50, M|\n|poke|p1|Miraidon, L50|\n|poke|p2|Flutter Mane, L50|\n|poke|p2|Salazzle, L50, F|\n|poke|p2|Iron Valiant, L50|\n|poke|p2|Landorus-Therian, L50, M|\n|poke|p2|Zacian-*, L50|\n|poke|p2|Arcanine-Hisui, L50, F|\n|teampreview|4\n|showteam|p1|Groudon||ChoiceBand|Drought|Earthquake,PrecipiceBlades,RockSlide,Eruption||||||50|,,,,,Flying]Tornadus||FocusSash|Prankster|Tailwind,BleakwindStorm,SludgeBomb,Hurricane|||M|||50|,,,,,Ghost]Volcarona||Leftovers|FlameBody|Overheat,Hurricane,QuiverDance,Protect|||F|||50|,,,,,Bug]Dragonite||LifeOrb|Multiscale|DracoMeteor,DragonDance,ExtremeSpeed,IceBeam|||M|||50|,,,,,Dragon]Ursaluna-Bloodmoon||AssaultVest|MindsEye|BloodMoon,Earthquake,HyperVoice,Moonblast|||M|||50|,,,,,Poison]Miraidon||BoosterEnergy|HadronEngine|ElectroDrift,DracoMeteor,Thunderbolt,VoltSwitch||||||50|,,,,,Electric\n|showteam|p2|Flutter Mane||BoosterEnergy|Protosynthesis|Moonblast,DazzlingGleam,ShadowBall,Thunderbolt||||||50|,,,,,Ghost]Salazzle||PoisonBarb|Corrosion|BodySlam,DragonPulse,PoisonFang,Disable|||F|||50|,,,,,Poison]Iron Valiant||Leftovers|QuarkDrive|CloseCombat,PsychoCut,DrainPunch,KnockOff||||||50|,,,,,Fairy]Landorus-Therian|||Intimidate|Earthquake,Protect,Uturn,RockSlide|||M|||50|,,,,,Ground]Zacian-Crowned||RustedSword|IntrepidSword|behemothblade,Moonblast,CloseCombat,Agility||||||50|,,,,,Fairy]Arcanine-Hisui||LifeOrb|RockHead|FlareBlitz,RockSlide,CloseCombat,Crunch|||F|||50|,,,,,Fire\n|\n|t:|1746017198\n|start\n|switch|p1a: Miraidon|Miraidon, L50|100/100\n|switch|p1b: Tornadus|Tornadus, L50, M|100/100\n|switch|p2a: Iron Valiant|Iron Valiant, L50|100/100\n|switch|p2b: Flutter Mane|Flutter Mane, L50|100/100\n|-fieldstart|move: Electric Terrain|[from] ability: Hadron Engine|[of] p1a: Miraidon\n|-activate|p2a: Iron Valiant|ability: Quark Drive\n|-start|p2a: Iron Valiant|quarkdrivespe\n|-enditem|p2b: Flutter Mane|Booster Energy\n|-activate|p2b: Flutter Mane|ability: Protosynthesis|[fromitem]\n|-start|p2b: Flutter Mane|protosynthesisspe\n|turn|1\n|\n|t:|1746017265\n|move|p1b: Tornadus|Tailwind|p1b: Tornadus\n|-sidestart|p1: manlikewiz|move: Tailwind\n|move|p1a: Miraidon|Electro Drift|p2b: Flutter Mane\n|-damage|p2b: Flutter Mane|7/100\n|move|p2a: Iron Valiant|Close Combat|p1a: Miraidon\n|-damage|p1a: Miraidon|39/100\n|-unboost|p2a: Iron Valiant|def|1\n|-unboost|p2a: Iron Valiant|spd|1\n|move|p2b: Flutter Mane|Thunderbolt|p1a: Miraidon\n|-resisted|p1a: Miraidon\n|-damage|p1a: Miraidon|31/100\n|\n|upkeep\n|turn|2\n|\n|t:|1746017313\n|-end|p2b: Flutter Mane|Protosynthesis|[silent]\n|switch|p2b: Salazzle|Salazzle, L50, F|100/100\n|move|p1a: Miraidon|Volt Switch|p2b: Salazzle\n|-damage|p2b: Salazzle|0 fnt\n|faint|p2b: Salazzle\n|\n|t:|1746017333\n|switch|p1a: Groudon|Groudon, L50|100/100|[from] Volt Switch\n|-weather|SunnyDay|[from] ability: Drought|[of] p1a: Groudon\n|move|p1b: Tornadus|Sludge Bomb|p2a: Iron Valiant\n|-supereffective|p2a: Iron Valiant\n|-damage|p2a: Iron Valiant|0 fnt\n|faint|p2a: Iron Valiant\n|-end|p2a: Iron Valiant|Quark Drive|[silent]\n|\n|-weather|SunnyDay|[upkeep]\n|upkeep\n|\n|t:|1746017352\n|switch|p2b: Flutter Mane|Flutter Mane, L50|7/100\n|switch|p2a: Landorus|Landorus-Therian, L50, M|100/100\n|-ability|p2a: Landorus|Intimidate|boost\n|-unboost|p1a: Groudon|atk|1\n|-unboost|p1b: Tornadus|atk|1\n|-activate|p2b: Flutter Mane|ability: Protosynthesis\n|-start|p2b: Flutter Mane|protosynthesisspe\n|turn|3\n|\n|t:|1746017400\n|move|p1b: Tornadus|Sludge Bomb|p2a: Landorus\n|-resisted|p2a: Landorus\n|-damage|p2a: Landorus|79/100\n|move|p2b: Flutter Mane|Thunderbolt|p1b: Tornadus\n|-supereffective|p1b: Tornadus\n|-damage|p1b: Tornadus|4/100\n|move|p1a: Groudon|Rock Slide|p2b: Flutter Mane|[spread] p2b\n|-miss|p1a: Groudon|p2a: Landorus\n|-damage|p2b: Flutter Mane|0 fnt\n|faint|p2b: Flutter Mane\n|-end|p2b: Flutter Mane|Protosynthesis|[silent]\n|move|p2a: Landorus|Earthquake|p1a: Groudon|[spread] p1a\n|-immune|p1b: Tornadus\n|-damage|p1a: Groudon|72/100\n|\n|-weather|SunnyDay|[upkeep]\n|upkeep\n|turn|4\n|\n|t:|1746017426\n|switch|p1b: Volcarona|Volcarona, L50, F|100/100\n|move|p2a: Landorus|Protect|p2a: Landorus\n|-singleturn|p2a: Landorus|Protect\n|move|p1a: Groudon|Rock Slide|p2a: Landorus\n|-activate|p2a: Landorus|move: Protect\n|\n|-weather|SunnyDay|[upkeep]\n|-sideend|p1: manlikewiz|move: Tailwind\n|upkeep\n|turn|5\n|\n|t:|1746017449\n|move|p2a: Landorus|U-turn|p1b: Volcarona\n|-resisted|p1b: Volcarona\n|-crit|p1b: Volcarona\n|-damage|p1b: Volcarona|71/100\n|move|p1b: Volcarona|Quiver Dance|p1b: Volcarona\n|-boost|p1b: Volcarona|spa|1\n|-boost|p1b: Volcarona|spd|1\n|-boost|p1b: Volcarona|spe|1\n|move|p1a: Groudon|Rock Slide|p2a: Landorus\n|-damage|p2a: Landorus|41/100\n|\n|-weather|SunnyDay|[upkeep]\n|-heal|p1b: Volcarona|78/100|[from] item: Leftovers\n|-fieldend|move: Electric Terrain\n|upkeep\n|turn|6\n|\n|t:|1746017483\n|move|p1b: Volcarona|Overheat|p2a: Landorus\n|-damage|p2a: Landorus|0 fnt\n|-unboost|p1b: Volcarona|spa|2\n|faint|p2a: Landorus\n|\n|win|manlikewiz\n|inactive|manlikewiz has 30 seconds to confirm battle start!\n|inactive|Azarin has 30 seconds to confirm battle start!\n||manlikewiz is ready for game 2.\n|inactive|Azarin has 20 seconds to confirm battle start!\n||Azarin is ready for game 2.\n|uhtml|next|Next: <a href=\"/battle-gen9vgc2025regibo3-2353906981\"><strong>Game 2 of 3</strong></a>\n|l|\u2606manlikewiz\n|player|p1|\n", "uploadtime": 1746017845, "views": 6, "formatid": "gen9vgc2025regibo3", "rating": null, "private": 0, "password": null}