{"id": "gen9vgc2025regibo3-2355099608", "format": "[Gen 9] VGC 2025 Reg I (Bo3)", "players": ["rodjilius", "mavvyvgc"], "log": "|j|\u2606rodjilius\n|j|\u2606mavvyvgc\n|html|<table width=\"100%\"><tr><td align=\"left\">rodjilius</td><td align=\"right\">mavvyvgc</tr><tr><td align=\"left\"><i class=\"fa fa-circle-o\"></i> <i class=\"fa fa-circle-o\"></i> </td><td align=\"right\"><i class=\"fa fa-circle-o\"></i> <i class=\"fa fa-circle-o\"></i> </tr></table>\n|uhtml|bestof|<h2><strong>Game 1</strong> of <a href=\"/game-bestof3-gen9vgc2025regibo3-2355099607\">a best-of-3</a></h2>\n|t:|1746152404\n|gametype|doubles\n|player|p1|rodjilius|2|1101\n|player|p2|mavvyvgc|riley|1084\n|teamsize|p1|6\n|teamsize|p2|6\n|gen|9\n|tier|[Gen 9] VGC 2025 Reg I (Bo3)\n|rated|\n|rule|Species Clause: Limit one of each Pok\u00e9mon\n|rule|Item Clause: Limit 1 of each item\n|clearpoke\n|poke|p1|Koraidon, L50|\n|poke|p1|Lunala, L50|\n|poke|p1|Indeedee-F, L50, F|\n|poke|p1|Lilligant-Hisui, L50, F|\n|poke|p1|Gouging Fire, L50|\n|poke|p1|Torkoal, L50, M|\n|poke|p2|Koraidon, L50|\n|poke|p2|Calyrex-Shadow, L50|\n|poke|p2|Charizard, L50, F|\n|poke|p2|Klefki, L50, F|\n|poke|p2|Urshifu-*, L50, M|\n|poke|p2|Whimsicott, L50, F|\n|teampreview|4\n|showteam|p1|Koraidon||ClearAmulet|OrichalcumPulse|FlameCharge,CollisionCourse,Protect,DragonClaw||||||50|,,,,,Fire]Lunala||Leftovers|ShadowShield|Tailwind,CalmMind,MoongeistBeam,ExpandingForce||||||50|,,,,,Water]Indeedee-F||PsychicSeed|PsychicSurge|FollowMe,Psychic,TrickRoom,HelpingHand|||F|||50|,,,,,Water]Lilligant-Hisui||FocusSash|Chlorophyll|Coaching,SolarBlade,TripleAxel,AfterYou|||F|||50|,,,,,Ghost]Gouging Fire||RockyHelmet|Protosynthesis|BurningBulwark,BreakingSwipe,StompingTantrum,Roar||||||50|,,,,,Fairy]Torkoal||Charcoal|Drought|Eruption,HeatWave,WeatherBall,EarthPower|||M|||50|,,,,,Fire\n|showteam|p2|Koraidon||ClearAmulet|OrichalcumPulse|CollisionCourse,Protect,SwordsDance,FlameCharge||||||50|,,,,,Fire]Calyrex-Shadow||FocusSash|AsOneSpectrier|DarkPulse,AstralBarrage,NastyPlot,Protect||||||50|,,,,,Water]Charizard||Leftovers|SolarPower|Protect,HeatWave,SolarBeam,AirSlash|||F|||50|,,,,,Grass]Klefki||SitrusBerry|Prankster|Protect,LightScreen,Reflect,FlashCannon|||F|||50|,,,,,Water]Urshifu-Rapid-Strike||ChoiceScarf|UnseenFist|CloseCombat,AquaJet,Uturn,SurgingStrikes|||M|||50|,,,,,Normal]Whimsicott||CovertCloak|Prankster|Tailwind,Moonblast,HelpingHand,Protect|||F|||50|,,,,,Normal\n|inactive|Battle timer is ON: inactive players will automatically lose when time's up. (requested by rodjilius)\n|\n|t:|1746152435\n|start\n|switch|p1a: Koraidon|Koraidon, L50|100/100\n|switch|p1b: Lilligant|Lilligant-Hisui, L50, F|100/100\n|switch|p2a: Klefki|Klefki, L50, F|100/100\n|switch|p2b: Charizard|Charizard, L50, F|100/100\n|-weather|SunnyDay|[from] ability: Orichalcum Pulse|[of] p1a: Koraidon\n|-activate|p1a: Koraidon|Orichalcum Pulse|[source]\n|turn|1\n|inactive|mavvyvgc has 30 seconds left.\n|inactive|mavvyvgc has 20 seconds left.\n|\n|t:|1746152472\n|-terastallize|p1a: Koraidon|Fire\n|move|p2a: Klefki|Reflect|p2a: Klefki\n|-sidestart|p2: mavvyvgc|Reflect\n|move|p1b: Lilligant|Coaching|p1a: Koraidon\n|-boost|p1a: Koraidon|atk|1\n|-boost|p1a: Koraidon|def|1\n|move|p1a: Koraidon|Flame Charge|p2a: Klefki\n|-supereffective|p2a: Klefki\n|-damage|p2a: Klefki|0 fnt\n|-boost|p1a: Koraidon|spe|1\n|faint|p2a: Klefki\n|move|p2b: Charizard|Heat Wave|p1b: Lilligant|[spread] p1b\n|-miss|p2b: Charizard|p1a: Koraidon\n|-supereffective|p1b: Lilligant\n|-enditem|p1b: Lilligant|Focus Sash\n|-damage|p1b: Lilligant|1/100\n|-status|p1b: Lilligant|brn\n|\n|-weather|SunnyDay|[upkeep]\n|-damage|p2b: Charizard|88/100|[from] ability: Solar Power|[of] p2b: Charizard\n|-heal|p2b: Charizard|94/100|[from] item: Leftovers\n|-damage|p1b: Lilligant|0 fnt|[from] brn\n|faint|p1b: Lilligant\n|upkeep\n|\n|t:|1746152495\n|switch|p1b: Lunala|Lunala, L50|100/100\n|switch|p2a: Koraidon|Koraidon, L50|100/100\n|-activate|p2a: Koraidon|ability: Orichalcum Pulse\n|turn|2\n|inactive|mavvyvgc has 30 seconds left.\n|\n|t:|1746152520\n|switch|p1b: Indeedee|Indeedee-F, L50, F|100/100\n|-fieldstart|move: Psychic Terrain|[from] ability: Psychic Surge|[of] p1b: Indeedee\n|-enditem|p1b: Indeedee|Psychic Seed\n|-boost|p1b: Indeedee|spd|1|[from] item: Psychic Seed\n|move|p1a: Koraidon|Dragon Claw|p2a: Koraidon\n|-supereffective|p2a: Koraidon\n|-damage|p2a: Koraidon|2/100\n|move|p2a: Koraidon|Flame Charge|p1b: Indeedee\n|-damage|p1b: Indeedee|67/100\n|-boost|p2a: Koraidon|spe|1\n|move|p2b: Charizard|Heat Wave|p1b: Indeedee|[spread] p1a,p1b\n|-resisted|p1a: Koraidon\n|-damage|p1a: Koraidon|71/100\n|-damage|p1b: Indeedee|17/100\n|-status|p1b: Indeedee|brn\n|\n|-weather|SunnyDay|[upkeep]\n|-damage|p2b: Charizard|82/100|[from] ability: Solar Power|[of] p2b: Charizard\n|-heal|p2b: Charizard|87/100|[from] item: Leftovers\n|-damage|p1b: Indeedee|11/100 brn|[from] brn\n|upkeep\n|turn|3\n|inactive|mavvyvgc has 30 seconds left.\n|\n|t:|1746152555\n|move|p2a: Koraidon|Protect|p2a: Koraidon\n|-singleturn|p2a: Koraidon|Protect\n|move|p1a: Koraidon|Dragon Claw|p2b: Charizard\n|-damage|p2b: Charizard|1/100\n|move|p2b: Charizard|Air Slash|p1a: Koraidon\n|-damage|p1a: Koraidon|28/100\n|move|p1b: Indeedee|Psychic|p2a: Koraidon\n|-activate|p2a: Koraidon|move: Protect\n|\n|-weather|SunnyDay|[upkeep]\n|-damage|p2b: Charizard|0 fnt|[from] ability: Solar Power|[of] p2b: Charizard\n|faint|p2b: Charizard\n|-damage|p1b: Indeedee|5/100 brn|[from] brn\n|upkeep\n|\n|t:|1746152571\n|switch|p2b: Calyrex|Calyrex-Shadow, L50|100/100\n|-ability|p2b: Calyrex|As One\n|-ability|p2b: Calyrex|Unnerve\n|turn|4\n|inactive|mavvyvgc has 30 seconds left.\n|\n|t:|1746152602\n|-terastallize|p2b: Calyrex|Water\n|move|p1b: Indeedee|Helping Hand|p1a: Koraidon\n|-singleturn|p1a: Koraidon|Helping Hand|[of] p1b: Indeedee\n|move|p2a: Koraidon|Collision Course|p1b: Indeedee\n|-damage|p1b: Indeedee|0 fnt\n|faint|p1b: Indeedee\n|move|p1a: Koraidon|Flame Charge|p2b: Calyrex\n|-resisted|p2b: Calyrex\n|-damage|p2b: Calyrex|53/100\n|-boost|p1a: Koraidon|spe|1\n|move|p2b: Calyrex|Astral Barrage|p1a: Koraidon\n|-damage|p1a: Koraidon|0 fnt\n|faint|p1a: Koraidon\n|-ability|p2b: Calyrex|Grim Neigh|boost\n|-boost|p2b: Calyrex|spa|1\n|\n|-weather|SunnyDay|[upkeep]\n|upkeep\n|\n|t:|1746152610\n|switch|p1b: Lunala|Lunala, L50|100/100\n|turn|5\n|\n|t:|1746152634\n|move|p2a: Koraidon|Protect|p2a: Koraidon\n|-singleturn|p2a: Koraidon|Protect\n|move|p2b: Calyrex|Protect|p2b: Calyrex\n|-singleturn|p2b: Calyrex|Protect\n|move|p1b: Lunala|Expanding Force|p2b: Calyrex|[spread] \n|-activate|p2a: Koraidon|move: Protect\n|-activate|p2b: Calyrex|move: Protect\n|\n|-weather|none\n|-sideend|p2: mavvyvgc|Reflect\n|upkeep\n|turn|6\n|l|\u2606rodjilius\n|inactive|rodjilius disconnected and has a minute to reconnect!\n|player|p1|\n|inactive|mavvyvgc has 30 seconds left.\n|\n|t:|1746152659\n|move|p2a: Koraidon|Flame Charge|p1b: Lunala\n|-damage|p1b: Lunala|94/100\n|-boost|p2a: Koraidon|spe|1\n|move|p2b: Calyrex|Astral Barrage|p1b: Lunala\n|-supereffective|p1b: Lunala\n|-crit|p1b: Lunala\n|-damage|p1b: Lunala|0 fnt\n|faint|p1b: Lunala\n|\n|win|mavvyvgc\n|inactive|rodjilius has 30 seconds to confirm battle start!\n|inactive|mavvyvgc has 30 seconds to confirm battle start!\n||mavvyvgc is ready for game 2.\n", "uploadtime": 1746152678, "views": 7, "formatid": "gen9vgc2025regibo3", "rating": null, "private": 0, "password": null}