{"id": "gen9vgc2025regibo3-2353749313", "format": "[Gen 9] VGC 2025 Reg I (Bo3)", "players": ["Lollipopyay", "NuclearNutz321"], "log": "|j|\u2606Lollipopyay\n|j|\u2606NuclearNutz321\n|html|<table width=\"100%\"><tr><td align=\"left\">Lollipopyay</td><td align=\"right\">NuclearNutz321</tr><tr><td align=\"left\"><i class=\"fa fa-circle\"></i> <i class=\"fa fa-circle-o\"></i> </td><td align=\"right\"><i class=\"fa fa-circle-o\"></i> <i class=\"fa fa-circle-o\"></i> </tr></table>\n|uhtml|bestof|<h2><strong>Game 2</strong> of <a href=\"/game-bestof3-gen9vgc2025regibo3-2353748729\">a best-of-3</a></h2>\n|t:|1745993428\n|gametype|doubles\n|player|p1|Lollipopyay|1|1075\n|player|p2|NuclearNutz321|bellelba|1155\n|teamsize|p1|6\n|teamsize|p2|6\n|gen|9\n|tier|[Gen 9] VGC 2025 Reg I (Bo3)\n|rated|\n|rule|Species Clause: Limit one of each Pok\u00e9mon\n|rule|Item Clause: Limit 1 of each item\n|clearpoke\n|poke|p1|Necrozma-Dawn-Wings, L50|\n|poke|p1|Calyrex-Ice, L50|\n|poke|p1|Ursaluna-Bloodmoon, L50, M|\n|poke|p1|Indeedee-F, L50, F|\n|poke|p1|Hatterene, L50, F|\n|poke|p1|Amoonguss, L50, M|\n|poke|p2|Koraidon, L50|\n|poke|p2|Lunala, L50|\n|poke|p2|Ursaluna, L50, F|\n|poke|p2|Brute Bonnet, L50|\n|poke|p2|Iron Crown, L50|\n|poke|p2|Indeedee-F, L50, F|\n|teampreview|4\n|showteam|p1|Necrozma-Dawn-Wings||LifeOrb|PrismArmor|Protect,MoongeistBeam,TrickRoom,ExpandingForce||||||50|,,,,,Normal]Calyrex-Ice||ChoiceBand|AsOneGlastrier|GlacialLance,HighHorsepower,CloseCombat,ZenHeadbutt||||||50|,,,,,Ground]Ursaluna-Bloodmoon||SilkScarf|MindsEye|CalmMind,BloodMoon,EarthPower,Protect|||M|||50|,,,,,Normal]Indeedee-F||SafetyGoggles|PsychicSurge|FollowMe,TrickRoom,HelpingHand,Protect|||F|||50|,,,,,Fairy]Hatterene||FocusSash|MagicBounce|TrickRoom,ExpandingForce,HealingWish,Nuzzle|||F|||50|,,,,,Ghost]Amoonguss||SitrusBerry|EffectSpore|Spore,RagePowder,Protect,PollenPuff|||M|||50|,,,,,Water\n|showteam|p2|Koraidon||LifeOrb|OrichalcumPulse|FlareBlitz,CloseCombat,FlameCharge,Protect||||||50|,,,,,Fire]Lunala||PowerHerb|ShadowShield|MeteorBeam,WideGuard,TrickRoom,MoongeistBeam||||||50|,,,,,Water]Ursaluna||FlameOrb|Guts|Facade,Earthquake,HeadlongRush,Protect|||F|||50|,,,,,Ghost]Brute Bonnet||CovertCloak|Protosynthesis|Spore,SeedBomb,SuckerPunch,RagePowder||||||50|,,,,,Water]Iron Crown||BoosterEnergy|QuarkDrive|ExpandingForce,TachyonCutter,CalmMind,Protect||||||50|,,,,,Normal]Indeedee-F||SafetyGoggles|PsychicSurge|HelpingHand,TrickRoom,Psychic,FollowMe|||F|||50|,,,,,Fairy\n|\n|t:|1745993443\n|start\n|switch|p1a: Necrozma|Necrozma-Dawn-Wings, L50|100/100\n|switch|p1b: Calyrex|Calyrex-Ice, L50|100/100\n|switch|p2a: Iron Crown|Iron Crown, L50|100/100\n|switch|p2b: Indeedee|Indeedee-F, L50, F|100/100\n|-ability|p1b: Calyrex|As One\n|-ability|p1b: Calyrex|Unnerve\n|-fieldstart|move: Psychic Terrain|[from] ability: Psychic Surge|[of] p2b: Indeedee\n|-enditem|p2a: Iron Crown|Booster Energy\n|-activate|p2a: Iron Crown|ability: Quark Drive|[fromitem]\n|-start|p2a: Iron Crown|quarkdrivespe\n|turn|1\n|\n|t:|1745993481\n|-terastallize|p1b: Calyrex|Ground\n|move|p2a: Iron Crown|Protect|p2a: Iron Crown\n|-singleturn|p2a: Iron Crown|Protect\n|move|p1b: Calyrex|High Horsepower|p2a: Iron Crown\n|-activate|p2a: Iron Crown|move: Protect\n|move|p2b: Indeedee|Trick Room|p2b: Indeedee\n|-fieldstart|move: Trick Room|[of] p2b: Indeedee\n|move|p1a: Necrozma|Trick Room|p1a: Necrozma\n|-fieldend|move: Trick Room\n|\n|upkeep\n|turn|2\n|\n|t:|1745993503\n|move|p2b: Indeedee|Follow Me|p2b: Indeedee\n|-singleturn|p2b: Indeedee|move: Follow Me\n|move|p2a: Iron Crown|Calm Mind|p2a: Iron Crown\n|-boost|p2a: Iron Crown|spa|1\n|-boost|p2a: Iron Crown|spd|1\n|move|p1b: Calyrex|High Horsepower|p2b: Indeedee\n|-damage|p2b: Indeedee|5/100\n|move|p1a: Necrozma|Trick Room|p1a: Necrozma\n|-fieldstart|move: Trick Room|[of] p1a: Necrozma\n|\n|upkeep\n|turn|3\n|\n|t:|1745993522\n|-terastallize|p2a: Iron Crown|Normal\n|move|p2b: Indeedee|Follow Me|p2b: Indeedee\n|-singleturn|p2b: Indeedee|move: Follow Me\n|move|p1b: Calyrex|High Horsepower|p2b: Indeedee\n|-damage|p2b: Indeedee|0 fnt\n|faint|p2b: Indeedee\n|-ability|p1b: Calyrex|Chilling Neigh|boost\n|-boost|p1b: Calyrex|atk|1\n|move|p1a: Necrozma|Moongeist Beam|p2a: Iron Crown\n|-immune|p2a: Iron Crown\n|move|p2a: Iron Crown|Expanding Force|p1a: Necrozma|[spread] p1a,p1b\n|-resisted|p1a: Necrozma\n|-damage|p1a: Necrozma|70/100\n|-damage|p1b: Calyrex|44/100\n|\n|upkeep\n|\n|t:|1745993538\n|switch|p2b: Brute Bonnet|Brute Bonnet, L50|100/100\n|turn|4\n|\n|t:|1745993551\n|switch|p1a: Ursaluna|Ursaluna-Bloodmoon, L50, M|100/100\n|move|p2b: Brute Bonnet|Rage Powder|p2b: Brute Bonnet\n|-singleturn|p2b: Brute Bonnet|move: Rage Powder\n|move|p1b: Calyrex|High Horsepower|p2b: Brute Bonnet\n|-resisted|p2b: Brute Bonnet\n|-damage|p2b: Brute Bonnet|48/100\n|move|p2a: Iron Crown|Expanding Force|p1b: Calyrex|[spread] p1a,p1b\n|-damage|p1a: Ursaluna|11/100\n|-damage|p1b: Calyrex|0 fnt\n|faint|p1b: Calyrex\n|\n|upkeep\n|\n|t:|1745993563\n|switch|p1b: Necrozma|Necrozma-Dawn-Wings, L50|70/100\n|turn|5\n|\n|t:|1745993589\n|move|p2b: Brute Bonnet|Sucker Punch|p1a: Ursaluna\n|-activate|p1a: Ursaluna|move: Psychic Terrain\n|move|p1a: Ursaluna|Blood Moon|p2b: Brute Bonnet\n|-damage|p2b: Brute Bonnet|0 fnt\n|faint|p2b: Brute Bonnet\n|-end|p2b: Brute Bonnet|Protosynthesis|[silent]\n|move|p1b: Necrozma|Expanding Force|p2a: Iron Crown\n|-damage|p2a: Iron Crown|9/100\n|-damage|p1b: Necrozma|60/100|[from] item: Life Orb\n|move|p2a: Iron Crown|Expanding Force|p1b: Necrozma|[spread] p1a,p1b\n|-resisted|p1b: Necrozma\n|-damage|p1a: Ursaluna|0 fnt\n|-damage|p1b: Necrozma|30/100\n|faint|p1a: Ursaluna\n|\n|-fieldend|move: Psychic Terrain\n|upkeep\n|\n|t:|1745993594\n|switch|p1a: Indeedee|Indeedee-F, L50, F|100/100\n|switch|p2b: Lunala|Lunala, L50|100/100\n|-fieldstart|move: Psychic Terrain|[from] ability: Psychic Surge|[of] p1a: Indeedee\n|turn|6\n|\n|t:|1745993608\n|move|p2a: Iron Crown|Protect|p2a: Iron Crown\n|-singleturn|p2a: Iron Crown|Protect\n|move|p1a: Indeedee|Follow Me|p1a: Indeedee\n|-singleturn|p1a: Indeedee|move: Follow Me\n|move|p1b: Necrozma|Moongeist Beam|p2b: Lunala\n|-supereffective|p2b: Lunala\n|-damage|p2b: Lunala|0 fnt\n|faint|p2b: Lunala\n|-damage|p1b: Necrozma|20/100|[from] item: Life Orb\n|\n|-fieldend|move: Trick Room\n|upkeep\n|turn|7\n|\n|t:|1745993622\n|move|p1a: Indeedee|Follow Me|p1a: Indeedee\n|-singleturn|p1a: Indeedee|move: Follow Me\n|move|p2a: Iron Crown|Expanding Force|p1b: Necrozma|[spread] p1a,p1b\n|-resisted|p1a: Indeedee\n|-resisted|p1b: Necrozma\n|-damage|p1a: Indeedee|63/100\n|-damage|p1b: Necrozma|0 fnt\n|faint|p1b: Necrozma\n|\n|upkeep\n|turn|8\n|-message|Lollipopyay forfeited.\n|raw|Lollipopyay's rating: 1075 &rarr; <strong>1059</strong><br />(-16 for losing)\n|raw|NuclearNutz321's rating: 1155 &rarr; <strong>1174</strong><br />(+19 for winning)\n|\n|win|NuclearNutz321\n|l|\u2606Lollipopyay\n|player|p1|\n", "uploadtime": 1745993949, "views": 6, "formatid": "gen9vgc2025regibo3", "rating": 1059, "private": 0, "password": null}