{"id": "gen9vgc2025regibo3-2354569305", "format": "[Gen 9] VGC 2025 Reg I (Bo3)", "players": ["DrXJ13", "waz00"], "log": "|j|\u2606DrXJ13\n|j|\u2606waz00\n|html|<table width=\"100%\"><tr><td align=\"left\">DrXJ13</td><td align=\"right\">waz00</tr><tr><td align=\"left\"><i class=\"fa fa-circle-o\"></i> <i class=\"fa fa-circle-o\"></i> </td><td align=\"right\"><i class=\"fa fa-circle-o\"></i> <i class=\"fa fa-circle\"></i> </tr></table>\n|uhtml|bestof|<h2><strong>Game 2</strong> of <a href=\"/game-bestof3-gen9vgc2025regibo3-2354567699\">a best-of-3</a></h2>\n|t:|1746096139\n|gametype|doubles\n|player|p1|DrXJ13|clair|1092\n|player|p2|waz00|nate|1017\n|teamsize|p1|6\n|teamsize|p2|6\n|gen|9\n|tier|[Gen 9] VGC 2025 Reg I (Bo3)\n|rated|\n|rule|Species Clause: Limit one of each Pok\u00e9mon\n|rule|Item Clause: Limit 1 of each item\n|clearpoke\n|poke|p1|Calyrex-Shadow, L50|\n|poke|p1|Terapagos, L50, M|\n|poke|p1|Tornadus, L50, M|\n|poke|p1|Urshifu-*, L50, F|\n|poke|p1|Incineroar, L50, F|\n|poke|p1|Ogerpon-Cornerstone, L50, F|\n|poke|p2|Miraidon, L50|\n|poke|p2|Lunala, L50|\n|poke|p2|Whimsicott, L50, M|\n|poke|p2|Chi-Yu, L50|\n|poke|p2|Urshifu-*, L50, M|\n|poke|p2|Iron Hands, L50|\n|teampreview|4\n|showteam|p1|Calyrex-Shadow||LifeOrb|AsOneSpectrier|AstralBarrage,DrainingKiss,NastyPlot,Protect||||||50|,,,,,Fairy]Terapagos||ChoiceSpecs|TeraShift|TeraStarstorm,HyperBeam,EarthPower,IceBeam|||M|||50|,,,,,Stellar]Tornadus||CovertCloak|Prankster|Tailwind,BleakwindStorm,Taunt,RainDance|||M|||50|,,,,,Dark]Urshifu-Rapid-Strike||MysticWater|UnseenFist|SurgingStrikes,CloseCombat,AquaJet,Detect|||F|||50|,,,,,Grass]Incineroar||RockyHelmet|Intimidate|FakeOut,FlareBlitz,KnockOff,PartingShot|||F|||50|,,,,,Ghost]Ogerpon-Cornerstone||CornerstoneMask|Sturdy|IvyCudgel,WoodHammer,FollowMe,SpikyShield|||F|||50|,,,,,Rock\n|showteam|p2|Miraidon||ChoiceSpecs|HadronEngine|ElectroDrift,VoltSwitch,DazzlingGleam,DracoMeteor||||||50|,,,,,Fairy]Lunala||PowerHerb|ShadowShield|MoongeistBeam,Moonblast,WideGuard,TrickRoom||||||50|,,,,,Fairy]Whimsicott||CovertCloak|Prankster|Moonblast,Tailwind,LightScreen,Encore|||M|||50|,,,,,Dark]Chi-Yu||ChoiceScarf|BeadsofRuin|Snarl,Overheat,DarkPulse,HeatWave||||||50|,,,,,Ghost]Urshifu-Rapid-Strike||FocusSash|UnseenFist|SurgingStrikes,CloseCombat,AquaJet,Protect|||M|||50|,,,,,Stellar]Iron Hands||AssaultVest|QuarkDrive|FakeOut,DrainPunch,LowKick,WildCharge||||||50|,,,,,Water\n|inactive|Battle timer is ON: inactive players will automatically lose when time's up. (requested by DrXJ13)\n|inactive|DrXJ13 has 60 seconds left.\n|\n|t:|1746096177\n|start\n|switch|p1a: Maximiliano|Tornadus, L50, M|100/100\n|switch|p1b: Napolitana|Incineroar, L50, F|100/100\n|switch|p2a: AfreakingFox|Miraidon, L50|100/100\n|switch|p2b: Whimsicott|Whimsicott, L50, M|100/100\n|-fieldstart|move: Electric Terrain|[from] ability: Hadron Engine|[of] p2a: AfreakingFox\n|-ability|p1b: Napolitana|Intimidate|boost\n|-unboost|p2a: AfreakingFox|atk|1\n|-unboost|p2b: Whimsicott|atk|1\n|turn|1\n|inactive|waz00 has 30 seconds left.\n|inactive|waz00 has 20 seconds left.\n|\n|t:|1746096216\n|move|p2b: Whimsicott|Tailwind|p2b: Whimsicott\n|-sidestart|p2: waz00|move: Tailwind\n|move|p1a: Maximiliano|Tailwind|p1a: Maximiliano\n|-sidestart|p1: DrXJ13|move: Tailwind\n|move|p2a: AfreakingFox|Electro Drift|p1b: Napolitana\n|-damage|p1b: Napolitana|0 fnt\n|-damage|p2a: AfreakingFox|84/100|[from] item: Rocky Helmet|[of] p1b: Napolitana\n|faint|p1b: Napolitana\n|\n|upkeep\n|\n|t:|1746096225\n|switch|p1b: Bragulat|Calyrex-Shadow, L50|100/100\n|-ability|p1b: Bragulat|As One\n|-ability|p1b: Bragulat|Unnerve\n|turn|2\n|\n|t:|1746096238\n|switch|p1a: LuixenNoSkills|Terapagos, L50, M|100/100\n|-activate|p1a: LuixenNoSkills|ability: Tera Shift\n|detailschange|p1a: LuixenNoSkills|Terapagos-Terastal, L50, M\n|-heal|p1a: LuixenNoSkills|100/100|[silent]\n|move|p2b: Whimsicott|Light Screen|p2b: Whimsicott\n|-sidestart|p2: waz00|move: Light Screen\n|move|p1b: Bragulat|Astral Barrage|p2b: Whimsicott|[spread] p2a,p2b\n|-damage|p2a: AfreakingFox|49/100\n|-damage|p2b: Whimsicott|41/100\n|-damage|p1b: Bragulat|91/100|[from] item: Life Orb\n|move|p2a: AfreakingFox|Electro Drift|p1a: LuixenNoSkills\n|-activate|p1a: LuixenNoSkills|ability: Tera Shell\n|-resisted|p1a: LuixenNoSkills\n|-damage|p1a: LuixenNoSkills|44/100\n|\n|upkeep\n|turn|3\n|inactive|waz00 has 30 seconds left.\n|inactive|DrXJ13 has 30 seconds left.\n|inactive|waz00 has 20 seconds left.\n|\n|t:|1746096276\n|move|p2b: Whimsicott|Light Screen||[still]\n|-fail|p2b: Whimsicott\n|move|p1b: Bragulat|Astral Barrage|p2a: AfreakingFox|[spread] p2a,p2b\n|-crit|p2a: AfreakingFox\n|-damage|p2a: AfreakingFox|0 fnt\n|-damage|p2b: Whimsicott|0 fnt\n|faint|p2a: AfreakingFox\n|faint|p2b: Whimsicott\n|-ability|p1b: Bragulat|Grim Neigh|boost\n|-boost|p1b: Bragulat|spa|2\n|-damage|p1b: Bragulat|81/100|[from] item: Life Orb\n|move|p1a: LuixenNoSkills|Tera Starstorm|p2: AfreakingFox|[notarget]\n|-fail|p1a: LuixenNoSkills\n|\n|upkeep\n|\n|t:|1746096289\n|switch|p2a: Iron Hands|Iron Hands, L50|100/100\n|switch|p2b: Urshifu|Urshifu-Rapid-Strike, L50, M|100/100\n|-activate|p2a: Iron Hands|ability: Quark Drive\n|-start|p2a: Iron Hands|quarkdriveatk\n|turn|4\n|\n|t:|1746096310\n|switch|p1a: Maximiliano|Tornadus, L50, M|100/100\n|-terastallize|p2b: Urshifu|Stellar\n|move|p1b: Bragulat|Astral Barrage|p2a: Iron Hands|[spread] p2a,p2b\n|-damage|p2a: Iron Hands|60/100\n|-enditem|p2b: Urshifu|Focus Sash\n|-damage|p2b: Urshifu|1/100\n|-damage|p1b: Bragulat|72/100|[from] item: Life Orb\n|move|p2b: Urshifu|Surging Strikes|p1b: Bragulat\n|-crit|p1b: Bragulat\n|-damage|p1b: Bragulat|45/100\n|-crit|p1b: Bragulat\n|-damage|p1b: Bragulat|18/100\n|-crit|p1b: Bragulat\n|-damage|p1b: Bragulat|0 fnt\n|faint|p1b: Bragulat\n|-hitcount|p1: Bragulat|3\n|move|p2a: Iron Hands|Low Kick|p1a: Maximiliano\n|-resisted|p1a: Maximiliano\n|-damage|p1a: Maximiliano|65/100\n|\n|-sideend|p2: waz00|move: Tailwind\n|-sideend|p1: DrXJ13|move: Tailwind\n|upkeep\n|\n|t:|1746096313\n|switch|p1b: LuixenNoSkills|Terapagos-Terastal, L50, M|44/100\n|turn|5\n|inactive|waz00 has 30 seconds left.\n|inactive|DrXJ13 has 30 seconds left.\n|inactive|DrXJ13 has 20 seconds left.\n|inactive|DrXJ13 has 15 seconds left.\n|\n|t:|1746096363\n|-terastallize|p1b: LuixenNoSkills|Stellar\n|detailschange|p1b: LuixenNoSkills|Terapagos-Stellar, L50, M, tera:Stellar\n|-heal|p1b: LuixenNoSkills|58/100|[silent]\n|-ability|p1b: LuixenNoSkills|Teraform Zero\n|-fieldend|move: Electric Terrain\n|-end|p2a: Iron Hands|Quark Drive\n|move|p1a: Maximiliano|Tailwind|p1a: Maximiliano\n|-sidestart|p1: DrXJ13|move: Tailwind\n|move|p1b: LuixenNoSkills|Earth Power|p2a: Iron Hands\n|-supereffective|p2a: Iron Hands\n|-crit|p2a: Iron Hands\n|-damage|p2a: Iron Hands|0 fnt\n|faint|p2a: Iron Hands\n|-end|p2a: Iron Hands|Quark Drive|[silent]\n|move|p2b: Urshifu|Close Combat|p1b: LuixenNoSkills\n|-supereffective|p1b: LuixenNoSkills\n|-damage|p1b: LuixenNoSkills|0 fnt\n|-unboost|p2b: Urshifu|def|1\n|-unboost|p2b: Urshifu|spd|1\n|faint|p1b: LuixenNoSkills\n|\n|upkeep\n|turn|6\n|\n|t:|1746096387\n|move|p2b: Urshifu|Protect|p2b: Urshifu\n|-singleturn|p2b: Urshifu|Protect\n|move|p1a: Maximiliano|Bleakwind Storm|p2b: Urshifu\n|-activate|p2b: Urshifu|move: Protect\n|\n|-sideend|p2: waz00|move: Light Screen\n|upkeep\n|turn|7\n|\n|t:|1746096392\n|move|p1a: Maximiliano|Bleakwind Storm|p2b: Urshifu\n|-supereffective|p2b: Urshifu\n|-damage|p2b: Urshifu|0 fnt\n|faint|p2b: Urshifu\n|\n|win|DrXJ13\n||DrXJ13 is ready for game 3.\n||waz00 is ready for game 3.\n|uhtml|next|Next: <a href=\"/battle-gen9vgc2025regibo3-2354570800\"><strong>Game 3 of 3</strong></a>\n|l|\u2606DrXJ13\n|player|p1|\n", "uploadtime": 1746096544, "views": 10, "formatid": "gen9vgc2025regibo3", "rating": null, "private": 0, "password": null}