{"id": "gen9vgc2025regibo3-2354868149", "format": "[Gen 9] VGC 2025 Reg I (Bo3)", "players": ["NegaiFreak", "DigitalWolf"], "log": "|j|\u2606NegaiFreak\n|j|\u2606DigitalWolf\n|html|<table width=\"100%\"><tr><td align=\"left\">NegaiFreak</td><td align=\"right\">DigitalWolf</tr><tr><td align=\"left\"><i class=\"fa fa-circle-o\"></i> <i class=\"fa fa-circle-o\"></i> </td><td align=\"right\"><i class=\"fa fa-circle-o\"></i> <i class=\"fa fa-circle\"></i> </tr></table>\n|uhtml|bestof|<h2><strong>Game 2</strong> of <a href=\"/game-bestof3-gen9vgc2025regibo3-2354863448\">a best-of-3</a></h2>\n|t:|1746126820\n|gametype|doubles\n|player|p1|NegaiFreak|170|1150\n|player|p2|DigitalWolf|1|1228\n|teamsize|p1|6\n|teamsize|p2|6\n|gen|9\n|tier|[Gen 9] VGC 2025 Reg I (Bo3)\n|rated|\n|rule|Species Clause: Limit one of each Pok\u00e9mon\n|rule|Item Clause: Limit 1 of each item\n|clearpoke\n|poke|p1|Lunala, L50|\n|poke|p1|Koraidon, L50|\n|poke|p1|Ogerpon-Hearthflame, L50, F|\n|poke|p1|Farigiraf, L50, M|\n|poke|p1|Incineroar, L50, M|\n|poke|p1|Rillaboom, L50, F|\n|poke|p2|Zacian-*, L50|\n|poke|p2|Kyogre, L50|\n|poke|p2|Tornadus, L50, M|\n|poke|p2|Amoonguss, L50, F|\n|poke|p2|Incineroar, L50, F|\n|poke|p2|Urshifu-*, L50, M|\n|teampreview|4\n|showteam|p1|Lunala||Leftovers|ShadowShield|MoongeistBeam,Moonblast,CalmMind,Protect||||||50|,,,,,Fairy]Koraidon||ClearAmulet|OrichalcumPulse|FlameCharge,CollisionCourse,FlareBlitz,Protect||||||50|,,,,,Fire]Ogerpon-Hearthflame||HearthflameMask|MoldBreaker|IvyCudgel,WoodHammer,FollowMe,SpikyShield|||F|||50|,,,,,Fire]Farigiraf||ThroatSpray|ArmorTail|TrickRoom,Psychic,HelpingHand,HyperVoice|||M|||50|,,,,,Water]Incineroar||SafetyGoggles|Intimidate|FakeOut,FlareBlitz,KnockOff,PartingShot|||M|||50|,,,,,Ghost]Rillaboom||AssaultVest|GrassySurge|FakeOut,GrassyGlide,WoodHammer,Uturn|||F|||50|,,,,,Fire\n|showteam|p2|Zacian-Crowned||RustedSword|IntrepidSword|behemothblade,PlayRough,TeraBlast,Protect||||||50|,,,,,Ground]Kyogre||AssaultVest|Drizzle|WaterSpout,OriginPulse,IceBeam,Thunder||||||50|,,,,,Grass]Tornadus||RockyHelmet|Prankster|BleakwindStorm,Tailwind,RainDance,Taunt|||M|||50|,,,,,Dark]Amoonguss||SitrusBerry|Regenerator|PollenPuff,Spore,RagePowder,Protect|||F|||50|,,,,,Steel]Incineroar||SafetyGoggles|Intimidate|KnockOff,FakeOut,FlareBlitz,PartingShot|||F|||50|,,,,,Ghost]Urshifu||FocusSash|UnseenFist|SuckerPunch,WickedBlow,CloseCombat,Detect|||M|||50|,,,,,Normal\n|inactive|Battle timer is ON: inactive players will automatically lose when time's up. (requested by NegaiFreak)\n|inactive|DigitalWolf has 60 seconds left.\n|\n|t:|1746126877\n|start\n|switch|p1a: Rillaboom|Rillaboom, L50, F|100/100\n|switch|p1b: Lunala|Lunala, L50|100/100\n|switch|p2a: Kyogre|Kyogre, L50|100/100\n|switch|p2b: Tornadus|Tornadus, L50, M|100/100\n|-weather|RainDance|[from] ability: Drizzle|[of] p2a: Kyogre\n|-fieldstart|move: Grassy Terrain|[from] ability: Grassy Surge|[of] p1a: Rillaboom\n|turn|1\n|inactive|DigitalWolf has 30 seconds left.\n|inactive|NegaiFreak has 30 seconds left.\n|inactive|DigitalWolf has 20 seconds left.\n|inactive|NegaiFreak has 20 seconds left.\n|inactive|DigitalWolf has 15 seconds left.\n|\n|t:|1746126922\n|-terastallize|p2a: Kyogre|Grass\n|move|p2b: Tornadus|Taunt|p1b: Lunala\n|-start|p1b: Lunala|move: Taunt\n|move|p1b: Lunala|Moongeist Beam|p2b: Tornadus\n|-damage|p2b: Tornadus|42/100\n|move|p2a: Kyogre|Water Spout|p1b: Lunala|[spread] p1a,p1b\n|-resisted|p1a: Rillaboom\n|-damage|p1a: Rillaboom|63/100\n|-damage|p1b: Lunala|66/100\n|move|p1a: Rillaboom|U-turn|p2a: Kyogre\n|-supereffective|p2a: Kyogre\n|-damage|p2a: Kyogre|58/100\n|\n|t:|1746126937\n|switch|p1a: Farigiraf|Farigiraf, L50, M|100/100|[from] U-turn\n|\n|-weather|RainDance|[upkeep]\n|-heal|p1b: Lunala|72/100|[from] Grassy Terrain\n|-heal|p1b: Lunala|78/100|[from] item: Leftovers\n|-heal|p2a: Kyogre|64/100|[from] Grassy Terrain\n|upkeep\n|turn|2\n|inactive|DigitalWolf has 30 seconds left.\n|inactive|DigitalWolf has 20 seconds left.\n|\n|t:|1746126975\n|move|p1b: Lunala|Moongeist Beam|p2b: Tornadus\n|-damage|p2b: Tornadus|0 fnt\n|faint|p2b: Tornadus\n|move|p2a: Kyogre|Origin Pulse|p1b: Lunala|[spread] p1b\n|-miss|p2a: Kyogre|p1a: Farigiraf\n|-damage|p1b: Lunala|27/100\n|move|p1a: Farigiraf|Trick Room|p1a: Farigiraf\n|-fieldstart|move: Trick Room|[of] p1a: Farigiraf\n|\n|-weather|RainDance|[upkeep]\n|-heal|p2a: Kyogre|70/100|[from] Grassy Terrain\n|-heal|p1b: Lunala|33/100|[from] Grassy Terrain\n|-heal|p1b: Lunala|39/100|[from] item: Leftovers\n|upkeep\n|inactive|DigitalWolf has 30 seconds left.\n|\n|t:|1746127007\n|switch|p2b: Zacian|Zacian-Crowned, L50|100/100\n|-ability|p2b: Zacian|Intrepid Sword|boost\n|-boost|p2b: Zacian|atk|1\n|turn|3\n|inactive|DigitalWolf has 30 seconds left.\n|\n|t:|1746127034\n|-terastallize|p1a: Farigiraf|Water\n|move|p1a: Farigiraf|Hyper Voice|p2a: Kyogre|[spread] p2a,p2b\n|-resisted|p2b: Zacian\n|-damage|p2a: Kyogre|59/100\n|-damage|p2b: Zacian|91/100\n|-enditem|p1a: Farigiraf|Throat Spray\n|-boost|p1a: Farigiraf|spa|1|[from] item: Throat Spray\n|move|p2a: Kyogre|Origin Pulse|p1b: Lunala|[spread] p1a,p1b\n|-resisted|p1a: Farigiraf\n|-damage|p1a: Farigiraf|67/100\n|-damage|p1b: Lunala|0 fnt\n|faint|p1b: Lunala\n|move|p2b: Zacian|Play Rough|p1a: Farigiraf\n|-damage|p1a: Farigiraf|9/100\n|\n|-weather|RainDance|[upkeep]\n|-heal|p1a: Farigiraf|15/100|[from] Grassy Terrain\n|-heal|p2a: Kyogre|65/100|[from] Grassy Terrain\n|-heal|p2b: Zacian|97/100|[from] Grassy Terrain\n|upkeep\n|\n|t:|1746127051\n|switch|p1b: Rillaboom|Rillaboom, L50, F|63/100\n|turn|4\n|inactive|DigitalWolf has 30 seconds left.\n|inactive|DigitalWolf has 20 seconds left.\n|\n|t:|1746127090\n|move|p1a: Farigiraf|Psychic|p2b: Zacian\n|-resisted|p2b: Zacian\n|-damage|p2b: Zacian|75/100\n|move|p1b: Rillaboom|U-turn|p2a: Kyogre\n|-supereffective|p2a: Kyogre\n|-damage|p2a: Kyogre|23/100\n|c|\u2606NegaiFreak|GG, I think\n|\n|t:|1746127098\n|switch|p1b: Koraidon|Koraidon, L50|100/100|[from] U-turn\n|-weather|SunnyDay|[from] ability: Orichalcum Pulse|[of] p1b: Koraidon\n|-activate|p1b: Koraidon|Orichalcum Pulse|[source]\n|move|p2a: Kyogre|Origin Pulse|p1a: Farigiraf|[spread] p1a,p1b\n|-resisted|p1a: Farigiraf\n|-resisted|p1b: Koraidon\n|-damage|p1a: Farigiraf|4/100\n|-damage|p1b: Koraidon|89/100\n|move|p2b: Zacian|Behemoth Blade|p1a: Farigiraf\n|-resisted|p1a: Farigiraf\n|-damage|p1a: Farigiraf|0 fnt\n|faint|p1a: Farigiraf\n|\n|-weather|SunnyDay|[upkeep]\n|-heal|p2a: Kyogre|29/100|[from] Grassy Terrain\n|-heal|p1b: Koraidon|95/100|[from] Grassy Terrain\n|-heal|p2b: Zacian|81/100|[from] Grassy Terrain\n|upkeep\n|\n|t:|1746127115\n|switch|p1a: Rillaboom|Rillaboom, L50, F|63/100\n|turn|5\n|inactive|DigitalWolf has 30 seconds left.\n|inactive|DigitalWolf has 20 seconds left.\n|inactive|DigitalWolf has 15 seconds left.\n|inactive|DigitalWolf has 10 seconds left.\n|inactive|DigitalWolf has 5 seconds left.\n|\n|t:|1746127169\n|move|p2b: Zacian|Protect|p2b: Zacian\n|-singleturn|p2b: Zacian|Protect\n|move|p1a: Rillaboom|U-turn|p2a: Kyogre\n|-supereffective|p2a: Kyogre\n|-damage|p2a: Kyogre|0 fnt\n|faint|p2a: Kyogre\n|move|p1b: Koraidon|Flare Blitz|p2b: Zacian\n|-activate|p2b: Zacian|move: Protect\n|\n|-weather|SunnyDay|[upkeep]\n|-heal|p1a: Rillaboom|69/100|[from] Grassy Terrain\n|-heal|p1b: Koraidon|100/100|[from] Grassy Terrain\n|-heal|p2b: Zacian|86/100|[from] Grassy Terrain\n|-fieldend|move: Grassy Terrain\n|upkeep\n|\n|t:|1746127184\n|switch|p2a: Urshifu|Urshifu, L50, M|100/100\n|turn|6\n|inactive|DigitalWolf has 30 seconds left.\n|inactive|DigitalWolf has 20 seconds left.\n|\n|t:|1746127222\n|move|p1a: Rillaboom|Wood Hammer|p2a: Urshifu\n|-damage|p2a: Urshifu|37/100\n|-damage|p1a: Rillaboom|48/100|[from] Recoil\n|move|p2a: Urshifu|Close Combat|p1b: Koraidon\n|-damage|p1b: Koraidon|38/100\n|-unboost|p2a: Urshifu|def|1\n|-unboost|p2a: Urshifu|spd|1\n|move|p1b: Koraidon|Flare Blitz|p2b: Zacian\n|-supereffective|p2b: Zacian\n|-damage|p2b: Zacian|0 fnt\n|faint|p2b: Zacian\n|-damage|p1b: Koraidon|7/100|[from] Recoil\n|\n|-weather|SunnyDay|[upkeep]\n|-fieldend|move: Trick Room\n|upkeep\n|turn|7\n|\n|t:|1746127243\n|move|p2a: Urshifu|Sucker Punch|p1a: Rillaboom\n|-damage|p1a: Rillaboom|12/100\n|move|p1b: Koraidon|Collision Course|p2a: Urshifu\n|-supereffective|p2a: Urshifu\n|-damage|p2a: Urshifu|0 fnt\n|faint|p2a: Urshifu\n|\n|win|NegaiFreak\n||DigitalWolf is ready for game 3.\n", "uploadtime": 1746127252, "views": 5, "formatid": "gen9vgc2025regibo3", "rating": null, "private": 0, "password": null}