{"id": "gen9vgc2025regibo3-2354181287", "format": "[Gen 9] VGC 2025 Reg I (Bo3)", "players": ["Fluffym1n", "HelhiemFiend"], "log": "|j|\u2606Fluffym1n\n|j|\u2606HelhiemFiend\n|html|<table width=\"100%\"><tr><td align=\"left\">Fluffym1n</td><td align=\"right\">HelhiemFiend</tr><tr><td align=\"left\"><i class=\"fa fa-circle-o\"></i> <i class=\"fa fa-circle-o\"></i> </td><td align=\"right\"><i class=\"fa fa-circle-o\"></i> <i class=\"fa fa-circle-o\"></i> </tr></table>\n|uhtml|bestof|<h2><strong>Game 1</strong> of <a href=\"/game-bestof3-gen9vgc2025regibo3-2354181286\">a best-of-3</a></h2>\n|t:|1746042141\n|gametype|doubles\n|player|p1|Fluffym1n|lucas-gen4pt|\n|player|p2|HelhiemFiend|2|\n|teamsize|p1|6\n|teamsize|p2|6\n|gen|9\n|tier|[Gen 9] VGC 2025 Reg I (Bo3)\n|rule|Species Clause: Limit one of each Pok\u00e9mon\n|rule|Item Clause: Limit 1 of each item\n|clearpoke\n|poke|p1|Miraidon, L50|\n|poke|p1|Farigiraf, L50, M|\n|poke|p1|Chi-Yu, L50|\n|poke|p1|Iron Hands, L50|\n|poke|p1|Lunala, L50|\n|poke|p1|Whimsicott, L50, F|\n|poke|p2|Calyrex-Ice, L50|\n|poke|p2|Zamazenta-*, L50|\n|poke|p2|Incineroar, L50, F|\n|poke|p2|Flutter Mane, L50|\n|poke|p2|Chien-Pao, L50|\n|poke|p2|Grimmsnarl, L50, M|\n|teampreview|4\n|showteam|p1|Miraidon||ChoiceSpecs|HadronEngine|ElectroDrift,DracoMeteor,VoltSwitch,DazzlingGleam||||||50|,,,,,Fairy]Farigiraf||ElectricSeed|ArmorTail|FoulPlay,PsychicNoise,TrickRoom,Protect|||M|||50|,,,,,Water]Chi-Yu||FocusSash|BeadsofRuin|HeatWave,DarkPulse,Overheat,Protect||||||50|,,,,,Ghost]Iron Hands||AssaultVest|QuarkDrive|FakeOut,LowKick,WildCharge,HeavySlam||||||50|,,,,,Fighting]Lunala||PowerHerb|ShadowShield|MoongeistBeam,MeteorBeam,WideGuard,Moonblast||||||50|,,,,,Fairy]Whimsicott||CovertCloak|Prankster|Moonblast,Tailwind,Taunt,LightScreen|||F|||50|,,,,,Dark\n|showteam|p2|Calyrex-Ice||ClearAmulet|AsOneGlastrier|GlacialLance,HighHorsepower,TrickRoom,Protect||||||50|,,,,,Fire]Zamazenta-Crowned||RustedShield|DauntlessShield|BodyPress,IronDefense,WideGuard,Protect||||||50|,,,,,Dragon]Incineroar||AssaultVest|Intimidate|FlareBlitz,KnockOff,FakeOut,Uturn|||F|||50|,,,,,Grass]Flutter Mane||BoosterEnergy|Protosynthesis|Moonblast,ShadowBall,IcyWind,Protect||||||50|,,,,,Normal]Chien-Pao||FocusSash|SwordofRuin|IceSpinner,ThroatChop,SuckerPunch,Protect||||||50|,,,,,Ghost]Grimmsnarl||LightClay|Prankster|SpiritBreak,ThunderWave,LightScreen,Reflect|||M|||50|,,,,,Ghost\n|\n|t:|1746042174\n|start\n|switch|p1a: Miraidon|Miraidon, L50|100/100\n|switch|p1b: Chi-Yu|Chi-Yu, L50|100/100\n|switch|p2a: Dog|Chien-Pao, L50|100/100\n|switch|p2b: Gremlin|Grimmsnarl, L50, M|100/100\n|-ability|p2a: Dog|Sword of Ruin\n|-fieldstart|move: Electric Terrain|[from] ability: Hadron Engine|[of] p1a: Miraidon\n|-ability|p1b: Chi-Yu|Beads of Ruin\n|turn|1\n|\n|t:|1746042202\n|-terastallize|p1a: Miraidon|Fairy\n|move|p2a: Dog|Protect|p2a: Dog\n|-singleturn|p2a: Dog|Protect\n|move|p2b: Gremlin|Light Screen|p2b: Gremlin\n|-sidestart|p2: HelhiemFiend|move: Light Screen\n|move|p1a: Miraidon|Dazzling Gleam|p2a: Dog|[spread] p2b\n|-activate|p2a: Dog|move: Protect\n|-supereffective|p2b: Gremlin\n|-damage|p2b: Gremlin|0 fnt\n|faint|p2b: Gremlin\n|move|p1b: Chi-Yu|Heat Wave|p2a: Dog\n|-activate|p2a: Dog|move: Protect\n|\n|upkeep\n|\n|t:|1746042216\n|switch|p2b: Cringe|Incineroar, L50, F|100/100\n|-ability|p2b: Cringe|Intimidate|boost\n|-unboost|p1a: Miraidon|atk|1\n|-unboost|p1b: Chi-Yu|atk|1\n|turn|2\n|\n|t:|1746042245\n|switch|p1b: Farigiraf|Farigiraf, L50, M|100/100\n|-enditem|p1b: Farigiraf|Electric Seed\n|-boost|p1b: Farigiraf|def|1|[from] item: Electric Seed\n|move|p2b: Cringe|Fake Out||[still]\n|cant|p1b: Farigiraf|ability: Armor Tail|Fake Out|[of] p2b: Cringe\n|move|p2a: Dog|Ice Spinner|p1a: Miraidon\n|-damage|p1a: Miraidon|41/100\n|-fieldend|move: Electric Terrain\n|move|p1a: Miraidon|Dazzling Gleam|p2a: Dog|[spread] p2a,p2b\n|-supereffective|p2a: Dog\n|-enditem|p2a: Dog|Focus Sash\n|-damage|p2a: Dog|1/100\n|-damage|p2b: Cringe|80/100\n|\n|upkeep\n|turn|3\n|\n|t:|1746042270\n|switch|p1a: Chi-Yu|Chi-Yu, L50|100/100\n|-ability|p1a: Chi-Yu|Beads of Ruin\n|move|p2a: Dog|Throat Chop|p1b: Farigiraf\n|-supereffective|p1b: Farigiraf\n|-crit|p1b: Farigiraf\n|-damage|p1b: Farigiraf|0 fnt\n|faint|p1b: Farigiraf\n|move|p2b: Cringe|Knock Off|p1a: Chi-Yu\n|-resisted|p1a: Chi-Yu\n|-damage|p1a: Chi-Yu|50/100\n|-enditem|p1a: Chi-Yu|Focus Sash|[from] move: Knock Off|[of] p2b: Cringe\n|\n|upkeep\n|\n|t:|1746042278\n|switch|p1b: Lunala|Lunala, L50|100/100\n|turn|4\n|\n|t:|1746042285\n|move|p2a: Dog|Protect|p2a: Dog\n|-singleturn|p2a: Dog|Protect\n|move|p1a: Chi-Yu|Heat Wave|p2a: Dog|[spread] p2b\n|-activate|p2a: Dog|move: Protect\n|-resisted|p2b: Cringe\n|-damage|p2b: Cringe|69/100\n|move|p1b: Lunala|Meteor Beam||[still]\n|-prepare|p1b: Lunala|Meteor Beam\n|-boost|p1b: Lunala|spa|1\n|-enditem|p1b: Lunala|Power Herb\n|-anim|p1b: Lunala|Meteor Beam|p2b: Cringe|[miss]\n|-miss|p1b: Lunala|p2b: Cringe\n|move|p2b: Cringe|Knock Off|p1b: Lunala\n|-supereffective|p1b: Lunala\n|-damage|p1b: Lunala|41/100\n|\n|upkeep\n|turn|5\n|\n|t:|1746042310\n|move|p2a: Dog|Throat Chop|p1b: Lunala\n|-supereffective|p1b: Lunala\n|-damage|p1b: Lunala|0 fnt\n|faint|p1b: Lunala\n|move|p1a: Chi-Yu|Heat Wave|p2b: Cringe|[spread] p2a,p2b\n|-supereffective|p2a: Dog\n|-resisted|p2b: Cringe\n|-damage|p2a: Dog|0 fnt\n|-damage|p2b: Cringe|59/100\n|faint|p2a: Dog\n|move|p2b: Cringe|U-turn|p1a: Chi-Yu\n|-damage|p1a: Chi-Yu|10/100\n|\n|t:|1746042316\n|switch|p2b: Normal Stats|Calyrex-Ice, L50|100/100|[from] U-turn\n|-ability|p2b: Normal Stats|As One\n|-ability|p2b: Normal Stats|Unnerve\n|\n|upkeep\n|\n|t:|1746042320\n|switch|p2a: Cringe|Incineroar, L50, F|59/100\n|switch|p1b: Miraidon|Miraidon, L50, tera:Fairy|41/100\n|-fieldstart|move: Electric Terrain|[from] ability: Hadron Engine|[of] p1b: Miraidon\n|-ability|p2a: Cringe|Intimidate|boost\n|-unboost|p1a: Chi-Yu|atk|1\n|-unboost|p1b: Miraidon|atk|1\n|turn|6\n|\n|t:|1746042339\n|-terastallize|p2b: Normal Stats|Fire\n|move|p1a: Chi-Yu|Protect|p1a: Chi-Yu\n|-singleturn|p1a: Chi-Yu|Protect\n|move|p2a: Cringe|Fake Out|p1b: Miraidon\n|-damage|p1b: Miraidon|28/100\n|cant|p1b: Miraidon|flinch\n|move|p2b: Normal Stats|Trick Room|p2b: Normal Stats\n|-fieldstart|move: Trick Room|[of] p2b: Normal Stats\n|\n|upkeep\n|turn|7\n|\n|t:|1746042349\n|move|p2b: Normal Stats|Glacial Lance|p1b: Miraidon|[spread] p1a,p1b\n|-resisted|p1a: Chi-Yu\n|-damage|p1a: Chi-Yu|0 fnt\n|-damage|p1b: Miraidon|0 fnt\n|faint|p1a: Chi-Yu\n|faint|p1b: Miraidon\n|\n|win|HelhiemFiend\n||HelhiemFiend is ready for game 2.\n||Fluffym1n is ready for game 2.\n|uhtml|next|Next: <a href=\"/battle-gen9vgc2025regibo3-2354183459\"><strong>Game 2 of 3</strong></a>\n|l|\u2606Fluffym1n\n|player|p1|\n", "uploadtime": 1746042811, "views": 21, "formatid": "gen9vgc2025regibo3", "rating": null, "private": 0, "password": null}