{"id": "gen9vgc2025regibo3-2354002853", "format": "[Gen 9] VGC 2025 Reg I (Bo3)", "players": ["Lucky Curiango", "Mr Pring1e"], "log": "|j|\u2606Lucky Curiango\n|j|\u2606Mr Pring1e\n|html|<table width=\"100%\"><tr><td align=\"left\">Lucky Curiango</td><td align=\"right\">Mr Pring1e</tr><tr><td align=\"left\"><i class=\"fa fa-circle\"></i> <i class=\"fa fa-circle-o\"></i> </td><td align=\"right\"><i class=\"fa fa-circle-o\"></i> <i class=\"fa fa-circle-o\"></i> </tr></table>\n|uhtml|bestof|<h2><strong>Game 2</strong> of <a href=\"/game-bestof3-gen9vgc2025regibo3-2354000348\">a best-of-3</a></h2>\n|t:|1746026572\n|gametype|doubles\n|player|p1|Lucky Curiango|clerkf|1161\n|player|p2|Mr Pring1e|skyla|1184\n|teamsize|p1|6\n|teamsize|p2|6\n|gen|9\n|tier|[Gen 9] VGC 2025 Reg I (Bo3)\n|rated|\n|rule|Species Clause: Limit one of each Pok\u00e9mon\n|rule|Item Clause: Limit 1 of each item\n|clearpoke\n|poke|p1|Kyogre, L50|\n|poke|p1|Calyrex-Shadow, L50|\n|poke|p1|Urshifu-*, L50, F|\n|poke|p1|Tornadus, L50, M|\n|poke|p1|Raichu, L50, M|\n|poke|p1|Amoonguss, L50, M|\n|poke|p2|Rillaboom, L50, M|\n|poke|p2|Incineroar, L50, F|\n|poke|p2|Zamazenta-*, L50|\n|poke|p2|Calyrex-Shadow, L50|\n|poke|p2|Tornadus, L50, M|\n|poke|p2|Urshifu-*, L50, F|\n|teampreview|4\n|showteam|p1|Kyogre||MysticWater|Drizzle|OriginPulse,Protect,IceBeam,CalmMind||||||50|,,,,,Water]Calyrex-Shadow||ClearAmulet|AsOneSpectrier|AstralBarrage,Protect,NastyPlot,Psychic||||||50|,,,,,Stellar]Urshifu-Rapid-Strike||ChoiceBand|UnseenFist|AquaJet,SurgingStrikes,Uturn,CloseCombat|||F|||50|,,,,,Grass]Tornadus||CovertCloak|Prankster|Tailwind,BleakwindStorm,Taunt,IcyWind|||M|||50|,,,,,Ground]Raichu||FocusSash|LightningRod|FakeOut,Thunder,VoltSwitch,Protect|||M|||50|,,,,,Flying]Amoonguss||RockyHelmet|EffectSpore|Spore,RagePowder,PollenPuff,ClearSmog|||M|||50|,,,,,Water\n|showteam|p2|Rillaboom||AssaultVest|GrassySurge|FakeOut,GrassyGlide,WoodHammer,Uturn|||M|||50|,,,,,Fire]Incineroar||SafetyGoggles|Intimidate|FakeOut,KnockOff,WillOWisp,PartingShot|||F|||50|,,,,,Water]Zamazenta-Crowned||RustedShield|DauntlessShield|BodyPress,HeavySlam,WideGuard,Protect||||||50|,,,,,Dragon]Calyrex-Shadow||LifeOrb|AsOneSpectrier|AstralBarrage,Psychic,NastyPlot,Protect||||||50|,,,,,Dark]Tornadus||RockyHelmet|Prankster|BleakwindStorm,Tailwind,RainDance,Protect|||M|||50|,,,,,Dark]Urshifu-Rapid-Strike||ChoiceScarf|UnseenFist|SurgingStrikes,CloseCombat,AquaJet,Uturn|||F|||50|,,,,,Water\n|inactive|Battle timer is ON: inactive players will automatically lose when time's up. (requested by Lucky Curiango)\n|\n|t:|1746026588\n|start\n|switch|p1a: Amoonguss|Amoonguss, L50, M|100/100\n|switch|p1b: Calyrex|Calyrex-Shadow, L50|100/100\n|switch|p2a: Urshifu|Urshifu-Rapid-Strike, L50, F|100/100\n|switch|p2b: Tornadus|Tornadus, L50, M|100/100\n|-ability|p1b: Calyrex|As One\n|-ability|p1b: Calyrex|Unnerve\n|turn|1\n|\n|t:|1746026609\n|-terastallize|p1b: Calyrex|Stellar\n|move|p2a: Urshifu|U-turn|p1a: Amoonguss\n|-damage|p1a: Amoonguss|77/100\n|-damage|p2a: Urshifu|84/100|[from] item: Rocky Helmet|[of] p1a: Amoonguss\n|\n|t:|1746026613\n|switch|p2a: Rillaboom|Rillaboom, L50, M|100/100|[from] U-turn\n|-fieldstart|move: Grassy Terrain|[from] ability: Grassy Surge|[of] p2a: Rillaboom\n|move|p1b: Calyrex|Astral Barrage|p2b: Tornadus|[spread] p2a,p2b\n|-damage|p2a: Rillaboom|53/100\n|-damage|p2b: Tornadus|11/100\n|move|p2b: Tornadus|Bleakwind Storm|p1b: Calyrex|[spread] p1a,p1b\n|-supereffective|p1a: Amoonguss\n|-damage|p1a: Amoonguss|20/100\n|-damage|p1b: Calyrex|66/100\n|move|p1a: Amoonguss|Spore|p2a: Rillaboom\n|-immune|p2a: Rillaboom\n|\n|-heal|p1b: Calyrex|71/100|[from] Grassy Terrain\n|-heal|p2a: Rillaboom|59/100|[from] Grassy Terrain\n|-heal|p1a: Amoonguss|26/100|[from] Grassy Terrain\n|upkeep\n|turn|2\n|\n|t:|1746026635\n|switch|p1a: Kyogre|Kyogre, L50|100/100\n|-weather|RainDance|[from] ability: Drizzle|[of] p1a: Kyogre\n|move|p2b: Tornadus|Tailwind|p2b: Tornadus\n|-sidestart|p2: Mr Pring1e|move: Tailwind\n|move|p1b: Calyrex|Astral Barrage|p2a: Rillaboom|[spread] p2a,p2b\n|-damage|p2a: Rillaboom|26/100\n|-damage|p2b: Tornadus|0 fnt\n|faint|p2b: Tornadus\n|-ability|p1b: Calyrex|Grim Neigh|boost\n|-boost|p1b: Calyrex|spa|1\n|move|p2a: Rillaboom|Wood Hammer|p1b: Calyrex\n|-damage|p1b: Calyrex|0 fnt\n|faint|p1b: Calyrex\n|-damage|p2a: Rillaboom|6/100|[from] Recoil\n|\n|-weather|RainDance|[upkeep]\n|-heal|p2a: Rillaboom|12/100|[from] Grassy Terrain\n|upkeep\n|\n|t:|1746026657\n|switch|p1b: Urshifu|Urshifu-Rapid-Strike, L50, F|100/100\n|switch|p2b: Urshifu|Urshifu-Rapid-Strike, L50, F|84/100\n|turn|3\n|\n|t:|1746026672\n|-terastallize|p2b: Urshifu|Water\n|move|p2a: Rillaboom|Grassy Glide|p1b: Urshifu\n|-supereffective|p1b: Urshifu\n|-damage|p1b: Urshifu|32/100\n|move|p2b: Urshifu|Surging Strikes|p1a: Kyogre\n|-resisted|p1a: Kyogre\n|-crit|p1a: Kyogre\n|-damage|p1a: Kyogre|80/100\n|-resisted|p1a: Kyogre\n|-crit|p1a: Kyogre\n|-damage|p1a: Kyogre|59/100\n|-resisted|p1a: Kyogre\n|-crit|p1a: Kyogre\n|-damage|p1a: Kyogre|40/100\n|-hitcount|p1a: Kyogre|3\n|move|p1b: Urshifu|U-turn|p2a: Rillaboom\n|-supereffective|p2a: Rillaboom\n|-damage|p2a: Rillaboom|0 fnt\n|faint|p2a: Rillaboom\n|\n|t:|1746026689\n|switch|p1b: Amoonguss|Amoonguss, L50, M|26/100|[from] U-turn\n|move|p1a: Kyogre|Origin Pulse|p2b: Urshifu\n|-resisted|p2b: Urshifu\n|-damage|p2b: Urshifu|0 fnt\n|faint|p2b: Urshifu\n|\n|-weather|RainDance|[upkeep]\n|-heal|p1a: Kyogre|45/100|[from] Grassy Terrain\n|-heal|p1b: Amoonguss|32/100|[from] Grassy Terrain\n|upkeep\n|\n|t:|1746026691\n|switch|p2b: Calyrex|Calyrex-Shadow, L50|100/100\n|-ability|p2b: Calyrex|As One\n|-ability|p2b: Calyrex|Unnerve\n|turn|4\n|inactive|Lucky Curiango has 30 seconds left.\n|\n|t:|1746026719\n|move|p1a: Kyogre|Protect|p1a: Kyogre\n|-singleturn|p1a: Kyogre|Protect\n|move|p2b: Calyrex|Astral Barrage|p1b: Amoonguss|[spread] p1b\n|-activate|p1a: Kyogre|move: Protect\n|-damage|p1b: Amoonguss|0 fnt\n|faint|p1b: Amoonguss\n|-ability|p2b: Calyrex|Grim Neigh|boost\n|-boost|p2b: Calyrex|spa|1\n|-damage|p2b: Calyrex|91/100|[from] item: Life Orb\n|\n|-weather|RainDance|[upkeep]\n|-heal|p2b: Calyrex|97/100|[from] Grassy Terrain\n|-heal|p1a: Kyogre|51/100|[from] Grassy Terrain\n|upkeep\n|\n|t:|1746026729\n|switch|p1b: Urshifu|Urshifu-Rapid-Strike, L50, F|32/100\n|turn|5\n|\n|t:|1746026741\n|move|p2b: Calyrex|Astral Barrage|p1a: Kyogre|[spread] p1a,p1b\n|-damage|p1a: Kyogre|0 fnt\n|-damage|p1b: Urshifu|0 fnt\n|faint|p1a: Kyogre\n|faint|p1b: Urshifu\n|-damage|p2b: Calyrex|87/100|[from] item: Life Orb\n|\n|win|Mr Pring1e\n|l|\u2606Lucky Curiango\n|player|p1|\n||Mr Pring1e is ready for game 3.\n||Lucky Curiango is ready for game 3.\n|uhtml|next|Next: <a href=\"/battle-gen9vgc2025regibo3-2354004832\"><strong>Game 3 of 3</strong></a>\n|l|\u2606Mr Pring1e\n|player|p2|\n", "uploadtime": 1746027100, "views": 6, "formatid": "gen9vgc2025regibo3", "rating": null, "private": 0, "password": null}