{"id": "gen9vgc2025regibo3-2353473982", "format": "[Gen 9] VGC 2025 Reg I (Bo3)", "players": ["angandi01", "amnek"], "log": "|j|\u2606angandi01\n|j|\u2606amnek\n|html|<table width=\"100%\"><tr><td align=\"left\">angandi01</td><td align=\"right\">amnek</tr><tr><td align=\"left\"><i class=\"fa fa-circle\"></i> <i class=\"fa fa-circle-o\"></i> </td><td align=\"right\"><i class=\"fa fa-circle-o\"></i> <i class=\"fa fa-circle-o\"></i> </tr></table>\n|uhtml|bestof|<h2><strong>Game 2</strong> of <a href=\"/game-bestof3-gen9vgc2025regibo3-2353470892\">a best-of-3</a></h2>\n|t:|1745959249\n|gametype|doubles\n|player|p1|angandi01|101|1145\n|player|p2|amnek|n|1196\n|teamsize|p1|6\n|teamsize|p2|6\n|gen|9\n|tier|[Gen 9] VGC 2025 Reg I (Bo3)\n|rated|\n|rule|Species Clause: Limit one of each Pok\u00e9mon\n|rule|Item Clause: Limit 1 of each item\n|clearpoke\n|poke|p1|Miraidon, L50|\n|poke|p1|Ho-Oh, L50|\n|poke|p1|Iron Hands, L50|\n|poke|p1|Ursaluna, L50, M|\n|poke|p1|Farigiraf, L50, F|\n|poke|p1|Urshifu-*, L50, F|\n|poke|p2|Kyogre, L50|\n|poke|p2|Zacian-*, L50|\n|poke|p2|Urshifu-*, L50, M|\n|poke|p2|Rillaboom, L50, M|\n|poke|p2|Incineroar, L50, M|\n|poke|p2|Amoonguss, L50, M|\n|teampreview|4\n|showteam|p1|Miraidon||ChoiceSpecs|HadronEngine|ElectroDrift,DracoMeteor,DazzlingGleam,VoltSwitch||||||50|,,,,,Fairy]Ho-Oh||ClearAmulet|Regenerator|SacredFire,BraveBird,Tailwind,Protect||||||50|,,,,,Grass]Iron Hands||AssaultVest|QuarkDrive|FakeOut,WildCharge,DrainPunch,LowKick||||||50|,,,,,Electric]Ursaluna||FlameOrb|Guts|Facade,Earthquake,HeadlongRush,Protect|||M|||50|,,,,,Fairy]Farigiraf||ElectricSeed|ArmorTail|PsychicFangs,FoulPlay,TrickRoom,HelpingHand|||F|||50|,,,,,Water]Urshifu||FocusSash|UnseenFist|WickedBlow,CloseCombat,SuckerPunch,Protect|||F|||50|,,,,,Dark\n|showteam|p2|Kyogre||Leftovers|Drizzle|OriginPulse,WaterSpout,CalmMind,Protect||||||50|,,,,,Grass]Zacian-Crowned||RustedSword|IntrepidSword|behemothblade,PlayRough,SwordsDance,Protect||||||50|,,,,,Grass]Urshifu-Rapid-Strike||ChoiceScarf|UnseenFist|CloseCombat,SurgingStrikes,AquaJet,Uturn|||M|||50|,,,,,Ghost]Rillaboom||AssaultVest|GrassySurge|FakeOut,WoodHammer,GrassyGlide,Uturn|||M|||50|,,,,,Water]Incineroar||SafetyGoggles|Intimidate|WillOWisp,KnockOff,FakeOut,PartingShot|||M|||50|,,,,,Bug]Amoonguss||RockyHelmet|Regenerator|Protect,Spore,RagePowder,SludgeBomb|||M|||50|,,,,,Water\n|inactive|Battle timer is ON: inactive players will automatically lose when time's up. (requested by amnek)\n|inactive|angandi01 has 60 seconds left.\n|inactive|amnek has 60 seconds left.\n|\n|t:|1745959291\n|start\n|switch|p1a: Miraidon|Miraidon, L50|100/100\n|switch|p1b: Ho-Oh|Ho-Oh, L50|100/100\n|switch|p2a: Kyogre|Kyogre, L50|100/100\n|switch|p2b: Rillaboom|Rillaboom, L50, M|100/100\n|-fieldstart|move: Electric Terrain|[from] ability: Hadron Engine|[of] p1a: Miraidon\n|-weather|RainDance|[from] ability: Drizzle|[of] p2a: Kyogre\n|-fieldstart|move: Grassy Terrain|[from] ability: Grassy Surge|[of] p2b: Rillaboom\n|turn|1\n|inactive|angandi01 has 30 seconds left.\n|\n|t:|1745959319\n|switch|p1a: Iron Hands|Iron Hands, L50|100/100\n|-terastallize|p1b: Ho-Oh|Grass\n|move|p2b: Rillaboom|Fake Out|p1a: Iron Hands\n|-damage|p1a: Iron Hands|92/100\n|move|p2a: Kyogre|Calm Mind|p2a: Kyogre\n|-boost|p2a: Kyogre|spa|1\n|-boost|p2a: Kyogre|spd|1\n|move|p1b: Ho-Oh|Tailwind|p1b: Ho-Oh\n|-sidestart|p1: angandi01|move: Tailwind\n|\n|-weather|RainDance|[upkeep]\n|-heal|p1a: Iron Hands|99/100|[from] Grassy Terrain\n|upkeep\n|turn|2\n|\n|t:|1745959343\n|switch|p2b: Incineroar|Incineroar, L50, M|100/100\n|-ability|p2b: Incineroar|Intimidate|boost\n|-unboost|p1a: Iron Hands|atk|1\n|-fail|p1b: Ho-Oh|unboost|[from] item: Clear Amulet|[of] p1b: Ho-Oh\n|move|p2a: Kyogre|Protect|p2a: Kyogre\n|-singleturn|p2a: Kyogre|Protect\n|move|p1b: Ho-Oh|Brave Bird|p2a: Kyogre\n|-activate|p2a: Kyogre|move: Protect\n|move|p1a: Iron Hands|Wild Charge|p2a: Kyogre\n|-activate|p2a: Kyogre|move: Protect\n|\n|-weather|RainDance|[upkeep]\n|-heal|p1a: Iron Hands|100/100|[from] Grassy Terrain\n|upkeep\n|turn|3\n|inactive|amnek has 30 seconds left.\n|inactive|amnek has 20 seconds left.\n|\n|t:|1745959379\n|move|p2b: Incineroar|Fake Out|p1a: Iron Hands\n|-damage|p1a: Iron Hands|93/100\n|move|p1b: Ho-Oh|Brave Bird|p2a: Kyogre\n|-damage|p2a: Kyogre|50/100\n|-damage|p1b: Ho-Oh|85/100|[from] Recoil\n|move|p2a: Kyogre|Origin Pulse|p1a: Iron Hands|[spread] p1a,p1b\n|-resisted|p1b: Ho-Oh\n|-damage|p1a: Iron Hands|38/100\n|-damage|p1b: Ho-Oh|61/100\n|cant|p1a: Iron Hands|flinch\n|\n|-weather|RainDance|[upkeep]\n|-heal|p1b: Ho-Oh|67/100|[from] Grassy Terrain\n|-heal|p2a: Kyogre|56/100|[from] Grassy Terrain\n|-heal|p2a: Kyogre|62/100|[from] item: Leftovers\n|-heal|p1a: Iron Hands|44/100|[from] Grassy Terrain\n|upkeep\n|turn|4\n|inactive|angandi01 has 30 seconds left.\n|inactive|amnek has 30 seconds left.\n|\n|t:|1745959412\n|switch|p1b: Miraidon|Miraidon, L50|100/100\n|-fieldstart|move: Electric Terrain|[from] ability: Hadron Engine|[of] p1b: Miraidon\n|-activate|p1a: Iron Hands|ability: Quark Drive\n|-start|p1a: Iron Hands|quarkdriveatk\n|move|p2a: Kyogre|Protect|p2a: Kyogre\n|-singleturn|p2a: Kyogre|Protect\n|move|p1a: Iron Hands|Drain Punch|p2b: Incineroar\n|-supereffective|p2b: Incineroar\n|-crit|p2b: Incineroar\n|-damage|p2b: Incineroar|0 fnt\n|-heal|p1a: Iron Hands|83/100|[from] drain|[of] p2b: Incineroar\n|faint|p2b: Incineroar\n|\n|-weather|RainDance|[upkeep]\n|-heal|p2a: Kyogre|69/100|[from] item: Leftovers\n|-sideend|p1: angandi01|move: Tailwind\n|upkeep\n|\n|t:|1745959427\n|switch|p2b: Rillaboom|Rillaboom, L50, M|100/100\n|-fieldstart|move: Grassy Terrain|[from] ability: Grassy Surge|[of] p2b: Rillaboom\n|-end|p1a: Iron Hands|Quark Drive\n|turn|5\n|inactive|angandi01 has 30 seconds left.\n|inactive|amnek has 30 seconds left.\n|\n|t:|1745959455\n|move|p2b: Rillaboom|Fake Out|p1b: Miraidon\n|-damage|p1b: Miraidon|88/100\n|cant|p1b: Miraidon|flinch\n|move|p2a: Kyogre|Calm Mind|p2a: Kyogre\n|-boost|p2a: Kyogre|spa|1\n|-boost|p2a: Kyogre|spd|1\n|move|p1a: Iron Hands|Wild Charge|p2a: Kyogre\n|-supereffective|p2a: Kyogre\n|-damage|p2a: Kyogre|9/100\n|-damage|p1a: Iron Hands|72/100|[from] Recoil\n|\n|-weather|none\n|-heal|p1b: Miraidon|94/100|[from] Grassy Terrain\n|-heal|p2a: Kyogre|16/100|[from] Grassy Terrain\n|-heal|p2a: Kyogre|22/100|[from] item: Leftovers\n|-heal|p1a: Iron Hands|78/100|[from] Grassy Terrain\n|upkeep\n|turn|6\n|inactive|angandi01 has 30 seconds left.\n|inactive|amnek has 30 seconds left.\n|\n|t:|1745959486\n|-end|p1a: Iron Hands|Quark Drive|[silent]\n|switch|p1a: Ho-Oh|Ho-Oh, L50, tera:Grass|99/100\n|move|p2a: Kyogre|Protect|p2a: Kyogre\n|-singleturn|p2a: Kyogre|Protect\n|move|p1b: Miraidon|Volt Switch|p2b: Rillaboom\n|-resisted|p2b: Rillaboom\n|-damage|p2b: Rillaboom|80/100\n|\n|t:|1745959497\n|switch|p1b: Iron Hands|Iron Hands, L50|78/100|[from] Volt Switch\n|move|p2b: Rillaboom|U-turn|p1b: Iron Hands\n|-resisted|p1b: Iron Hands\n|-damage|p1b: Iron Hands|71/100\n|\n|t:|1745959504\n|switch|p2b: Zacian|Zacian-Crowned, L50|100/100|[from] U-turn\n|-ability|p2b: Zacian|Intrepid Sword|boost\n|-boost|p2b: Zacian|atk|1\n|\n|-heal|p2a: Kyogre|28/100|[from] Grassy Terrain\n|-heal|p2a: Kyogre|34/100|[from] item: Leftovers\n|-heal|p1a: Ho-Oh|100/100|[from] Grassy Terrain\n|-heal|p1b: Iron Hands|77/100|[from] Grassy Terrain\n|upkeep\n|turn|7\n|inactive|amnek has 30 seconds left.\n|\n|t:|1745959535\n|move|p1b: Iron Hands|Fake Out|p2b: Zacian\n|-resisted|p2b: Zacian\n|-damage|p2b: Zacian|94/100\n|cant|p2b: Zacian|flinch\n|move|p2a: Kyogre|Origin Pulse|p1b: Iron Hands|[spread] p1a,p1b\n|-resisted|p1a: Ho-Oh\n|-damage|p1a: Ho-Oh|75/100\n|-damage|p1b: Iron Hands|28/100\n|move|p1a: Ho-Oh|Tailwind|p1a: Ho-Oh\n|-sidestart|p1: angandi01|move: Tailwind\n|\n|-heal|p1a: Ho-Oh|81/100|[from] Grassy Terrain\n|-heal|p2b: Zacian|100/100|[from] Grassy Terrain\n|-heal|p2a: Kyogre|41/100|[from] Grassy Terrain\n|-heal|p2a: Kyogre|47/100|[from] item: Leftovers\n|-heal|p1b: Iron Hands|34/100|[from] Grassy Terrain\n|upkeep\n|turn|8\n|inactive|angandi01 has 30 seconds left.\n|inactive|angandi01 has 20 seconds left.\n|inactive|amnek has 30 seconds left.\n|inactive|angandi01 has 15 seconds left.\n|inactive|angandi01 has 10 seconds left.\n|inactive|amnek has 20 seconds left.\n|\n|t:|1745959584\n|move|p2a: Kyogre|Protect|p2a: Kyogre\n|-singleturn|p2a: Kyogre|Protect\n|move|p1a: Ho-Oh|Sacred Fire|p2b: Zacian\n|-supereffective|p2b: Zacian\n|-damage|p2b: Zacian|25/100\n|-status|p2b: Zacian|brn\n|move|p2b: Zacian|Play Rough|p1a: Ho-Oh\n|-damage|p1a: Ho-Oh|50/100\n|move|p1b: Iron Hands|Wild Charge|p2a: Kyogre\n|-activate|p2a: Kyogre|move: Protect\n|\n|-heal|p1a: Ho-Oh|56/100|[from] Grassy Terrain\n|-heal|p2b: Zacian|31/100 brn|[from] Grassy Terrain\n|-heal|p2a: Kyogre|53/100|[from] Grassy Terrain\n|-heal|p2a: Kyogre|59/100|[from] item: Leftovers\n|-heal|p1b: Iron Hands|40/100|[from] Grassy Terrain\n|-damage|p2b: Zacian|25/100 brn|[from] brn\n|upkeep\n|turn|9\n|inactive|angandi01 has 30 seconds left.\n|inactive|amnek has 30 seconds left.\n|\n|t:|1745959613\n|-terastallize|p2a: Kyogre|Grass\n|move|p1a: Ho-Oh|Brave Bird|p2a: Kyogre\n|-supereffective|p2a: Kyogre\n|-damage|p2a: Kyogre|0 fnt\n|faint|p2a: Kyogre\n|-damage|p1a: Ho-Oh|38/100|[from] Recoil\n|move|p2b: Zacian|Play Rough|p1a: Ho-Oh\n|-damage|p1a: Ho-Oh|3/100\n|move|p1b: Iron Hands|Drain Punch|p2b: Zacian\n|-damage|p2b: Zacian|0 fnt\n|-heal|p1b: Iron Hands|50/100|[from] drain|[of] p2b: Zacian\n|faint|p2b: Zacian\n|\n|-heal|p1a: Ho-Oh|9/100|[from] Grassy Terrain\n|-heal|p1b: Iron Hands|56/100|[from] Grassy Terrain\n|-fieldend|move: Grassy Terrain\n|upkeep\n|-message|amnek forfeited.\n|\n|win|angandi01\n|raw|angandi01's rating: 1145 &rarr; <strong>1174</strong><br />(+29 for winning)\n|raw|amnek's rating: 1196 &rarr; <strong>1167</strong><br />(-29 for losing)\n|l|\u2606amnek\n|player|p2|\n", "uploadtime": 1745959647, "views": 10, "formatid": "gen9vgc2025regibo3", "rating": 1167, "private": 0, "password": null}