{"id": "gen9vgc2025regibo3-2354945063", "format": "[Gen 9] VGC 2025 Reg I (Bo3)", "players": ["Tusking Chusking", "Urric"], "log": "|j|\u2606Tusking Chusking\n|j|\u2606Urric\n|html|<table width=\"100%\"><tr><td align=\"left\">Tusking Chusking</td><td align=\"right\">Urric</tr><tr><td align=\"left\"><i class=\"fa fa-circle-o\"></i> <i class=\"fa fa-circle-o\"></i> </td><td align=\"right\"><i class=\"fa fa-circle-o\"></i> <i class=\"fa fa-circle-o\"></i> </tr></table>\n|uhtml|bestof|<h2><strong>Game 1</strong> of <a href=\"/game-bestof3-gen9vgc2025regibo3-2354945062\">a best-of-3</a></h2>\n|t:|1746134358\n|gametype|doubles\n|player|p1|Tusking Chusking|dahlia|1204\n|player|p2|Urric|wattson|1102\n|teamsize|p1|6\n|teamsize|p2|6\n|gen|9\n|tier|[Gen 9] VGC 2025 Reg I (Bo3)\n|rated|\n|rule|Species Clause: Limit one of each Pok\u00e9mon\n|rule|Item Clause: Limit 1 of each item\n|clearpoke\n|poke|p1|Zamazenta-*, L50|\n|poke|p1|Calyrex-Shadow, L50|\n|poke|p1|Ting-Lu, L50|\n|poke|p1|Dondozo, L50, F|\n|poke|p1|Chien-Pao, L50|\n|poke|p1|Ogerpon-Hearthflame, L50, F|\n|poke|p2|Koraidon, L50|\n|poke|p2|Chi-Yu, L50|\n|poke|p2|Rillaboom, L50, F|\n|poke|p2|Zacian-*, L50|\n|poke|p2|Flutter Mane, L50|\n|poke|p2|Great Tusk, L50|\n|teampreview|4\n|showteam|p1|Zamazenta-Crowned||RustedShield|DauntlessShield|BodyPress,Protect,behemothbash,WideGuard||||||50|,,,,,Dragon]Calyrex-Shadow||LifeOrb|AsOneSpectrier|Protect,AstralBarrage,Psyshock,Substitute||||||50|,,,,,Dark]Ting-Lu||RockyHelmet|VesselofRuin|StealthRock,SandTomb,Protect,Ruination||||||50|,,,,,Poison]Dondozo||Leftovers|Unaware|Yawn,WaveCrash,Fissure,Protect|||F|||50|,,,,,Dragon]Chien-Pao||FocusSash|SwordofRuin|IceSpinner,SuckerPunch,ThroatChop,Protect||||||50|,,,,,Ghost]Ogerpon-Hearthflame||HearthflameMask|MoldBreaker|HornLeech,IvyCudgel,FollowMe,SpikyShield|||F|||50|,,,,,Fire\n|showteam|p2|Koraidon||ClearAmulet|OrichalcumPulse|CollisionCourse,FlareBlitz,Protect,DragonClaw||||||50|,,,,,Fire]Chi-Yu||LifeOrb|BeadsofRuin|HeatWave,DarkPulse,Protect,Snarl||||||50|,,,,,Fire]Rillaboom||AssaultVest|GrassySurge|GrassyGlide,FakeOut,WoodHammer,Uturn|||F|||50|,,,,,Water]Zacian-Crowned||RustedSword|IntrepidSword|behemothblade,PlayRough,SacredSword,Protect||||||50|,,,,,Fire]Flutter Mane||FocusSash|Protosynthesis|IcyWind,Moonblast,ShadowBall,Protect||||||50|,,,,,Normal]Great Tusk||ChoiceBand|Protosynthesis|CloseCombat,HeadlongRush,KnockOff,RockSlide||||||50|,,,,,Ground\n|\n|t:|1746134393\n|start\n|switch|p1a: Pato|Ting-Lu, L50|100/100\n|switch|p1b: Mario|Dondozo, L50, F|100/100\n|switch|p2a: Gorilakalimotxo|Rillaboom, L50, F|100/100\n|switch|p2b: Koraidon|Koraidon, L50|100/100\n|-weather|SunnyDay|[from] ability: Orichalcum Pulse|[of] p2b: Koraidon\n|-activate|p2b: Koraidon|Orichalcum Pulse|[source]\n|-fieldstart|move: Grassy Terrain|[from] ability: Grassy Surge|[of] p2a: Gorilakalimotxo\n|-ability|p1a: Pato|Vessel of Ruin\n|turn|1\n|\n|t:|1746134442\n|move|p1a: Pato|Protect|p1a: Pato\n|-singleturn|p1a: Pato|Protect\n|move|p1b: Mario|Protect|p1b: Mario\n|-singleturn|p1b: Mario|Protect\n|move|p2a: Gorilakalimotxo|Fake Out|p1b: Mario\n|-activate|p1b: Mario|move: Protect\n|move|p2b: Koraidon|Collision Course|p1a: Pato\n|-activate|p1a: Pato|move: Protect\n|\n|-weather|SunnyDay|[upkeep]\n|upkeep\n|turn|2\n|inactive|Battle timer is ON: inactive players will automatically lose when time's up. (requested by Tusking Chusking)\n|inactive|Urric has 60 seconds left.\n|\n|t:|1746134473\n|-terastallize|p1a: Pato|Poison\n|move|p2b: Koraidon|Collision Course|p1a: Pato\n|-resisted|p1a: Pato\n|-damage|p1a: Pato|82/100\n|-damage|p2b: Koraidon|84/100|[from] item: Rocky Helmet|[of] p1a: Pato\n|move|p2a: Gorilakalimotxo|Wood Hammer|p1b: Mario\n|-supereffective|p1b: Mario\n|-damage|p1b: Mario|16/100\n|-damage|p2a: Gorilakalimotxo|66/100|[from] Recoil\n|move|p1a: Pato|Stealth Rock|p2b: Koraidon\n|-sidestart|p2: Urric|move: Stealth Rock\n|move|p1b: Mario|Yawn|p2b: Koraidon\n|-start|p2b: Koraidon|move: Yawn|[of] p1b: Mario\n|\n|-weather|SunnyDay|[upkeep]\n|-heal|p2b: Koraidon|90/100|[from] Grassy Terrain\n|-heal|p2a: Gorilakalimotxo|72/100|[from] Grassy Terrain\n|-heal|p1a: Pato|89/100|[from] Grassy Terrain\n|-heal|p1b: Mario|22/100|[from] Grassy Terrain\n|-heal|p1b: Mario|29/100|[from] item: Leftovers\n|upkeep\n|turn|3\n|inactive|Urric has 30 seconds left.\n|inactive|Urric has 20 seconds left.\n|\n|t:|1746134512\n|switch|p2b: Great Tusk|Great Tusk, L50|100/100\n|-damage|p2b: Great Tusk|97/100|[from] Stealth Rock\n|-activate|p2b: Great Tusk|ability: Protosynthesis\n|-start|p2b: Great Tusk|protosynthesisspe\n|move|p1b: Mario|Protect|p1b: Mario\n|-singleturn|p1b: Mario|Protect\n|move|p2a: Gorilakalimotxo|Grassy Glide|p1b: Mario\n|-activate|p1b: Mario|move: Protect\n|move|p1a: Pato|Sand Tomb|p2b: Great Tusk|[miss]\n|-miss|p1a: Pato|p2b: Great Tusk\n|\n|-weather|SunnyDay|[upkeep]\n|-heal|p2b: Great Tusk|100/100|[from] Grassy Terrain\n|-heal|p2a: Gorilakalimotxo|78/100|[from] Grassy Terrain\n|-heal|p1a: Pato|95/100|[from] Grassy Terrain\n|-heal|p1b: Mario|35/100|[from] Grassy Terrain\n|-heal|p1b: Mario|41/100|[from] item: Leftovers\n|upkeep\n|turn|4\n|inactive|Tusking Chusking has 30 seconds left.\n|inactive|Urric has 30 seconds left.\n|\n|t:|1746134541\n|move|p1a: Pato|Protect|p1a: Pato\n|-singleturn|p1a: Pato|Protect\n|move|p2b: Great Tusk|Headlong Rush|p1a: Pato\n|-activate|p1a: Pato|move: Protect\n|move|p2a: Gorilakalimotxo|Wood Hammer|p1b: Mario\n|-supereffective|p1b: Mario\n|-damage|p1b: Mario|0 fnt\n|faint|p1b: Mario\n|-damage|p2a: Gorilakalimotxo|61/100|[from] Recoil\n|\n|-weather|SunnyDay|[upkeep]\n|-heal|p2a: Gorilakalimotxo|67/100|[from] Grassy Terrain\n|-heal|p1a: Pato|100/100|[from] Grassy Terrain\n|upkeep\n|\n|t:|1746134558\n|switch|p1b: Ali|Calyrex-Shadow, L50|100/100\n|-ability|p1b: Ali|As One\n|-ability|p1b: Ali|Unnerve\n|turn|5\n|inactive|Tusking Chusking has 30 seconds left.\n|inactive|Urric has 30 seconds left.\n|\n|t:|1746134590\n|move|p2b: Great Tusk|Headlong Rush|p1a: Pato\n|-supereffective|p1a: Pato\n|-damage|p1a: Pato|19/100\n|-unboost|p2b: Great Tusk|def|1\n|-unboost|p2b: Great Tusk|spd|1\n|-damage|p2b: Great Tusk|84/100|[from] item: Rocky Helmet|[of] p1a: Pato\n|move|p1b: Ali|Psyshock|p2b: Great Tusk\n|-supereffective|p2b: Great Tusk\n|-damage|p2b: Great Tusk|0 fnt\n|faint|p2b: Great Tusk\n|-end|p2b: Great Tusk|Protosynthesis|[silent]\n|-ability|p1b: Ali|Grim Neigh|boost\n|-boost|p1b: Ali|spa|1\n|-damage|p1b: Ali|91/100|[from] item: Life Orb\n|move|p2a: Gorilakalimotxo|U-turn|p1b: Ali\n|-damage|p1b: Ali|64/100\n|\n|t:|1746134607\n|switch|p2a: Koraidon|Koraidon, L50|90/100|[from] U-turn\n|-damage|p2a: Koraidon|84/100|[from] Stealth Rock\n|-activate|p2a: Koraidon|ability: Orichalcum Pulse\n|move|p1a: Pato|Sand Tomb|p2a: Koraidon\n|-damage|p2a: Koraidon|72/100\n|-activate|p2a: Koraidon|move: Sand Tomb|[of] p1a: Pato\n|\n|-weather|none\n|-heal|p1b: Ali|70/100|[from] Grassy Terrain\n|-heal|p2a: Koraidon|78/100|[from] Grassy Terrain\n|-heal|p1a: Pato|25/100|[from] Grassy Terrain\n|-damage|p2a: Koraidon|66/100|[from] move: Sand Tomb|[partiallytrapped]\n|-fieldend|move: Grassy Terrain\n|upkeep\n|inactive|Urric has 30 seconds left.\n|\n|t:|1746134635\n|switch|p2b: Gorilakalimotxo|Rillaboom, L50, F|67/100\n|-damage|p2b: Gorilakalimotxo|55/100|[from] Stealth Rock\n|-fieldstart|move: Grassy Terrain|[from] ability: Grassy Surge|[of] p2b: Gorilakalimotxo\n|turn|6\n|\n|t:|1746134658\n|move|p2a: Koraidon|Protect|p2a: Koraidon\n|-singleturn|p2a: Koraidon|Protect\n|move|p2b: Gorilakalimotxo|Fake Out|p1a: Pato\n|-damage|p1a: Pato|18/100\n|-damage|p2b: Gorilakalimotxo|39/100|[from] item: Rocky Helmet|[of] p1a: Pato\n|move|p1b: Ali|Astral Barrage|p2b: Gorilakalimotxo|[spread] p2b\n|-activate|p2a: Koraidon|move: Protect\n|-damage|p2b: Gorilakalimotxo|0 fnt\n|faint|p2b: Gorilakalimotxo\n|-ability|p1b: Ali|Grim Neigh|boost\n|-boost|p1b: Ali|spa|1\n|-damage|p1b: Ali|60/100|[from] item: Life Orb\n|cant|p1a: Pato|flinch\n|\n|-heal|p1b: Ali|66/100|[from] Grassy Terrain\n|-heal|p2a: Koraidon|72/100|[from] Grassy Terrain\n|-heal|p1a: Pato|24/100|[from] Grassy Terrain\n|-damage|p2a: Koraidon|60/100|[from] move: Sand Tomb|[partiallytrapped]\n|upkeep\n|\n|t:|1746134677\n|switch|p2b: Zacian|Zacian-Crowned, L50|100/100\n|-damage|p2b: Zacian|95/100|[from] Stealth Rock\n|-ability|p2b: Zacian|Intrepid Sword|boost\n|-boost|p2b: Zacian|atk|1\n|turn|7\n|\n|t:|1746134700\n|-terastallize|p2b: Zacian|Fire\n|move|p1b: Ali|Astral Barrage|p2b: Zacian|[spread] p2a,p2b\n|-damage|p2a: Koraidon|0 fnt\n|-damage|p2b: Zacian|0 fnt\n|faint|p2a: Koraidon\n|faint|p2b: Zacian\n|-damage|p1b: Ali|57/100|[from] item: Life Orb\n|\n|win|Tusking Chusking\n||Tusking Chusking is ready for game 2.\n|inactive|Urric has 30 seconds to confirm battle start!\n", "uploadtime": 1746134713, "views": 7, "formatid": "gen9vgc2025regibo3", "rating": null, "private": 0, "password": null}