{"id": "gen9vgc2025regibo3-2354759993", "format": "[Gen 9] VGC 2025 Reg I (Bo3)", "players": ["sarabiia", "twitchy1989"], "log": "|j|\u2606sarabiia\n|j|\u2606twitchy1989\n|html|<table width=\"100%\"><tr><td align=\"left\">sarabiia</td><td align=\"right\">twitchy1989</tr><tr><td align=\"left\"><i class=\"fa fa-circle\"></i> <i class=\"fa fa-circle-o\"></i> </td><td align=\"right\"><i class=\"fa fa-circle-o\"></i> <i class=\"fa fa-circle-o\"></i> </tr></table>\n|uhtml|bestof|<h2><strong>Game 2</strong> of <a href=\"/game-bestof3-gen9vgc2025regibo3-2354754126\">a best-of-3</a></h2>\n|t:|1746117345\n|gametype|doubles\n|player|p1|sarabiia|lucas|1050\n|player|p2|twitchy1989|265|1070\n|teamsize|p1|6\n|teamsize|p2|6\n|gen|9\n|tier|[Gen 9] VGC 2025 Reg I (Bo3)\n|rated|\n|rule|Species Clause: Limit one of each Pok\u00e9mon\n|rule|Item Clause: Limit 1 of each item\n|clearpoke\n|poke|p1|Kyogre, L50|\n|poke|p1|Zacian-*, L50|\n|poke|p1|Rillaboom, L50, M|\n|poke|p1|Roaring Moon, L50|\n|poke|p1|Volcarona, L50, M|\n|poke|p1|Farigiraf, L50, F|\n|poke|p2|Koraidon, L50|\n|poke|p2|Lunala, L50|\n|poke|p2|Chi-Yu, L50|\n|poke|p2|Flutter Mane, L50|\n|poke|p2|Brute Bonnet, L50|\n|poke|p2|Iron Hands, L50|\n|teampreview|4\n|showteam|p1|Kyogre||Leftovers|Drizzle|OriginPulse,IceBeam,CalmMind,Protect||||||50|,,,,,Grass]Zacian-Crowned||RustedSword|IntrepidSword|behemothblade,PlayRough,TeraBlast,Protect||||||50|,,,,,Ground]Rillaboom||AssaultVest|GrassySurge|FakeOut,GrassyGlide,Uturn,WoodHammer|||M|||50|,,,,,Grass]Roaring Moon||BoosterEnergy|Protosynthesis|Acrobatics,Tailwind,KnockOff,Taunt||||||50|,,,,,Flying]Volcarona||RockyHelmet|FlameBody|FieryDance,BugBuzz,RagePowder,QuiverDance|||M|||50|,,,,,Grass]Farigiraf||SitrusBerry|ArmorTail|FoulPlay,HelpingHand,PsychicNoise,TrickRoom|||F|||50|,,,,,Dark\n|showteam|p2|Koraidon||ClearAmulet|OrichalcumPulse|FlareBlitz,Outrage,CollisionCourse,Protect||||||50|,,,,,Fire]Lunala||MentalHerb|ShadowShield|MoongeistBeam,Moonblast,WideGuard,TrickRoom||||||50|,,,,,Water]Chi-Yu||ChoiceScarf|BeadsofRuin|DarkPulse,Flamethrower,Snarl,HeatWave||||||50|,,,,,Ghost]Flutter Mane||FocusSash|Protosynthesis|Moonblast,ShadowBall,IcyWind,Protect||||||50|,,,,,Normal]Brute Bonnet||CovertCloak|Protosynthesis|RagePowder,SuckerPunch,SeedBomb,Spore||||||50|,,,,,Water]Iron Hands||AssaultVest|QuarkDrive|FakeOut,DrainPunch,WildCharge,VoltSwitch||||||50|,,,,,Fire\n|inactive|Battle timer is ON: inactive players will automatically lose when time's up. (requested by sarabiia)\n|inactive|sarabiia has 60 seconds left.\n|inactive|twitchy1989 has 60 seconds left.\n|\n|t:|1746117388\n|start\n|switch|p1a: Zacian|Zacian-Crowned, L50|100/100\n|switch|p1b: Farigiraf|Farigiraf, L50, F|100/100\n|switch|p2a: Chi-Yu|Chi-Yu, L50|100/100\n|switch|p2b: Flutter Mane|Flutter Mane, L50|100/100\n|-ability|p2a: Chi-Yu|Beads of Ruin\n|-ability|p1a: Zacian|Intrepid Sword|boost\n|-boost|p1a: Zacian|atk|1\n|turn|1\n|\n|t:|1746117411\n|-end|p2b: Flutter Mane|Protosynthesis|[silent]\n|switch|p2b: Koraidon|Koraidon, L50|100/100\n|-weather|SunnyDay|[from] ability: Orichalcum Pulse|[of] p2b: Koraidon\n|-activate|p2b: Koraidon|Orichalcum Pulse|[source]\n|switch|p1b: Kyogre|Kyogre, L50|100/100\n|-weather|RainDance|[from] ability: Drizzle|[of] p1b: Kyogre\n|move|p1a: Zacian|Protect|p1a: Zacian\n|-singleturn|p1a: Zacian|Protect\n|move|p2a: Chi-Yu|Heat Wave|p1b: Kyogre|[spread] p1b\n|-activate|p1a: Zacian|move: Protect\n|-resisted|p1b: Kyogre\n|-damage|p1b: Kyogre|93/100\n|\n|-weather|RainDance|[upkeep]\n|-heal|p1b: Kyogre|99/100|[from] item: Leftovers\n|upkeep\n|turn|2\n|inactive|twitchy1989 has 30 seconds left.\n|\n|t:|1746117440\n|switch|p2a: Lunala|Lunala, L50|100/100\n|move|p2b: Koraidon|Protect|p2b: Koraidon\n|-singleturn|p2b: Koraidon|Protect\n|move|p1a: Zacian|Play Rough|p2b: Koraidon\n|-activate|p2b: Koraidon|move: Protect\n|move|p1b: Kyogre|Origin Pulse|p2b: Koraidon|[spread] p2a\n|-activate|p2b: Koraidon|move: Protect\n|-damage|p2a: Lunala|74/100\n|\n|-weather|RainDance|[upkeep]\n|-heal|p1b: Kyogre|100/100|[from] item: Leftovers\n|upkeep\n|turn|3\n|inactive|twitchy1989 has 30 seconds left.\n|inactive|twitchy1989 has 20 seconds left.\n|inactive|sarabiia has 30 seconds left.\n|\n|t:|1746117486\n|switch|p2b: Flutter Mane|Flutter Mane, L50|100/100\n|switch|p1b: Farigiraf|Farigiraf, L50, F|100/100\n|move|p1a: Zacian|Protect|p1a: Zacian\n|-singleturn|p1a: Zacian|Protect\n|move|p2a: Lunala|Wide Guard||[still]\n|-fail|p2a: Lunala\n|\n|-weather|RainDance|[upkeep]\n|upkeep\n|turn|4\n|inactive|twitchy1989 has 30 seconds left.\n|\n|t:|1746117513\n|-end|p2b: Flutter Mane|Protosynthesis|[silent]\n|switch|p2b: Chi-Yu|Chi-Yu, L50|100/100\n|-ability|p2b: Chi-Yu|Beads of Ruin\n|switch|p2a: Koraidon|Koraidon, L50|100/100\n|-weather|SunnyDay|[from] ability: Orichalcum Pulse|[of] p2a: Koraidon\n|-activate|p2a: Koraidon|Orichalcum Pulse|[source]\n|move|p1a: Zacian|Behemoth Blade|p2b: Chi-Yu\n|-resisted|p2b: Chi-Yu\n|-damage|p2b: Chi-Yu|38/100\n|move|p1b: Farigiraf|Foul Play|p2a: Koraidon\n|-resisted|p2a: Koraidon\n|-damage|p2a: Koraidon|84/100\n|\n|-weather|SunnyDay|[upkeep]\n|upkeep\n|turn|5\n|inactive|twitchy1989 has 30 seconds left.\n|\n|t:|1746117541\n|switch|p1b: Kyogre|Kyogre, L50|100/100\n|-weather|RainDance|[from] ability: Drizzle|[of] p1b: Kyogre\n|move|p1a: Zacian|Protect|p1a: Zacian\n|-singleturn|p1a: Zacian|Protect\n|move|p2b: Chi-Yu|Snarl|p1b: Kyogre|[spread] p1b\n|-activate|p1a: Zacian|move: Protect\n|-damage|p1b: Kyogre|79/100\n|-unboost|p1b: Kyogre|spa|1\n|move|p2a: Koraidon|Outrage|p1b: Kyogre\n|-damage|p1b: Kyogre|11/100\n|\n|-weather|RainDance|[upkeep]\n|-heal|p1b: Kyogre|18/100|[from] item: Leftovers\n|upkeep\n|turn|6\n|inactive|sarabiia has 30 seconds left.\n|inactive|twitchy1989 has 30 seconds left.\n|inactive|twitchy1989 has 20 seconds left.\n|inactive|twitchy1989 has 15 seconds left.\n|\n|t:|1746117583\n|switch|p2b: Lunala|Lunala, L50|74/100\n|move|p1b: Kyogre|Protect|p1b: Kyogre\n|-singleturn|p1b: Kyogre|Protect\n|move|p1a: Zacian|Behemoth Blade|p2b: Lunala\n|-damage|p2b: Lunala|0 fnt\n|faint|p2b: Lunala\n|move|p2a: Koraidon|Outrage|p1b: Kyogre|[from] lockedmove\n|-activate|p1b: Kyogre|move: Protect\n|\n|-weather|RainDance|[upkeep]\n|-heal|p1b: Kyogre|24/100|[from] item: Leftovers\n|upkeep\n|\n|t:|1746117590\n|switch|p2b: Flutter Mane|Flutter Mane, L50|100/100\n|turn|7\n|inactive|twitchy1989 has 30 seconds left.\n|\n|t:|1746117622\n|-terastallize|p2a: Koraidon|Fire\n|move|p1a: Zacian|Play Rough|p2a: Koraidon\n|-resisted|p2a: Koraidon\n|-damage|p2a: Koraidon|50/100\n|move|p2b: Flutter Mane|Moonblast|p1b: Kyogre\n|-damage|p1b: Kyogre|0 fnt\n|faint|p1b: Kyogre\n|move|p2a: Koraidon|Collision Course|p1a: Zacian\n|-crit|p1a: Zacian\n|-damage|p1a: Zacian|17/100\n|\n|-weather|RainDance|[upkeep]\n|upkeep\n|\n|t:|1746117641\n|switch|p1b: Farigiraf|Farigiraf, L50, F|100/100\n|turn|8\n|\n|t:|1746117659\n|move|p1a: Zacian|Protect|p1a: Zacian\n|-singleturn|p1a: Zacian|Protect\n|move|p2a: Koraidon|Protect|p2a: Koraidon\n|-singleturn|p2a: Koraidon|Protect\n|move|p2b: Flutter Mane|Icy Wind|p1b: Farigiraf|[spread] p1b\n|-activate|p1a: Zacian|move: Protect\n|-damage|p1b: Farigiraf|85/100\n|-unboost|p1b: Farigiraf|spe|1\n|move|p1b: Farigiraf|Foul Play|p2a: Koraidon\n|-activate|p2a: Koraidon|move: Protect\n|\n|-weather|RainDance|[upkeep]\n|upkeep\n|turn|9\n|inactive|twitchy1989 has 30 seconds left.\n|inactive|twitchy1989 has 20 seconds left.\n|inactive|sarabiia has 30 seconds left.\n|inactive|twitchy1989 has 15 seconds left.\n|\n|t:|1746117704\n|switch|p1a: Volcarona|Volcarona, L50, M|100/100\n|move|p2b: Flutter Mane|Icy Wind|p1b: Farigiraf|[spread] p1a\n|-miss|p2b: Flutter Mane|p1b: Farigiraf\n|-resisted|p1a: Volcarona\n|-damage|p1a: Volcarona|93/100\n|-unboost|p1a: Volcarona|spe|1\n|move|p2a: Koraidon|Collision Course|p1b: Farigiraf\n|-damage|p1b: Farigiraf|31/100\n|-enditem|p1b: Farigiraf|Sitrus Berry|[eat]\n|-heal|p1b: Farigiraf|56/100|[from] item: Sitrus Berry\n|move|p1b: Farigiraf|Trick Room|p1b: Farigiraf\n|-fieldstart|move: Trick Room|[of] p1b: Farigiraf\n|\n|-weather|none\n|upkeep\n|turn|10\n|inactive|sarabiia has 30 seconds left.\n|inactive|twitchy1989 has 30 seconds left.\n|\n|t:|1746117736\n|move|p2b: Flutter Mane|Protect|p2b: Flutter Mane\n|-singleturn|p2b: Flutter Mane|Protect\n|move|p1b: Farigiraf|Foul Play|p2a: Koraidon\n|-damage|p2a: Koraidon|18/100\n|move|p1a: Volcarona|Bug Buzz|p2a: Koraidon\n|-resisted|p2a: Koraidon\n|-damage|p2a: Koraidon|0 fnt\n|faint|p2a: Koraidon\n|\n|upkeep\n|\n|t:|1746117746\n|switch|p2a: Chi-Yu|Chi-Yu, L50|38/100\n|-ability|p2a: Chi-Yu|Beads of Ruin\n|turn|11\n|\n|t:|1746117765\n|move|p1b: Farigiraf|Foul Play|p2b: Flutter Mane\n|-damage|p2b: Flutter Mane|77/100\n|move|p1a: Volcarona|Bug Buzz|p2a: Chi-Yu\n|-damage|p2a: Chi-Yu|0 fnt\n|faint|p2a: Chi-Yu\n|move|p2b: Flutter Mane|Shadow Ball|p1a: Volcarona\n|-damage|p1a: Volcarona|50/100\n|\n|upkeep\n|turn|12\n|\n|t:|1746117788\n|move|p1b: Farigiraf|Psychic Noise|p2b: Flutter Mane\n|-damage|p2b: Flutter Mane|38/100\n|-start|p2b: Flutter Mane|move: Heal Block\n|move|p1a: Volcarona|Bug Buzz|p2b: Flutter Mane\n|-resisted|p2b: Flutter Mane\n|-damage|p2b: Flutter Mane|28/100\n|move|p2b: Flutter Mane|Shadow Ball|p1a: Volcarona\n|-damage|p1a: Volcarona|5/100\n|\n|upkeep\n|turn|13\n|\n|t:|1746117803\n|move|p2b: Flutter Mane|Protect|p2b: Flutter Mane\n|-singleturn|p2b: Flutter Mane|Protect\n|move|p1b: Farigiraf|Psychic Noise|p2b: Flutter Mane\n|-activate|p2b: Flutter Mane|move: Protect\n|move|p1a: Volcarona|Fiery Dance|p2b: Flutter Mane\n|-activate|p2b: Flutter Mane|move: Protect\n|\n|-end|p2b: Flutter Mane|move: Heal Block\n|-fieldend|move: Trick Room\n|upkeep\n|turn|14\n|\n|t:|1746117813\n|move|p2b: Flutter Mane|Icy Wind|p1a: Volcarona|[spread] p1a,p1b\n|-resisted|p1a: Volcarona\n|-damage|p1a: Volcarona|0 fnt\n|-damage|p1b: Farigiraf|43/100\n|-unboost|p1b: Farigiraf|spe|1\n|faint|p1a: Volcarona\n|move|p1b: Farigiraf|Psychic Noise|p2b: Flutter Mane\n|-damage|p2b: Flutter Mane|0 fnt\n|faint|p2b: Flutter Mane\n|-end|p2b: Flutter Mane|Protosynthesis|[silent]\n|\n|win|sarabiia\n|raw|sarabiia's rating: 1050 &rarr; <strong>1084</strong><br />(+34 for winning)\n|raw|twitchy1989's rating: 1070 &rarr; <strong>1048</strong><br />(-22 for losing)\n|l|\u2606sarabiia\n|player|p1|\n", "uploadtime": 1746117819, "views": 10, "formatid": "gen9vgc2025regibo3", "rating": 1048, "private": 0, "password": null}