{"id": "gen9vgc2025regibo3-2353654358", "format": "[Gen 9] VGC 2025 Reg I (Bo3)", "players": ["Taijem", "escapadian"], "log": "|j|\u2606Taijem\n|j|\u2606escapadian\n|html|<table width=\"100%\"><tr><td align=\"left\">Taijem</td><td align=\"right\">escapadian</tr><tr><td align=\"left\"><i class=\"fa fa-circle-o\"></i> <i class=\"fa fa-circle-o\"></i> </td><td align=\"right\"><i class=\"fa fa-circle-o\"></i> <i class=\"fa fa-circle-o\"></i> </tr></table>\n|uhtml|bestof|<h2><strong>Game 1</strong> of <a href=\"/game-bestof3-gen9vgc2025regibo3-2353654357\">a best-of-3</a></h2>\n|t:|1745979514\n|gametype|doubles\n|player|p1|Taijem|archer|1071\n|player|p2|escapadian|rocketgruntf|1173\n|teamsize|p1|6\n|teamsize|p2|6\n|gen|9\n|tier|[Gen 9] VGC 2025 Reg I (Bo3)\n|rated|\n|rule|Species Clause: Limit one of each Pok\u00e9mon\n|rule|Item Clause: Limit 1 of each item\n|clearpoke\n|poke|p1|Kyogre, L50|\n|poke|p1|Zacian-*, L50|\n|poke|p1|Tornadus, L50, M|\n|poke|p1|Urshifu-*, L50, F|\n|poke|p1|Chien-Pao, L50|\n|poke|p1|Amoonguss, L50, F|\n|poke|p2|Miraidon, L50|\n|poke|p2|Farigiraf, L50, F|\n|poke|p2|Iron Hands, L50|\n|poke|p2|Grimmsnarl, L50, M|\n|poke|p2|Urshifu-*, L50, M|\n|poke|p2|Groudon, L50|\n|teampreview|4\n|showteam|p1|Kyogre||MysticWater|Drizzle|WaterSpout,OriginPulse,IceBeam,Protect||||||50|,,,,,Grass]Zacian-Crowned||RustedSword|IntrepidSword|behemothblade,PlayRough,SacredSword,Protect||||||50|,,,,,Fairy]Tornadus||CovertCloak|Prankster|Tailwind,BleakwindStorm,RainDance,Taunt|||M|||50|,,,,,Dark]Urshifu-Rapid-Strike||ChoiceScarf|UnseenFist|SurgingStrikes,CloseCombat,AquaJet,Uturn|||F|||50|,,,,,Ghost]Chien-Pao||FocusSash|SwordofRuin|IceSpinner,SuckerPunch,SacredSword,Protect||||||50|,,,,,Ghost]Amoonguss||RockyHelmet|Regenerator|RagePowder,Spore,PollenPuff,Protect|||F|||50|,,,,,Water\n|showteam|p2|Miraidon||ChoiceSpecs|HadronEngine|ElectroDrift,DazzlingGleam,DracoMeteor,VoltSwitch||||||50|,,,,,Fairy]Farigiraf||ElectricSeed|ArmorTail|Psychic,Roar,HelpingHand,TrickRoom|||F|||50|,,,,,Water]Iron Hands||AssaultVest|QuarkDrive|DrainPunch,LowKick,HeavySlam,FakeOut||||||50|,,,,,Bug]Grimmsnarl||LightClay|Prankster|FoulPlay,Reflect,LightScreen,ThunderWave|||M|||50|,,,,,Ghost]Urshifu||FocusSash|UnseenFist|WickedBlow,CloseCombat,SuckerPunch,Protect|||M|||50|,,,,,Dark]Groudon||Leftovers|Drought|PrecipiceBlades,HeatCrash,HelpingHand,Protect||||||50|,,,,,Fire\n|\n|t:|1745979565\n|start\n|switch|p1a: Kyogre|Kyogre, L50|100/100\n|switch|p1b: Zacian|Zacian-Crowned, L50|100/100\n|switch|p2a: Grimmsnarl|Grimmsnarl, L50, M|100/100\n|switch|p2b: Groudon|Groudon, L50, shiny|100/100\n|-ability|p1b: Zacian|Intrepid Sword|boost\n|-boost|p1b: Zacian|atk|1\n|-weather|RainDance|[from] ability: Drizzle|[of] p1a: Kyogre\n|-weather|SunnyDay|[from] ability: Drought|[of] p2b: Groudon\n|turn|1\n|\n|t:|1745979598\n|switch|p1b: Tornadus|Tornadus, L50, M|100/100\n|move|p1a: Kyogre|Protect|p1a: Kyogre\n|-singleturn|p1a: Kyogre|Protect\n|move|p2a: Grimmsnarl|Reflect|p2a: Grimmsnarl\n|-sidestart|p2: escapadian|Reflect\n|move|p2b: Groudon|Precipice Blades|p1b: Tornadus|[spread] \n|-activate|p1a: Kyogre|move: Protect\n|-immune|p1b: Tornadus\n|\n|-weather|SunnyDay|[upkeep]\n|upkeep\n|turn|2\n|\n|t:|1745979616\n|switch|p2b: Miraidon|Miraidon, L50|100/100\n|-fieldstart|move: Electric Terrain|[from] ability: Hadron Engine|[of] p2b: Miraidon\n|move|p1b: Tornadus|Tailwind|p1b: Tornadus\n|-sidestart|p1: Taijem|move: Tailwind\n|move|p2a: Grimmsnarl|Thunder Wave|p1a: Kyogre|[miss]\n|-miss|p2a: Grimmsnarl|p1a: Kyogre\n|move|p1a: Kyogre|Water Spout|p2b: Miraidon|[spread] p2a,p2b\n|-resisted|p2b: Miraidon\n|-damage|p2a: Grimmsnarl|66/100\n|-damage|p2b: Miraidon|83/100\n|\n|-weather|SunnyDay|[upkeep]\n|upkeep\n|turn|3\n|\n|t:|1745979647\n|switch|p1b: Amoonguss|Amoonguss, L50, F|100/100\n|-terastallize|p2b: Miraidon|Fairy\n|move|p1a: Kyogre|Protect|p1a: Kyogre\n|-singleturn|p1a: Kyogre|Protect\n|move|p2a: Grimmsnarl|Light Screen|p2a: Grimmsnarl\n|-sidestart|p2: escapadian|move: Light Screen\n|move|p2b: Miraidon|Electro Drift|p1b: Amoonguss\n|-resisted|p1b: Amoonguss\n|-damage|p1b: Amoonguss|40/100\n|-damage|p2b: Miraidon|66/100|[from] item: Rocky Helmet|[of] p1b: Amoonguss\n|\n|-weather|SunnyDay|[upkeep]\n|upkeep\n|turn|4\n|\n|t:|1745979668\n|switch|p2b: Iron Hands|Iron Hands, L50|100/100\n|-activate|p2b: Iron Hands|ability: Quark Drive\n|-start|p2b: Iron Hands|quarkdriveatk\n|move|p1b: Amoonguss|Rage Powder|p1b: Amoonguss\n|-singleturn|p1b: Amoonguss|move: Rage Powder\n|move|p2a: Grimmsnarl|Thunder Wave|p1b: Amoonguss\n|-status|p1b: Amoonguss|par\n|move|p1a: Kyogre|Water Spout|p2a: Grimmsnarl|[spread] p2a,p2b\n|-damage|p2a: Grimmsnarl|43/100\n|-damage|p2b: Iron Hands|87/100\n|\n|-weather|SunnyDay|[upkeep]\n|upkeep\n|turn|5\n|\n|t:|1745979688\n|move|p1a: Kyogre|Protect|p1a: Kyogre\n|-singleturn|p1a: Kyogre|Protect\n|move|p2a: Grimmsnarl|Thunder Wave|p1a: Kyogre\n|-activate|p1a: Kyogre|move: Protect\n|move|p2b: Iron Hands|Heavy Slam|p1b: Amoonguss\n|-damage|p1b: Amoonguss|0 fnt\n|-damage|p2b: Iron Hands|71/100|[from] item: Rocky Helmet|[of] p1b: Amoonguss\n|faint|p1b: Amoonguss\n|\n|-weather|none\n|-sideend|p1: Taijem|move: Tailwind\n|upkeep\n|\n|t:|1745979706\n|switch|p1b: Zacian|Zacian-Crowned, L50|100/100\n|turn|6\n|\n|t:|1745979741\n|-terastallize|p1b: Zacian|Fairy\n|move|p2a: Grimmsnarl|Thunder Wave|p1b: Zacian\n|-status|p1b: Zacian|par\n|move|p1a: Kyogre|Origin Pulse|p2b: Iron Hands|[spread] p2a,p2b\n|-damage|p2a: Grimmsnarl|4/100\n|-damage|p2b: Iron Hands|52/100\n|move|p1b: Zacian|Play Rough|p2a: Grimmsnarl\n|-supereffective|p2a: Grimmsnarl\n|-damage|p2a: Grimmsnarl|0 fnt\n|faint|p2a: Grimmsnarl\n|move|p2b: Iron Hands|Low Kick|p1b: Zacian\n|-resisted|p1b: Zacian\n|-damage|p1b: Zacian|57/100 par\n|\n|-fieldend|move: Electric Terrain\n|-end|p2b: Iron Hands|Quark Drive\n|upkeep\n|\n|t:|1745979763\n|switch|p2a: Miraidon|Miraidon, L50, tera:Fairy|66/100\n|-fieldstart|move: Electric Terrain|[from] ability: Hadron Engine|[of] p2a: Miraidon\n|-activate|p2b: Iron Hands|ability: Quark Drive\n|-start|p2b: Iron Hands|quarkdriveatk\n|turn|7\n|\n|t:|1745979778\n|move|p1a: Kyogre|Protect|p1a: Kyogre\n|-singleturn|p1a: Kyogre|Protect\n|move|p1b: Zacian|Protect|p1b: Zacian\n|-singleturn|p1b: Zacian|Protect\n|move|p2a: Miraidon|Electro Drift|p1a: Kyogre\n|-activate|p1a: Kyogre|move: Protect\n|move|p2b: Iron Hands|Heavy Slam|p1b: Zacian\n|-activate|p1b: Zacian|move: Protect\n|\n|upkeep\n|turn|8\n|\n|t:|1745979812\n|switch|p1a: Tornadus|Tornadus, L50, M|100/100\n|move|p2a: Miraidon|Electro Drift|p1b: Zacian\n|-damage|p1b: Zacian|0 fnt\n|faint|p1b: Zacian\n|move|p2b: Iron Hands|Low Kick|p1a: Tornadus\n|-resisted|p1a: Tornadus\n|-damage|p1a: Tornadus|70/100\n|\n|-sideend|p2: escapadian|Reflect\n|upkeep\n|\n|t:|1745979818\n|switch|p1b: Kyogre|Kyogre, L50|100/100\n|-weather|RainDance|[from] ability: Drizzle|[of] p1b: Kyogre\n|turn|9\n|\n|t:|1745979844\n|-end|p2b: Iron Hands|Quark Drive|[silent]\n|switch|p2b: Groudon|Groudon, L50, shiny|100/100\n|-weather|SunnyDay|[from] ability: Drought|[of] p2b: Groudon\n|move|p1a: Tornadus|Tailwind|p1a: Tornadus\n|-sidestart|p1: Taijem|move: Tailwind\n|move|p1b: Kyogre|Water Spout|p2a: Miraidon|[spread] p2a,p2b\n|-supereffective|p2b: Groudon\n|-damage|p2a: Miraidon|45/100\n|-damage|p2b: Groudon|58/100\n|move|p2a: Miraidon|Electro Drift|p1a: Tornadus\n|-supereffective|p1a: Tornadus\n|-crit|p1a: Tornadus\n|-damage|p1a: Tornadus|0 fnt\n|faint|p1a: Tornadus\n|\n|-weather|SunnyDay|[upkeep]\n|-heal|p2b: Groudon|63/100|[from] item: Leftovers\n|upkeep\n|turn|10\n|-message|Taijem forfeited.\n|\n|win|escapadian\n|l|\u2606Taijem\n|player|p1|\n||escapadian is ready for game 2.\n||Taijem is ready for game 2.\n|uhtml|next|Next: <a href=\"/battle-gen9vgc2025regibo3-2353657257\"><strong>Game 2 of 3</strong></a>\n", "uploadtime": 1745980119, "views": 6, "formatid": "gen9vgc2025regibo3", "rating": null, "private": 0, "password": null}