{"id": "gen9vgc2025regibo3-2355039878", "format": "[Gen 9] VGC 2025 Reg I (Bo3)", "players": ["ChoerryVGC", "perry1"], "log": "|j|\u2606ChoerryVGC\n|j|\u2606perry1\n|html|<table width=\"100%\"><tr><td align=\"left\">ChoerryVGC</td><td align=\"right\">perry1</tr><tr><td align=\"left\"><i class=\"fa fa-circle-o\"></i> <i class=\"fa fa-circle-o\"></i> </td><td align=\"right\"><i class=\"fa fa-circle-o\"></i> <i class=\"fa fa-circle-o\"></i> </tr></table>\n|uhtml|bestof|<h2><strong>Game 1</strong> of <a href=\"/game-bestof3-gen9vgc2025regibo3-2355039877\">a best-of-3</a></h2>\n|t:|1746145142\n|gametype|doubles\n|player|p1|ChoerryVGC|lacey|1305\n|player|p2|perry1|169|1203\n|teamsize|p1|6\n|teamsize|p2|6\n|gen|9\n|tier|[Gen 9] VGC 2025 Reg I (Bo3)\n|rated|\n|rule|Species Clause: Limit one of each Pok\u00e9mon\n|rule|Item Clause: Limit 1 of each item\n|clearpoke\n|poke|p1|Koraidon, L50|\n|poke|p1|Chi-Yu, L50|\n|poke|p1|Calyrex-Shadow, L50|\n|poke|p1|Weezing-Galar, L50, M|\n|poke|p1|Dondozo, L50, F|\n|poke|p1|Tatsugiri-Droopy, L50, F|\n|poke|p2|Koraidon, L50|\n|poke|p2|Calyrex-Shadow, L50|\n|poke|p2|Entei, L50|\n|poke|p2|Raging Bolt, L50|\n|poke|p2|Indeedee-F, L50, F|\n|poke|p2|Smeargle, L50, M|\n|teampreview|4\n|showteam|p1|Koraidon||AbilityShield|OrichalcumPulse|CollisionCourse,FlareBlitz,FlameCharge,Protect||||||50|,,,,,Fire]Chi-Yu||ChoiceScarf|BeadsofRuin|Overheat,HeatWave,DarkPulse,Snarl||||||50|,,,,,Ghost]Calyrex-Shadow||FocusSash|AsOneSpectrier|AstralBarrage,Disable,Encore,Protect||||||50|,,,,,Ghost]Weezing-Galar||RockyHelmet|NeutralizingGas|DazzlingGleam,ToxicSpikes,PoisonGas,Protect|||M|||50|,,,,,Water]Dondozo||Leftovers|Unaware|OrderUp,BodyPress,Earthquake,Protect|||F|||50|,,,,,Grass]Tatsugiri-Droopy||SafetyGoggles|Commander|MuddyWater,DracoMeteor,Taunt,Protect|||F|||50|,,,,,Fairy\n|showteam|p2|Koraidon||ClearAmulet|OrichalcumPulse|FlareBlitz,CollisionCourse,IronHead,Protect||||||50|,,,,,Fire]Calyrex-Shadow||LifeOrb|AsOneSpectrier|AstralBarrage,ExpandingForce,Substitute,Protect||||||50|,,,,,Fairy]Entei||ChoiceBand|InnerFocus|SacredFire,ExtremeSpeed,Crunch,FlameCharge||||||50|,,,,,Fire]Raging Bolt||AssaultVest|Protosynthesis|Thunderbolt,Thunderclap,Snarl,DragonPulse||||||50|,,,,,Electric]Indeedee-F||RockyHelmet|PsychicSurge|FollowMe,TrickRoom,Imprison,Protect|||F|||50|,,,,,Ground]Smeargle||FocusSash|Technician|Spore,Taunt,WideGuard,SpikyShield|||M|||50|,,,,,Ghost\n|inactive|Battle timer is ON: inactive players will automatically lose when time's up. (requested by ChoerryVGC)\n|j| Chonkyidiot\n|inactive|ChoerryVGC has 60 seconds left.\n|inactive|perry1 has 60 seconds left.\n|\n|t:|1746145182\n|start\n|switch|p1a: Koraidon|Koraidon, L50|100/100\n|switch|p1b: Weezing|Weezing-Galar, L50, M|100/100\n|switch|p2a: Calyrex|Calyrex-Shadow, L50|100/100\n|switch|p2b: Indeedee|Indeedee-F, L50, F|100/100\n|-ability|p1b: Weezing|Neutralizing Gas\n|-block|p1a: Koraidon|item: Ability Shield\n|-ability|p2a: Calyrex|As One\n|-ability|p2a: Calyrex|Unnerve\n|-weather|SunnyDay|[from] ability: Orichalcum Pulse|[of] p1a: Koraidon\n|-activate|p1a: Koraidon|Orichalcum Pulse|[source]\n|turn|1\n|inactive|ChoerryVGC has 30 seconds left.\n|inactive|ChoerryVGC has 20 seconds left.\n|\n|t:|1746145220\n|-terastallize|p1a: Koraidon|Fire\n|move|p2b: Indeedee|Follow Me|p2b: Indeedee\n|-singleturn|p2b: Indeedee|move: Follow Me\n|move|p2a: Calyrex|Astral Barrage|p1a: Koraidon|[spread] p1a,p1b\n|-damage|p1a: Koraidon|24/100\n|-damage|p1b: Weezing|27/100\n|-damage|p2a: Calyrex|91/100|[from] item: Life Orb\n|move|p1a: Koraidon|Flare Blitz|p2b: Indeedee\n|-damage|p2b: Indeedee|0 fnt\n|-damage|p1a: Koraidon|7/100|[from] item: Rocky Helmet|[of] p2b: Indeedee\n|faint|p2b: Indeedee\n|-damage|p1a: Koraidon|0 fnt|[from] Recoil\n|faint|p1a: Koraidon\n|move|p1b: Weezing|Toxic Spikes|p2a: Calyrex\n|-sidestart|p2: perry1|move: Toxic Spikes\n|\n|-weather|SunnyDay|[upkeep]\n|upkeep\n|\n|t:|1746145240\n|switch|p1a: Dondozo|Dondozo, L50, F|100/100\n|switch|p2b: Koraidon|Koraidon, L50|100/100\n|-status|p2b: Koraidon|psn\n|turn|2\n|\n|t:|1746145258\n|-end|p1b: Weezing|ability: Neutralizing Gas\n|-activate|p2b: Koraidon|ability: Orichalcum Pulse\n|switch|p1b: Tatsugiri|Tatsugiri-Droopy, L50, F|100/100\n|-activate|p1b: Tatsugiri|ability: Commander|[of] p1a: Dondozo\n|-boost|p1a: Dondozo|atk|2\n|-boost|p1a: Dondozo|spa|2\n|-boost|p1a: Dondozo|spe|2\n|-boost|p1a: Dondozo|def|2\n|-boost|p1a: Dondozo|spd|2\n|move|p2a: Calyrex|Astral Barrage|p1a: Dondozo|[spread] p1a\n|-miss|p2a: Calyrex|p1b: Tatsugiri\n|-damage|p1a: Dondozo|68/100\n|-damage|p2a: Calyrex|81/100|[from] item: Life Orb\n|move|p2b: Koraidon|Collision Course|p1a: Dondozo\n|-damage|p1a: Dondozo|45/100\n|move|p1a: Dondozo|Earthquake|p2a: Calyrex|[spread] p2a,p2b\n|-miss|p1a: Dondozo|p1b: Tatsugiri\n|-damage|p2a: Calyrex|45/100\n|-damage|p2b: Koraidon|73/100 psn\n|\n|-weather|SunnyDay|[upkeep]\n|-heal|p1a: Dondozo|51/100|[from] item: Leftovers\n|-damage|p2b: Koraidon|61/100 psn|[from] psn\n|upkeep\n|turn|3\n|inactive|perry1 has 30 seconds left.\n|\n|t:|1746145290\n|switch|p2b: Raging Bolt|Raging Bolt, L50|100/100\n|-status|p2b: Raging Bolt|psn\n|-activate|p2b: Raging Bolt|ability: Protosynthesis\n|-start|p2b: Raging Bolt|protosynthesisspa\n|move|p1a: Dondozo|Protect|p1a: Dondozo\n|-singleturn|p1a: Dondozo|Protect\n|move|p2a: Calyrex|Astral Barrage|p1b: Tatsugiri|[spread] \n|-miss|p2a: Calyrex|p1b: Tatsugiri\n|-activate|p1a: Dondozo|move: Protect\n|\n|-weather|SunnyDay|[upkeep]\n|-heal|p1a: Dondozo|57/100|[from] item: Leftovers\n|-damage|p2b: Raging Bolt|88/100 psn|[from] psn\n|upkeep\n|turn|4\n|\n|t:|1746145311\n|move|p2a: Calyrex|Astral Barrage|p1b: Tatsugiri|[spread] p1a\n|-miss|p2a: Calyrex|p1b: Tatsugiri\n|-damage|p1a: Dondozo|24/100\n|-damage|p2a: Calyrex|35/100|[from] item: Life Orb\n|move|p1a: Dondozo|Earthquake|p2a: Calyrex|[spread] p2a,p2b\n|-miss|p1a: Dondozo|p1b: Tatsugiri\n|-supereffective|p2b: Raging Bolt\n|-damage|p2a: Calyrex|0 fnt\n|-damage|p2b: Raging Bolt|40/100 psn\n|faint|p2a: Calyrex\n|move|p2b: Raging Bolt|Thunderbolt|p1a: Dondozo\n|-supereffective|p1a: Dondozo\n|-damage|p1a: Dondozo|0 fnt\n|faint|p1a: Dondozo\n|\n|-weather|SunnyDay|[upkeep]\n|-damage|p2b: Raging Bolt|28/100 psn|[from] psn\n|upkeep\n|\n|t:|1746145330\n|switch|p2a: Koraidon|Koraidon, L50|61/100 psn\n|switch|p1a: Weezing|Weezing-Galar, L50, M|27/100\n|-ability|p1a: Weezing|Neutralizing Gas\n|turn|5\n|\n|t:|1746145343\n|move|p1b: Tatsugiri|Protect|p1b: Tatsugiri\n|-singleturn|p1b: Tatsugiri|Protect\n|move|p1a: Weezing|Protect|p1a: Weezing\n|-singleturn|p1a: Weezing|Protect\n|move|p2a: Koraidon|Collision Course|p1b: Tatsugiri\n|-activate|p1b: Tatsugiri|move: Protect\n|move|p2b: Raging Bolt|Thunderbolt|p1a: Weezing\n|-activate|p1a: Weezing|move: Protect\n|\n|-weather|none\n|-damage|p2a: Koraidon|49/100 psn|[from] psn\n|-damage|p2b: Raging Bolt|16/100 psn|[from] psn\n|upkeep\n|turn|6\n|\n|t:|1746145359\n|move|p2a: Koraidon|Collision Course|p1b: Tatsugiri\n|-damage|p1b: Tatsugiri|20/100\n|move|p1b: Tatsugiri|Draco Meteor|p2a: Koraidon\n|-supereffective|p2a: Koraidon\n|-damage|p2a: Koraidon|0 fnt\n|-unboost|p1b: Tatsugiri|spa|2\n|faint|p2a: Koraidon\n|move|p2b: Raging Bolt|Thunderbolt|p1a: Weezing\n|-damage|p1a: Weezing|0 fnt\n|faint|p1a: Weezing\n|-end|p1a: Weezing|ability: Neutralizing Gas\n|-end|p2b: Raging Bolt|Protosynthesis\n|\n|-damage|p2b: Raging Bolt|3/100 psn|[from] psn\n|upkeep\n|turn|7\n|\n|t:|1746145373\n|move|p1b: Tatsugiri|Protect|p1b: Tatsugiri\n|-singleturn|p1b: Tatsugiri|Protect\n|move|p2b: Raging Bolt|Thunderclap||[still]\n|-fail|p2b: Raging Bolt\n|\n|-damage|p2b: Raging Bolt|0 fnt|[from] psn\n|faint|p2b: Raging Bolt\n|-end|p2b: Raging Bolt|Protosynthesis|[silent]\n|\n|win|ChoerryVGC\n||ChoerryVGC is ready for game 2.\n||perry1 is ready for game 2.\n|uhtml|next|Next: <a href=\"/battle-gen9vgc2025regibo3-2355041908\"><strong>Game 2 of 3</strong></a>\n|l|\u2606perry1\n|player|p2|\n", "uploadtime": 1746145615, "views": 19, "formatid": "gen9vgc2025regibo3", "rating": null, "private": 0, "password": null}