{"id": "gen9vgc2025regibo3-2354333371", "format": "[Gen 9] VGC 2025 Reg I (Bo3)", "players": ["ZekromAllDay", "swayernewb"], "log": "|j|\u2606ZekromAllDay\n|j|\u2606swayernewb\n|html|<table width=\"100%\"><tr><td align=\"left\">ZekromAllDay</td><td align=\"right\">swayernewb</tr><tr><td align=\"left\"><i class=\"fa fa-circle-o\"></i> <i class=\"fa fa-circle-o\"></i> </td><td align=\"right\"><i class=\"fa fa-circle-o\"></i> <i class=\"fa fa-circle-o\"></i> </tr></table>\n|uhtml|bestof|<h2><strong>Game 1</strong> of <a href=\"/game-bestof3-gen9vgc2025regibo3-2354333370\">a best-of-3</a></h2>\n|t:|1746058520\n|gametype|doubles\n|player|p1|ZekromAllDay|170|1175\n|player|p2|swayernewb|266|1226\n|teamsize|p1|6\n|teamsize|p2|6\n|gen|9\n|tier|[Gen 9] VGC 2025 Reg I (Bo3)\n|rated|\n|rule|Species Clause: Limit one of each Pok\u00e9mon\n|rule|Item Clause: Limit 1 of each item\n|clearpoke\n|poke|p1|Miraidon, L50|\n|poke|p1|Calyrex-Ice, L50|\n|poke|p1|Whimsicott, L50, F|\n|poke|p1|Farigiraf, L50, F|\n|poke|p1|Tauros-Paldea-Blaze, L50, M|\n|poke|p1|Ogerpon-Wellspring, L50, F|\n|poke|p2|Calyrex-Ice, L50|\n|poke|p2|Koraidon, L50|\n|poke|p2|Raging Bolt, L50|\n|poke|p2|Landorus, L50, M|\n|poke|p2|Grimmsnarl, L50, M|\n|poke|p2|Incineroar, L50, M|\n|teampreview|4\n|showteam|p1|Miraidon||ChoiceSpecs|HadronEngine|ElectroDrift,VoltSwitch,DracoMeteor,DazzlingGleam||||||50|,,,,,Fairy]Calyrex-Ice||ClearAmulet|AsOneGlastrier|GlacialLance,HighHorsepower,TrickRoom,Protect||||||50|,,,,,Water]Whimsicott||CovertCloak|Prankster|Tailwind,Encore,Moonblast,LightScreen|||F|||50|,,,,,Dark]Farigiraf||ElectricSeed|ArmorTail|PsychicNoise,FoulPlay,TrickRoom,HelpingHand|||F|||50|,,,,,Fairy]Tauros-Paldea-Blaze||FocusSash|Intimidate|RagingBull,FlareBlitz,CloseCombat,Protect|||M|||50|,,,,,Fire]Ogerpon-Wellspring||WellspringMask|WaterAbsorb|IvyCudgel,HornLeech,SpikyShield,FollowMe|||F|||50|,,,,,Water\n|showteam|p2|Calyrex-Ice||ClearAmulet|AsOneGlastrier|GlacialLance,HighHorsepower,TrickRoom,Protect||||||50|,,,,,Water]Koraidon||LifeOrb|OrichalcumPulse|FlameCharge,FlareBlitz,CloseCombat,Protect||||||50|,,,,,Fire]Raging Bolt||AssaultVest|Protosynthesis|Thunderbolt,DracoMeteor,Thunderclap,VoltSwitch||||||50|,,,,,Electric]Landorus||ChoiceScarf|SheerForce|EarthPower,SludgeBomb,SandsearStorm,Uturn|||M|||50|,,,,,Poison]Grimmsnarl||LightClay|Prankster|LightScreen,Reflect,ThunderWave,SpiritBreak|||M|||50|,,,,,Dark]Incineroar||RockyHelmet|Intimidate|WillOWisp,KnockOff,FakeOut,PartingShot|||M|||50|,,,,,Ghost\n|\n|t:|1746058552\n|start\n|switch|p1a: Calyrex|Calyrex-Ice, L50|100/100\n|switch|p1b: Miraidon|Miraidon, L50|100/100\n|switch|p2a: Grimmsnarl|Grimmsnarl, L50, M|100/100\n|switch|p2b: Calyrex|Calyrex-Ice, L50|100/100\n|-ability|p2b: Calyrex|As One\n|-ability|p2b: Calyrex|Unnerve\n|-ability|p1a: Calyrex|As One\n|-ability|p1a: Calyrex|Unnerve\n|-fieldstart|move: Electric Terrain|[from] ability: Hadron Engine|[of] p1b: Miraidon\n|turn|1\n|\n|t:|1746058570\n|switch|p1a: Farigiraf|Farigiraf, L50, F|100/100\n|-enditem|p1a: Farigiraf|Electric Seed\n|-boost|p1a: Farigiraf|def|1|[from] item: Electric Seed\n|-terastallize|p1b: Miraidon|Fairy\n|move|p2a: Grimmsnarl|Light Screen|p2a: Grimmsnarl\n|-sidestart|p2: swayernewb|move: Light Screen\n|move|p1b: Miraidon|Electro Drift|p2b: Calyrex\n|-damage|p2b: Calyrex|32/100\n|move|p2b: Calyrex|Glacial Lance|p1a: Farigiraf|[spread] p1a,p1b\n|-damage|p1a: Farigiraf|64/100\n|-damage|p1b: Miraidon|40/100\n|\n|upkeep\n|turn|2\n|\n|t:|1746058619\n|switch|p2b: Raging Bolt|Raging Bolt, L50|100/100\n|move|p1b: Miraidon|Electro Drift|p2a: Grimmsnarl\n|-damage|p2a: Grimmsnarl|6/100\n|move|p1a: Farigiraf|Foul Play|p2b: Raging Bolt\n|-damage|p2b: Raging Bolt|87/100\n|move|p2a: Grimmsnarl|Spirit Break|p1b: Miraidon\n|-damage|p1b: Miraidon|10/100\n|-unboost|p1b: Miraidon|spa|1\n|\n|upkeep\n|turn|3\n|\n|t:|1746058659\n|move|p2a: Grimmsnarl|Reflect|p2a: Grimmsnarl\n|-sidestart|p2: swayernewb|Reflect\n|move|p1b: Miraidon|Electro Drift|p2b: Raging Bolt\n|-resisted|p2b: Raging Bolt\n|-damage|p2b: Raging Bolt|77/100\n|move|p2b: Raging Bolt|Thunderbolt|p1a: Farigiraf\n|-damage|p1a: Farigiraf|12/100\n|move|p1a: Farigiraf|Trick Room|p1a: Farigiraf\n|-fieldstart|move: Trick Room|[of] p1a: Farigiraf\n|\n|upkeep\n|turn|4\n|\n|t:|1746058693\n|move|p2a: Grimmsnarl|Spirit Break|p1b: Miraidon\n|-damage|p1b: Miraidon|0 fnt\n|faint|p1b: Miraidon\n|move|p1a: Farigiraf|Psychic Noise|p2b: Raging Bolt\n|-damage|p2b: Raging Bolt|63/100\n|-start|p2b: Raging Bolt|move: Heal Block\n|move|p2b: Raging Bolt|Thunderbolt|p1a: Farigiraf\n|-damage|p1a: Farigiraf|0 fnt\n|faint|p1a: Farigiraf\n|\n|upkeep\n|\n|t:|1746058696\n|switch|p1a: Calyrex|Calyrex-Ice, L50|100/100\n|switch|p1b: Tauros|Tauros-Paldea-Blaze, L50, M|100/100\n|-ability|p1a: Calyrex|As One\n|-ability|p1a: Calyrex|Unnerve\n|-ability|p1b: Tauros|Intimidate|boost\n|-unboost|p2a: Grimmsnarl|atk|1\n|-unboost|p2b: Raging Bolt|atk|1\n|turn|5\n|\n|t:|1746058729\n|-terastallize|p2b: Raging Bolt|Electric\n|move|p1b: Tauros|Protect|p1b: Tauros\n|-singleturn|p1b: Tauros|Protect\n|move|p1a: Calyrex|Glacial Lance|p2b: Raging Bolt|[spread] p2a,p2b\n|-crit|p2a: Grimmsnarl\n|-damage|p2a: Grimmsnarl|0 fnt\n|-damage|p2b: Raging Bolt|28/100\n|faint|p2a: Grimmsnarl\n|-ability|p1a: Calyrex|Chilling Neigh|boost\n|-boost|p1a: Calyrex|atk|1\n|move|p2b: Raging Bolt|Thunderbolt|p1b: Tauros\n|-activate|p1b: Tauros|move: Protect\n|\n|-end|p2b: Raging Bolt|move: Heal Block\n|-fieldend|move: Electric Terrain\n|upkeep\n|\n|t:|1746058739\n|switch|p2a: Calyrex|Calyrex-Ice, L50|32/100\n|-ability|p2a: Calyrex|As One\n|-ability|p2a: Calyrex|Unnerve\n|turn|6\n|\n|t:|1746058767\n|move|p2b: Raging Bolt|Thunderclap|p1b: Tauros\n|-damage|p1b: Tauros|22/100\n|move|p1a: Calyrex|Glacial Lance|p2a: Calyrex|[spread] p2a,p2b\n|-resisted|p2a: Calyrex\n|-damage|p2a: Calyrex|12/100\n|-damage|p2b: Raging Bolt|0 fnt\n|faint|p2b: Raging Bolt\n|-end|p2b: Raging Bolt|Protosynthesis|[silent]\n|-ability|p1a: Calyrex|Chilling Neigh|boost\n|-boost|p1a: Calyrex|atk|1\n|move|p2a: Calyrex|High Horsepower|p1b: Tauros\n|-supereffective|p1b: Tauros\n|-damage|p1b: Tauros|0 fnt\n|faint|p1b: Tauros\n|-ability|p2a: Calyrex|Chilling Neigh|boost\n|-boost|p2a: Calyrex|atk|1\n|\n|upkeep\n|\n|t:|1746058773\n|switch|p2b: Koraidon|Koraidon, L50|100/100\n|-weather|SunnyDay|[from] ability: Orichalcum Pulse|[of] p2b: Koraidon\n|-activate|p2b: Koraidon|Orichalcum Pulse|[source]\n|turn|7\n|\n|t:|1746058802\n|move|p2a: Calyrex|Protect|p2a: Calyrex\n|-singleturn|p2a: Calyrex|Protect\n|move|p2b: Koraidon|Protect|p2b: Koraidon\n|-singleturn|p2b: Koraidon|Protect\n|move|p1a: Calyrex|Glacial Lance|p2a: Calyrex|[spread] \n|-activate|p2a: Calyrex|move: Protect\n|-activate|p2b: Koraidon|move: Protect\n|\n|-weather|SunnyDay|[upkeep]\n|-fieldend|move: Trick Room\n|upkeep\n|turn|8\n|\n|t:|1746058812\n|move|p1a: Calyrex|Protect|p1a: Calyrex\n|-singleturn|p1a: Calyrex|Protect\n|move|p2b: Koraidon|Flare Blitz|p1a: Calyrex\n|-activate|p1a: Calyrex|move: Protect\n|move|p2a: Calyrex|Glacial Lance|p1a: Calyrex\n|-activate|p1a: Calyrex|move: Protect\n|\n|-weather|SunnyDay|[upkeep]\n|-sideend|p2: swayernewb|move: Light Screen\n|upkeep\n|turn|9\n|\n|t:|1746058818\n|move|p2b: Koraidon|Flare Blitz|p1a: Calyrex\n|-supereffective|p1a: Calyrex\n|-damage|p1a: Calyrex|0 fnt\n|faint|p1a: Calyrex\n|-damage|p2b: Koraidon|62/100|[from] Recoil\n|-damage|p2b: Koraidon|53/100|[from] item: Life Orb\n|\n|win|swayernewb\n||ZekromAllDay is ready for game 2.\n||swayernewb is ready for game 2.\n|uhtml|next|Next: <a href=\"/battle-gen9vgc2025regibo3-2354335831\"><strong>Game 2 of 3</strong></a>\n", "uploadtime": 1746059190, "views": 20, "formatid": "gen9vgc2025regibo3", "rating": null, "private": 0, "password": null}