{"id": "gen9vgc2025regibo3-2353955874", "format": "[Gen 9] VGC 2025 Reg I (Bo3)", "players": ["DragonflyWarrior", "kiet34g"], "log": "|j|\u2606DragonflyWarrior\n|j|\u2606kiet34g\n|html|<table width=\"100%\"><tr><td align=\"left\">DragonflyWarrior</td><td align=\"right\">kiet34g</tr><tr><td align=\"left\"><i class=\"fa fa-circle-o\"></i> <i class=\"fa fa-circle-o\"></i> </td><td align=\"right\"><i class=\"fa fa-circle-o\"></i> <i class=\"fa fa-circle\"></i> </tr></table>\n|uhtml|bestof|<h2><strong>Game 2</strong> of <a href=\"/game-bestof3-gen9vgc2025regibo3-2353953208\">a best-of-3</a></h2>\n|t:|1746022400\n|gametype|doubles\n|player|p1|DragonflyWarrior|iris-gen5bw2|1038\n|player|p2|kiet34g|1|1012\n|teamsize|p1|6\n|teamsize|p2|6\n|gen|9\n|tier|[Gen 9] VGC 2025 Reg I (Bo3)\n|rated|\n|rule|Species Clause: Limit one of each Pok\u00e9mon\n|rule|Item Clause: Limit 1 of each item\n|clearpoke\n|poke|p1|Krookodile, L50, F|\n|poke|p1|Kyurem-White, L50|\n|poke|p1|Ninetales-Alola, L50, M|\n|poke|p1|Zamazenta-*, L50|\n|poke|p1|Urshifu-*, L50, M|\n|poke|p1|Sandslash-Alola, L50, M|\n|poke|p2|Ninetales-Alola, L50, M|\n|poke|p2|Koraidon, L50|\n|poke|p2|Venusaur, L50, F|\n|poke|p2|Kyogre, L50|\n|poke|p2|Barraskewda, L50, M|\n|poke|p2|Iron Bundle, L50|\n|teampreview|4\n|showteam|p1|Krookodile||AbilityShield|Intimidate|Crunch,KnockOff,Earthquake,Protect|||F|||50|,,,,,Stellar]Kyurem-White||AssaultVest|Turboblaze|Blizzard,EarthPower,DracoMeteor,FusionFlare||||||50|,,,,,Ghost]Ninetales-Alola||FocusSash|SnowWarning|AuroraVeil,Moonblast,FreezeDry,Blizzard|||M|||50|,,,,,Stellar]Zamazenta-Crowned||RustedShield|DauntlessShield|BodyPress,behemothbash,IronDefense,Protect||||||50|,,,,,Psychic]Urshifu||LifeOrb|UnseenFist|WickedBlow,CloseCombat,Detect,SuckerPunch|||M|||50|,,,,,Stellar]Sandslash-Alola||RockyHelmet|SlushRush|Earthquake,Protect,IronHead,IceSpinner|||M|||50|,,,,,Ground\n|showteam|p2|Ninetales-Alola||CovertCloak|SnowWarning|AuroraVeil,Blizzard,DazzlingGleam,Encore|||M|||50|,,,,,Water]Koraidon||LifeOrb|OrichalcumPulse|CollisionCourse,DragonClaw,FlameCharge,Protect||||||50|,,,,,Fire]Venusaur||RockyHelmet|Chlorophyll|LeafStorm,Toxic,SleepPowder,SolarBeam|||F|||50|,,,,,Dark]Kyogre||ChoiceScarf|Drizzle|Thunder,WaterSpout,IceBeam,Protect||||||50|,,,,,Grass]Barraskewda||FocusSash|SwiftSwim|CloseCombat,Crunch,PoisonJab,PsychicFangs|||M|||50|,,,,,Ground]Iron Bundle||BoosterEnergy|QuarkDrive|Blizzard,FreezeDry,TeraBlast,Protect||||||50|,,,,,Ground\n|\n|t:|1746022429\n|start\n|switch|p1a: Ninetales|Ninetales-Alola, L50, M|100/100\n|switch|p1b: Kyurem|Kyurem-White, L50|100/100\n|switch|p2a: Kyogre|Kyogre, L50, shiny|100/100\n|switch|p2b: Barraskewda|Barraskewda, L50, M, shiny|100/100\n|-weather|RainDance|[from] ability: Drizzle|[of] p2a: Kyogre\n|-weather|Snowscape|[from] ability: Snow Warning|[of] p1a: Ninetales\n|-ability|p1b: Kyurem|Turboblaze\n|turn|1\n|\n|t:|1746022449\n|move|p2a: Kyogre|Water Spout|p1a: Ninetales|[spread] p1a,p1b\n|-resisted|p1b: Kyurem\n|-damage|p1a: Ninetales|33/100\n|-damage|p1b: Kyurem|82/100\n|move|p2b: Barraskewda|Poison Jab|p1a: Ninetales\n|-supereffective|p1a: Ninetales\n|-damage|p1a: Ninetales|0 fnt\n|faint|p1a: Ninetales\n|move|p1b: Kyurem|Draco Meteor|p2a: Kyogre\n|-damage|p2a: Kyogre|35/100\n|-unboost|p1b: Kyurem|spa|2\n|\n|-weather|Snowscape|[upkeep]\n|upkeep\n|\n|t:|1746022461\n|switch|p1a: Urshifu|Urshifu, L50, M|100/100\n|turn|2\n|\n|t:|1746022471\n|switch|p2a: Koraidon|Koraidon, L50|100/100\n|-weather|SunnyDay|[from] ability: Orichalcum Pulse|[of] p2a: Koraidon\n|-activate|p2a: Koraidon|Orichalcum Pulse|[source]\n|switch|p1b: Zamazenta|Zamazenta-Crowned, L50|100/100\n|-ability|p1b: Zamazenta|Dauntless Shield|boost\n|-boost|p1b: Zamazenta|def|1\n|-terastallize|p2b: Barraskewda|Ground\n|move|p2b: Barraskewda|Close Combat|p1a: Urshifu\n|-supereffective|p1a: Urshifu\n|-damage|p1a: Urshifu|16/100\n|-unboost|p2b: Barraskewda|def|1\n|-unboost|p2b: Barraskewda|spd|1\n|move|p1a: Urshifu|Wicked Blow|p2a: Koraidon\n|-resisted|p2a: Koraidon\n|-crit|p2a: Koraidon\n|-damage|p2a: Koraidon|65/100\n|-damage|p1a: Urshifu|6/100|[from] item: Life Orb\n|\n|-weather|SunnyDay|[upkeep]\n|upkeep\n|turn|3\n|\n|t:|1746022510\n|-terastallize|p1b: Zamazenta|Psychic\n|move|p2a: Koraidon|Protect|p2a: Koraidon\n|-singleturn|p2a: Koraidon|Protect\n|move|p1a: Urshifu|Sucker Punch|p2b: Barraskewda\n|-enditem|p2b: Barraskewda|Focus Sash\n|-damage|p2b: Barraskewda|1/100\n|-damage|p1a: Urshifu|0 fnt|[from] item: Life Orb\n|faint|p1a: Urshifu\n|move|p2b: Barraskewda|Poison Jab|p1b: Zamazenta\n|-damage|p1b: Zamazenta|88/100\n|-status|p1b: Zamazenta|psn\n|move|p1b: Zamazenta|Body Press|p2a: Koraidon\n|-activate|p2a: Koraidon|move: Protect\n|\n|-weather|SunnyDay|[upkeep]\n|-damage|p1b: Zamazenta|75/100 psn|[from] psn\n|upkeep\n|\n|t:|1746022526\n|switch|p1a: Kyurem|Kyurem-White, L50|82/100\n|-ability|p1a: Kyurem|Turboblaze\n|turn|4\n|\n|t:|1746022571\n|move|p2b: Barraskewda|Close Combat|p1a: Kyurem\n|-supereffective|p1a: Kyurem\n|-damage|p1a: Kyurem|7/100\n|-unboost|p2b: Barraskewda|def|1\n|-unboost|p2b: Barraskewda|spd|1\n|move|p1b: Zamazenta|Behemoth Bash|p2b: Barraskewda\n|-damage|p2b: Barraskewda|0 fnt\n|faint|p2b: Barraskewda\n|move|p2a: Koraidon|Dragon Claw|p1a: Kyurem\n|-supereffective|p1a: Kyurem\n|-damage|p1a: Kyurem|0 fnt\n|faint|p1a: Kyurem\n|-damage|p2a: Koraidon|55/100|[from] item: Life Orb\n|\n|-weather|SunnyDay|[upkeep]\n|-damage|p1b: Zamazenta|63/100 psn|[from] psn\n|upkeep\n|inactive|Battle timer is ON: inactive players will automatically lose when time's up. (requested by DragonflyWarrior)\n|\n|t:|1746022579\n|switch|p2b: Kyogre|Kyogre, L50, shiny|35/100\n|-weather|RainDance|[from] ability: Drizzle|[of] p2b: Kyogre\n|turn|5\n|\n|t:|1746022596\n|move|p2b: Kyogre|Thunder|p1b: Zamazenta\n|-damage|p1b: Zamazenta|33/100 psn\n|move|p1b: Zamazenta|Body Press|p2b: Kyogre\n|-damage|p2b: Kyogre|0 fnt\n|faint|p2b: Kyogre\n|move|p2a: Koraidon|Dragon Claw|p1b: Zamazenta\n|-damage|p1b: Zamazenta|8/100 psn\n|-damage|p2a: Koraidon|46/100|[from] item: Life Orb\n|\n|-weather|RainDance|[upkeep]\n|-damage|p1b: Zamazenta|0 fnt|[from] psn\n|faint|p1b: Zamazenta\n|\n|win|kiet34g\n|raw|DragonflyWarrior's rating: 1038 &rarr; <strong>1021</strong><br />(-17 for losing)\n|raw|kiet34g's rating: 1012 &rarr; <strong>1053</strong><br />(+41 for winning)\n|l|\u2606DragonflyWarrior\n|player|p1|\n", "uploadtime": 1746022818, "views": 6, "formatid": "gen9vgc2025regibo3", "rating": 1021, "private": 0, "password": null}