{"id": "gen9vgc2025regibo3-2354895894", "format": "[Gen 9] VGC 2025 Reg I (Bo3)", "players": ["subinator", "catcatscats"], "log": "|j|\u2606subinator\n|j|\u2606catcatscats\n|html|<table width=\"100%\"><tr><td align=\"left\">subinator</td><td align=\"right\">catcatscats</tr><tr><td align=\"left\"><i class=\"fa fa-circle-o\"></i> <i class=\"fa fa-circle-o\"></i> </td><td align=\"right\"><i class=\"fa fa-circle-o\"></i> <i class=\"fa fa-circle\"></i> </tr></table>\n|uhtml|bestof|<h2><strong>Game 2</strong> of <a href=\"/game-bestof3-gen9vgc2025regibo3-2354892103\">a best-of-3</a></h2>\n|t:|1746129451\n|gametype|doubles\n|player|p1|subinator|2|1134\n|player|p2|catcatscats|pokekid|1228\n|teamsize|p1|6\n|teamsize|p2|6\n|gen|9\n|tier|[Gen 9] VGC 2025 Reg I (Bo3)\n|rated|\n|rule|Species Clause: Limit one of each Pok\u00e9mon\n|rule|Item Clause: Limit 1 of each item\n|clearpoke\n|poke|p1|Iron Valiant, L50|\n|poke|p1|Iron Hands, L50|\n|poke|p1|Miraidon, L50|\n|poke|p1|Weezing-Galar, L50, M|\n|poke|p1|Calyrex-Ice, L50|\n|poke|p1|Iron Bundle, L50|\n|poke|p2|Miraidon, L50|\n|poke|p2|Calyrex-Ice, L50|\n|poke|p2|Landorus, L50, M|\n|poke|p2|Ogerpon-Hearthflame, L50, F|\n|poke|p2|Iron Jugulis, L50|\n|poke|p2|Urshifu-*, L50, F|\n|teampreview|4\n|showteam|p1|Iron Valiant||CovertCloak|QuarkDrive|CloseCombat,KnockOff,WideGuard,Feint||||||50|,,,,,Ghost]Iron Hands||PunchingGlove|QuarkDrive|FakeOut,DrainPunch,ThunderPunch,Detect||||||50|,,,,,Poison]Miraidon||EjectPack|HadronEngine|Protect,Overheat,VoltSwitch,DracoMeteor||||||50|,,,,,Fire]Weezing-Galar||AirBalloon|NeutralizingGas|DazzlingGleam,WillOWisp,SludgeBomb,Protect|||M|||50|,,,,,Steel]Calyrex-Ice||ClearAmulet|AsOneGlastrier|GlacialLance,HighHorsepower,TrickRoom,Protect||||||50|,,,,,Steel]Iron Bundle||FocusSash|QuarkDrive|IcyWind,Taunt,HydroPump,Protect||||||50|,,,,,Ghost\n|showteam|p2|Miraidon||ChoiceSpecs|HadronEngine|VoltSwitch,DracoMeteor,ElectroDrift,DazzlingGleam||||||50|,,,,,Fairy]Calyrex-Ice||ClearAmulet|AsOneGlastrier|GlacialLance,HighHorsepower,Protect,TrickRoom||||||50|,,,,,Water]Landorus||LifeOrb|SheerForce|SandsearStorm,SludgeBomb,EarthPower,Protect|||M|||50|,,,,,Water]Ogerpon-Hearthflame||HearthflameMask|MoldBreaker|IvyCudgel,HornLeech,FollowMe,SpikyShield|||F|||50|,,,,,Fire]Iron Jugulis||BoosterEnergy|QuarkDrive|Tailwind,AirSlash,Snarl,Protect||||||50|,,,,,Poison]Urshifu-Rapid-Strike||MysticWater|UnseenFist|SurgingStrikes,CloseCombat,AquaJet,Detect|||F|||50|,,,,,Water\n|j| Hydrion\n|\n|t:|1746129492\n|start\n|switch|p1a: Miraidon|Miraidon, L50|100/100\n|switch|p1b: Iron Hands|Iron Hands, L50|100/100\n|switch|p2a: Calyrex|Calyrex-Ice, L50|100/100\n|switch|p2b: Ogerpon|Ogerpon-Hearthflame, L50, F|100/100\n|-ability|p2a: Calyrex|As One\n|-ability|p2a: Calyrex|Unnerve\n|-fieldstart|move: Electric Terrain|[from] ability: Hadron Engine|[of] p1a: Miraidon\n|-activate|p1b: Iron Hands|ability: Quark Drive\n|-start|p1b: Iron Hands|quarkdriveatk\n|-ability|p2b: Ogerpon|Mold Breaker\n|turn|1\n|\n|t:|1746129520\n|move|p2b: Ogerpon|Spiky Shield|p2b: Ogerpon\n|-singleturn|p2b: Ogerpon|move: Protect\n|move|p2a: Calyrex|Protect|p2a: Calyrex\n|-singleturn|p2a: Calyrex|Protect\n|move|p1b: Iron Hands|Fake Out|p2a: Calyrex\n|-activate|p2a: Calyrex|move: Protect\n|move|p1a: Miraidon|Volt Switch|p2b: Ogerpon\n|-activate|p2b: Ogerpon|move: Protect\n|\n|upkeep\n|turn|2\n|\n|t:|1746129545\n|move|p1a: Miraidon|Draco Meteor|p2b: Ogerpon\n|-damage|p2b: Ogerpon|0 fnt\n|-unboost|p1a: Miraidon|spa|2\n|-enditem|p1a: Miraidon|Eject Pack\n|faint|p2b: Ogerpon\n|\n|t:|1746129555\n|switch|p1a: Calyrex|Calyrex-Ice, L50|100/100\n|-ability|p1a: Calyrex|As One\n|-ability|p1a: Calyrex|Unnerve\n|move|p2a: Calyrex|Glacial Lance|p1b: Iron Hands|[spread] p1a,p1b\n|-resisted|p1a: Calyrex\n|-damage|p1a: Calyrex|83/100\n|-damage|p1b: Iron Hands|65/100\n|move|p1b: Iron Hands|Thunder Punch|p2a: Calyrex\n|-damage|p2a: Calyrex|54/100\n|\n|upkeep\n|\n|t:|1746129589\n|switch|p2b: Miraidon|Miraidon, L50|100/100\n|-activate|p2b: Miraidon|ability: Hadron Engine\n|turn|3\n|\n|t:|1746129626\n|-terastallize|p2b: Miraidon|Fairy\n|move|p2a: Calyrex|Protect|p2a: Calyrex\n|-singleturn|p2a: Calyrex|Protect\n|move|p1a: Calyrex|Protect|p1a: Calyrex\n|-singleturn|p1a: Calyrex|Protect\n|move|p1b: Iron Hands|Detect|p1b: Iron Hands\n|-singleturn|p1b: Iron Hands|Protect\n|move|p2b: Miraidon|Dazzling Gleam|p1b: Iron Hands|[spread] \n|-activate|p1a: Calyrex|move: Protect\n|-activate|p1b: Iron Hands|move: Protect\n|\n|upkeep\n|turn|4\n|\n|t:|1746129663\n|-terastallize|p1b: Iron Hands|Poison\n|move|p2a: Calyrex|Protect|p2a: Calyrex\n|-singleturn|p2a: Calyrex|Protect\n|move|p2b: Miraidon|Dazzling Gleam|p1b: Iron Hands|[spread] p1a,p1b\n|-resisted|p1b: Iron Hands\n|-damage|p1a: Calyrex|40/100\n|-damage|p1b: Iron Hands|39/100\n|move|p1a: Calyrex|Glacial Lance|p2a: Calyrex|[spread] p2b\n|-activate|p2a: Calyrex|move: Protect\n|-damage|p2b: Miraidon|46/100\n|move|p1b: Iron Hands|Drain Punch|p2a: Calyrex\n|-activate|p2a: Calyrex|move: Protect\n|\n|upkeep\n|turn|5\n|\n|t:|1746129686\n|move|p1a: Calyrex|Protect|p1a: Calyrex\n|-singleturn|p1a: Calyrex|Protect\n|move|p1b: Iron Hands|Detect|p1b: Iron Hands\n|-singleturn|p1b: Iron Hands|Protect\n|move|p2b: Miraidon|Dazzling Gleam|p1b: Iron Hands|[spread] \n|-activate|p1a: Calyrex|move: Protect\n|-activate|p1b: Iron Hands|move: Protect\n|move|p2a: Calyrex|Glacial Lance|p1b: Iron Hands|[spread] \n|-activate|p1a: Calyrex|move: Protect\n|-activate|p1b: Iron Hands|move: Protect\n|\n|-fieldend|move: Electric Terrain\n|-end|p1b: Iron Hands|Quark Drive\n|upkeep\n|turn|6\n|l| Hydrion\n|\n|t:|1746129729\n|move|p2b: Miraidon|Dazzling Gleam|p1b: Iron Hands|[spread] p1a,p1b\n|-resisted|p1b: Iron Hands\n|-damage|p1a: Calyrex|5/100\n|-damage|p1b: Iron Hands|22/100\n|move|p2a: Calyrex|Glacial Lance|p1a: Calyrex|[spread] p1a,p1b\n|-resisted|p1a: Calyrex\n|-crit|p1a: Calyrex\n|-damage|p1a: Calyrex|0 fnt\n|-damage|p1b: Iron Hands|0 fnt\n|faint|p1a: Calyrex\n|faint|p1b: Iron Hands\n|-end|p1b: Iron Hands|Quark Drive|[silent]\n|-ability|p2a: Calyrex|Chilling Neigh|boost\n|-boost|p2a: Calyrex|atk|2\n|\n|upkeep\n|\n|t:|1746129736\n|switch|p1a: Miraidon|Miraidon, L50|100/100\n|switch|p1b: Iron Bundle|Iron Bundle, L50|100/100\n|-fieldstart|move: Electric Terrain|[from] ability: Hadron Engine|[of] p1a: Miraidon\n|-activate|p1b: Iron Bundle|ability: Quark Drive\n|-start|p1b: Iron Bundle|quarkdrivespe\n|turn|7\n|\n|t:|1746129767\n|move|p1b: Iron Bundle|Hydro Pump|p2b: Miraidon\n|-damage|p2b: Miraidon|0 fnt\n|faint|p2b: Miraidon\n|move|p1a: Miraidon|Draco Meteor|p2a: Calyrex|[miss]\n|-miss|p1a: Miraidon|p2a: Calyrex\n|move|p2a: Calyrex|Glacial Lance|p1b: Iron Bundle|[spread] p1a,p1b\n|-supereffective|p1a: Miraidon\n|-resisted|p1b: Iron Bundle\n|-damage|p1a: Miraidon|0 fnt\n|-damage|p1b: Iron Bundle|68/100\n|faint|p1a: Miraidon\n|-ability|p2a: Calyrex|Chilling Neigh|boost\n|-boost|p2a: Calyrex|atk|1\n|\n|upkeep\n|\n|t:|1746129772\n|switch|p2b: Iron Jugulis|Iron Jugulis, L50|100/100\n|-activate|p2b: Iron Jugulis|ability: Quark Drive\n|-start|p2b: Iron Jugulis|quarkdrivespe\n|turn|8\n|c|\u2606subinator|dang\n|c|\u2606subinator|gg\n|\n|t:|1746129787\n|move|p1b: Iron Bundle|Icy Wind|p2a: Calyrex|[spread] p2a,p2b\n|-resisted|p2a: Calyrex\n|-supereffective|p2b: Iron Jugulis\n|-damage|p2a: Calyrex|47/100\n|-damage|p2b: Iron Jugulis|50/100\n|-unboost|p2b: Iron Jugulis|spe|1\n|move|p2b: Iron Jugulis|Snarl|p1b: Iron Bundle\n|-damage|p1b: Iron Bundle|15/100\n|-unboost|p1b: Iron Bundle|spa|1\n|move|p2a: Calyrex|Glacial Lance|p1b: Iron Bundle\n|-resisted|p1b: Iron Bundle\n|-damage|p1b: Iron Bundle|0 fnt\n|faint|p1b: Iron Bundle\n|-end|p1b: Iron Bundle|Quark Drive|[silent]\n|\n|win|catcatscats\n|raw|subinator's rating: 1134 &rarr; <strong>1116</strong><br />(-18 for losing)\n|raw|catcatscats's rating: 1228 &rarr; <strong>1246</strong><br />(+18 for winning)\n|l|\u2606subinator\n|player|p1|\n", "uploadtime": 1746129820, "views": 5, "formatid": "gen9vgc2025regibo3", "rating": 1116, "private": 0, "password": null}