{"id": "gen9vgc2025regibo3-2354413932", "format": "[Gen 9] VGC 2025 Reg I (Bo3)", "players": ["Alecat", "Shiftyeyes"], "log": "|j|\u2606Alecat\n|j|\u2606Shiftyeyes\n|html|<table width=\"100%\"><tr><td align=\"left\">Alecat</td><td align=\"right\">Shiftyeyes</tr><tr><td align=\"left\"><i class=\"fa fa-circle\"></i> <i class=\"fa fa-circle-o\"></i> </td><td align=\"right\"><i class=\"fa fa-circle-o\"></i> <i class=\"fa fa-circle\"></i> </tr></table>\n|uhtml|bestof|<h2><strong>Game 3</strong> of <a href=\"/game-bestof3-gen9vgc2025regibo3-2354410180\">a best-of-3</a></h2>\n|t:|1746068417\n|gametype|doubles\n|player|p1|Alecat|scientistf|1108\n|player|p2|Shiftyeyes|265|1067\n|teamsize|p1|6\n|teamsize|p2|6\n|gen|9\n|tier|[Gen 9] VGC 2025 Reg I (Bo3)\n|rated|\n|rule|Species Clause: Limit one of each Pok\u00e9mon\n|rule|Item Clause: Limit 1 of each item\n|clearpoke\n|poke|p1|Terapagos, L50, M|\n|poke|p1|Mienshao, L50, M|\n|poke|p1|Comfey, L50, M|\n|poke|p1|Rillaboom, L50, F|\n|poke|p1|Calyrex-Shadow, L50|\n|poke|p1|Farigiraf, L50, M|\n|poke|p2|Zacian-*, L50|\n|poke|p2|Miraidon, L50|\n|poke|p2|Farigiraf, L50, M|\n|poke|p2|Ogerpon-Cornerstone, L50, F|\n|poke|p2|Tornadus, L50, M|\n|poke|p2|Iron Boulder, L50|\n|teampreview|4\n|showteam|p1|Terapagos||Leftovers|TeraShift|Protect,BodyPress,CalmMind,TeraStarstorm|||M|||50|,,,,,Stellar]Mienshao||FocusSash|InnerFocus|FakeOut,WideGuard,CloseCombat,Coaching|||M|||50|,,,,,Dark]Comfey||AguavBerry|Triage|DrainingKiss,FloralHealing,Protect,LeechSeed|||M|||50|,,,,,Grass]Rillaboom||AssaultVest|GrassySurge|FakeOut,GrassyGlide,WoodHammer,Uturn|||F|||50|,,,,,Water]Calyrex-Shadow||SitrusBerry|AsOneSpectrier|Protect,AstralBarrage,Psychic,PollenPuff||||||50|,,,,,Fairy]Farigiraf||RockyHelmet|ArmorTail|FoulPlay,TrickRoom,AllySwitch,Roar|||M|||50|,,,,,Fairy\n|showteam|p2|Zacian-Crowned||RustedSword|IntrepidSword|behemothblade,PlayRough,Protect,SacredSword||||||50|,,,,,Stellar]Miraidon||Magnet|HadronEngine|ElectroDrift,DazzlingGleam,Protect,VoltSwitch||||||50|,,,,,Electric]Farigiraf||ElectricSeed|ArmorTail|HelpingHand,PsychicNoise,TrickRoom,Imprison|||M|||50|,,,,,Grass]Ogerpon-Cornerstone||CornerstoneMask|Sturdy|IvyCudgel,SpikyShield,PowerWhip,FollowMe|||F|||50|,,,,,Rock]Tornadus||CovertCloak|Prankster|Tailwind,IcyWind,BleakwindStorm,Taunt|||M|||50|,,,,,Dark]Iron Boulder||ClearAmulet|QuarkDrive|MightyCleave,Taunt,Protect,IronHead||||||50|,,,,,Rock\n|inactive|Battle timer is ON: inactive players will automatically lose when time's up. (requested by Alecat)\n|inactive|Alecat has 60 seconds left.\n|inactive|Alecat has 30 seconds left.\n|\n|t:|1746068483\n|start\n|switch|p1a: Rillaboom|Rillaboom, L50, F|100/100\n|switch|p1b: Comfey|Comfey, L50, M|100/100\n|switch|p2a: Tornadus|Tornadus, L50, M|100/100\n|switch|p2b: Miraidon|Miraidon, L50|100/100\n|-fieldstart|move: Electric Terrain|[from] ability: Hadron Engine|[of] p2b: Miraidon\n|-fieldstart|move: Grassy Terrain|[from] ability: Grassy Surge|[of] p1a: Rillaboom\n|turn|1\n|\n|t:|1746068499\n|switch|p2b: Farigiraf|Farigiraf, L50, M|100/100\n|move|p1b: Comfey|Draining Kiss||[still]\n|cant|p2b: Farigiraf|ability: Armor Tail|Draining Kiss|[of] p1b: Comfey\n|move|p1a: Rillaboom|Fake Out||[still]\n|cant|p2b: Farigiraf|ability: Armor Tail|Fake Out|[of] p1a: Rillaboom\n|move|p2a: Tornadus|Tailwind|p2a: Tornadus\n|-sidestart|p2: Shiftyeyes|move: Tailwind\n|\n|upkeep\n|turn|2\n|\n|t:|1746068510\n|switch|p1a: Farigiraf|Farigiraf, L50, M|100/100\n|move|p2a: Tornadus|Bleakwind Storm|p1a: Farigiraf|[spread] p1a,p1b\n|-damage|p1a: Farigiraf|71/100\n|-damage|p1b: Comfey|75/100\n|move|p2b: Farigiraf|Psychic Noise|p1b: Comfey\n|-damage|p1b: Comfey|52/100\n|-start|p1b: Comfey|move: Heal Block\n|move|p1b: Comfey|Leech Seed|p2b: Farigiraf\n|-start|p2b: Farigiraf|move: Leech Seed\n|\n|-heal|p1a: Farigiraf|77/100|[from] Grassy Terrain\n|-damage|p2b: Farigiraf|88/100|[from] Leech Seed|[of] p1b: Comfey\n|upkeep\n|turn|3\n|\n|t:|1746068525\n|move|p1b: Comfey|Protect|p1b: Comfey\n|-singleturn|p1b: Comfey|Protect\n|move|p2a: Tornadus|Bleakwind Storm|p1a: Farigiraf|[spread] p1a\n|-activate|p1b: Comfey|move: Protect\n|-damage|p1a: Farigiraf|49/100\n|move|p2b: Farigiraf|Imprison|p2b: Farigiraf\n|-start|p2b: Farigiraf|move: Imprison\n|cant|p1a: Farigiraf|move: Imprison|Trick Room\n|\n|-heal|p2b: Farigiraf|94/100|[from] Grassy Terrain\n|-heal|p1a: Farigiraf|56/100|[from] Grassy Terrain\n|-damage|p2b: Farigiraf|82/100|[from] Leech Seed|[of] p1b: Comfey\n|-end|p1b: Comfey|move: Heal Block\n|upkeep\n|turn|4\n|\n|t:|1746068545\n|switch|p2b: Miraidon|Miraidon, L50|100/100\n|-fieldstart|move: Electric Terrain|[from] ability: Hadron Engine|[of] p2b: Miraidon\n|move|p1b: Comfey|Floral Healing|p1a: Farigiraf\n|-heal|p1a: Farigiraf|100/100\n|move|p2a: Tornadus|Bleakwind Storm|p1a: Farigiraf|[spread] p1a,p1b\n|-damage|p1a: Farigiraf|71/100\n|-damage|p1b: Comfey|26/100\n|move|p1a: Farigiraf|Foul Play|p2a: Tornadus\n|-damage|p2a: Tornadus|69/100\n|\n|-sideend|p2: Shiftyeyes|move: Tailwind\n|upkeep\n|turn|5\n|\n|t:|1746068559\n|switch|p1a: Rillaboom|Rillaboom, L50, F|100/100\n|-fieldstart|move: Grassy Terrain|[from] ability: Grassy Surge|[of] p1a: Rillaboom\n|-terastallize|p2b: Miraidon|Electric\n|move|p2b: Miraidon|Volt Switch|p1a: Rillaboom\n|-resisted|p1a: Rillaboom\n|-damage|p1a: Rillaboom|80/100\n|\n|t:|1746068564\n|switch|p2b: Farigiraf|Farigiraf, L50, M|82/100|[from] Volt Switch\n|move|p2a: Tornadus|Bleakwind Storm|p1b: Comfey|[spread] p1a,p1b\n|-supereffective|p1a: Rillaboom\n|-damage|p1a: Rillaboom|38/100\n|-damage|p1b: Comfey|2/100\n|-unboost|p1a: Rillaboom|spe|1\n|-enditem|p1b: Comfey|Aguav Berry|[eat]\n|-heal|p1b: Comfey|35/100|[from] item: Aguav Berry\n|move|p1b: Comfey|Leech Seed|p2a: Tornadus\n|-start|p2a: Tornadus|move: Leech Seed\n|\n|-heal|p1b: Comfey|40/100|[from] Grassy Terrain\n|-heal|p1a: Rillaboom|43/100|[from] Grassy Terrain\n|-heal|p2b: Farigiraf|88/100|[from] Grassy Terrain\n|-damage|p2a: Tornadus|56/100|[from] Leech Seed|[of] p1b: Comfey\n|-heal|p1b: Comfey|52/100|[silent]\n|upkeep\n|turn|6\n|\n|t:|1746068583\n|move|p1b: Comfey|Floral Healing|p1a: Rillaboom\n|-heal|p1a: Rillaboom|100/100\n|move|p2a: Tornadus|Bleakwind Storm|p1a: Rillaboom|[spread] p1a,p1b\n|-supereffective|p1a: Rillaboom\n|-damage|p1a: Rillaboom|58/100\n|-damage|p1b: Comfey|29/100\n|-unboost|p1a: Rillaboom|spe|1\n|move|p2b: Farigiraf|Psychic Noise|p1b: Comfey\n|-damage|p1b: Comfey|8/100\n|-start|p1b: Comfey|move: Heal Block\n|move|p1a: Rillaboom|Wood Hammer|p2b: Farigiraf\n|-damage|p2b: Farigiraf|10/100\n|-damage|p1a: Rillaboom|27/100|[from] Recoil\n|\n|-heal|p2b: Farigiraf|16/100|[from] Grassy Terrain\n|-heal|p1a: Rillaboom|33/100|[from] Grassy Terrain\n|-damage|p2a: Tornadus|44/100|[from] Leech Seed|[of] p1b: Comfey\n|upkeep\n|turn|7\n|\n|t:|1746068607\n|move|p1b: Comfey|Protect|p1b: Comfey\n|-singleturn|p1b: Comfey|Protect\n|move|p2a: Tornadus|Tailwind|p2a: Tornadus\n|-sidestart|p2: Shiftyeyes|move: Tailwind\n|move|p2b: Farigiraf|Psychic Noise|p1a: Rillaboom\n|-damage|p1a: Rillaboom|15/100\n|-start|p1a: Rillaboom|move: Heal Block\n|move|p1a: Rillaboom|U-turn|p2b: Farigiraf\n|-supereffective|p2b: Farigiraf\n|-damage|p2b: Farigiraf|0 fnt\n|faint|p2b: Farigiraf\n|\n|t:|1746068619\n|switch|p1a: Farigiraf|Farigiraf, L50, M|71/100|[from] U-turn\n|\n|-heal|p1a: Farigiraf|78/100|[from] Grassy Terrain\n|-damage|p2a: Tornadus|32/100|[from] Leech Seed|[of] p1b: Comfey\n|-end|p1b: Comfey|move: Heal Block\n|upkeep\n|\n|t:|1746068625\n|switch|p2b: Miraidon|Miraidon, L50, tera:Electric|100/100\n|-fieldstart|move: Electric Terrain|[from] ability: Hadron Engine|[of] p2b: Miraidon\n|turn|8\n|\n|t:|1746068637\n|switch|p1a: Rillaboom|Rillaboom, L50, F|15/100\n|-fieldstart|move: Grassy Terrain|[from] ability: Grassy Surge|[of] p1a: Rillaboom\n|move|p1b: Comfey|Floral Healing|p1a: Rillaboom\n|-heal|p1a: Rillaboom|82/100\n|move|p2b: Miraidon|Electro Drift|p1a: Rillaboom\n|-resisted|p1a: Rillaboom\n|-damage|p1a: Rillaboom|55/100\n|move|p2a: Tornadus|Bleakwind Storm|p1a: Rillaboom|[spread] p1a\n|-miss|p2a: Tornadus|p1b: Comfey\n|-supereffective|p1a: Rillaboom\n|-damage|p1a: Rillaboom|17/100\n|\n|-heal|p1b: Comfey|14/100|[from] Grassy Terrain\n|-heal|p1a: Rillaboom|23/100|[from] Grassy Terrain\n|-damage|p2a: Tornadus|19/100|[from] Leech Seed|[of] p1b: Comfey\n|-heal|p1b: Comfey|26/100|[silent]\n|upkeep\n|turn|9\n|inactive|Alecat has 30 seconds left.\n|inactive|Alecat has 20 seconds left.\n|\n|t:|1746068675\n|move|p1b: Comfey|Draining Kiss|p2a: Tornadus\n|-damage|p2a: Tornadus|3/100\n|-heal|p1b: Comfey|38/100|[from] drain|[of] p2a: Tornadus\n|move|p1a: Rillaboom|Fake Out|p2b: Miraidon\n|-damage|p2b: Miraidon|88/100\n|cant|p2b: Miraidon|flinch\n|move|p2a: Tornadus|Bleakwind Storm|p1b: Comfey|[spread] p1a,p1b\n|-supereffective|p1a: Rillaboom\n|-damage|p1a: Rillaboom|0 fnt\n|-damage|p1b: Comfey|16/100\n|faint|p1a: Rillaboom\n|\n|-heal|p2b: Miraidon|94/100|[from] Grassy Terrain\n|-heal|p1b: Comfey|22/100|[from] Grassy Terrain\n|-damage|p2a: Tornadus|0 fnt|[from] Leech Seed|[of] p1b: Comfey\n|-heal|p1b: Comfey|25/100|[silent]\n|faint|p2a: Tornadus\n|upkeep\n|inactive|Alecat has 30 seconds left.\n|inactive|Alecat has 20 seconds left.\n|inactive|Alecat has 15 seconds left.\n|inactive|Alecat has 10 seconds left.\n|\n|t:|1746068720\n|switch|p2a: Zacian|Zacian-Crowned, L50|100/100\n|switch|p1a: Calyrex|Calyrex-Shadow, L50|100/100\n|-ability|p1a: Calyrex|As One\n|-ability|p1a: Calyrex|Unnerve\n|-ability|p2a: Zacian|Intrepid Sword|boost\n|-boost|p2a: Zacian|atk|1\n|turn|10\n|inactive|Alecat has 30 seconds left.\n|inactive|Alecat has 20 seconds left.\n|\n|t:|1746068758\n|move|p1a: Calyrex|Protect|p1a: Calyrex\n|-singleturn|p1a: Calyrex|Protect\n|move|p1b: Comfey|Protect|p1b: Comfey\n|-singleturn|p1b: Comfey|Protect\n|move|p2a: Zacian|Behemoth Blade|p1a: Calyrex\n|-activate|p1a: Calyrex|move: Protect\n|move|p2b: Miraidon|Electro Drift|p1b: Comfey\n|-activate|p1b: Comfey|move: Protect\n|\n|-heal|p2b: Miraidon|99/100|[from] Grassy Terrain\n|-heal|p1b: Comfey|30/100|[from] Grassy Terrain\n|-sideend|p2: Shiftyeyes|move: Tailwind\n|upkeep\n|turn|11\n|inactive|Alecat has 30 seconds left.\n|\n|t:|1746068792\n|move|p1a: Calyrex|Astral Barrage|p2a: Zacian|[spread] p2a,p2b\n|-damage|p2a: Zacian|43/100\n|-damage|p2b: Miraidon|46/100\n|move|p2a: Zacian|Behemoth Blade|p1a: Calyrex\n|-damage|p1a: Calyrex|0 fnt\n|faint|p1a: Calyrex\n|move|p2b: Miraidon|Dazzling Gleam|p1b: Comfey\n|-damage|p1b: Comfey|7/100\n|move|p1b: Comfey|Leech Seed|p2a: Zacian\n|-start|p2a: Zacian|move: Leech Seed\n|\n|-heal|p2a: Zacian|49/100|[from] Grassy Terrain\n|-heal|p2b: Miraidon|51/100|[from] Grassy Terrain\n|-heal|p1b: Comfey|13/100|[from] Grassy Terrain\n|-damage|p2a: Zacian|37/100|[from] Leech Seed|[of] p1b: Comfey\n|-heal|p1b: Comfey|25/100|[silent]\n|upkeep\n|\n|t:|1746068800\n|switch|p1a: Farigiraf|Farigiraf, L50, M|78/100\n|turn|12\n|\n|t:|1746068817\n|-terastallize|p1b: Comfey|Grass\n|move|p1b: Comfey|Draining Kiss|p2b: Miraidon\n|-damage|p2b: Miraidon|36/100\n|-heal|p1b: Comfey|38/100|[from] drain|[of] p2b: Miraidon\n|move|p2a: Zacian|Behemoth Blade|p1a: Farigiraf\n|-damage|p1a: Farigiraf|14/100\n|-damage|p2a: Zacian|21/100|[from] item: Rocky Helmet|[of] p1a: Farigiraf\n|move|p2b: Miraidon|Electro Drift|p1a: Farigiraf\n|-damage|p1a: Farigiraf|0 fnt\n|-damage|p2b: Miraidon|19/100|[from] item: Rocky Helmet|[of] p1a: Farigiraf\n|faint|p1a: Farigiraf\n|\n|-heal|p2a: Zacian|27/100|[from] Grassy Terrain\n|-heal|p2b: Miraidon|25/100|[from] Grassy Terrain\n|-heal|p1b: Comfey|44/100|[from] Grassy Terrain\n|-damage|p2a: Zacian|15/100|[from] Leech Seed|[of] p1b: Comfey\n|-heal|p1b: Comfey|56/100|[silent]\n|-fieldend|move: Grassy Terrain\n|upkeep\n|turn|13\n|\n|t:|1746068835\n|move|p1b: Comfey|Protect|p1b: Comfey\n|-singleturn|p1b: Comfey|Protect\n|move|p2a: Zacian|Behemoth Blade|p1b: Comfey\n|-activate|p1b: Comfey|move: Protect\n|move|p2b: Miraidon|Electro Drift|p1b: Comfey\n|-activate|p1b: Comfey|move: Protect\n|\n|-damage|p2a: Zacian|3/100|[from] Leech Seed|[of] p1b: Comfey\n|-heal|p1b: Comfey|69/100|[silent]\n|upkeep\n|turn|14\n|\n|t:|1746068850\n|move|p1b: Comfey|Draining Kiss|p2a: Zacian\n|-resisted|p2a: Zacian\n|-damage|p2a: Zacian|0 fnt\n|-heal|p1b: Comfey|71/100|[from] drain|[of] p2a: Zacian\n|faint|p2a: Zacian\n|move|p2b: Miraidon|Electro Drift|p1b: Comfey\n|-resisted|p1b: Comfey\n|-damage|p1b: Comfey|35/100\n|\n|upkeep\n|turn|15\n|\n|t:|1746068861\n|move|p1b: Comfey|Draining Kiss|p2b: Miraidon\n|-damage|p2b: Miraidon|12/100\n|-heal|p1b: Comfey|45/100|[from] drain|[of] p2b: Miraidon\n|move|p2b: Miraidon|Electro Drift|p1b: Comfey\n|-resisted|p1b: Comfey\n|-damage|p1b: Comfey|11/100\n|\n|upkeep\n|turn|16\n|\n|t:|1746068868\n|move|p1b: Comfey|Draining Kiss|p2b: Miraidon\n|-damage|p2b: Miraidon|0 fnt\n|-heal|p1b: Comfey|21/100|[from] drain|[of] p2b: Miraidon\n|faint|p2b: Miraidon\n|\n|win|Alecat\n|raw|Alecat's rating: 1108 &rarr; <strong>1130</strong><br />(+22 for winning)\n|raw|Shiftyeyes's rating: 1067 &rarr; <strong>1049</strong><br />(-18 for losing)\n", "uploadtime": 1746068875, "views": 10, "formatid": "gen9vgc2025regibo3", "rating": 1049, "private": 0, "password": null}