{"id": "gen9vgc2025regibo3-2355106811", "format": "[Gen 9] VGC 2025 Reg I (Bo3)", "players": ["a_wood_is_good", "Its last min"], "log": "|j|\u2606a_wood_is_good\n|j|\u2606Its last min\n|html|<table width=\"100%\"><tr><td align=\"left\">a_wood_is_good</td><td align=\"right\">Its last min</tr><tr><td align=\"left\"><i class=\"fa fa-circle\"></i> <i class=\"fa fa-circle-o\"></i> </td><td align=\"right\"><i class=\"fa fa-circle-o\"></i> <i class=\"fa fa-circle-o\"></i> </tr></table>\n|uhtml|bestof|<h2><strong>Game 2</strong> of <a href=\"/game-bestof3-gen9vgc2025regibo3-2355102421\">a best-of-3</a></h2>\n|t:|1746153317\n|gametype|doubles\n|player|p1|a_wood_is_good|acetrainer-gen4dp|1081\n|player|p2|Its last min|2|1288\n|teamsize|p1|6\n|teamsize|p2|6\n|gen|9\n|tier|[Gen 9] VGC 2025 Reg I (Bo3)\n|rated|\n|rule|Species Clause: Limit one of each Pok\u00e9mon\n|rule|Item Clause: Limit 1 of each item\n|clearpoke\n|poke|p1|Calyrex-Shadow, L50|\n|poke|p1|Zacian-*, L50|\n|poke|p1|Incineroar, L50, M|\n|poke|p1|Urshifu-*, L50, M|\n|poke|p1|Tornadus, L50, M|\n|poke|p1|Ogerpon, L50, F|\n|poke|p2|Rillaboom, L50, F|\n|poke|p2|Amoonguss, L50, M|\n|poke|p2|Calyrex-Shadow, L50|\n|poke|p2|Terapagos, L50, M|\n|poke|p2|Incineroar, L50, F|\n|poke|p2|Ogerpon-Cornerstone, L50, F|\n|teampreview|4\n|showteam|p1|Calyrex-Shadow||LifeOrb|AsOneSpectrier|Protect,NastyPlot,AstralBarrage,Psychic||||||50|,,,,,Normal]Zacian-Crowned||RustedSword|IntrepidSword|Protect,Howl,PlayRough,behemothblade||||||50|,,,,,Fairy]Incineroar||SafetyGoggles|Intimidate|FakeOut,PartingShot,KnockOff,Taunt|||M|||50|,,,,,Ghost]Urshifu-Rapid-Strike||ChoiceScarf|UnseenFist|SurgingStrikes,CloseCombat,AquaJet,Coaching|||M|||50|,,,,,Water]Tornadus||CovertCloak|Prankster|Protect,RainDance,Tailwind,BleakwindStorm|||M|||50|,,,,,Dark]Ogerpon||FocusSash|Defiant|SpikyShield,FollowMe,IvyCudgel,KnockOff|||F|||50|,,,,,Grass\n|showteam|p2|Rillaboom||AssaultVest|GrassySurge|FakeOut,WoodHammer,Uturn,GrassyGlide|||F|||50|,,,,,Fire]Amoonguss||RockyHelmet|Regenerator|Protect,Spore,RagePowder,SludgeBomb|||M|||50|,,,,,Water]Calyrex-Shadow||FocusSash|AsOneSpectrier|Protect,Disable,AstralBarrage,WillOWisp||||||50|,,,,,Ghost]Terapagos||Leftovers|TeraShift|Protect,CalmMind,TeraStarstorm,EarthPower|||M|||50|,,,,,Stellar]Incineroar||SafetyGoggles|Intimidate|FakeOut,KnockOff,PartingShot,FlareBlitz|||F|||50|,,,,,Water]Ogerpon-Cornerstone||CornerstoneMask|Sturdy|KnockOff,IvyCudgel,FollowMe,SpikyShield|||F|||50|,,,,,Rock\n|\n|t:|1746153411\n|start\n|switch|p1a: Incineroar|Incineroar, L50, M|100/100\n|switch|p1b: Ogerpon|Ogerpon, L50, F|100/100\n|switch|p2a: Calyrex|Calyrex-Shadow, L50|100/100\n|switch|p2b: Ogerpon|Ogerpon-Cornerstone, L50, F|100/100\n|-ability|p2a: Calyrex|As One\n|-ability|p2a: Calyrex|Unnerve\n|-ability|p1a: Incineroar|Intimidate|boost\n|-unboost|p2a: Calyrex|atk|1\n|-unboost|p2b: Ogerpon|atk|1\n|turn|1\n|\n|t:|1746153457\n|move|p2a: Calyrex|Protect|p2a: Calyrex\n|-singleturn|p2a: Calyrex|Protect\n|move|p2b: Ogerpon|Spiky Shield|p2b: Ogerpon\n|-singleturn|p2b: Ogerpon|move: Protect\n|move|p1a: Incineroar|Fake Out|p2b: Ogerpon\n|-activate|p2b: Ogerpon|move: Protect\n|-damage|p1a: Incineroar|88/100|[from] Spiky Shield|[of] p2b: Ogerpon\n|move|p1b: Ogerpon|Knock Off|p2a: Calyrex\n|-activate|p2a: Calyrex|move: Protect\n|\n|upkeep\n|turn|2\n|\n|t:|1746153512\n|move|p2a: Calyrex|Astral Barrage|p1b: Ogerpon|[spread] p1a,p1b\n|-resisted|p1a: Incineroar\n|-damage|p1a: Incineroar|63/100\n|-damage|p1b: Ogerpon|37/100\n|move|p2b: Ogerpon|Ivy Cudgel|p1a: Incineroar|[anim] Ivy Cudgel Rock\n|-supereffective|p1a: Incineroar\n|-crit|p1a: Incineroar\n|-damage|p1a: Incineroar|0 fnt\n|faint|p1a: Incineroar\n|move|p1b: Ogerpon|Ivy Cudgel|p2a: Calyrex\n|-damage|p2a: Calyrex|38/100\n|\n|upkeep\n|\n|t:|1746153542\n|switch|p1a: Calyrex|Calyrex-Shadow, L50|100/100\n|-ability|p1a: Calyrex|As One\n|-ability|p1a: Calyrex|Unnerve\n|turn|3\n|\n|t:|1746153579\n|-terastallize|p1a: Calyrex|Normal\n|move|p2a: Calyrex|Protect|p2a: Calyrex\n|-singleturn|p2a: Calyrex|Protect\n|move|p2b: Ogerpon|Spiky Shield|p2b: Ogerpon\n|-singleturn|p2b: Ogerpon|move: Protect\n|move|p1b: Ogerpon|Spiky Shield|p1b: Ogerpon\n|-singleturn|p1b: Ogerpon|move: Protect\n|move|p1a: Calyrex|Astral Barrage|p2a: Calyrex|[spread] \n|-activate|p2a: Calyrex|move: Protect\n|-activate|p2b: Ogerpon|move: Protect\n|\n|upkeep\n|turn|4\n|\n|t:|1746153622\n|switch|p2a: Terapagos|Terapagos, L50, M|100/100\n|-activate|p2a: Terapagos|ability: Tera Shift\n|detailschange|p2a: Terapagos|Terapagos-Terastal, L50, M\n|-heal|p2a: Terapagos|100/100|[silent]\n|switch|p1b: Zacian|Zacian-Crowned, L50|100/100\n|-ability|p1b: Zacian|Intrepid Sword|boost\n|-boost|p1b: Zacian|atk|1\n|move|p1a: Calyrex|Protect|p1a: Calyrex\n|-singleturn|p1a: Calyrex|Protect\n|move|p2b: Ogerpon|Ivy Cudgel|p1b: Zacian|[anim] Ivy Cudgel Rock\n|-resisted|p1b: Zacian\n|-damage|p1b: Zacian|86/100\n|\n|upkeep\n|turn|5\n|\n|t:|1746153670\n|switch|p2b: Incineroar|Incineroar, L50, F|100/100\n|-ability|p2b: Incineroar|Intimidate|boost\n|-unboost|p1a: Calyrex|atk|1\n|-unboost|p1b: Zacian|atk|1\n|-terastallize|p2a: Terapagos|Stellar\n|detailschange|p2a: Terapagos|Terapagos-Stellar, L50, M, tera:Stellar\n|-heal|p2a: Terapagos|100/100|[silent]\n|move|p1a: Calyrex|Astral Barrage|p2b: Incineroar|[spread] p2b\n|-immune|p2a: Terapagos\n|-resisted|p2b: Incineroar\n|-crit|p2b: Incineroar\n|-damage|p2b: Incineroar|58/100\n|-damage|p1a: Calyrex|91/100|[from] item: Life Orb\n|move|p1b: Zacian|Behemoth Blade|p2a: Terapagos\n|-damage|p2a: Terapagos|69/100\n|move|p2a: Terapagos|Tera Starstorm|p1b: Zacian|[spread] p1a,p1b\n|-supereffective|p1a: Calyrex\n|-damage|p1a: Calyrex|23/100\n|-damage|p1b: Zacian|53/100\n|\n|-heal|p2a: Terapagos|75/100|[from] item: Leftovers\n|upkeep\n|turn|6\n|\n|t:|1746153716\n|move|p1b: Zacian|Protect|p1b: Zacian\n|-singleturn|p1b: Zacian|Protect\n|move|p1a: Calyrex|Nasty Plot|p1a: Calyrex\n|-boost|p1a: Calyrex|spa|2\n|move|p2a: Terapagos|Tera Starstorm|p1a: Calyrex|[spread] p1a\n|-activate|p1b: Zacian|move: Protect\n|-supereffective|p1a: Calyrex\n|-damage|p1a: Calyrex|0 fnt\n|faint|p1a: Calyrex\n|move|p2b: Incineroar|Flare Blitz|p1b: Zacian\n|-activate|p1b: Zacian|move: Protect\n|\n|-heal|p2a: Terapagos|81/100|[from] item: Leftovers\n|upkeep\n|\n|t:|1746153726\n|switch|p1a: Ogerpon|Ogerpon, L50, F|37/100\n|turn|7\n|\n|t:|1746153759\n|move|p1b: Zacian|Play Rough|p2b: Incineroar\n|-damage|p2b: Incineroar|14/100\n|move|p1a: Ogerpon|Ivy Cudgel|p2b: Incineroar\n|-resisted|p2b: Incineroar\n|-damage|p2b: Incineroar|0 fnt\n|faint|p2b: Incineroar\n|move|p2a: Terapagos|Tera Starstorm|p1b: Zacian|[spread] p1a,p1b\n|-damage|p1a: Ogerpon|0 fnt\n|-damage|p1b: Zacian|20/100\n|faint|p1a: Ogerpon\n|\n|-heal|p2a: Terapagos|88/100|[from] item: Leftovers\n|upkeep\n|-message|a_wood_is_good forfeited.\n|\n|win|Its last min\n||a_wood_is_good is ready for game 3.\n|inactive|Its last min has 30 seconds to confirm battle start!\n|inactive|Its last min has 20 seconds to confirm battle start!\n||Its last min is ready for game 3.\n|uhtml|next|Next: <a href=\"/battle-gen9vgc2025regibo3-2355110578\"><strong>Game 3 of 3</strong></a>\n", "uploadtime": 1746154240, "views": 6, "formatid": "gen9vgc2025regibo3", "rating": null, "private": 0, "password": null}