{"id": "gen9vgc2025regibo3-2354575888", "format": "[Gen 9] VGC 2025 Reg I (Bo3)", "players": ["wadwamille", "mareepmuamuamua"], "log": "|j|\u2606wadwamille\n|j|\u2606mareepmuamuamua\n|html|<table width=\"100%\"><tr><td align=\"left\">wadwamille</td><td align=\"right\">mareepmuamuamua</tr><tr><td align=\"left\"><i class=\"fa fa-circle-o\"></i> <i class=\"fa fa-circle-o\"></i> </td><td align=\"right\"><i class=\"fa fa-circle-o\"></i> <i class=\"fa fa-circle\"></i> </tr></table>\n|uhtml|bestof|<h2><strong>Game 2</strong> of <a href=\"/game-bestof3-gen9vgc2025regibo3-2354574937\">a best-of-3</a></h2>\n|t:|1746097287\n|gametype|doubles\n|player|p1|wadwamille|cowgirl|1060\n|player|p2|mareepmuamuamua|cyclistf|1072\n|teamsize|p1|6\n|teamsize|p2|6\n|gen|9\n|tier|[Gen 9] VGC 2025 Reg I (Bo3)\n|rated|\n|rule|Species Clause: Limit one of each Pok\u00e9mon\n|rule|Item Clause: Limit 1 of each item\n|clearpoke\n|poke|p1|Tyranitar, L50, F|\n|poke|p1|Flamigo, L50, F|\n|poke|p1|Landorus, L50, M|\n|poke|p1|Excadrill, L50, M|\n|poke|p1|Zacian-*, L50|\n|poke|p1|Miraidon, L50|\n|poke|p2|Calyrex-Shadow, L50|\n|poke|p2|Zamazenta-*, L50|\n|poke|p2|Talonflame, L50, M|\n|poke|p2|Ogerpon-Cornerstone, L50, F|\n|poke|p2|Rillaboom, L50, F|\n|poke|p2|Incineroar, L50, F|\n|teampreview|4\n|showteam|p1|Tyranitar||Leftovers|SandStream|KnockOff,BrickBreak,Earthquake,Protect|||F|||50|,,,,,Flying]Flamigo||SafetyGoggles|Scrappy|Feint,Tailwind,WideGuard,Lunge|||F|||50|,,,,,Ground]Landorus||LifeOrb|SandForce|SandsearStorm,Sandstorm,EarthPower,Protect|||M|||50|,,,,,Ground]Excadrill||FocusSash|SandRush|IronHead,HighHorsepower,ShadowClaw,Protect|||M|||50|,,,,,Flying]Zacian-Crowned||RustedSword|IntrepidSword|behemothblade,PlayRough,SacredSword,Protect||||||50|,,,,,Fairy]Miraidon||ChoiceSpecs|HadronEngine|ElectroDrift,DazzlingGleam,DracoMeteor,FlashCannon||||||50|,,,,,Fairy\n|showteam|p2|Calyrex-Shadow||GrassySeed|AsOneSpectrier|Protect,DrainingKiss,AstralBarrage,NastyPlot||||||50|,,,,,Fairy]Zamazenta-Crowned||RustedShield|DauntlessShield|WideGuard,BodyPress,behemothbash,Protect||||||50|,,,,,Fire]Talonflame||SharpBeak|GaleWings|Tailwind,DualWingbeat,BraveBird,WillOWisp|||M|||50|,,,,,Ghost]Ogerpon-Cornerstone||CornerstoneMask|Sturdy|FollowMe,IvyCudgel,RainDance,SpikyShield|||F|||50|,,,,,Rock]Rillaboom||EjectButton|GrassySurge|FakeOut,Taunt,SolarBlade,GrassyGlide|||F|||50|,,,,,Fire]Incineroar||AssaultVest|Intimidate|FakeOut,FlareBlitz,KnockOff,Uturn|||F|||50|,,,,,Ghost\n|inactive|Battle timer is ON: inactive players will automatically lose when time's up. (requested by wadwamille)\n|\n|t:|1746097312\n|start\n|switch|p1a: Flamigo|Flamigo, L50, F|100/100\n|switch|p1b: Excadrill|Excadrill, L50, M|100/100\n|switch|p2a: Ogerpon|Ogerpon-Cornerstone, L50, F|100/100\n|switch|p2b: Calyrex|Calyrex-Shadow, L50|100/100\n|-ability|p2b: Calyrex|As One\n|-ability|p2b: Calyrex|Unnerve\n|turn|1\n|inactive|mareepmuamuamua has 30 seconds left.\n|inactive|mareepmuamuamua has 20 seconds left.\n|inactive|mareepmuamuamua has 15 seconds left.\n|inactive|mareepmuamuamua has 10 seconds left.\n|\n|t:|1746097360\n|switch|p2b: Rillaboom|Rillaboom, L50, F|100/100\n|-fieldstart|move: Grassy Terrain|[from] ability: Grassy Surge|[of] p2b: Rillaboom\n|move|p1a: Flamigo|Feint|p2b: Rillaboom\n|-damage|p2b: Rillaboom|93/100\n|-enditem|p2b: Rillaboom|Eject Button\n|\n|t:|1746097378\n|switch|p2b: Incineroar|Incineroar, L50, F|100/100\n|-ability|p2b: Incineroar|Intimidate|boost\n|-fail|p1a: Flamigo|unboost|Attack|[from] ability: Scrappy|[of] p1a: Flamigo\n|-unboost|p1b: Excadrill|atk|1\n|move|p1b: Excadrill|Shadow Claw|p2b: Incineroar\n|-resisted|p2b: Incineroar\n|-crit|p2b: Incineroar\n|-damage|p2b: Incineroar|87/100\n|move|p2a: Ogerpon|Ivy Cudgel|p1a: Flamigo|[anim] Ivy Cudgel Rock\n|-damage|p1a: Flamigo|24/100\n|\n|-heal|p2b: Incineroar|93/100|[from] Grassy Terrain\n|upkeep\n|turn|2\n|inactive|mareepmuamuamua has 30 seconds left.\n|\n|t:|1746097407\n|move|p2b: Incineroar|Fake Out|p1b: Excadrill\n|-resisted|p1b: Excadrill\n|-damage|p1b: Excadrill|92/100\n|cant|p1b: Excadrill|flinch\n|move|p2a: Ogerpon|Ivy Cudgel|p1a: Flamigo|[anim] Ivy Cudgel Rock\n|-damage|p1a: Flamigo|0 fnt\n|faint|p1a: Flamigo\n|\n|-heal|p1b: Excadrill|98/100|[from] Grassy Terrain\n|-heal|p2b: Incineroar|99/100|[from] Grassy Terrain\n|upkeep\n|\n|t:|1746097415\n|switch|p1a: Zacian|Zacian-Crowned, L50|100/100\n|-ability|p1a: Zacian|Intrepid Sword|boost\n|-boost|p1a: Zacian|atk|1\n|turn|3\n|\n|t:|1746097432\n|move|p2a: Ogerpon|Follow Me|p2a: Ogerpon\n|-singleturn|p2a: Ogerpon|move: Follow Me\n|move|p1a: Zacian|Behemoth Blade|p2a: Ogerpon\n|-supereffective|p2a: Ogerpon\n|-ability|p2a: Ogerpon|Sturdy\n|-damage|p2a: Ogerpon|1/100\n|move|p1b: Excadrill|High Horsepower|p2a: Ogerpon\n|-damage|p2a: Ogerpon|0 fnt\n|faint|p2a: Ogerpon\n|move|p2b: Incineroar|Flare Blitz|p1a: Zacian\n|-supereffective|p1a: Zacian\n|-crit|p1a: Zacian\n|-damage|p1a: Zacian|0 fnt\n|faint|p1a: Zacian\n|-damage|p2b: Incineroar|72/100|[from] Recoil\n|\n|-heal|p1b: Excadrill|100/100|[from] Grassy Terrain\n|-heal|p2b: Incineroar|78/100|[from] Grassy Terrain\n|upkeep\n|\n|t:|1746097448\n|switch|p1a: Landorus|Landorus, L50, M|100/100\n|switch|p2a: Calyrex|Calyrex-Shadow, L50|100/100\n|-ability|p2a: Calyrex|As One\n|-ability|p2a: Calyrex|Unnerve\n|-enditem|p2a: Calyrex|Grassy Seed\n|-boost|p2a: Calyrex|def|1|[from] item: Grassy Seed\n|turn|4\n|\n|t:|1746097461\n|switch|p2b: Rillaboom|Rillaboom, L50, F|93/100\n|move|p2a: Calyrex|Protect|p2a: Calyrex\n|-singleturn|p2a: Calyrex|Protect\n|move|p1a: Landorus|Sandsear Storm|p2a: Calyrex|[spread] p2b\n|-activate|p2a: Calyrex|move: Protect\n|-resisted|p2b: Rillaboom\n|-damage|p2b: Rillaboom|73/100\n|-status|p2b: Rillaboom|brn\n|-damage|p1a: Landorus|91/100|[from] item: Life Orb\n|move|p1b: Excadrill|Shadow Claw|p2a: Calyrex\n|-activate|p2a: Calyrex|move: Protect\n|\n|-heal|p2b: Rillaboom|79/100 brn|[from] Grassy Terrain\n|-damage|p2b: Rillaboom|73/100 brn|[from] brn\n|upkeep\n|turn|5\n|\n|t:|1746097486\n|-terastallize|p2a: Calyrex|Fairy\n|move|p2b: Rillaboom|Fake Out|p1b: Excadrill\n|-resisted|p1b: Excadrill\n|-damage|p1b: Excadrill|97/100\n|move|p2a: Calyrex|Astral Barrage|p1b: Excadrill|[spread] p1a,p1b\n|-damage|p1a: Landorus|24/100\n|-damage|p1b: Excadrill|31/100\n|move|p1a: Landorus|Sandsear Storm|p2a: Calyrex|[spread] p2a,p2b\n|-resisted|p2b: Rillaboom\n|-damage|p2a: Calyrex|59/100\n|-damage|p2b: Rillaboom|57/100 brn\n|-status|p2a: Calyrex|brn\n|-damage|p1a: Landorus|15/100|[from] item: Life Orb\n|cant|p1b: Excadrill|flinch\n|\n|-heal|p2a: Calyrex|66/100 brn|[from] Grassy Terrain\n|-heal|p1b: Excadrill|37/100|[from] Grassy Terrain\n|-heal|p2b: Rillaboom|62/100 brn|[from] Grassy Terrain\n|-damage|p2a: Calyrex|59/100 brn|[from] brn\n|-damage|p2b: Rillaboom|57/100 brn|[from] brn\n|-fieldend|move: Grassy Terrain\n|upkeep\n|turn|6\n|\n|t:|1746097509\n|switch|p2b: Incineroar|Incineroar, L50, F|78/100\n|-ability|p2b: Incineroar|Intimidate|boost\n|-unboost|p1a: Landorus|atk|1\n|-unboost|p1b: Excadrill|atk|1\n|move|p2a: Calyrex|Astral Barrage|p1b: Excadrill|[spread] p1a,p1b\n|-damage|p1a: Landorus|0 fnt\n|-damage|p1b: Excadrill|0 fnt\n|faint|p1a: Landorus\n|faint|p1b: Excadrill\n|\n|win|mareepmuamuamua\n|raw|wadwamille's rating: 1060 &rarr; <strong>1042</strong><br />(-18 for losing)\n|raw|mareepmuamuamua's rating: 1072 &rarr; <strong>1100</strong><br />(+28 for winning)\n|l|\u2606wadwamille\n|player|p1|\n|l|\u2606mareepmuamuamua\n|player|p2|\n", "uploadtime": 1746097886, "views": 7, "formatid": "gen9vgc2025regibo3", "rating": 1042, "private": 0, "password": null}