{"id": "gen9vgc2025regibo3-2354488098", "format": "[Gen 9] VGC 2025 Reg I (Bo3)", "players": ["YoungSinatra44", "Gworf"], "log": "|j|\u2606YoungSinatra44\n|j|\u2606Gworf\n|html|<table width=\"100%\"><tr><td align=\"left\">YoungSinatra44</td><td align=\"right\">Gworf</tr><tr><td align=\"left\"><i class=\"fa fa-circle-o\"></i> <i class=\"fa fa-circle-o\"></i> </td><td align=\"right\"><i class=\"fa fa-circle-o\"></i> <i class=\"fa fa-circle-o\"></i> </tr></table>\n|uhtml|bestof|<h2><strong>Game 1</strong> of <a href=\"/game-bestof3-gen9vgc2025regibo3-2354488097\">a best-of-3</a></h2>\n|t:|1746080110\n|gametype|doubles\n|player|p1|YoungSinatra44|169|1379\n|player|p2|Gworf|acetrainer-gen4dp|1183\n|teamsize|p1|6\n|teamsize|p2|6\n|gen|9\n|tier|[Gen 9] VGC 2025 Reg I (Bo3)\n|rated|\n|rule|Species Clause: Limit one of each Pok\u00e9mon\n|rule|Item Clause: Limit 1 of each item\n|clearpoke\n|poke|p1|Calyrex-Shadow, L50|\n|poke|p1|Iron Treads, L50|\n|poke|p1|Tyranitar, L50, F|\n|poke|p1|Raging Bolt, L50|\n|poke|p1|Ho-Oh, L50|\n|poke|p1|Urshifu-*, L50, M|\n|poke|p2|Zamazenta-*, L50|\n|poke|p2|Calyrex-Shadow, L50|\n|poke|p2|Rillaboom, L50, M|\n|poke|p2|Ogerpon-Cornerstone, L50, F|\n|poke|p2|Tornadus, L50, M|\n|poke|p2|Ninetales, L50, F|\n|teampreview|4\n|showteam|p1|Calyrex-Shadow||CovertCloak|AsOneSpectrier|AstralBarrage,Psychic,NastyPlot,Protect||||||50|,,,,,Dark]Iron Treads||LifeOrb|QuarkDrive|HighHorsepower,IronHead,KnockOff,Protect||||||50|,,,,,Ghost]Tyranitar||SafetyGoggles|SandStream|RockSlide,KnockOff,LowKick,Protect|||F|||50|,,,,,Flying]Raging Bolt||AssaultVest|Protosynthesis|Thunderclap,DragonPulse,Thunderbolt,Snarl||||||50|,,,,,Fairy]Ho-Oh||SitrusBerry|Regenerator|BraveBird,SacredFire,Tailwind,Protect||||||50|,,,,,Grass]Urshifu-Rapid-Strike||ChoiceScarf|UnseenFist|SurgingStrikes,CloseCombat,AquaJet,Uturn|||M|||50|,,,,,Water\n|showteam|p2|Zamazenta-Crowned||RustedShield|DauntlessShield|behemothbash,BodyPress,WideGuard,Protect||||||50|,,,,,Water]Calyrex-Shadow||FocusSash|AsOneSpectrier|AstralBarrage,Disable,Encore,Protect||||||50|,,,,,Ghost]Rillaboom||AssaultVest|GrassySurge|FakeOut,GrassyGlide,WoodHammer,Uturn|||M|||50|,,,,,Grass]Ogerpon-Cornerstone||CornerstoneMask|Sturdy|IvyCudgel,GrassyGlide,FollowMe,SpikyShield|||F|||50|,,,,,Rock]Tornadus||MentalHerb|Prankster|Tailwind,BleakwindStorm,Taunt,Substitute|||M|||50|,,,,,Ghost]Ninetales||LifeOrb|Drought|HeatWave,FireBlast,HelpingHand,Protect|||F|||50|,,,,,Fire\n|j| Pinkyd\n|inactive|Battle timer is ON: inactive players will automatically lose when time's up. (requested by Gworf)\n|l| Pinkyd\n|inactive|YoungSinatra44 has 60 seconds left.\n|inactive|Gworf has 60 seconds left.\n|inactive|Gworf has 30 seconds left.\n|inactive|Gworf has 20 seconds left.\n|inactive|Gworf has 15 seconds left.\n|inactive|Gworf has 10 seconds left.\n|inactive|Gworf has 5 seconds left.\n|\n|t:|1746080216\n|start\n|switch|p1a: Calyrex|Calyrex-Shadow, L50|100/100\n|switch|p1b: Ho-Oh|Ho-Oh, L50, shiny|100/100\n|switch|p2a: Ogerpon|Ogerpon-Cornerstone, L50, F|100/100\n|switch|p2b: Tornadus|Tornadus, L50, M|100/100\n|-ability|p1a: Calyrex|As One\n|-ability|p1a: Calyrex|Unnerve\n|turn|1\n|\n|t:|1746080240\n|switch|p1b: Urshifu|Urshifu-Rapid-Strike, L50, M|100/100\n|move|p2b: Tornadus|Taunt|p1a: Calyrex\n|-start|p1a: Calyrex|move: Taunt\n|move|p1a: Calyrex|Astral Barrage|p2a: Ogerpon|[spread] p2a,p2b\n|-damage|p2a: Ogerpon|39/100\n|-damage|p2b: Tornadus|34/100\n|move|p2a: Ogerpon|Ivy Cudgel|p1b: Urshifu|[anim] Ivy Cudgel Rock\n|-resisted|p1b: Urshifu\n|-damage|p1b: Urshifu|75/100\n|\n|upkeep\n|turn|2\n|inactive|YoungSinatra44 has 30 seconds left.\n|\n|t:|1746080275\n|move|p2b: Tornadus|Tailwind|p2b: Tornadus\n|-sidestart|p2: Gworf|move: Tailwind\n|move|p2a: Ogerpon|Ivy Cudgel|p1a: Calyrex|[anim] Ivy Cudgel Rock\n|-damage|p1a: Calyrex|37/100\n|move|p1b: Urshifu|U-turn|p2a: Ogerpon\n|-supereffective|p2a: Ogerpon\n|-damage|p2a: Ogerpon|0 fnt\n|faint|p2a: Ogerpon\n|\n|t:|1746080284\n|switch|p1b: Ho-Oh|Ho-Oh, L50, shiny|100/100|[from] U-turn\n|move|p1a: Calyrex|Astral Barrage|p2b: Tornadus\n|-damage|p2b: Tornadus|0 fnt\n|faint|p2b: Tornadus\n|-ability|p1a: Calyrex|Grim Neigh|boost\n|-boost|p1a: Calyrex|spa|1\n|\n|upkeep\n|\n|t:|1746080292\n|switch|p2a: Rillaboom|Rillaboom, L50, M|100/100\n|switch|p2b: Calyrex|Calyrex-Shadow, L50|100/100\n|-ability|p2b: Calyrex|As One\n|-ability|p2b: Calyrex|Unnerve\n|-fieldstart|move: Grassy Terrain|[from] ability: Grassy Surge|[of] p2a: Rillaboom\n|turn|3\n|inactive|Gworf has 30 seconds left.\n|\n|t:|1746080322\n|switch|p1a: Tyranitar|Tyranitar, L50, F|100/100\n|-weather|Sandstorm|[from] ability: Sand Stream|[of] p1a: Tyranitar\n|-terastallize|p2b: Calyrex|Ghost\n|move|p2b: Calyrex|Astral Barrage|p1b: Ho-Oh|[spread] p1a,p1b\n|-resisted|p1a: Tyranitar\n|-damage|p1a: Tyranitar|78/100\n|-damage|p1b: Ho-Oh|56/100\n|move|p2a: Rillaboom|Wood Hammer|p1a: Tyranitar\n|-supereffective|p1a: Tyranitar\n|-damage|p1a: Tyranitar|0 fnt\n|faint|p1a: Tyranitar\n|-damage|p2a: Rillaboom|75/100|[from] Recoil\n|move|p1b: Ho-Oh|Sacred Fire|p2a: Rillaboom\n|-supereffective|p2a: Rillaboom\n|-damage|p2a: Rillaboom|0 fnt\n|faint|p2a: Rillaboom\n|\n|-weather|Sandstorm|[upkeep]\n|-damage|p2b: Calyrex|94/100|[from] Sandstorm\n|-damage|p1b: Ho-Oh|50/100|[from] Sandstorm\n|-heal|p2b: Calyrex|100/100|[from] Grassy Terrain\n|upkeep\n|\n|t:|1746080334\n|switch|p1a: Calyrex|Calyrex-Shadow, L50|37/100\n|-ability|p1a: Calyrex|As One\n|-ability|p1a: Calyrex|Unnerve\n|turn|4\n|\n|t:|1746080349\n|move|p1a: Calyrex|Protect|p1a: Calyrex\n|-singleturn|p1a: Calyrex|Protect\n|move|p1b: Ho-Oh|Protect|p1b: Ho-Oh\n|-singleturn|p1b: Ho-Oh|Protect\n|move|p2b: Calyrex|Astral Barrage|p1a: Calyrex|[spread] \n|-activate|p1a: Calyrex|move: Protect\n|-activate|p1b: Ho-Oh|move: Protect\n|\n|-weather|Sandstorm|[upkeep]\n|-damage|p2b: Calyrex|94/100|[from] Sandstorm\n|-damage|p1a: Calyrex|31/100|[from] Sandstorm\n|-damage|p1b: Ho-Oh|44/100|[from] Sandstorm\n|-heal|p2b: Calyrex|100/100|[from] Grassy Terrain\n|-heal|p1a: Calyrex|37/100|[from] Grassy Terrain\n|upkeep\n|turn|5\n|\n|t:|1746080363\n|move|p2b: Calyrex|Astral Barrage|p1b: Ho-Oh|[spread] p1a,p1b\n|-supereffective|p1a: Calyrex\n|-damage|p1a: Calyrex|0 fnt\n|-damage|p1b: Ho-Oh|1/100\n|faint|p1a: Calyrex\n|-ability|p2b: Calyrex|Grim Neigh|boost\n|-boost|p2b: Calyrex|spa|1\n|move|p1b: Ho-Oh|Tailwind|p1b: Ho-Oh\n|-sidestart|p1: YoungSinatra44|move: Tailwind\n|\n|-weather|Sandstorm|[upkeep]\n|-damage|p2b: Calyrex|94/100|[from] Sandstorm\n|-damage|p1b: Ho-Oh|0 fnt|[from] Sandstorm\n|faint|p1b: Ho-Oh\n|-heal|p2b: Calyrex|100/100|[from] Grassy Terrain\n|-sideend|p2: Gworf|move: Tailwind\n|upkeep\n|\n|t:|1746080367\n|switch|p1a: Urshifu|Urshifu-Rapid-Strike, L50, M|75/100\n|turn|6\n|\n|t:|1746080385\n|-terastallize|p1a: Urshifu|Water\n|move|p1a: Urshifu|Surging Strikes|p2b: Calyrex\n|-crit|p2b: Calyrex\n|-damage|p2b: Calyrex|66/100\n|-crit|p2b: Calyrex\n|-damage|p2b: Calyrex|31/100\n|-crit|p2b: Calyrex\n|-damage|p2b: Calyrex|0 fnt\n|faint|p2b: Calyrex\n|-hitcount|p2: Calyrex|3\n|\n|win|YoungSinatra44\n|l|\u2606Gworf\n|player|p2|\n||YoungSinatra44 is ready for game 2.\n||Gworf is ready for game 2.\n|uhtml|next|Next: <a href=\"/battle-gen9vgc2025regibo3-2354489479\"><strong>Game 2 of 3</strong></a>\n", "uploadtime": 1746080656, "views": 8, "formatid": "gen9vgc2025regibo3", "rating": null, "private": 0, "password": null}