{"id": "gen9vgc2025regibo3-2353749887", "format": "[Gen 9] VGC 2025 Reg I (Bo3)", "players": ["shotper", "kalebloving3680"], "log": "|j|\u2606shotper\n|j|\u2606kalebloving3680\n|html|<table width=\"100%\"><tr><td align=\"left\">shotper</td><td align=\"right\">kalebloving3680</tr><tr><td align=\"left\"><i class=\"fa fa-circle-o\"></i> <i class=\"fa fa-circle-o\"></i> </td><td align=\"right\"><i class=\"fa fa-circle-o\"></i> <i class=\"fa fa-circle-o\"></i> </tr></table>\n|uhtml|bestof|<h2><strong>Game 1</strong> of <a href=\"/game-bestof3-gen9vgc2025regibo3-2353749886\">a best-of-3</a></h2>\n|t:|1745993540\n|gametype|doubles\n|player|p1|shotper|lucas|1127\n|player|p2|kalebloving3680|265|1070\n|teamsize|p1|6\n|teamsize|p2|6\n|gen|9\n|tier|[Gen 9] VGC 2025 Reg I (Bo3)\n|rated|\n|rule|Species Clause: Limit one of each Pok\u00e9mon\n|rule|Item Clause: Limit 1 of each item\n|clearpoke\n|poke|p1|Sneasler, L50, F|\n|poke|p1|Calyrex-Shadow, L50|\n|poke|p1|Dondozo, L50, F|\n|poke|p1|Tatsugiri-Droopy, L50, M|\n|poke|p1|Chi-Yu, L50|\n|poke|p1|Miraidon, L50|\n|poke|p2|Toedscruel, L50, M|\n|poke|p2|Typhlosion-Hisui, L50, M|\n|poke|p2|Weezing, L50, M|\n|poke|p2|Chien-Pao, L50|\n|poke|p2|Regigigas, L50|\n|poke|p2|Miraidon, L50|\n|teampreview|4\n|showteam|p1|Sneasler||ElectricSeed|Unburden|CloseCombat,DireClaw,ToxicSpikes,FakeOut|||F|||50|,,,,,Dark]Calyrex-Shadow||LifeOrb|AsOneSpectrier|AstralBarrage,Psychic,Encore,Protect||||||50|,,,,,Dark]Dondozo||Leftovers|Unaware|Earthquake,BodyPress,OrderUp,Protect|||F|||50|,,,,,Grass]Tatsugiri-Droopy||FocusSash|Commander|DracoMeteor,MuddyWater,HelpingHand,Protect|||M|||50|,,,,,Stellar]Chi-Yu||ChoiceScarf|BeadsofRuin|Overheat,HeatWave,ScaryFace,Snarl||||||50|,,,,,Ghost]Miraidon||AssaultVest|HadronEngine|ElectroDrift,DracoMeteor,DazzlingGleam,VoltSwitch||||||50|,,,,,Fairy\n|showteam|p2|Toedscruel||CovertCloak|MyceliumMight|Spore,EarthPower,EnergyBall,RagePowder|||M|||50|,,,,,Water]Typhlosion-Hisui||ChoiceScarf|Blaze|Eruption,SleepTalk,HeatWave,ShadowBall|||M|||50|,,,,,Fire]Weezing||Leftovers|NeutralizingGas|Protect,ClearSmog,Toxic,Rest|||M|||50|,,,,,Flying]Chien-Pao||EjectPack|SwordofRuin|IceShard,SacredSword,SwordsDance,SuckerPunch||||||50|,,,,,Dark]Regigigas||AssaultVest|SlowStart|RockSlide,DrainPunch,KnockOff,IronHead||||||50|,,,,,Ghost]Miraidon||ChoiceSpecs|HadronEngine|DazzlingGleam,DracoMeteor,VoltSwitch,ElectroDrift||||||50|,,,,,Electric\n|inactive|Battle timer is ON: inactive players will automatically lose when time's up. (requested by kalebloving3680)\n|\n|t:|1745993556\n|start\n|switch|p1a: Calyrex|Calyrex-Shadow, L50|100/100\n|switch|p1b: Miraidon|Miraidon, L50|100/100\n|switch|p2a: Weezing|Weezing, L50, M, shiny|100/100\n|switch|p2b: Regigigas|Regigigas, L50|100/100\n|-ability|p2a: Weezing|Neutralizing Gas\n|-ability|p1a: Calyrex|As One\n|-ability|p1a: Calyrex|Unnerve\n|turn|1\n|\n|t:|1745993573\n|move|p1a: Calyrex|Protect|p1a: Calyrex\n|-singleturn|p1a: Calyrex|Protect\n|move|p2a: Weezing|Protect|p2a: Weezing\n|-singleturn|p2a: Weezing|Protect\n|move|p1b: Miraidon|Electro Drift|p2a: Weezing\n|-activate|p2a: Weezing|move: Protect\n|move|p2b: Regigigas|Knock Off|p1a: Calyrex\n|-activate|p1a: Calyrex|move: Protect\n|\n|upkeep\n|turn|2\n|\n|t:|1745993592\n|move|p1a: Calyrex|Psychic|p2a: Weezing\n|-supereffective|p2a: Weezing\n|-damage|p2a: Weezing|0 fnt\n|faint|p2a: Weezing\n|-end|p2a: Weezing|ability: Neutralizing Gas\n|-fieldstart|move: Electric Terrain|[from] ability: Hadron Engine|[of] p1b: Miraidon\n|-start|p2b: Regigigas|ability: Slow Start\n|-ability|p1a: Calyrex|Grim Neigh|boost\n|-boost|p1a: Calyrex|spa|1\n|-damage|p1a: Calyrex|91/100|[from] item: Life Orb\n|move|p1b: Miraidon|Volt Switch|p2b: Regigigas\n|-damage|p2b: Regigigas|65/100\n|\n|t:|1745993603\n|switch|p1b: Dondozo|Dondozo, L50, F|100/100|[from] Volt Switch\n|move|p2b: Regigigas|Knock Off|p1a: Calyrex\n|-supereffective|p1a: Calyrex\n|-damage|p1a: Calyrex|0 fnt\n|-enditem|p1a: Calyrex|Life Orb|[from] move: Knock Off|[of] p2b: Regigigas\n|faint|p1a: Calyrex\n|\n|upkeep\n|\n|t:|1745993614\n|switch|p1a: Miraidon|Miraidon, L50|100/100\n|switch|p2a: Miraidon|Miraidon, L50|100/100\n|-activate|p2a: Miraidon|ability: Hadron Engine\n|-activate|p1a: Miraidon|ability: Hadron Engine\n|turn|3\n|\n|t:|1745993638\n|-terastallize|p2a: Miraidon|Electric\n|move|p1b: Dondozo|Protect|p1b: Dondozo\n|-singleturn|p1b: Dondozo|Protect\n|move|p2a: Miraidon|Electro Drift|p1b: Dondozo\n|-activate|p1b: Dondozo|move: Protect\n|move|p1a: Miraidon|Draco Meteor|p2a: Miraidon\n|-damage|p2a: Miraidon|5/100\n|-unboost|p1a: Miraidon|spa|2\n|move|p2b: Regigigas|Drain Punch|p1a: Miraidon\n|-crit|p1a: Miraidon\n|-damage|p1a: Miraidon|75/100\n|-heal|p2b: Regigigas|77/100|[from] drain|[of] p1a: Miraidon\n|\n|upkeep\n|turn|4\n|\n|t:|1745993660\n|switch|p1b: Tatsugiri|Tatsugiri-Droopy, L50, M|100/100\n|move|p2a: Miraidon|Electro Drift|p1b: Tatsugiri\n|-enditem|p1b: Tatsugiri|Focus Sash\n|-damage|p1b: Tatsugiri|1/100\n|move|p1a: Miraidon|Volt Switch|p2a: Miraidon\n|-resisted|p2a: Miraidon\n|-damage|p2a: Miraidon|0 fnt\n|faint|p2a: Miraidon\n|\n|t:|1745993665\n|switch|p1a: Dondozo|Dondozo, L50, F|100/100|[from] Volt Switch\n|-activate|p1b: Tatsugiri|ability: Commander|[of] p1a: Dondozo\n|-boost|p1a: Dondozo|atk|2\n|-boost|p1a: Dondozo|spa|2\n|-boost|p1a: Dondozo|spe|2\n|-boost|p1a: Dondozo|def|2\n|-boost|p1a: Dondozo|spd|2\n|move|p2b: Regigigas|Knock Off|p1a: Dondozo\n|-damage|p1a: Dondozo|94/100\n|-enditem|p1a: Dondozo|Leftovers|[from] move: Knock Off|[of] p2b: Regigigas\n|\n|upkeep\n|\n|t:|1745993679\n|switch|p2a: Chien-Pao|Chien-Pao, L50|100/100\n|-ability|p2a: Chien-Pao|Sword of Ruin\n|turn|5\n|\n|t:|1745993689\n|move|p2a: Chien-Pao|Swords Dance|p2a: Chien-Pao\n|-boost|p2a: Chien-Pao|atk|2\n|move|p1a: Dondozo|Body Press|p2b: Regigigas\n|-supereffective|p2b: Regigigas\n|-damage|p2b: Regigigas|0 fnt\n|faint|p2b: Regigigas\n|-end|p2b: Regigigas|Slow Start|[silent]\n|\n|upkeep\n|turn|6\n|\n|t:|1745993705\n|move|p2a: Chien-Pao|Sacred Sword|p1a: Dondozo\n|-damage|p1a: Dondozo|73/100\n|move|p1a: Dondozo|Body Press|p2a: Chien-Pao\n|-supereffective|p2a: Chien-Pao\n|-damage|p2a: Chien-Pao|0 fnt\n|faint|p2a: Chien-Pao\n|\n|win|shotper\n||kalebloving3680 is ready for game 2.\n|l|\u2606kalebloving3680\n|player|p2|\n|inactive|shotper has 30 seconds to confirm battle start!\n||shotper is ready for game 2.\n|uhtml|next|Next: <a href=\"/battle-gen9vgc2025regibo3-2353750855\"><strong>Game 2 of 3</strong></a>\n|l|\u2606shotper\n|player|p1|\n", "uploadtime": 1745994088, "views": 10, "formatid": "gen9vgc2025regibo3", "rating": null, "private": 0, "password": null}