{"id": "gen9vgc2025regibo3-2354948672", "format": "[Gen 9] VGC 2025 Reg I (Bo3)", "players": ["Monsteralover", "venutor"], "log": "|j|\u2606Monsteralover\n|j|\u2606venutor\n|html|<table width=\"100%\"><tr><td align=\"left\">Monsteralover</td><td align=\"right\">venutor</tr><tr><td align=\"left\"><i class=\"fa fa-circle\"></i> <i class=\"fa fa-circle-o\"></i> </td><td align=\"right\"><i class=\"fa fa-circle-o\"></i> <i class=\"fa fa-circle-o\"></i> </tr></table>\n|uhtml|bestof|<h2><strong>Game 2</strong> of <a href=\"/game-bestof3-gen9vgc2025regibo3-2354945365\">a best-of-3</a></h2>\n|t:|1746134736\n|gametype|doubles\n|player|p1|Monsteralover|baker|1283\n|player|p2|venutor|swimmer-gen4|1348\n|teamsize|p1|6\n|teamsize|p2|6\n|gen|9\n|tier|[Gen 9] VGC 2025 Reg I (Bo3)\n|rated|\n|rule|Species Clause: Limit one of each Pok\u00e9mon\n|rule|Item Clause: Limit 1 of each item\n|clearpoke\n|poke|p1|Terapagos, L50, M|\n|poke|p1|Incineroar, L50, F|\n|poke|p1|Rillaboom, L50, F|\n|poke|p1|Ogerpon-Cornerstone, L50, F|\n|poke|p1|Grimmsnarl, L50, M|\n|poke|p1|Calyrex-Shadow, L50|\n|poke|p2|Koraidon, L50|\n|poke|p2|Lunala, L50|\n|poke|p2|Chi-Yu, L50|\n|poke|p2|Ursaluna, L50, M|\n|poke|p2|Brute Bonnet, L50|\n|poke|p2|Flutter Mane, L50|\n|teampreview|4\n|showteam|p1|Terapagos||Leftovers|TeraShift|TeraStarstorm,EarthPower,Protect,CalmMind|||M|||50|,,,,,Stellar]Incineroar||RockyHelmet|Intimidate|KnockOff,FakeOut,WillOWisp,PartingShot|||F|||50|,,,,,Water]Rillaboom||AssaultVest|GrassySurge|FakeOut,DrumBeating,Uturn,GrassyGlide|||F|||50|,,,,,Fire]Ogerpon-Cornerstone||CornerstoneMask|Sturdy|IvyCudgel,SpikyShield,FollowMe,Encore|||F|||50|,,,,,Rock]Grimmsnarl||LightClay|Prankster|SpiritBreak,Reflect,ThunderWave,LightScreen|||M|||50|,,,,,Ghost]Calyrex-Shadow||FocusSash|AsOneSpectrier|AstralBarrage,Psychic,NastyPlot,Protect||||||50|,,,,,Ghost\n|showteam|p2|Koraidon||LifeOrb|OrichalcumPulse|FlareBlitz,FlameCharge,CloseCombat,Protect||||||50|,,,,,Fire]Lunala||PowerHerb|ShadowShield|MoongeistBeam,MeteorBeam,WideGuard,TrickRoom||||||50|,,,,,Water]Chi-Yu||ChoiceScarf|BeadsofRuin|Overheat,HeatWave,DarkPulse,Snarl||||||50|,,,,,Ghost]Ursaluna||FlameOrb|Guts|Facade,Earthquake,HeadlongRush,Protect|||M|||50|,,,,,Water]Brute Bonnet||CovertCloak|Protosynthesis|SeedBomb,SuckerPunch,Spore,RagePowder||||||50|,,,,,Water]Flutter Mane||FocusSash|Protosynthesis|Moonblast,IcyWind,ShadowBall,Protect||||||50|,,,,,Normal\n|inactive|Battle timer is ON: inactive players will automatically lose when time's up. (requested by Monsteralover)\n|\n|t:|1746134765\n|start\n|switch|p1a: Terapagos|Terapagos, L50, M|100/100\n|switch|p1b: Grimmsnarl|Grimmsnarl, L50, M|100/100\n|switch|p2a: Lunala|Lunala, L50|100/100\n|switch|p2b: Koraidon|Koraidon, L50|100/100\n|-activate|p1a: Terapagos|ability: Tera Shift\n|detailschange|p1a: Terapagos|Terapagos-Terastal, L50, M\n|-heal|p1a: Terapagos|100/100|[silent]\n|-weather|SunnyDay|[from] ability: Orichalcum Pulse|[of] p2b: Koraidon\n|-activate|p2b: Koraidon|Orichalcum Pulse|[source]\n|turn|1\n|\n|t:|1746134779\n|switch|p2b: Ursaluna|Ursaluna, L50, M|100/100\n|move|p1b: Grimmsnarl|Reflect|p1b: Grimmsnarl\n|-sidestart|p1: Monsteralover|Reflect\n|move|p1a: Terapagos|Calm Mind|p1a: Terapagos\n|-boost|p1a: Terapagos|spa|1\n|-boost|p1a: Terapagos|spd|1\n|move|p2a: Lunala|Trick Room|p2a: Lunala\n|-fieldstart|move: Trick Room|[of] p2a: Lunala\n|\n|-weather|SunnyDay|[upkeep]\n|-status|p2b: Ursaluna|brn|[from] item: Flame Orb\n|upkeep\n|turn|2\n|inactive|Monsteralover has 30 seconds left.\n|\n|t:|1746134805\n|move|p2b: Ursaluna|Facade|p1b: Grimmsnarl\n|-damage|p1b: Grimmsnarl|10/100\n|move|p1b: Grimmsnarl|Spirit Break|p2a: Lunala\n|-damage|p2a: Lunala|88/100\n|-unboost|p2a: Lunala|spa|1\n|move|p2a: Lunala|Meteor Beam||[still]\n|-prepare|p2a: Lunala|Meteor Beam\n|-boost|p2a: Lunala|spa|1\n|-enditem|p2a: Lunala|Power Herb\n|-anim|p2a: Lunala|Meteor Beam|p1b: Grimmsnarl\n|-damage|p1b: Grimmsnarl|0 fnt\n|faint|p1b: Grimmsnarl\n|move|p1a: Terapagos|Tera Starstorm|p2b: Ursaluna\n|-damage|p2b: Ursaluna|43/100 brn\n|\n|-weather|SunnyDay|[upkeep]\n|-damage|p2b: Ursaluna|37/100 brn|[from] brn\n|upkeep\n|\n|t:|1746134825\n|switch|p1b: Incineroar|Incineroar, L50, F|100/100\n|-ability|p1b: Incineroar|Intimidate|boost\n|-unboost|p2a: Lunala|atk|1\n|-unboost|p2b: Ursaluna|atk|1\n|turn|3\n|inactive|Monsteralover has 30 seconds left.\n|\n|t:|1746134859\n|move|p2b: Ursaluna|Protect|p2b: Ursaluna\n|-singleturn|p2b: Ursaluna|Protect\n|move|p1b: Incineroar|Fake Out|p2b: Ursaluna\n|-activate|p2b: Ursaluna|move: Protect\n|move|p2a: Lunala|Meteor Beam||[still]\n|-prepare|p2a: Lunala|Meteor Beam\n|-boost|p2a: Lunala|spa|1\n|move|p1a: Terapagos|Calm Mind|p1a: Terapagos\n|-boost|p1a: Terapagos|spa|1\n|-boost|p1a: Terapagos|spd|1\n|\n|-weather|SunnyDay|[upkeep]\n|-damage|p2b: Ursaluna|31/100 brn|[from] brn\n|upkeep\n|turn|4\n|inactive|Monsteralover has 30 seconds left.\n|\n|t:|1746134890\n|-terastallize|p1b: Incineroar|Water\n|move|p2b: Ursaluna|Facade|p1a: Terapagos\n|-activate|p1a: Terapagos|ability: Tera Shell\n|-resisted|p1a: Terapagos\n|-damage|p1a: Terapagos|83/100\n|move|p1b: Incineroar|Knock Off|p2a: Lunala\n|-supereffective|p2a: Lunala\n|-damage|p2a: Lunala|0 fnt\n|faint|p2a: Lunala\n|move|p1a: Terapagos|Tera Starstorm|p2b: Ursaluna\n|-damage|p2b: Ursaluna|0 fnt\n|faint|p2b: Ursaluna\n|\n|-weather|SunnyDay|[upkeep]\n|-heal|p1a: Terapagos|89/100|[from] item: Leftovers\n|upkeep\n|inactive|venutor has 30 seconds left.\n|inactive|venutor has 20 seconds left.\n|inactive|venutor has 15 seconds left.\n|inactive|venutor has 10 seconds left.\n|\n|t:|1746134939\n|switch|p2b: Brute Bonnet|Brute Bonnet, L50|100/100\n|switch|p2a: Koraidon|Koraidon, L50|100/100\n|-activate|p2a: Koraidon|ability: Orichalcum Pulse\n|-activate|p2b: Brute Bonnet|ability: Protosynthesis\n|-start|p2b: Brute Bonnet|protosynthesisatk\n|turn|5\n|\n|t:|1746134962\n|move|p1a: Terapagos|Protect|p1a: Terapagos\n|-singleturn|p1a: Terapagos|Protect\n|move|p2b: Brute Bonnet|Spore|p1b: Incineroar\n|-status|p1b: Incineroar|slp|[from] move: Spore\n|cant|p1b: Incineroar|slp\n|move|p2a: Koraidon|Close Combat|p1a: Terapagos\n|-activate|p1a: Terapagos|move: Protect\n|\n|-weather|none\n|-end|p2b: Brute Bonnet|Protosynthesis\n|-heal|p1a: Terapagos|95/100|[from] item: Leftovers\n|-fieldend|move: Trick Room\n|upkeep\n|turn|6\n|inactive|Monsteralover has 30 seconds left.\n|inactive|venutor has 30 seconds left.\n|\n|t:|1746134992\n|move|p2b: Brute Bonnet|Sucker Punch|p1a: Terapagos\n|-damage|p1a: Terapagos|80/100\n|move|p2a: Koraidon|Close Combat|p1a: Terapagos\n|-supereffective|p1a: Terapagos\n|-damage|p1a: Terapagos|11/100\n|-unboost|p2a: Koraidon|def|1\n|-unboost|p2a: Koraidon|spd|1\n|-damage|p2a: Koraidon|91/100|[from] item: Life Orb\n|move|p1a: Terapagos|Tera Starstorm|p2b: Brute Bonnet\n|-damage|p2b: Brute Bonnet|33/100\n|-curestatus|p1b: Incineroar|slp|[msg]\n|move|p1b: Incineroar|Parting Shot|p2b: Brute Bonnet\n|-unboost|p2b: Brute Bonnet|atk|1\n|-unboost|p2b: Brute Bonnet|spa|1\n|-message|venutor forfeited.\n|\n|win|Monsteralover\n|raw|Monsteralover's rating: 1283 &rarr; <strong>1313</strong><br />(+30 for winning)\n|raw|venutor's rating: 1348 &rarr; <strong>1324</strong><br />(-24 for losing)\n", "uploadtime": 1746135004, "views": 7, "formatid": "gen9vgc2025regibo3", "rating": 1313, "private": 0, "password": null}