{"id": "gen9vgc2025regibo3-2353473959", "format": "[Gen 9] VGC 2025 Reg I (Bo3)", "players": ["identityline1", "Yoohohohobrook"], "log": "|j|\u203didentityline1\n|j|\u2606Yoohohohobrook\n|html|<table width=\"100%\"><tr><td align=\"left\">identityline1</td><td align=\"right\">Yoohohohobrook</tr><tr><td align=\"left\"><i class=\"fa fa-circle\"></i> <i class=\"fa fa-circle-o\"></i> </td><td align=\"right\"><i class=\"fa fa-circle-o\"></i> <i class=\"fa fa-circle\"></i> </tr></table>\n|uhtml|bestof|<h2><strong>Game 3</strong> of <a href=\"/game-bestof3-gen9vgc2025regibo3-2353466074\">a best-of-3</a></h2>\n|t:|1745959246\n|gametype|doubles\n|player|p1|identityline1|169|1137\n|player|p2|Yoohohohobrook|red|1106\n|teamsize|p1|6\n|teamsize|p2|6\n|gen|9\n|tier|[Gen 9] VGC 2025 Reg I (Bo3)\n|rated|\n|rule|Species Clause: Limit one of each Pok\u00e9mon\n|rule|Item Clause: Limit 1 of each item\n|clearpoke\n|poke|p1|Calyrex-Shadow, L50|\n|poke|p1|Zamazenta-*, L50|\n|poke|p1|Incineroar, L50, M|\n|poke|p1|Rillaboom, L50, F|\n|poke|p1|Urshifu-*, L50, F|\n|poke|p1|Tornadus, L50, M|\n|poke|p2|Koraidon, L50|\n|poke|p2|Lunala, L50|\n|poke|p2|Chi-Yu, L50|\n|poke|p2|Ursaluna, L50, M|\n|poke|p2|Brute Bonnet, L50|\n|poke|p2|Raging Bolt, L50|\n|teampreview|4\n|showteam|p1|Calyrex-Shadow||FocusSash|AsOneSpectrier|AstralBarrage,Protect,Psychic,NastyPlot||||||50|,,,,,Ghost]Zamazenta-Crowned||RustedShield|DauntlessShield|BodyPress,WideGuard,Protect,behemothbash||||||50|,,,,,Dragon]Incineroar||SafetyGoggles|Intimidate|FakeOut,FlareBlitz,KnockOff,PartingShot|||M|||50|,,,,,Ghost]Rillaboom||AssaultVest|GrassySurge|FakeOut,WoodHammer,Uturn,GrassyGlide|||F|||50|,,,,,Water]Urshifu-Rapid-Strike||ChoiceScarf|UnseenFist|SurgingStrikes,CloseCombat,AquaJet,Uturn|||F|||50|,,,,,Water]Tornadus||CovertCloak|Prankster|Tailwind,BleakwindStorm,RainDance,Protect|||M|||50|,,,,,Dark\n|showteam|p2|Koraidon||LifeOrb|OrichalcumPulse|FlareBlitz,FlameCharge,CloseCombat,Protect||||||50|,,,,,Fire]Lunala||PowerHerb|ShadowShield|MoongeistBeam,MeteorBeam,WideGuard,TrickRoom||||||50|,,,,,Water]Chi-Yu||ChoiceScarf|BeadsofRuin|Overheat,HeatWave,DarkPulse,Snarl||||||50|,,,,,Ghost]Ursaluna||FlameOrb|Guts|Facade,Earthquake,HeadlongRush,Protect|||M|||50|,,,,,Water]Brute Bonnet||CovertCloak|Protosynthesis|Spore,RagePowder,SuckerPunch,SeedBomb||||||50|,,,,,Water]Raging Bolt||AssaultVest|Protosynthesis|Thunderclap,Electroweb,DracoMeteor,Snarl||||||50|,,,,,Fairy\n|\n|t:|1745959275\n|start\n|switch|p1a: Incineroar|Incineroar, L50, M|100/100\n|switch|p1b: Zamazenta|Zamazenta-Crowned, L50|100/100\n|switch|p2a: Lunala|Lunala, L50|100/100\n|switch|p2b: Brute Bonnet|Brute Bonnet, L50|100/100\n|-ability|p1b: Zamazenta|Dauntless Shield|boost\n|-boost|p1b: Zamazenta|def|1\n|-ability|p1a: Incineroar|Intimidate|boost\n|-unboost|p2a: Lunala|atk|1\n|-unboost|p2b: Brute Bonnet|atk|1\n|turn|1\n|\n|t:|1745959302\n|-terastallize|p2b: Brute Bonnet|Water\n|move|p1b: Zamazenta|Body Press|p2b: Brute Bonnet\n|-damage|p2b: Brute Bonnet|36/100\n|move|p2a: Lunala|Meteor Beam||[still]\n|-prepare|p2a: Lunala|Meteor Beam\n|-boost|p2a: Lunala|spa|1\n|-enditem|p2a: Lunala|Power Herb\n|-anim|p2a: Lunala|Meteor Beam|p1a: Incineroar|[miss]\n|-miss|p2a: Lunala|p1a: Incineroar\n|move|p1a: Incineroar|Knock Off|p2a: Lunala\n|-supereffective|p2a: Lunala\n|-damage|p2a: Lunala|59/100\n|move|p2b: Brute Bonnet|Spore|p1b: Zamazenta\n|-status|p1b: Zamazenta|slp|[from] move: Spore\n|\n|upkeep\n|turn|2\n|\n|t:|1745959367\n|switch|p2a: Koraidon|Koraidon, L50|100/100\n|-weather|SunnyDay|[from] ability: Orichalcum Pulse|[of] p2a: Koraidon\n|-activate|p2b: Brute Bonnet|ability: Protosynthesis\n|-start|p2b: Brute Bonnet|protosynthesisatk\n|-activate|p2a: Koraidon|Orichalcum Pulse|[source]\n|-end|p2b: Brute Bonnet|Protosynthesis|[silent]\n|switch|p2b: Ursaluna|Ursaluna, L50, M|100/100\n|cant|p1b: Zamazenta|slp\n|move|p1a: Incineroar|Knock Off|p2a: Koraidon\n|-resisted|p2a: Koraidon\n|-damage|p2a: Koraidon|83/100\n|-enditem|p2a: Koraidon|Life Orb|[from] move: Knock Off|[of] p1a: Incineroar\n|\n|-weather|SunnyDay|[upkeep]\n|-status|p2b: Ursaluna|brn|[from] item: Flame Orb\n|upkeep\n|turn|3\n|\n|t:|1745959430\n|-terastallize|p1a: Incineroar|Ghost\n|move|p2a: Koraidon|Flame Charge|p1b: Zamazenta\n|-supereffective|p1b: Zamazenta\n|-damage|p1b: Zamazenta|74/100 slp\n|-boost|p2a: Koraidon|spe|1\n|cant|p1b: Zamazenta|slp\n|move|p1a: Incineroar|Parting Shot|p2b: Ursaluna\n|-unboost|p2b: Ursaluna|atk|1\n|-unboost|p2b: Ursaluna|spa|1\n|\n|t:|1745959442\n|switch|p1a: Calyrex|Calyrex-Shadow, L50|100/100|[from] Parting Shot\n|-ability|p1a: Calyrex|As One\n|-ability|p1a: Calyrex|Unnerve\n|move|p2b: Ursaluna|Headlong Rush|p1b: Zamazenta\n|-supereffective|p1b: Zamazenta\n|-damage|p1b: Zamazenta|19/100 slp\n|-unboost|p2b: Ursaluna|def|1\n|-unboost|p2b: Ursaluna|spd|1\n|\n|-weather|SunnyDay|[upkeep]\n|-damage|p2b: Ursaluna|95/100 brn|[from] brn\n|upkeep\n|turn|4\n|\n|t:|1745959484\n|switch|p1b: Incineroar|Incineroar, L50, M, tera:Ghost|100/100\n|-ability|p1b: Incineroar|Intimidate|boost\n|-unboost|p2a: Koraidon|atk|1\n|-unboost|p2b: Ursaluna|atk|1\n|move|p2a: Koraidon|Protect|p2a: Koraidon\n|-singleturn|p2a: Koraidon|Protect\n|move|p1a: Calyrex|Astral Barrage|p2b: Ursaluna|[spread] \n|-activate|p2a: Koraidon|move: Protect\n|-immune|p2b: Ursaluna\n|move|p2b: Ursaluna|Earthquake|p1b: Incineroar|[spread] p1a,p1b\n|-activate|p2a: Koraidon|move: Protect\n|-crit|p1a: Calyrex\n|-enditem|p1a: Calyrex|Focus Sash\n|-damage|p1a: Calyrex|1/100\n|-damage|p1b: Incineroar|77/100\n|\n|-weather|SunnyDay|[upkeep]\n|-damage|p2b: Ursaluna|89/100 brn|[from] brn\n|upkeep\n|turn|5\n|\n|t:|1745959522\n|switch|p2a: Lunala|Lunala, L50|59/100\n|move|p1b: Incineroar|Fake Out|p2a: Lunala\n|-immune|p2a: Lunala\n|move|p1a: Calyrex|Psychic|p2a: Lunala\n|-resisted|p2a: Lunala\n|-damage|p2a: Lunala|40/100\n|move|p2b: Ursaluna|Earthquake|p1b: Incineroar|[spread] p2a,p1a,p1b\n|-damage|p2a: Lunala|15/100\n|-damage|p1a: Calyrex|0 fnt\n|-damage|p1b: Incineroar|55/100\n|faint|p1a: Calyrex\n|\n|-weather|SunnyDay|[upkeep]\n|-damage|p2b: Ursaluna|83/100 brn|[from] brn\n|upkeep\n|\n|t:|1745959540\n|switch|p1a: Urshifu|Urshifu-Rapid-Strike, L50, F|100/100\n|turn|6\n|\n|t:|1745959568\n|move|p1a: Urshifu|Surging Strikes|p2a: Lunala\n|-crit|p2a: Lunala\n|-damage|p2a: Lunala|7/100\n|-crit|p2a: Lunala\n|-damage|p2a: Lunala|0 fnt\n|faint|p2a: Lunala\n|-hitcount|p2: Lunala|2\n|move|p1b: Incineroar|Flare Blitz|p2b: Ursaluna\n|-damage|p2b: Ursaluna|10/100 brn\n|-damage|p1b: Incineroar|27/100|[from] Recoil\n|move|p2b: Ursaluna|Facade|p1a: Urshifu\n|-damage|p1a: Urshifu|34/100\n|\n|-weather|none\n|-damage|p2b: Ursaluna|4/100 brn|[from] brn\n|upkeep\n|\n|t:|1745959573\n|switch|p2a: Koraidon|Koraidon, L50|83/100\n|-weather|SunnyDay|[from] ability: Orichalcum Pulse|[of] p2a: Koraidon\n|-activate|p2a: Koraidon|Orichalcum Pulse|[source]\n|turn|7\n|inactive|Battle timer is ON: inactive players will automatically lose when time's up. (requested by Yoohohohobrook)\n|\n|t:|1745959642\n|move|p1a: Urshifu|Surging Strikes|p2a: Koraidon\n|-resisted|p2a: Koraidon\n|-crit|p2a: Koraidon\n|-damage|p2a: Koraidon|79/100\n|-resisted|p2a: Koraidon\n|-crit|p2a: Koraidon\n|-damage|p2a: Koraidon|75/100\n|-resisted|p2a: Koraidon\n|-crit|p2a: Koraidon\n|-damage|p2a: Koraidon|71/100\n|-hitcount|p2a: Koraidon|3\n|move|p2a: Koraidon|Flare Blitz|p1b: Incineroar\n|-damage|p1b: Incineroar|0 fnt\n|faint|p1b: Incineroar\n|-damage|p2a: Koraidon|60/100|[from] Recoil\n|move|p2b: Ursaluna|Facade|p1a: Urshifu\n|-damage|p1a: Urshifu|0 fnt\n|faint|p1a: Urshifu\n|\n|-weather|SunnyDay|[upkeep]\n|-damage|p2b: Ursaluna|0 fnt|[from] brn\n|faint|p2b: Ursaluna\n|upkeep\n|\n|t:|1745959658\n|switch|p1b: Zamazenta|Zamazenta-Crowned, L50|19/100 slp\n|switch|p2b: Brute Bonnet|Brute Bonnet, L50, tera:Water|36/100\n|-activate|p2b: Brute Bonnet|ability: Protosynthesis\n|-start|p2b: Brute Bonnet|protosynthesisatk\n|turn|8\n|c|\u2606Yoohohohobrook|Gg\n|inactive|identityline1 has 30 seconds left.\n|inactive|identityline1 has 20 seconds left.\n|inactive|identityline1 has 15 seconds left.\n|inactive|identityline1 has 10 seconds left.\n|\n|t:|1745959704\n|move|p2b: Brute Bonnet|Rage Powder|p2b: Brute Bonnet\n|-singleturn|p2b: Brute Bonnet|move: Rage Powder\n|move|p2a: Koraidon|Flare Blitz|p1b: Zamazenta\n|-supereffective|p1b: Zamazenta\n|-damage|p1b: Zamazenta|0 fnt\n|faint|p1b: Zamazenta\n|-damage|p2a: Koraidon|54/100|[from] Recoil\n|\n|win|Yoohohohobrook\n|raw|identityline1's rating: 1137 &rarr; <strong>1110</strong><br />(-27 for losing)\n|raw|Yoohohohobrook's rating: 1106 &rarr; <strong>1133</strong><br />(+27 for winning)\n|l|\u2606Yoohohohobrook\n|player|p2|\n|j|\u2606Yoohohohobrook\n|player|p2|Yoohohohobrook|red|\n", "uploadtime": 1745959728, "views": 15, "formatid": "gen9vgc2025regibo3", "rating": 1110, "private": 0, "password": null}