{"id": "gen9vgc2025regibo3-2353759210", "format": "[Gen 9] VGC 2025 Reg I (Bo3)", "players": ["direclawexperience", "ExessVGC"], "log": "|j|\u2606direclawexperience\n|j|\u2606ExessVGC\n|html|<table width=\"100%\"><tr><td align=\"left\">direclawexperience</td><td align=\"right\">ExessVGC</tr><tr><td align=\"left\"><i class=\"fa fa-circle\"></i> <i class=\"fa fa-circle-o\"></i> </td><td align=\"right\"><i class=\"fa fa-circle-o\"></i> <i class=\"fa fa-circle-o\"></i> </tr></table>\n|uhtml|bestof|<h2><strong>Game 2</strong> of <a href=\"/game-bestof3-gen9vgc2025regibo3-2353758159\">a best-of-3</a></h2>\n|t:|1745995172\n|gametype|doubles\n|player|p1|direclawexperience|benga|1203\n|player|p2|ExessVGC|170|1176\n|teamsize|p1|6\n|teamsize|p2|6\n|gen|9\n|tier|[Gen 9] VGC 2025 Reg I (Bo3)\n|rated|\n|rule|Species Clause: Limit one of each Pok\u00e9mon\n|rule|Item Clause: Limit 1 of each item\n|clearpoke\n|poke|p1|Zamazenta-*, L50|\n|poke|p1|Raging Bolt, L50|\n|poke|p1|Flutter Mane, L50|\n|poke|p1|Volcarona, L50, F|\n|poke|p1|Terapagos, L50, M|\n|poke|p1|Urshifu-*, L50, M|\n|poke|p2|Giratina, L50|\n|poke|p2|Grimmsnarl, L50, M|\n|poke|p2|Incineroar, L50, M|\n|poke|p2|Tornadus, L50, M|\n|poke|p2|Urshifu-*, L50, F|\n|poke|p2|Miraidon, L50|\n|teampreview|4\n|showteam|p1|Zamazenta-Crowned||RustedShield|DauntlessShield|BodyPress,IronDefense,HeavySlam,Protect||||||50|,,,,,Dragon]Raging Bolt||AssaultVest|Protosynthesis|Electroweb,Snarl,Thunderclap,DracoMeteor||||||50|,,,,,Fairy]Flutter Mane||BoosterEnergy|Protosynthesis|Moonblast,Hex,ThunderWave,Taunt||||||50|,,,,,Stellar]Volcarona||RockyHelmet|FlameBody|Overheat,RagePowder,WillOWisp,Tailwind|||F|||50|,,,,,Water]Terapagos||PowerHerb|TeraShift|TeraStarstorm,MeteorBeam,EarthPower,Protect|||M|||50|,,,,,Stellar]Urshifu||ChoiceBand|UnseenFist|WickedBlow,SuckerPunch,Uturn,CloseCombat|||M|||50|,,,,,Ghost\n|showteam|p2|Giratina||Leftovers|Pressure|Hex,Protect,CalmMind,DragonPulse||||||50|,,,,,Fairy]Grimmsnarl||LightClay|Prankster|ThunderWave,LightScreen,Reflect,SpiritBreak|||M|||50|,,,,,Water]Incineroar||SafetyGoggles|Intimidate|FakeOut,WillOWisp,PartingShot,KnockOff|||M|||50|,,,,,Water]Tornadus||CovertCloak|Prankster|RainDance,Tailwind,BleakwindStorm,Taunt|||M|||50|,,,,,Dark]Urshifu-Rapid-Strike||ChoiceScarf|UnseenFist|SurgingStrikes,CloseCombat,Uturn,AquaJet|||F|||50|,,,,,Grass]Miraidon||LifeOrb|HadronEngine|DazzlingGleam,ElectroDrift,DracoMeteor,Protect||||||50|,,,,,Fairy\n|inactive|Battle timer is ON: inactive players will automatically lose when time's up. (requested by direclawexperience)\n|inactive|ExessVGC has 60 seconds left.\n|\n|t:|1745995215\n|start\n|switch|p1a: Raging Bolt|Raging Bolt, L50|100/100\n|switch|p1b: Terapagos|Terapagos, L50, M|100/100\n|switch|p2a: Goth Princess|Giratina, L50|100/100\n|switch|p2b: Green Goblin|Grimmsnarl, L50, M|100/100\n|-activate|p1b: Terapagos|ability: Tera Shift\n|detailschange|p1b: Terapagos|Terapagos-Terastal, L50, M\n|-heal|p1b: Terapagos|100/100|[silent]\n|-ability|p2a: Goth Princess|Pressure\n|turn|1\n|\n|t:|1745995237\n|-terastallize|p1b: Terapagos|Stellar\n|detailschange|p1b: Terapagos|Terapagos-Stellar, L50, M, tera:Stellar\n|-heal|p1b: Terapagos|100/100|[silent]\n|move|p2b: Green Goblin|Light Screen|p2b: Green Goblin\n|-sidestart|p2: ExessVGC|move: Light Screen\n|move|p2a: Goth Princess|Calm Mind|p2a: Goth Princess\n|-boost|p2a: Goth Princess|spa|1\n|-boost|p2a: Goth Princess|spd|1\n|move|p1b: Terapagos|Meteor Beam||[still]\n|-prepare|p1b: Terapagos|Meteor Beam\n|-boost|p1b: Terapagos|spa|1\n|-enditem|p1b: Terapagos|Power Herb\n|-anim|p1b: Terapagos|Meteor Beam|p2b: Green Goblin\n|-damage|p2b: Green Goblin|52/100\n|move|p1a: Raging Bolt|Snarl|p2a: Goth Princess|[spread] p2a,p2b\n|-supereffective|p2a: Goth Princess\n|-resisted|p2b: Green Goblin\n|-damage|p2a: Goth Princess|92/100\n|-damage|p2b: Green Goblin|50/100\n|-unboost|p2a: Goth Princess|spa|1\n|-unboost|p2b: Green Goblin|spa|1\n|\n|-heal|p2a: Goth Princess|99/100|[from] item: Leftovers\n|upkeep\n|turn|2\n|inactive|ExessVGC has 30 seconds left.\n|inactive|ExessVGC has 20 seconds left.\n|\n|t:|1745995273\n|move|p2b: Green Goblin|Thunder Wave|p1b: Terapagos\n|-status|p1b: Terapagos|par\n|move|p2a: Goth Princess|Calm Mind|p2a: Goth Princess\n|-boost|p2a: Goth Princess|spa|1\n|-boost|p2a: Goth Princess|spd|1\n|move|p1a: Raging Bolt|Snarl|p2a: Goth Princess|[spread] p2a,p2b\n|-supereffective|p2a: Goth Princess\n|-resisted|p2b: Green Goblin\n|-damage|p2a: Goth Princess|93/100\n|-damage|p2b: Green Goblin|48/100\n|-unboost|p2a: Goth Princess|spa|1\n|-unboost|p2b: Green Goblin|spa|1\n|move|p1b: Terapagos|Tera Starstorm|p2a: Goth Princess|[spread] p2a,p2b\n|-crit|p2a: Goth Princess\n|-damage|p2a: Goth Princess|37/100\n|-damage|p2b: Green Goblin|11/100\n|\n|-heal|p2a: Goth Princess|44/100|[from] item: Leftovers\n|upkeep\n|turn|3\n|\n|t:|1745995295\n|move|p2a: Goth Princess|Calm Mind|p2a: Goth Princess\n|-boost|p2a: Goth Princess|spa|1\n|-boost|p2a: Goth Princess|spd|1\n|move|p1a: Raging Bolt|Snarl|p2a: Goth Princess|[spread] p2a,p2b\n|-supereffective|p2a: Goth Princess\n|-resisted|p2b: Green Goblin\n|-damage|p2a: Goth Princess|39/100\n|-damage|p2b: Green Goblin|8/100\n|-unboost|p2a: Goth Princess|spa|1\n|-unboost|p2b: Green Goblin|spa|1\n|move|p2b: Green Goblin|Spirit Break|p1b: Terapagos\n|-damage|p1b: Terapagos|82/100 par\n|-unboost|p1b: Terapagos|spa|1\n|cant|p1b: Terapagos|par\n|\n|-heal|p2a: Goth Princess|46/100|[from] item: Leftovers\n|upkeep\n|turn|4\n|\n|t:|1745995314\n|move|p2a: Goth Princess|Calm Mind|p2a: Goth Princess\n|-boost|p2a: Goth Princess|spa|1\n|-boost|p2a: Goth Princess|spd|1\n|move|p1a: Raging Bolt|Snarl|p2b: Green Goblin|[spread] p2a,p2b\n|-supereffective|p2a: Goth Princess\n|-resisted|p2b: Green Goblin\n|-damage|p2a: Goth Princess|42/100\n|-damage|p2b: Green Goblin|6/100\n|-unboost|p2a: Goth Princess|spa|1\n|-unboost|p2b: Green Goblin|spa|1\n|move|p2b: Green Goblin|Spirit Break|p1b: Terapagos\n|-damage|p1b: Terapagos|61/100 par\n|-unboost|p1b: Terapagos|spa|1\n|cant|p1b: Terapagos|par\n|\n|-heal|p2a: Goth Princess|48/100|[from] item: Leftovers\n|upkeep\n|turn|5\n|inactive|ExessVGC has 30 seconds left.\n|\n|t:|1745995340\n|move|p2a: Goth Princess|Calm Mind|p2a: Goth Princess\n|-boost|p2a: Goth Princess|spa|1\n|-boost|p2a: Goth Princess|spd|1\n|move|p1a: Raging Bolt|Snarl|p2b: Green Goblin|[spread] p2a,p2b\n|-supereffective|p2a: Goth Princess\n|-resisted|p2b: Green Goblin\n|-damage|p2a: Goth Princess|45/100\n|-damage|p2b: Green Goblin|3/100\n|-unboost|p2a: Goth Princess|spa|1\n|-unboost|p2b: Green Goblin|spa|1\n|move|p2b: Green Goblin|Spirit Break|p1a: Raging Bolt\n|-supereffective|p1a: Raging Bolt\n|-damage|p1a: Raging Bolt|51/100\n|-unboost|p1a: Raging Bolt|spa|1\n|move|p1b: Terapagos|Tera Starstorm|p2a: Goth Princess|[spread] p2a,p2b\n|-damage|p2a: Goth Princess|42/100\n|-damage|p2b: Green Goblin|0 fnt\n|faint|p2b: Green Goblin\n|\n|-heal|p2a: Goth Princess|48/100|[from] item: Leftovers\n|upkeep\n|inactive|ExessVGC has 30 seconds left.\n|\n|t:|1745995369\n|switch|p2b: Il Campione|Incineroar, L50, M|100/100\n|-ability|p2b: Il Campione|Intimidate|boost\n|-unboost|p1a: Raging Bolt|atk|1\n|-unboost|p1b: Terapagos|atk|1\n|turn|6\n|\n|t:|1745995389\n|move|p2b: Il Campione|Fake Out|p1a: Raging Bolt\n|-damage|p1a: Raging Bolt|43/100\n|move|p2a: Goth Princess|Dragon Pulse|p1a: Raging Bolt\n|-supereffective|p1a: Raging Bolt\n|-damage|p1a: Raging Bolt|4/100\n|cant|p1a: Raging Bolt|flinch\n|cant|p1b: Terapagos|par\n|\n|-heal|p2a: Goth Princess|54/100|[from] item: Leftovers\n|upkeep\n|turn|7\n|\n|t:|1745995412\n|move|p2a: Goth Princess|Dragon Pulse|p1a: Raging Bolt\n|-supereffective|p1a: Raging Bolt\n|-damage|p1a: Raging Bolt|0 fnt\n|faint|p1a: Raging Bolt\n|-end|p1a: Raging Bolt|Protosynthesis|[silent]\n|move|p2b: Il Campione|Parting Shot|p1b: Terapagos\n|-unboost|p1b: Terapagos|atk|1\n|-unboost|p1b: Terapagos|spa|1\n|\n|t:|1745995419\n|switch|p2b: Il Don|Miraidon, L50|100/100|[from] Parting Shot\n|-fieldstart|move: Electric Terrain|[from] ability: Hadron Engine|[of] p2b: Il Don\n|move|p1b: Terapagos|Earth Power|p2b: Il Don\n|-supereffective|p2b: Il Don\n|-damage|p2b: Il Don|77/100\n|\n|-heal|p2a: Goth Princess|60/100|[from] item: Leftovers\n|upkeep\n|\n|t:|1745995429\n|switch|p1a: Flutter Mane|Flutter Mane, L50|100/100\n|-enditem|p1a: Flutter Mane|Booster Energy\n|-activate|p1a: Flutter Mane|ability: Protosynthesis|[fromitem]\n|-start|p1a: Flutter Mane|protosynthesisspe\n|turn|8\n|inactive|ExessVGC has 30 seconds left.\n|\n|t:|1745995460\n|switch|p1b: Urshifu|Urshifu, L50, M|100/100\n|-terastallize|p2a: Goth Princess|Fairy\n|move|p1a: Flutter Mane|Moonblast|p2b: Il Don\n|-supereffective|p2b: Il Don\n|-damage|p2b: Il Don|27/100\n|-unboost|p2b: Il Don|spa|1\n|move|p2b: Il Don|Electro Drift|p1b: Urshifu\n|-damage|p1b: Urshifu|0 fnt\n|faint|p1b: Urshifu\n|-damage|p2b: Il Don|18/100|[from] item: Life Orb\n|move|p2a: Goth Princess|Hex|p1a: Flutter Mane\n|-supereffective|p1a: Flutter Mane\n|-damage|p1a: Flutter Mane|50/100\n|\n|-heal|p2a: Goth Princess|67/100|[from] item: Leftovers\n|-sideend|p2: ExessVGC|move: Light Screen\n|upkeep\n|\n|t:|1745995475\n|switch|p1b: Terapagos|Terapagos-Stellar, L50, M, tera:Stellar|61/100 par\n|turn|9\n|\n|t:|1745995488\n|switch|p2b: Il Campione|Incineroar, L50, M|100/100\n|-ability|p2b: Il Campione|Intimidate|boost\n|-unboost|p1a: Flutter Mane|atk|1\n|-unboost|p1b: Terapagos|atk|1\n|move|p2a: Goth Princess|Protect|p2a: Goth Princess\n|-singleturn|p2a: Goth Princess|Protect\n|move|p1a: Flutter Mane|Moonblast|p2b: Il Campione\n|-damage|p2b: Il Campione|62/100\n|cant|p1b: Terapagos|par\n|\n|-heal|p2a: Goth Princess|73/100|[from] item: Leftovers\n|upkeep\n|turn|10\n|\n|t:|1745995504\n|move|p2b: Il Campione|Fake Out|p1b: Terapagos\n|-damage|p1b: Terapagos|54/100 par\n|move|p1a: Flutter Mane|Thunder Wave|p2a: Goth Princess\n|-status|p2a: Goth Princess|par\n|move|p2a: Goth Princess|Hex|p1a: Flutter Mane\n|-supereffective|p1a: Flutter Mane\n|-damage|p1a: Flutter Mane|2/100\n|cant|p1b: Terapagos|flinch\n|\n|-heal|p2a: Goth Princess|79/100 par|[from] item: Leftovers\n|upkeep\n|turn|11\n|inactive|ExessVGC has 30 seconds left.\n|\n|t:|1745995538\n|move|p1a: Flutter Mane|Hex|p2a: Goth Princess\n|-damage|p2a: Goth Princess|69/100 par\n|move|p2b: Il Campione|Knock Off|p1a: Flutter Mane\n|-damage|p1a: Flutter Mane|0 fnt\n|faint|p1a: Flutter Mane\n|-end|p1a: Flutter Mane|Protosynthesis|[silent]\n|cant|p2a: Goth Princess|par\n|move|p1b: Terapagos|Tera Starstorm|p2a: Goth Princess|[spread] p2a,p2b\n|-supereffective|p2a: Goth Princess\n|-crit|p2b: Il Campione\n|-damage|p2a: Goth Princess|55/100 par\n|-damage|p2b: Il Campione|5/100\n|\n|-heal|p2a: Goth Princess|62/100 par|[from] item: Leftovers\n|-fieldend|move: Electric Terrain\n|upkeep\n|turn|12\n|\n|t:|1745995555\n|move|p2b: Il Campione|Parting Shot|p1b: Terapagos\n|-unboost|p1b: Terapagos|atk|1\n|-unboost|p1b: Terapagos|spa|1\n|\n|t:|1745995558\n|switch|p2b: Il Don|Miraidon, L50|18/100|[from] Parting Shot\n|-fieldstart|move: Electric Terrain|[from] ability: Hadron Engine|[of] p2b: Il Don\n|cant|p2a: Goth Princess|par\n|cant|p1b: Terapagos|par\n|\n|-heal|p2a: Goth Princess|68/100 par|[from] item: Leftovers\n|upkeep\n|turn|13\n|-message|direclawexperience forfeited.\n|\n|win|ExessVGC\n|l|\u2606direclawexperience\n|player|p1|\n||direclawexperience is ready for game 3.\n||ExessVGC is ready for game 3.\n|uhtml|next|Next: <a href=\"/battle-gen9vgc2025regibo3-2353761559\"><strong>Game 3 of 3</strong></a>\n", "uploadtime": 1745995896, "views": 8, "formatid": "gen9vgc2025regibo3", "rating": null, "private": 0, "password": null}