{"id": "gen9vgc2025regibo3-2353719260", "format": "[Gen 9] VGC 2025 Reg I (Bo3)", "players": ["PresentBlue", "nonnobbisca"], "log": "|j|\u2606PresentBlue\n|j|\u2606nonnobbisca\n|html|<table width=\"100%\"><tr><td align=\"left\">PresentBlue</td><td align=\"right\">nonnobbisca</tr><tr><td align=\"left\"><i class=\"fa fa-circle-o\"></i> <i class=\"fa fa-circle-o\"></i> </td><td align=\"right\"><i class=\"fa fa-circle-o\"></i> <i class=\"fa fa-circle-o\"></i> </tr></table>\n|uhtml|bestof|<h2><strong>Game 1</strong> of <a href=\"/game-bestof3-gen9vgc2025regibo3-2353719259\">a best-of-3</a></h2>\n|t:|1745988272\n|gametype|doubles\n|player|p1|PresentBlue|101|1085\n|player|p2|nonnobbisca|cilan|1125\n|teamsize|p1|6\n|teamsize|p2|6\n|gen|9\n|tier|[Gen 9] VGC 2025 Reg I (Bo3)\n|rated|\n|rule|Species Clause: Limit one of each Pok\u00e9mon\n|rule|Item Clause: Limit 1 of each item\n|clearpoke\n|poke|p1|Blissey, L50, F|\n|poke|p1|Corviknight, L50, M|\n|poke|p1|Clodsire, L50, M|\n|poke|p1|Urshifu-*, L50, M|\n|poke|p1|Kyogre, L50|\n|poke|p1|Palkia-Origin, L50|\n|poke|p2|Ho-Oh, L50|\n|poke|p2|Iron Valiant, L50|\n|poke|p2|Miraidon, L50|\n|poke|p2|Incineroar, L50, F|\n|poke|p2|Sinistcha-Masterpiece, L50|\n|poke|p2|Iron Hands, L50|\n|teampreview|4\n|showteam|p1|Blissey||ShellBell|Healer|SoftBoiled,SeismicToss,DazzlingGleam,HelpingHand|||F|||50|,,,,,Normal]Corviknight||RockyHelmet|MirrorArmor|Roost,IronHead,Protect,Taunt|||M|||50|,,,,,Flying]Clodsire||SafetyGoggles|WaterAbsorb|ToxicSpikes,Toxic,Protect,SludgeWave|||M|||50|,,,,,Steel]Urshifu-Rapid-Strike||FocusSash|UnseenFist|AquaJet,Protect,SurgingStrikes,DrainPunch|||M|||50|,,,,,Steel]Kyogre||ChoiceScarf|Drizzle|WaterSpout,ThunderWave,IcyWind,Thunder||||||50|,,,,,Grass]Palkia-Origin||LustrousGlobe|Telepathy|IcyWind,Protect,Surf,DragonTail||||||50|,,,,,Steel\n|showteam|p2|Ho-Oh||SitrusBerry|Regenerator|SacredFire,BraveBird,Tailwind,LifeDew||||||50|,,,,,Fire]Iron Valiant||LightClay|QuarkDrive|SpiritBreak,CloseCombat,Reflect,LightScreen||||||50|,,,,,Stellar]Miraidon||LifeOrb|HadronEngine|VoltSwitch,DracoMeteor,ElectroDrift,Protect||||||50|,,,,,Electric]Incineroar||RockyHelmet|Intimidate|FakeOut,KnockOff,PartingShot,Snarl|||F|||50|,,,,,Grass]Sinistcha-Masterpiece||ElectricSeed|Hospitality|MatchaGotcha,ShadowBall,CalmMind,TrickRoom||||||50|,,,,,Fire]Iron Hands||AssaultVest|QuarkDrive|FakeOut,WildCharge,DrainPunch,VoltSwitch||||||50|,,,,,Bug\n|\n|t:|1745988328\n|start\n|switch|p1a: Kyogre|Kyogre, L50|100/100\n|switch|p1b: Urshifu|Urshifu-Rapid-Strike, L50, M|100/100\n|switch|p2a: Raydon|Miraidon, L50|100/100\n|switch|p2b: Valiant|Iron Valiant, L50|100/100\n|-fieldstart|move: Electric Terrain|[from] ability: Hadron Engine|[of] p2a: Raydon\n|-activate|p2b: Valiant|ability: Quark Drive\n|-start|p2b: Valiant|quarkdrivespe\n|-weather|RainDance|[from] ability: Drizzle|[of] p1a: Kyogre\n|turn|1\n|\n|t:|1745988376\n|switch|p1a: Clodsire|Clodsire, L50, M|100/100\n|move|p2b: Valiant|Spirit Break|p1b: Urshifu\n|-supereffective|p1b: Urshifu\n|-damage|p1b: Urshifu|19/100\n|-unboost|p1b: Urshifu|spa|1\n|move|p2a: Raydon|Volt Switch|p1b: Urshifu\n|-supereffective|p1b: Urshifu\n|-damage|p1b: Urshifu|0 fnt\n|faint|p1b: Urshifu\n|-damage|p2a: Raydon|91/100|[from] item: Life Orb\n|\n|t:|1745988389\n|switch|p2a: Hoz|Ho-Oh, L50|100/100|[from] Volt Switch\n|\n|-weather|RainDance|[upkeep]\n|upkeep\n|\n|t:|1745988393\n|switch|p1b: Palkia|Palkia-Origin, L50|100/100\n|turn|2\n|\n|t:|1745988460\n|switch|p2a: Raydon|Miraidon, L50|91/100\n|-activate|p2a: Raydon|ability: Hadron Engine\n|-terastallize|p2b: Valiant|Stellar\n|move|p2b: Valiant|Spirit Break|p1b: Palkia\n|-supereffective|p1b: Palkia\n|-damage|p1b: Palkia|2/100\n|-unboost|p1b: Palkia|spa|1\n|move|p1b: Palkia|Surf|p2a: Raydon|[spread] p2a,p2b\n|-immune|p1a: Clodsire|[from] ability: Water Absorb\n|-resisted|p2a: Raydon\n|-damage|p2a: Raydon|67/100\n|-damage|p2b: Valiant|15/100\n|move|p1a: Clodsire|Toxic Spikes|p2b: Valiant\n|-sidestart|p2: nonnobbisca|move: Toxic Spikes\n|\n|-weather|RainDance|[upkeep]\n|upkeep\n|turn|3\n|\n|t:|1745988509\n|move|p1b: Palkia|Protect|p1b: Palkia\n|-singleturn|p1b: Palkia|Protect\n|move|p2b: Valiant|Close Combat|p1a: Clodsire\n|-resisted|p1a: Clodsire\n|-damage|p1a: Clodsire|64/100\n|-unboost|p2b: Valiant|def|1\n|-unboost|p2b: Valiant|spd|1\n|move|p2a: Raydon|Volt Switch|p1b: Palkia\n|-activate|p1b: Palkia|move: Protect\n|move|p1a: Clodsire|Toxic Spikes|p2a: Raydon\n|-sidestart|p2: nonnobbisca|move: Toxic Spikes\n|\n|-weather|RainDance|[upkeep]\n|upkeep\n|turn|4\n|\n|t:|1745988536\n|move|p2b: Valiant|Light Screen|p2b: Valiant\n|-sidestart|p2: nonnobbisca|move: Light Screen\n|move|p2a: Raydon|Volt Switch|p1b: Palkia\n|-damage|p1b: Palkia|0 fnt\n|faint|p1b: Palkia\n|-damage|p2a: Raydon|58/100|[from] item: Life Orb\n|\n|t:|1745988554\n|switch|p2a: Sinistcha|Sinistcha-Masterpiece, L50|100/100|[from] Volt Switch\n|-status|p2a: Sinistcha|tox\n|-enditem|p2a: Sinistcha|Electric Seed\n|-boost|p2a: Sinistcha|def|1|[from] item: Electric Seed\n|-heal|p2b: Valiant|39/100|[from] ability: Hospitality|[of] p2a: Sinistcha\n|move|p1a: Clodsire|Sludge Wave|p2b: Valiant|[spread] p2a,p2b\n|-crit|p2a: Sinistcha\n|-supereffective|p2b: Valiant\n|-damage|p2a: Sinistcha|83/100 tox\n|-damage|p2b: Valiant|0 fnt\n|faint|p2b: Valiant\n|-end|p2b: Valiant|Quark Drive|[silent]\n|\n|-weather|RainDance|[upkeep]\n|-damage|p2a: Sinistcha|77/100 tox|[from] psn\n|upkeep\n|\n|t:|1745988587\n|switch|p2b: Hoz|Ho-Oh, L50|100/100\n|switch|p1b: Kyogre|Kyogre, L50|100/100\n|turn|5\n|l|\u2606PresentBlue\n|player|p1|\n|j|\u2606PresentBlue\n|player|p1|PresentBlue|101|\n|inactive|Battle timer is ON: inactive players will automatically lose when time's up. (requested by nonnobbisca)\n|\n|t:|1745988678\n|move|p1b: Kyogre|Thunder|p2b: Hoz\n|-supereffective|p2b: Hoz\n|-damage|p2b: Hoz|69/100\n|-status|p2b: Hoz|par\n|move|p2a: Sinistcha|Matcha Gotcha|p1a: Clodsire|[spread] p1a,p1b\n|-supereffective|p1b: Kyogre\n|-damage|p1a: Clodsire|44/100\n|-heal|p2a: Sinistcha|89/100 tox|[from] drain|[of] p1a: Clodsire\n|-damage|p1b: Kyogre|63/100\n|-heal|p2a: Sinistcha|100/100 tox|[from] drain|[of] p1b: Kyogre\n|move|p2b: Hoz|Brave Bird|p1b: Kyogre\n|-damage|p1b: Kyogre|19/100\n|-damage|p2b: Hoz|55/100 par|[from] Recoil\n|move|p1a: Clodsire|Toxic||[still]\n|-fail|p1a: Clodsire\n|\n|-weather|none\n|-damage|p2a: Sinistcha|88/100 tox|[from] psn\n|-fieldend|move: Electric Terrain\n|upkeep\n|turn|6\n|inactive|PresentBlue has 30 seconds left.\n|inactive|nonnobbisca has 30 seconds left.\n|\n|t:|1745988711\n|switch|p2b: Raydon|Miraidon, L50|58/100\n|-status|p2b: Raydon|tox\n|-fieldstart|move: Electric Terrain|[from] ability: Hadron Engine|[of] p2b: Raydon\n|-terastallize|p1b: Kyogre|Grass\n|move|p1a: Clodsire|Protect|p1a: Clodsire\n|-singleturn|p1a: Clodsire|Protect\n|move|p1b: Kyogre|Thunder|p2b: Raydon\n|-resisted|p2b: Raydon\n|-damage|p2b: Raydon|51/100 tox\n|move|p2a: Sinistcha|Matcha Gotcha|p1a: Clodsire|[spread] p1b\n|-activate|p1a: Clodsire|move: Protect\n|-resisted|p1b: Kyogre\n|-damage|p1b: Kyogre|11/100\n|-heal|p2a: Sinistcha|93/100 tox|[from] drain|[of] p1b: Kyogre\n|\n|-damage|p2b: Raydon|46/100 tox|[from] psn\n|-damage|p2a: Sinistcha|75/100 tox|[from] psn\n|upkeep\n|turn|7\n|inactive|nonnobbisca has 30 seconds left.\n|\n|t:|1745988741\n|move|p2b: Raydon|Volt Switch|p1b: Kyogre\n|-resisted|p1b: Kyogre\n|-damage|p1b: Kyogre|0 fnt\n|faint|p1b: Kyogre\n|-damage|p2b: Raydon|36/100 tox|[from] item: Life Orb\n|\n|t:|1745988746\n|switch|p2b: Hoz|Ho-Oh, L50|88/100 par|[from] Volt Switch\n|move|p2a: Sinistcha|Matcha Gotcha|p1a: Clodsire|[miss]\n|-miss|p2a: Sinistcha|p1a: Clodsire\n|move|p1a: Clodsire|Sludge Wave|p2b: Hoz|[spread] p2a,p2b\n|-crit|p2b: Hoz\n|-damage|p2a: Sinistcha|67/100 tox\n|-damage|p2b: Hoz|78/100 par\n|\n|-damage|p2a: Sinistcha|42/100 tox|[from] psn\n|upkeep\n|turn|8\n|\n|t:|1745988764\n|switch|p2a: Raydon|Miraidon, L50|36/100 tox\n|-activate|p2a: Raydon|ability: Hadron Engine\n|move|p1a: Clodsire|Protect|p1a: Clodsire\n|-singleturn|p1a: Clodsire|Protect\n|move|p2b: Hoz|Life Dew|p2b: Hoz|[spread] p2a,p2b\n|-heal|p2a: Raydon|61/100 tox\n|-heal|p2b: Hoz|100/100 par\n|\n|-damage|p2a: Raydon|55/100 tox|[from] psn\n|upkeep\n|turn|9\n|\n|t:|1745988777\n|move|p2a: Raydon|Draco Meteor|p1a: Clodsire\n|-damage|p1a: Clodsire|0 fnt\n|-unboost|p2a: Raydon|spa|2\n|faint|p1a: Clodsire\n|-damage|p2a: Raydon|46/100 tox|[from] item: Life Orb\n|\n|win|nonnobbisca\n|l|\u2606nonnobbisca\n|player|p2|\n|raw|PresentBlue's rating: 1085 &rarr; <strong>1115</strong><br />(+30 for winning)\n|raw|nonnobbisca's rating: 1125 &rarr; <strong>1097</strong><br />(-28 for losing)\n|l|\u2606PresentBlue\n|player|p1|\n", "uploadtime": 1745989085, "views": 6, "formatid": "gen9vgc2025regibo3", "rating": 1097, "private": 0, "password": null}