{"id": "gen9vgc2025regibo3-2354855711", "format": "[Gen 9] VGC 2025 Reg I (Bo3)", "players": ["Schmixed_007", "PandaMan7567"], "log": "|j|\u2606Schmixed_007\n|j|\u2606PandaMan7567\n|html|<table width=\"100%\"><tr><td align=\"left\">Schmixed_007</td><td align=\"right\">PandaMan7567</tr><tr><td align=\"left\"><i class=\"fa fa-circle\"></i> <i class=\"fa fa-circle-o\"></i> </td><td align=\"right\"><i class=\"fa fa-circle-o\"></i> <i class=\"fa fa-circle\"></i> </tr></table>\n|uhtml|bestof|<h2><strong>Game 3</strong> of <a href=\"/game-bestof3-gen9vgc2025regibo3-2354849878\">a best-of-3</a></h2>\n|t:|1746125678\n|gametype|doubles\n|player|p1|Schmixed_007|265|1285\n|player|p2|PandaMan7567|102|1457\n|teamsize|p1|6\n|teamsize|p2|6\n|gen|9\n|tier|[Gen 9] VGC 2025 Reg I (Bo3)\n|rated|\n|rule|Species Clause: Limit one of each Pok\u00e9mon\n|rule|Item Clause: Limit 1 of each item\n|clearpoke\n|poke|p1|Incineroar, L50, M|\n|poke|p1|Miraidon, L50|\n|poke|p1|Calyrex-Ice, L50|\n|poke|p1|Iron Treads, L50|\n|poke|p1|Ogerpon-Cornerstone, L50, F|\n|poke|p1|Grimmsnarl, L50, M|\n|poke|p2|Calyrex-Ice, L50|\n|poke|p2|Zamazenta-*, L50|\n|poke|p2|Urshifu-*, L50, M|\n|poke|p2|Landorus, L50, M|\n|poke|p2|Amoonguss, L50, M|\n|poke|p2|Pelipper, L50, M|\n|teampreview|4\n|showteam|p1|Incineroar||RockyHelmet|Intimidate|FakeOut,WillOWisp,Uturn,KnockOff|||M|||50|,,,,,Bug]Miraidon||ChoiceSpecs|HadronEngine|ElectroDrift,VoltSwitch,DazzlingGleam,DracoMeteor||||||50|,,,,,Fairy]Calyrex-Ice||ClearAmulet|AsOneGlastrier|GlacialLance,HighHorsepower,Protect,TrickRoom||||||50|,,,,,Fire]Iron Treads||ChoiceBand|QuarkDrive|SteelRoller,HighHorsepower,IronHead,RockSlide||||||50|,,,,,Ghost]Ogerpon-Cornerstone||CornerstoneMask|Sturdy|IvyCudgel,PowerWhip,SpikyShield,FollowMe|||F|||50|,,,,,Rock]Grimmsnarl||CovertCloak|Prankster|ThunderWave,LightScreen,Reflect,FoulPlay|||M|||50|,,,,,Steel\n|showteam|p2|Calyrex-Ice||NeverMeltIce|AsOneGlastrier|GlacialLance,HighHorsepower,TrickRoom,Protect||||||50|,,,,,Grass]Zamazenta-Crowned||RustedShield|DauntlessShield|BodyPress,WideGuard,Imprison,Protect||||||50|,,,,,Dragon]Urshifu-Rapid-Strike||ChoiceScarf|UnseenFist|SurgingStrikes,CloseCombat,Coaching,Uturn|||M|||50|,,,,,Ghost]Landorus||LifeOrb|SheerForce|EarthPower,SandsearStorm,SludgeBomb,Protect|||M|||50|,,,,,Water]Amoonguss||RockyHelmet|Regenerator|PollenPuff,Spore,RagePowder,Protect|||M|||50|,,,,,Water]Pelipper||FocusSash|Drizzle|WeatherBall,Hurricane,WideGuard,Protect|||M|||50|,,,,,Ghost\n|j| Cremone\n|inactive|Battle timer is ON: inactive players will automatically lose when time's up. (requested by PandaMan7567)\n|l| Cremone\n|inactive|PandaMan7567 has 60 seconds left.\n|\n|t:|1746125740\n|start\n|switch|p1a: Calyrex|Calyrex-Ice, L50|100/100\n|switch|p1b: Miraidon|Miraidon, L50|100/100\n|switch|p2a: Landorus|Landorus, L50, M|100/100\n|switch|p2b: Amoonguss|Amoonguss, L50, M|100/100\n|-ability|p1a: Calyrex|As One\n|-ability|p1a: Calyrex|Unnerve\n|-fieldstart|move: Electric Terrain|[from] ability: Hadron Engine|[of] p1b: Miraidon\n|turn|1\n|inactive|Schmixed_007 has 30 seconds left.\n|\n|t:|1746125772\n|switch|p2b: Calyrex|Calyrex-Ice, L50|100/100\n|-ability|p2b: Calyrex|As One\n|-ability|p2b: Calyrex|Unnerve\n|move|p2a: Landorus|Protect|p2a: Landorus\n|-singleturn|p2a: Landorus|Protect\n|move|p1b: Miraidon|Volt Switch|p2b: Calyrex\n|-damage|p2b: Calyrex|38/100\n|\n|t:|1746125781\n|switch|p1b: Incineroar|Incineroar, L50, M|100/100|[from] Volt Switch\n|-ability|p1b: Incineroar|Intimidate|boost\n|-unboost|p2a: Landorus|atk|1\n|-unboost|p2b: Calyrex|atk|1\n|move|p1a: Calyrex|Glacial Lance|p2a: Landorus|[spread] p2b\n|-activate|p2a: Landorus|move: Protect\n|-resisted|p2b: Calyrex\n|-crit|p2b: Calyrex\n|-damage|p2b: Calyrex|8/100\n|\n|upkeep\n|turn|2\n|\n|t:|1746125791\n|switch|p2a: Urshifu|Urshifu-Rapid-Strike, L50, M|100/100\n|move|p2b: Calyrex|Protect|p2b: Calyrex\n|-singleturn|p2b: Calyrex|Protect\n|move|p1b: Incineroar|Fake Out|p2a: Urshifu\n|-damage|p2a: Urshifu|90/100\n|move|p1a: Calyrex|Glacial Lance|p2b: Calyrex|[spread] p2a\n|-activate|p2b: Calyrex|move: Protect\n|-resisted|p2a: Urshifu\n|-damage|p2a: Urshifu|61/100\n|\n|upkeep\n|turn|3\n|inactive|PandaMan7567 has 30 seconds left.\n|inactive|Schmixed_007 has 30 seconds left.\n|inactive|PandaMan7567 has 20 seconds left.\n|inactive|PandaMan7567 has 15 seconds left.\n|inactive|PandaMan7567 has 10 seconds left.\n|\n|t:|1746125842\n|-terastallize|p1b: Incineroar|Bug\n|move|p2a: Urshifu|Surging Strikes|p1a: Calyrex\n|-crit|p1a: Calyrex\n|-damage|p1a: Calyrex|87/100\n|-crit|p1a: Calyrex\n|-damage|p1a: Calyrex|73/100\n|-crit|p1a: Calyrex\n|-damage|p1a: Calyrex|59/100\n|-hitcount|p1a: Calyrex|3\n|move|p1b: Incineroar|U-turn|p2a: Urshifu\n|-resisted|p2a: Urshifu\n|-damage|p2a: Urshifu|47/100\n|\n|t:|1746125852\n|switch|p1b: Iron Treads|Iron Treads, L50|100/100|[from] U-turn\n|-activate|p1b: Iron Treads|ability: Quark Drive\n|-start|p1b: Iron Treads|quarkdrivespe\n|move|p2b: Calyrex|Glacial Lance|p1a: Calyrex|[spread] p1a,p1b\n|-resisted|p1a: Calyrex\n|-damage|p1a: Calyrex|46/100\n|-damage|p1b: Iron Treads|57/100\n|move|p1a: Calyrex|Glacial Lance|p2a: Urshifu|[spread] p2a,p2b\n|-resisted|p2a: Urshifu\n|-resisted|p2b: Calyrex\n|-damage|p2a: Urshifu|16/100\n|-damage|p2b: Calyrex|0 fnt\n|faint|p2b: Calyrex\n|-ability|p1a: Calyrex|Chilling Neigh|boost\n|-boost|p1a: Calyrex|atk|1\n|\n|upkeep\n|\n|t:|1746125856\n|switch|p2b: Landorus|Landorus, L50, M|100/100\n|turn|4\n|\n|t:|1746125877\n|-terastallize|p2b: Landorus|Water\n|move|p1b: Iron Treads|Iron Head|p2a: Urshifu\n|-resisted|p2a: Urshifu\n|-damage|p2a: Urshifu|0 fnt\n|faint|p2a: Urshifu\n|move|p2b: Landorus|Sandsear Storm|p1a: Calyrex|[spread] p1a,p1b\n|-supereffective|p1b: Iron Treads\n|-crit|p1b: Iron Treads\n|-damage|p1a: Calyrex|0 fnt\n|-damage|p1b: Iron Treads|0 fnt\n|faint|p1a: Calyrex\n|faint|p1b: Iron Treads\n|-end|p1b: Iron Treads|Quark Drive|[silent]\n|\n|upkeep\n|\n|t:|1746125886\n|switch|p1b: Incineroar|Incineroar, L50, M, tera:Bug|100/100\n|switch|p2a: Amoonguss|Amoonguss, L50, M|100/100\n|switch|p1a: Miraidon|Miraidon, L50|100/100\n|-activate|p1a: Miraidon|ability: Hadron Engine\n|-ability|p1b: Incineroar|Intimidate|boost\n|-unboost|p2a: Amoonguss|atk|1\n|-unboost|p2b: Landorus|atk|1\n|turn|5\n|\n|t:|1746125896\n|move|p2b: Landorus|Protect|p2b: Landorus\n|-singleturn|p2b: Landorus|Protect\n|move|p2a: Amoonguss|Protect|p2a: Amoonguss\n|-singleturn|p2a: Amoonguss|Protect\n|move|p1b: Incineroar|Fake Out|p2a: Amoonguss\n|-activate|p2a: Amoonguss|move: Protect\n|move|p1a: Miraidon|Electro Drift|p2b: Landorus\n|-activate|p2b: Landorus|move: Protect\n|\n|-fieldend|move: Electric Terrain\n|upkeep\n|turn|6\n|\n|t:|1746125908\n|move|p2a: Amoonguss|Rage Powder|p2a: Amoonguss\n|-singleturn|p2a: Amoonguss|move: Rage Powder\n|move|p1a: Miraidon|Electro Drift|p2a: Amoonguss\n|-resisted|p2a: Amoonguss\n|-damage|p2a: Amoonguss|65/100\n|-damage|p1a: Miraidon|84/100|[from] item: Rocky Helmet|[of] p2a: Amoonguss\n|move|p2b: Landorus|Earth Power|p1a: Miraidon\n|-supereffective|p1a: Miraidon\n|-damage|p1a: Miraidon|0 fnt\n|faint|p1a: Miraidon\n|move|p1b: Incineroar|Knock Off|p2a: Amoonguss\n|-crit|p2a: Amoonguss\n|-damage|p2a: Amoonguss|17/100\n|-damage|p1b: Incineroar|84/100|[from] item: Rocky Helmet|[of] p2a: Amoonguss\n|-enditem|p2a: Amoonguss|Rocky Helmet|[from] move: Knock Off|[of] p1b: Incineroar\n|\n|upkeep\n|turn|7\n|-message|Schmixed_007 forfeited.\n|\n|win|PandaMan7567\n|raw|Schmixed_007's rating: 1285 &rarr; <strong>1271</strong><br />(-14 for losing)\n|raw|PandaMan7567's rating: 1457 &rarr; <strong>1468</strong><br />(+11 for winning)\n|l|\u2606Schmixed_007\n|player|p1|\n", "uploadtime": 1746125944, "views": 11, "formatid": "gen9vgc2025regibo3", "rating": 1271, "private": 0, "password": null}