{"id": "gen9vgc2025regibo3-2355030074", "format": "[Gen 9] VGC 2025 Reg I (Bo3)", "players": ["akasia", "Mr.CooperCR"], "log": "|j|\u2606akasia\n|j|\u2606Mr.CooperCR\n|html|<table width=\"100%\"><tr><td align=\"left\">akasia</td><td align=\"right\">Mr.CooperCR</tr><tr><td align=\"left\"><i class=\"fa fa-circle-o\"></i> <i class=\"fa fa-circle-o\"></i> </td><td align=\"right\"><i class=\"fa fa-circle-o\"></i> <i class=\"fa fa-circle\"></i> </tr></table>\n|uhtml|bestof|<h2><strong>Game 2</strong> of <a href=\"/game-bestof3-gen9vgc2025regibo3-2355025692\">a best-of-3</a></h2>\n|t:|1746143983\n|gametype|doubles\n|player|p1|akasia|101|\n|player|p2|Mr.CooperCR|fantina|\n|teamsize|p1|6\n|teamsize|p2|6\n|gen|9\n|tier|[Gen 9] VGC 2025 Reg I (Bo3)\n|rule|Species Clause: Limit one of each Pok\u00e9mon\n|rule|Item Clause: Limit 1 of each item\n|clearpoke\n|poke|p1|Calyrex-Ice, L50|\n|poke|p1|Chi-Yu, L50|\n|poke|p1|Miraidon, L50|\n|poke|p1|Iron Hands, L50|\n|poke|p1|Urshifu-*, L50, M|\n|poke|p1|Farigiraf, L50, M|\n|poke|p2|Calyrex-Shadow, L50|\n|poke|p2|Terapagos, L50, M|\n|poke|p2|Incineroar, L50, F|\n|poke|p2|Rillaboom, L50, M|\n|poke|p2|Amoonguss, L50, F|\n|poke|p2|Urshifu-*, L50, M|\n|teampreview|4\n|showteam|p1|Calyrex-Ice||ClearAmulet|AsOneGlastrier|GlacialLance,HighHorsepower,TrickRoom,Protect||||||50|,,,,,Fairy]Chi-Yu||ChoiceScarf|BeadsofRuin|HeatWave,DarkPulse,Overheat,Snarl||||||50|,,,,,Ghost]Miraidon||ChoiceSpecs|HadronEngine|ElectroDrift,DracoMeteor,VoltSwitch,DazzlingGleam||||||50|,,,,,Fairy]Iron Hands||AssaultVest|QuarkDrive|DrainPunch,LowKick,WildCharge,FakeOut||||||50|,,,,,Water]Urshifu||FocusSash|UnseenFist|WickedBlow,CloseCombat,SuckerPunch,Detect|||M|||50|,,,,,Stellar]Farigiraf||ElectricSeed|ArmorTail|FoulPlay,PsychicNoise,TrickRoom,HelpingHand|||M|||50|,,,,,Water\n|showteam|p2|Calyrex-Shadow||FocusSash|AsOneSpectrier|AstralBarrage,WillOWisp,Disable,Protect||||||50|,,,,,Ghost]Terapagos||Leftovers|TeraShift|TeraStarstorm,EarthPower,CalmMind,Protect|||M|||50|,,,,,Stellar]Incineroar||SafetyGoggles|Intimidate|WillOWisp,KnockOff,FakeOut,PartingShot|||F|||50|,,,,,Bug]Rillaboom||AssaultVest|GrassySurge|FakeOut,WoodHammer,Uturn,GrassyGlide|||M|||50|,,,,,Grass]Amoonguss||RockyHelmet|Regenerator|Protect,Spore,RagePowder,SludgeBomb|||F|||50|,,,,,Water]Urshifu-Rapid-Strike||ChoiceScarf|UnseenFist|RockTomb,SurgingStrikes,Uturn,CloseCombat|||M|||50|,,,,,Water\n|inactive|Battle timer is ON: inactive players will automatically lose when time's up. (requested by Mr.CooperCR)\n|inactive|akasia has 60 seconds left.\n|inactive|Mr.CooperCR has 60 seconds left.\n|\n|t:|1746144050\n|start\n|switch|p1a: Chi-Yu|Chi-Yu, L50|100/100\n|switch|p1b: Calyrex|Calyrex-Ice, L50|100/100\n|switch|p2a: Amoonguss|Amoonguss, L50, F|100/100\n|switch|p2b: Incineroar|Incineroar, L50, F|100/100\n|-ability|p1b: Calyrex|As One\n|-ability|p1b: Calyrex|Unnerve\n|-ability|p1a: Chi-Yu|Beads of Ruin\n|-ability|p2b: Incineroar|Intimidate|boost\n|-unboost|p1a: Chi-Yu|atk|1\n|-fail|p1b: Calyrex|unboost|[from] item: Clear Amulet|[of] p1b: Calyrex\n|turn|1\n|inactive|akasia has 30 seconds left.\n|\n|t:|1746144078\n|switch|p1a: Miraidon|Miraidon, L50|100/100\n|-fieldstart|move: Electric Terrain|[from] ability: Hadron Engine|[of] p1a: Miraidon\n|-terastallize|p2a: Amoonguss|Water\n|move|p1b: Calyrex|Protect|p1b: Calyrex\n|-singleturn|p1b: Calyrex|Protect\n|move|p2b: Incineroar|Parting Shot|p1a: Miraidon\n|-unboost|p1a: Miraidon|atk|1\n|-unboost|p1a: Miraidon|spa|1\n|\n|t:|1746144087\n|switch|p2b: Rillaboom|Rillaboom, L50, M|100/100|[from] Parting Shot\n|-fieldstart|move: Grassy Terrain|[from] ability: Grassy Surge|[of] p2b: Rillaboom\n|move|p2a: Amoonguss|Spore|p1a: Miraidon\n|-status|p1a: Miraidon|slp|[from] move: Spore\n|\n|upkeep\n|turn|2\n|\n|t:|1746144104\n|switch|p1b: Farigiraf|Farigiraf, L50, M|100/100\n|cant|p1a: Miraidon|slp\n|move|p2b: Rillaboom|U-turn|p1b: Farigiraf\n|-supereffective|p1b: Farigiraf\n|-damage|p1b: Farigiraf|66/100\n|\n|t:|1746144115\n|switch|p2b: Calyrex|Calyrex-Shadow, L50|100/100|[from] U-turn\n|-ability|p2b: Calyrex|As One\n|-ability|p2b: Calyrex|Unnerve\n|move|p2a: Amoonguss|Spore|p1b: Farigiraf\n|-status|p1b: Farigiraf|slp|[from] move: Spore\n|\n|-heal|p1b: Farigiraf|72/100 slp|[from] Grassy Terrain\n|upkeep\n|turn|3\n|inactive|akasia has 30 seconds left.\n|\n|t:|1746144143\n|move|p2b: Calyrex|Astral Barrage|p1b: Farigiraf|[spread] p1a\n|-immune|p1b: Farigiraf\n|-damage|p1a: Miraidon|54/100 slp\n|cant|p1a: Miraidon|slp\n|move|p2a: Amoonguss|Sludge Bomb|p1a: Miraidon\n|-damage|p1a: Miraidon|32/100 slp\n|cant|p1b: Farigiraf|slp\n|\n|-heal|p1a: Miraidon|38/100 slp|[from] Grassy Terrain\n|-heal|p1b: Farigiraf|78/100 slp|[from] Grassy Terrain\n|upkeep\n|turn|4\n|\n|t:|1746144160\n|switch|p1a: Chi-Yu|Chi-Yu, L50|100/100\n|-ability|p1a: Chi-Yu|Beads of Ruin\n|move|p2b: Calyrex|Astral Barrage|p1a: Chi-Yu|[spread] p1a\n|-immune|p1b: Farigiraf\n|-resisted|p1a: Chi-Yu\n|-damage|p1a: Chi-Yu|68/100\n|move|p2a: Amoonguss|Sludge Bomb|p1b: Farigiraf\n|-crit|p1b: Farigiraf\n|-damage|p1b: Farigiraf|34/100 slp\n|cant|p1b: Farigiraf|slp\n|\n|-heal|p1a: Chi-Yu|75/100|[from] Grassy Terrain\n|-heal|p1b: Farigiraf|40/100 slp|[from] Grassy Terrain\n|upkeep\n|turn|5\n|\n|t:|1746144182\n|move|p2b: Calyrex|Protect|p2b: Calyrex\n|-singleturn|p2b: Calyrex|Protect\n|move|p1a: Chi-Yu|Dark Pulse|p2a: Amoonguss\n|-crit|p2a: Amoonguss\n|-damage|p2a: Amoonguss|31/100\n|move|p2a: Amoonguss|Spore|p1a: Chi-Yu\n|-status|p1a: Chi-Yu|slp|[from] move: Spore\n|cant|p1b: Farigiraf|slp\n|\n|-heal|p1a: Chi-Yu|81/100 slp|[from] Grassy Terrain\n|-heal|p1b: Farigiraf|46/100 slp|[from] Grassy Terrain\n|-heal|p2a: Amoonguss|37/100|[from] Grassy Terrain\n|-fieldend|move: Grassy Terrain\n|upkeep\n|turn|6\n|\n|t:|1746144206\n|cant|p1a: Chi-Yu|slp\n|move|p2b: Calyrex|Astral Barrage|p1a: Chi-Yu|[spread] p1a\n|-immune|p1b: Farigiraf\n|-resisted|p1a: Chi-Yu\n|-damage|p1a: Chi-Yu|49/100 slp\n|move|p2a: Amoonguss|Sludge Bomb|p1a: Chi-Yu\n|-damage|p1a: Chi-Yu|18/100 slp\n|-curestatus|p1b: Farigiraf|slp|[msg]\n|move|p1b: Farigiraf|Trick Room|p1b: Farigiraf\n|-fieldstart|move: Trick Room|[of] p1b: Farigiraf\n|\n|upkeep\n|turn|7\n|\n|t:|1746144230\n|move|p2a: Amoonguss|Spore|p1b: Farigiraf\n|-status|p1b: Farigiraf|slp|[from] move: Spore\n|cant|p1b: Farigiraf|slp\n|move|p2b: Calyrex|Astral Barrage|p1b: Farigiraf|[spread] p1a\n|-immune|p1b: Farigiraf\n|-resisted|p1a: Chi-Yu\n|-damage|p1a: Chi-Yu|0 fnt\n|faint|p1a: Chi-Yu\n|-ability|p2b: Calyrex|Grim Neigh|boost\n|-boost|p2b: Calyrex|spa|1\n|\n|upkeep\n|\n|t:|1746144238\n|switch|p1a: Calyrex|Calyrex-Ice, L50|100/100\n|-ability|p1a: Calyrex|As One\n|-ability|p1a: Calyrex|Unnerve\n|turn|8\n|\n|t:|1746144249\n|switch|p2a: Incineroar|Incineroar, L50, F|100/100\n|-ability|p2a: Incineroar|Intimidate|boost\n|-fail|p1a: Calyrex|unboost|[from] item: Clear Amulet|[of] p1a: Calyrex\n|-unboost|p1b: Farigiraf|atk|1\n|switch|p1b: Miraidon|Miraidon, L50|38/100 slp\n|-fieldstart|move: Electric Terrain|[from] ability: Hadron Engine|[of] p1b: Miraidon\n|move|p2b: Calyrex|Protect|p2b: Calyrex\n|-singleturn|p2b: Calyrex|Protect\n|move|p1a: Calyrex|Glacial Lance|p2a: Incineroar|[spread] p2a\n|-activate|p2b: Calyrex|move: Protect\n|-resisted|p2a: Incineroar\n|-damage|p2a: Incineroar|79/100\n|\n|upkeep\n|turn|9\n|\n|t:|1746144275\n|switch|p1b: Farigiraf|Farigiraf, L50, M|46/100 slp\n|-enditem|p1b: Farigiraf|Electric Seed\n|-boost|p1b: Farigiraf|def|1|[from] item: Electric Seed\n|switch|p2b: Amoonguss|Amoonguss, L50, F, tera:Water|70/100\n|move|p1a: Calyrex|High Horsepower|p2a: Incineroar\n|-supereffective|p2a: Incineroar\n|-damage|p2a: Incineroar|10/100\n|move|p2a: Incineroar|Will-O-Wisp|p1a: Calyrex\n|-status|p1a: Calyrex|brn\n|\n|-damage|p1a: Calyrex|95/100 brn|[from] brn\n|upkeep\n|turn|10\n|inactive|akasia has 30 seconds left.\n|inactive|Mr.CooperCR has 30 seconds left.\n|inactive|akasia has 20 seconds left.\n|inactive|Mr.CooperCR has 20 seconds left.\n|\n|t:|1746144320\n|switch|p1b: Miraidon|Miraidon, L50|38/100 slp\n|-activate|p1b: Miraidon|ability: Hadron Engine\n|move|p1a: Calyrex|Glacial Lance|p2b: Amoonguss|[spread] p2a,p2b\n|-resisted|p2a: Incineroar\n|-resisted|p2b: Amoonguss\n|-damage|p2a: Incineroar|0 fnt\n|-damage|p2b: Amoonguss|58/100\n|faint|p2a: Incineroar\n|-ability|p1a: Calyrex|Chilling Neigh|boost\n|-boost|p1a: Calyrex|atk|1\n|move|p2b: Amoonguss|Sludge Bomb|p1b: Miraidon\n|-damage|p1b: Miraidon|17/100 slp\n|\n|-damage|p1a: Calyrex|89/100 brn|[from] brn\n|-fieldend|move: Trick Room\n|upkeep\n|\n|t:|1746144331\n|switch|p2a: Calyrex|Calyrex-Shadow, L50|100/100\n|-ability|p2a: Calyrex|As One\n|-ability|p2a: Calyrex|Unnerve\n|turn|11\n|\n|t:|1746144342\n|switch|p1b: Farigiraf|Farigiraf, L50, M|46/100 slp\n|move|p2a: Calyrex|Astral Barrage|p1b: Farigiraf|[spread] p1a\n|-immune|p1b: Farigiraf\n|-supereffective|p1a: Calyrex\n|-damage|p1a: Calyrex|14/100 brn\n|move|p2b: Amoonguss|Sludge Bomb|p1a: Calyrex\n|-damage|p1a: Calyrex|0 fnt\n|faint|p1a: Calyrex\n|\n|upkeep\n|\n|t:|1746144353\n|switch|p1a: Miraidon|Miraidon, L50|17/100 slp\n|-activate|p1a: Miraidon|ability: Hadron Engine\n|turn|12\n|\n|t:|1746144359\n|move|p2a: Calyrex|Astral Barrage|p1a: Miraidon|[spread] p1a\n|-immune|p1b: Farigiraf\n|-damage|p1a: Miraidon|0 fnt\n|faint|p1a: Miraidon\n|-ability|p2a: Calyrex|Grim Neigh|boost\n|-boost|p2a: Calyrex|spa|1\n|cant|p1b: Farigiraf|slp\n|move|p2b: Amoonguss|Sludge Bomb|p1b: Farigiraf\n|-damage|p1b: Farigiraf|23/100 slp\n|\n|-fieldend|move: Electric Terrain\n|upkeep\n|turn|13\n|c|\u2606akasia|Ggs\n|-message|akasia forfeited.\n|\n|win|Mr.CooperCR\n|l|\u2606akasia\n|player|p1|\n", "uploadtime": 1746144407, "views": 20, "formatid": "gen9vgc2025regibo3", "rating": null, "private": 0, "password": null}