{"id": "gen9vgc2025regibo3-2354550325", "format": "[Gen 9] VGC 2025 Reg I (Bo3)", "players": ["ScaryQwQ", "davidluki"], "log": "|j|\u2606ScaryQwQ\n|j|\u2606davidluki\n|html|<table width=\"100%\"><tr><td align=\"left\">ScaryQwQ</td><td align=\"right\">davidluki</tr><tr><td align=\"left\"><i class=\"fa fa-circle-o\"></i> <i class=\"fa fa-circle-o\"></i> </td><td align=\"right\"><i class=\"fa fa-circle-o\"></i> <i class=\"fa fa-circle-o\"></i> </tr></table>\n|uhtml|bestof|<h2><strong>Game 1</strong> of <a href=\"/game-bestof3-gen9vgc2025regibo3-2354550324\">a best-of-3</a></h2>\n|t:|1746092659\n|gametype|doubles\n|player|p1|ScaryQwQ|argenta|1237\n|player|p2|davidluki|101|1137\n|teamsize|p1|6\n|teamsize|p2|6\n|gen|9\n|tier|[Gen 9] VGC 2025 Reg I (Bo3)\n|rated|\n|rule|Species Clause: Limit one of each Pok\u00e9mon\n|rule|Item Clause: Limit 1 of each item\n|clearpoke\n|poke|p1|Zacian-*, L50|\n|poke|p1|Calyrex-Shadow, L50|\n|poke|p1|Regidrago, L50|\n|poke|p1|Whimsicott, L50, F|\n|poke|p1|Ogerpon, L50, F|\n|poke|p1|Araquanid, L50, F|\n|poke|p2|Zacian-*, L50|\n|poke|p2|Kyogre, L50|\n|poke|p2|Tornadus, L50, M|\n|poke|p2|Amoonguss, L50, F|\n|poke|p2|Incineroar, L50, M|\n|poke|p2|Urshifu-*, L50, M|\n|teampreview|4\n|showteam|p1|Zacian-Crowned||RustedSword|IntrepidSword|behemothblade,PlayRough,SacredSword,Protect||||||50|,,,,,Dragon]Calyrex-Shadow||FocusSash|AsOneSpectrier|AstralBarrage,Psychic,Disable,Protect||||||50|,,,,,Ghost]Regidrago||LifeOrb|DragonsMaw|DragonEnergy,DracoMeteor,TeraBlast,Protect||||||50|,,,,,Ghost]Whimsicott||CovertCloak|Prankster|Moonblast,Tailwind,Encore,CottonSpore|||F|||50|,,,,,Dark]Ogerpon||LoadedDice|Defiant|BulletSeed,Taunt,FollowMe,SpikyShield|||F|||50|,,,,,Grass]Araquanid||SafetyGoggles|WaterBubble|Liquidation,Infestation,WideGuard,Protect|||F|||50|,,,,,Water\n|showteam|p2|Zacian-Crowned||RustedSword|IntrepidSword|behemothblade,PlayRough,Substitute,Protect||||||50|,,,,,Fairy]Kyogre||MysticWater|Drizzle|WaterSpout,OriginPulse,IceBeam,Protect||||||50|,,,,,Grass]Tornadus||CovertCloak|Prankster|BleakwindStorm,Tailwind,RainDance,Taunt|||M|||50|,,,,,Dark]Amoonguss||RockyHelmet|Regenerator|PollenPuff,Spore,RagePowder,Protect|||F|||50|,,,,,Steel]Incineroar||SafetyGoggles|Intimidate|KnockOff,FakeOut,WillOWisp,PartingShot|||M|||50|,,,,,Water]Urshifu-Rapid-Strike||ChoiceScarf|UnseenFist|SurgingStrikes,CloseCombat,Uturn,Coaching|||M|||50|,,,,,Ghost\n|inactive|Battle timer is ON: inactive players will automatically lose when time's up. (requested by davidluki)\n|inactive|ScaryQwQ has 60 seconds left.\n|inactive|ScaryQwQ has 30 seconds left.\n|\n|t:|1746092724\n|start\n|switch|p1a: Ogerpon|Ogerpon, L50, F|100/100\n|switch|p1b: Araquanid|Araquanid, L50, F|100/100\n|switch|p2a: Kyogre|Kyogre, L50|100/100\n|switch|p2b: Incineroar|Incineroar, L50, M|100/100\n|-weather|RainDance|[from] ability: Drizzle|[of] p2a: Kyogre\n|-ability|p2b: Incineroar|Intimidate|boost\n|-unboost|p1a: Ogerpon|atk|1\n|-ability|p1a: Ogerpon|Defiant|boost\n|-boost|p1a: Ogerpon|atk|2\n|-unboost|p1b: Araquanid|atk|1\n|turn|1\n|inactive|ScaryQwQ has 30 seconds left.\n|inactive|davidluki has 30 seconds left.\n|\n|t:|1746092753\n|move|p1a: Ogerpon|Spiky Shield|p1a: Ogerpon\n|-singleturn|p1a: Ogerpon|move: Protect\n|move|p1b: Araquanid|Protect|p1b: Araquanid\n|-singleturn|p1b: Araquanid|Protect\n|move|p2b: Incineroar|Fake Out|p1a: Ogerpon\n|-activate|p1a: Ogerpon|move: Protect\n|-damage|p2b: Incineroar|88/100|[from] Spiky Shield|[of] p1a: Ogerpon\n|move|p2a: Kyogre|Ice Beam|p1a: Ogerpon\n|-activate|p1a: Ogerpon|move: Protect\n|\n|-weather|RainDance|[upkeep]\n|upkeep\n|turn|2\n|\n|t:|1746092768\n|-terastallize|p2b: Incineroar|Water\n|move|p2a: Kyogre|Protect|p2a: Kyogre\n|-singleturn|p2a: Kyogre|Protect\n|move|p1a: Ogerpon|Bullet Seed|p2a: Kyogre\n|-activate|p2a: Kyogre|move: Protect\n|move|p2b: Incineroar|Will-O-Wisp|p1a: Ogerpon\n|-status|p1a: Ogerpon|brn\n|move|p1b: Araquanid|Liquidation|p2b: Incineroar\n|-resisted|p2b: Incineroar\n|-damage|p2b: Incineroar|71/100\n|\n|-weather|RainDance|[upkeep]\n|-damage|p1a: Ogerpon|95/100 brn|[from] brn\n|upkeep\n|turn|3\n|inactive|ScaryQwQ has 30 seconds left.\n|\n|t:|1746092800\n|switch|p2a: Zacian|Zacian-Crowned, L50|100/100\n|-ability|p2a: Zacian|Intrepid Sword|boost\n|-boost|p2a: Zacian|atk|1\n|move|p1a: Ogerpon|Bullet Seed|p2a: Zacian\n|-resisted|p2a: Zacian\n|-damage|p2a: Zacian|97/100\n|-resisted|p2a: Zacian\n|-damage|p2a: Zacian|93/100\n|-resisted|p2a: Zacian\n|-damage|p2a: Zacian|90/100\n|-resisted|p2a: Zacian\n|-damage|p2a: Zacian|86/100\n|-resisted|p2a: Zacian\n|-damage|p2a: Zacian|83/100\n|-hitcount|p2a: Zacian|5\n|move|p2b: Incineroar|Parting Shot|p1b: Araquanid\n|-unboost|p1b: Araquanid|atk|1\n|-unboost|p1b: Araquanid|spa|1\n|\n|t:|1746092815\n|switch|p2b: Urshifu|Urshifu-Rapid-Strike, L50, M|100/100|[from] Parting Shot\n|move|p1b: Araquanid|Infestation|p2b: Urshifu\n|-resisted|p2b: Urshifu\n|-damage|p2b: Urshifu|98/100\n|-activate|p2b: Urshifu|move: Infestation|[of] p1b: Araquanid\n|\n|-weather|RainDance|[upkeep]\n|-damage|p1a: Ogerpon|89/100 brn|[from] brn\n|-damage|p2b: Urshifu|85/100|[from] move: Infestation|[partiallytrapped]\n|upkeep\n|turn|4\n|inactive|ScaryQwQ has 30 seconds left.\n|\n|t:|1746092844\n|-terastallize|p1a: Ogerpon|Grass\n|detailschange|p1a: Ogerpon|Ogerpon-Teal-Tera, L50, F, tera:Grass\n|-ability|p1a: Ogerpon|Embody Aspect (Teal)|boost\n|-boost|p1a: Ogerpon|spe|1\n|move|p1a: Ogerpon|Bullet Seed|p2b: Urshifu\n|-supereffective|p2b: Urshifu\n|-damage|p2b: Urshifu|58/100\n|-supereffective|p2b: Urshifu\n|-damage|p2b: Urshifu|33/100\n|-supereffective|p2b: Urshifu\n|-damage|p2b: Urshifu|6/100\n|-supereffective|p2b: Urshifu\n|-crit|p2b: Urshifu\n|-damage|p2b: Urshifu|0 fnt\n|faint|p2b: Urshifu\n|-hitcount|p2: Urshifu|4\n|move|p2a: Zacian|Substitute|p2a: Zacian\n|-start|p2a: Zacian|Substitute\n|-damage|p2a: Zacian|58/100\n|move|p1b: Araquanid|Infestation|p2a: Zacian\n|-resisted|p2a: Zacian\n|-activate|p2a: Zacian|move: Substitute|[damage]\n|\n|-weather|RainDance|[upkeep]\n|-damage|p1a: Ogerpon|83/100 brn|[from] brn\n|upkeep\n|\n|t:|1746092854\n|switch|p2b: Incineroar|Incineroar, L50, M, tera:Water|71/100\n|-ability|p2b: Incineroar|Intimidate|boost\n|-unboost|p1a: Ogerpon|atk|1\n|-unboost|p1b: Araquanid|atk|1\n|turn|5\n|\n|t:|1746092874\n|move|p1a: Ogerpon|Spiky Shield|p1a: Ogerpon\n|-singleturn|p1a: Ogerpon|move: Protect\n|move|p1b: Araquanid|Protect|p1b: Araquanid\n|-singleturn|p1b: Araquanid|Protect\n|move|p2a: Zacian|Play Rough|p1b: Araquanid\n|-activate|p1b: Araquanid|move: Protect\n|move|p2b: Incineroar|Will-O-Wisp|p1b: Araquanid\n|-activate|p1b: Araquanid|move: Protect\n|\n|-weather|none\n|-damage|p1a: Ogerpon|77/100 brn|[from] brn\n|upkeep\n|turn|6\n|\n|t:|1746092893\n|move|p2a: Zacian|Protect|p2a: Zacian\n|-singleturn|p2a: Zacian|Protect\n|move|p1a: Ogerpon|Bullet Seed|p2b: Incineroar\n|-supereffective|p2b: Incineroar\n|-damage|p2b: Incineroar|56/100\n|-supereffective|p2b: Incineroar\n|-damage|p2b: Incineroar|41/100\n|-supereffective|p2b: Incineroar\n|-damage|p2b: Incineroar|26/100\n|-supereffective|p2b: Incineroar\n|-damage|p2b: Incineroar|11/100\n|-supereffective|p2b: Incineroar\n|-damage|p2b: Incineroar|0 fnt\n|faint|p2b: Incineroar\n|-hitcount|p2: Incineroar|5\n|move|p1b: Araquanid|Liquidation|p2a: Zacian\n|-activate|p2a: Zacian|move: Protect\n|\n|-damage|p1a: Ogerpon|72/100 brn|[from] brn\n|upkeep\n|\n|t:|1746092904\n|switch|p2b: Kyogre|Kyogre, L50|100/100\n|-weather|RainDance|[from] ability: Drizzle|[of] p2b: Kyogre\n|turn|7\n|\n|t:|1746092916\n|move|p1a: Ogerpon|Spiky Shield|p1a: Ogerpon\n|-singleturn|p1a: Ogerpon|move: Protect\n|move|p1b: Araquanid|Protect|p1b: Araquanid\n|-singleturn|p1b: Araquanid|Protect\n|move|p2a: Zacian|Play Rough|p1b: Araquanid\n|-activate|p1b: Araquanid|move: Protect\n|move|p2b: Kyogre|Ice Beam|p1a: Ogerpon\n|-activate|p1a: Ogerpon|move: Protect\n|\n|-weather|RainDance|[upkeep]\n|-damage|p1a: Ogerpon|66/100 brn|[from] brn\n|upkeep\n|turn|8\n|\n|t:|1746092924\n|move|p2b: Kyogre|Protect|p2b: Kyogre\n|-singleturn|p2b: Kyogre|Protect\n|move|p1a: Ogerpon|Bullet Seed|p2b: Kyogre\n|-activate|p2b: Kyogre|move: Protect\n|move|p2a: Zacian|Play Rough|p1b: Araquanid\n|-damage|p1b: Araquanid|40/100\n|move|p1b: Araquanid|Liquidation|p2a: Zacian\n|-activate|p2a: Zacian|move: Substitute|[damage]\n|\n|-weather|RainDance|[upkeep]\n|-damage|p1a: Ogerpon|60/100 brn|[from] brn\n|upkeep\n|turn|9\n|\n|t:|1746092938\n|move|p2b: Kyogre|Protect|p2b: Kyogre\n|-singleturn|p2b: Kyogre|Protect\n|move|p1a: Ogerpon|Bullet Seed|p2b: Kyogre\n|-activate|p2b: Kyogre|move: Protect\n|move|p2a: Zacian|Play Rough|p1a: Ogerpon\n|-damage|p1a: Ogerpon|0 fnt\n|faint|p1a: Ogerpon\n|move|p1b: Araquanid|Liquidation|p2a: Zacian\n|-end|p2a: Zacian|Substitute\n|\n|-weather|RainDance|[upkeep]\n|upkeep\n|\n|t:|1746092949\n|switch|p1a: Calyrex|Calyrex-Shadow, L50|100/100\n|-ability|p1a: Calyrex|As One\n|-ability|p1a: Calyrex|Unnerve\n|turn|10\n|\n|t:|1746092955\n|move|p1b: Araquanid|Wide Guard|p1b: Araquanid\n|-singleturn|p1b: Araquanid|Wide Guard\n|move|p1a: Calyrex|Astral Barrage|p2a: Zacian|[spread] p2a,p2b\n|-damage|p2a: Zacian|13/100\n|-damage|p2b: Kyogre|64/100\n|move|p2a: Zacian|Behemoth Blade|p1a: Calyrex\n|-enditem|p1a: Calyrex|Focus Sash\n|-damage|p1a: Calyrex|1/100\n|move|p2b: Kyogre|Ice Beam|p1a: Calyrex\n|-damage|p1a: Calyrex|0 fnt\n|faint|p1a: Calyrex\n|\n|-weather|RainDance|[upkeep]\n|upkeep\n|\n|t:|1746092962\n|switch|p1a: Zacian|Zacian-Crowned, L50|100/100\n|-ability|p1a: Zacian|Intrepid Sword|boost\n|-boost|p1a: Zacian|atk|1\n|turn|11\n|\n|t:|1746092973\n|move|p2a: Zacian|Protect|p2a: Zacian\n|-singleturn|p2a: Zacian|Protect\n|move|p1a: Zacian|Behemoth Blade|p2a: Zacian\n|-activate|p2a: Zacian|move: Protect\n|move|p2b: Kyogre|Origin Pulse|p1b: Araquanid|[spread] p1a,p1b\n|-resisted|p1b: Araquanid\n|-damage|p1a: Zacian|16/100\n|-damage|p1b: Araquanid|7/100\n|move|p1b: Araquanid|Infestation|p2b: Kyogre\n|-damage|p2b: Kyogre|62/100\n|-activate|p2b: Kyogre|move: Infestation|[of] p1b: Araquanid\n|\n|-weather|none\n|-damage|p2b: Kyogre|50/100|[from] move: Infestation|[partiallytrapped]\n|upkeep\n|turn|12\n|\n|t:|1746092992\n|move|p1b: Araquanid|Wide Guard|p1b: Araquanid\n|-singleturn|p1b: Araquanid|Wide Guard\n|move|p1a: Zacian|Behemoth Blade|p2a: Zacian\n|-damage|p2a: Zacian|0 fnt\n|faint|p2a: Zacian\n|move|p2b: Kyogre|Ice Beam|p1a: Zacian\n|-resisted|p1a: Zacian\n|-damage|p1a: Zacian|0 fnt\n|faint|p1a: Zacian\n|\n|-damage|p2b: Kyogre|37/100|[from] move: Infestation|[partiallytrapped]\n|upkeep\n|turn|13\n|-message|ScaryQwQ forfeited.\n|\n|win|davidluki\n||ScaryQwQ is ready for game 2.\n||davidluki is ready for game 2.\n|uhtml|next|Next: <a href=\"/battle-gen9vgc2025regibo3-2354552167\"><strong>Game 2 of 3</strong></a>\n|l|\u2606davidluki\n|player|p2|\n|l|\u2606ScaryQwQ\n|player|p1|\n", "uploadtime": 1746093334, "views": 13, "formatid": "gen9vgc2025regibo3", "rating": null, "private": 0, "password": null}