{"id": "gen9vgc2025regibo3-2354607079", "format": "[Gen 9] VGC 2025 Reg I (Bo3)", "players": ["RudanSulad", "getsigilyph"], "log": "|j|\u2606RudanSulad\n|j|\u2606getsigilyph\n|html|<table width=\"100%\"><tr><td align=\"left\">RudanSulad</td><td align=\"right\">getsigilyph</tr><tr><td align=\"left\"><i class=\"fa fa-circle-o\"></i> <i class=\"fa fa-circle-o\"></i> </td><td align=\"right\"><i class=\"fa fa-circle-o\"></i> <i class=\"fa fa-circle-o\"></i> </tr></table>\n|uhtml|bestof|<h2><strong>Game 1</strong> of <a href=\"/game-bestof3-gen9vgc2025regibo3-2354607078\">a best-of-3</a></h2>\n|t:|1746102055\n|gametype|doubles\n|player|p1|RudanSulad|clay|1000\n|player|p2|getsigilyph|102|1046\n|teamsize|p1|6\n|teamsize|p2|6\n|gen|9\n|tier|[Gen 9] VGC 2025 Reg I (Bo3)\n|rated|\n|rule|Species Clause: Limit one of each Pok\u00e9mon\n|rule|Item Clause: Limit 1 of each item\n|clearpoke\n|poke|p1|Calyrex-Shadow, L50|\n|poke|p1|Zamazenta-*, L50|\n|poke|p1|Chien-Pao, L50|\n|poke|p1|Urshifu-*, L50, M|\n|poke|p1|Ogerpon-Hearthflame, L50, F|\n|poke|p1|Raging Bolt, L50|\n|poke|p2|Groudon, L50|\n|poke|p2|Incineroar, L50, F|\n|poke|p2|Jumpluff, L50, M|\n|poke|p2|Raging Bolt, L50|\n|poke|p2|Lunala, L50|\n|poke|p2|Ogerpon-Hearthflame, L50, F|\n|teampreview|4\n|showteam|p1|Calyrex-Shadow||SpellTag|AsOneSpectrier|Protect,AstralBarrage,Psychic,NastyPlot||||||50|,,,,,Normal]Zamazenta-Crowned||RustedShield|DauntlessShield|Protect,BodyPress,behemothbash,WideGuard||||||50|,,,,,Dragon]Chien-Pao||FocusSash|SwordofRuin|Protect,IceSpinner,ThroatChop,SuckerPunch||||||50|,,,,,Stellar]Urshifu-Rapid-Strike||ChoiceScarf|UnseenFist|SurgingStrikes,CloseCombat,Coaching,Uturn|||M|||50|,,,,,Water]Ogerpon-Hearthflame||HearthflameMask|MoldBreaker|SpikyShield,IvyCudgel,FollowMe,WoodHammer|||F|||50|,,,,,Fire]Raging Bolt||AssaultVest|Protosynthesis|Electroweb,Thunderclap,Thunderbolt,DracoMeteor||||||50|,,,,,Fairy\n|showteam|p2|Groudon||ClearAmulet|Drought|PrecipiceBlades,SwordsDance,Protect,HeatCrash||||||50|,,,,,Fire]Incineroar||RockyHelmet|Intimidate|FakeOut,KnockOff,FlareBlitz,PartingShot|||F|||50|,,,,,Bug]Jumpluff||CovertCloak|Chlorophyll|Tailwind,Encore,SleepPowder,RagePowder|||M|||50|,,,,,Dark]Raging Bolt||AssaultVest|Protosynthesis|Thunderclap,DracoMeteor,Electroweb,Thunderbolt||||||50|,,,,,Fairy]Lunala||Leftovers|ShadowShield|MoongeistBeam,Moonblast,CalmMind,Protect||||||50|,,,,,Fairy]Ogerpon-Hearthflame||HearthflameMask|MoldBreaker|IvyCudgel,SpikyShield,FollowMe,HornLeech|||F|||50|,,,,,Fire\n|inactive|Battle timer is ON: inactive players will automatically lose when time's up. (requested by RudanSulad)\n|inactive|RudanSulad has 60 seconds left.\n|inactive|getsigilyph has 60 seconds left.\n|\n|t:|1746102102\n|start\n|switch|p1a: Zamazenta|Zamazenta-Crowned, L50|100/100\n|switch|p1b: Calyrex|Calyrex-Shadow, L50|100/100\n|switch|p2a: Gillete|Groudon, L50|100/100\n|switch|p2b: Jumpluff|Jumpluff, L50, M, shiny|100/100\n|-ability|p1b: Calyrex|As One\n|-ability|p1b: Calyrex|Unnerve\n|-ability|p1a: Zamazenta|Dauntless Shield|boost\n|-boost|p1a: Zamazenta|def|1\n|-weather|SunnyDay|[from] ability: Drought|[of] p2a: Gillete\n|turn|1\n|inactive|RudanSulad has 30 seconds left.\n|inactive|getsigilyph has 30 seconds left.\n|inactive|RudanSulad has 20 seconds left.\n|\n|t:|1746102141\n|move|p2b: Jumpluff|Sleep Powder|p1b: Calyrex\n|-status|p1b: Calyrex|slp|[from] move: Sleep Powder\n|cant|p1b: Calyrex|slp\n|move|p1a: Zamazenta|Body Press|p2a: Gillete\n|-damage|p2a: Gillete|60/100\n|move|p2a: Gillete|Precipice Blades|p1b: Calyrex|[spread] p1a,p1b\n|-supereffective|p1a: Zamazenta\n|-damage|p1a: Zamazenta|58/100\n|-damage|p1b: Calyrex|46/100 slp\n|\n|-weather|SunnyDay|[upkeep]\n|upkeep\n|turn|2\n|\n|t:|1746102155\n|move|p2b: Jumpluff|Encore|p1a: Zamazenta\n|-start|p1a: Zamazenta|Encore\n|-curestatus|p1b: Calyrex|slp|[msg]\n|move|p1b: Calyrex|Astral Barrage|p2a: Gillete|[spread] p2a,p2b\n|-damage|p2a: Gillete|7/100\n|-damage|p2b: Jumpluff|49/100\n|move|p1a: Zamazenta|Body Press|p2a: Gillete\n|-damage|p2a: Gillete|0 fnt\n|faint|p2a: Gillete\n|\n|-weather|SunnyDay|[upkeep]\n|upkeep\n|\n|t:|1746102171\n|switch|p2a: Lunala|Lunala, L50|100/100\n|turn|3\n|\n|t:|1746102194\n|-terastallize|p2a: Lunala|Fairy\n|move|p2b: Jumpluff|Tailwind|p2b: Jumpluff\n|-sidestart|p2: getsigilyph|move: Tailwind\n|move|p2a: Lunala|Calm Mind|p2a: Lunala\n|-boost|p2a: Lunala|spa|1\n|-boost|p2a: Lunala|spd|1\n|move|p1b: Calyrex|Astral Barrage|p2b: Jumpluff|[spread] p2a,p2b\n|-damage|p2a: Lunala|87/100\n|-damage|p2b: Jumpluff|0 fnt\n|faint|p2b: Jumpluff\n|-ability|p1b: Calyrex|Grim Neigh|boost\n|-boost|p1b: Calyrex|spa|1\n|move|p1a: Zamazenta|Body Press|p2a: Lunala\n|-resisted|p2a: Lunala\n|-damage|p2a: Lunala|57/100\n|\n|-weather|SunnyDay|[upkeep]\n|-heal|p2a: Lunala|63/100|[from] item: Leftovers\n|upkeep\n|\n|t:|1746102200\n|switch|p2b: Sogeking|Ogerpon-Hearthflame, L50, F|100/100\n|-ability|p2b: Sogeking|Mold Breaker\n|turn|4\n|\n|t:|1746102222\n|move|p1b: Calyrex|Protect|p1b: Calyrex\n|-singleturn|p1b: Calyrex|Protect\n|move|p2b: Sogeking|Ivy Cudgel|p1a: Zamazenta|[anim] Ivy Cudgel Fire\n|-supereffective|p1a: Zamazenta\n|-damage|p1a: Zamazenta|0 fnt\n|faint|p1a: Zamazenta\n|move|p2a: Lunala|Moongeist Beam|p1b: Calyrex\n|-activate|p1b: Calyrex|move: Protect\n|\n|-weather|SunnyDay|[upkeep]\n|-heal|p2a: Lunala|69/100|[from] item: Leftovers\n|upkeep\n|\n|t:|1746102242\n|switch|p1a: Chien-Pao|Chien-Pao, L50|100/100\n|-ability|p1a: Chien-Pao|Sword of Ruin\n|turn|5\n|\n|t:|1746102257\n|switch|p1b: Raging Bolt|Raging Bolt, L50|100/100\n|-activate|p1b: Raging Bolt|ability: Protosynthesis\n|-start|p1b: Raging Bolt|protosynthesisspa\n|-terastallize|p1a: Chien-Pao|Stellar\n|move|p2b: Sogeking|Ivy Cudgel|p1a: Chien-Pao|[anim] Ivy Cudgel Fire\n|-supereffective|p1a: Chien-Pao\n|-enditem|p1a: Chien-Pao|Focus Sash\n|-damage|p1a: Chien-Pao|1/100\n|move|p2a: Lunala|Moongeist Beam|p1b: Raging Bolt\n|-damage|p1b: Raging Bolt|50/100\n|move|p1a: Chien-Pao|Ice Spinner|p2a: Lunala\n|-damage|p2a: Lunala|6/100\n|\n|-weather|none\n|-end|p1b: Raging Bolt|Protosynthesis\n|-heal|p2a: Lunala|12/100|[from] item: Leftovers\n|upkeep\n|turn|6\n|inactive|RudanSulad has 30 seconds left.\n|\n|t:|1746102289\n|move|p1a: Chien-Pao|Protect|p1a: Chien-Pao\n|-singleturn|p1a: Chien-Pao|Protect\n|move|p2b: Sogeking|Follow Me|p2b: Sogeking\n|-singleturn|p2b: Sogeking|move: Follow Me\n|move|p1b: Raging Bolt|Thunderclap||[still]\n|-fail|p1b: Raging Bolt\n|move|p2a: Lunala|Moonblast|p1b: Raging Bolt\n|-supereffective|p1b: Raging Bolt\n|-damage|p1b: Raging Bolt|0 fnt\n|faint|p1b: Raging Bolt\n|-end|p1b: Raging Bolt|Protosynthesis|[silent]\n|\n|-heal|p2a: Lunala|18/100|[from] item: Leftovers\n|-sideend|p2: getsigilyph|move: Tailwind\n|upkeep\n|\n|t:|1746102295\n|switch|p1b: Calyrex|Calyrex-Shadow, L50|46/100\n|-ability|p1b: Calyrex|As One\n|-ability|p1b: Calyrex|Unnerve\n|turn|7\n|inactive|getsigilyph has 30 seconds left.\n|inactive|getsigilyph has 20 seconds left.\n|\n|t:|1746102331\n|move|p2a: Lunala|Protect|p2a: Lunala\n|-singleturn|p2a: Lunala|Protect\n|move|p1a: Chien-Pao|Sucker Punch|p2b: Sogeking\n|-damage|p2b: Sogeking|32/100\n|move|p1b: Calyrex|Astral Barrage|p2b: Sogeking|[spread] p2b\n|-activate|p2a: Lunala|move: Protect\n|-damage|p2b: Sogeking|0 fnt\n|faint|p2b: Sogeking\n|-ability|p1b: Calyrex|Grim Neigh|boost\n|-boost|p1b: Calyrex|spa|1\n|\n|-heal|p2a: Lunala|24/100|[from] item: Leftovers\n|upkeep\n|turn|8\n|\n|t:|1746102341\n|move|p1b: Calyrex|Astral Barrage|p2a: Lunala\n|-damage|p2a: Lunala|0 fnt\n|faint|p2a: Lunala\n|\n|win|RudanSulad\n|c|\u2606getsigilyph|Gg\n||getsigilyph is ready for game 2.\n||RudanSulad is ready for game 2.\n|uhtml|next|Next: <a href=\"/battle-gen9vgc2025regibo3-2354609241\"><strong>Game 2 of 3</strong></a>\n|l|\u2606RudanSulad\n|player|p1|\n|l|\u2606getsigilyph\n|player|p2|\n|j|\u2606getsigilyph\n|player|p2|getsigilyph|102|\n", "uploadtime": 1746103074, "views": 13, "formatid": "gen9vgc2025regibo3", "rating": null, "private": 0, "password": null}