{"id": "gen9vgc2025regibo3-2354467230", "format": "[Gen 9] VGC 2025 Reg I (Bo3)", "players": ["Redrog1", "Vgcgen"], "log": "|j|\u2606Redrog1\n|j|\u2606Vgcgen\n|html|<table width=\"100%\"><tr><td align=\"left\">Redrog1</td><td align=\"right\">Vgcgen</tr><tr><td align=\"left\"><i class=\"fa fa-circle-o\"></i> <i class=\"fa fa-circle-o\"></i> </td><td align=\"right\"><i class=\"fa fa-circle-o\"></i> <i class=\"fa fa-circle-o\"></i> </tr></table>\n|uhtml|bestof|<h2><strong>Game 1</strong> of <a href=\"/game-bestof3-gen9vgc2025regibo3-2354467229\">a best-of-3</a></h2>\n|t:|1746076210\n|gametype|doubles\n|player|p1|Redrog1|dancer|1105\n|player|p2|Vgcgen|169|1124\n|teamsize|p1|6\n|teamsize|p2|6\n|gen|9\n|tier|[Gen 9] VGC 2025 Reg I (Bo3)\n|rated|\n|rule|Species Clause: Limit one of each Pok\u00e9mon\n|rule|Item Clause: Limit 1 of each item\n|clearpoke\n|poke|p1|Pawmot, L50, F|\n|poke|p1|Calyrex-Ice, L50|\n|poke|p1|Miraidon, L50|\n|poke|p1|Incineroar, L50, M|\n|poke|p1|Whimsicott, L50, M|\n|poke|p1|Gastrodon-East, L50, F|\n|poke|p2|Koraidon, L50|\n|poke|p2|Chi-Yu, L50|\n|poke|p2|Calyrex-Shadow, L50|\n|poke|p2|Brute Bonnet, L50|\n|poke|p2|Indeedee-F, L50, F|\n|poke|p2|Volcarona, L50, M|\n|teampreview|4\n|showteam|p1|Pawmot||FocusSash|VoltAbsorb|FakeOut,Protect,Electroweb,Nuzzle|||F|||50|,,,,,Water]Calyrex-Ice||ClearAmulet|AsOneGlastrier|GlacialLance,Protect,HighHorsepower,TrickRoom||||||50|,,,,,Ground]Miraidon||ChoiceSpecs|HadronEngine|ElectroDrift,DazzlingGleam,Overheat,VoltSwitch||||||50|,,,,,Fairy]Incineroar||RockyHelmet|Intimidate|Snarl,FlareBlitz,FakeOut,PartingShot|||M|||50|,,,,,Grass]Whimsicott||CovertCloak|Prankster|Tailwind,Taunt,DazzlingGleam,LightScreen|||M|||50|,,,,,Dark]Gastrodon-East||Leftovers|StormDrain|MuddyWater,Protect,ClearSmog,EarthPower|||F|||50|,,,,,Fire\n|showteam|p2|Koraidon||ClearAmulet|OrichalcumPulse|CloseCombat,Protect,FlameCharge,FlareBlitz||||||50|,,,,,Fire]Chi-Yu||ChoiceScarf|BeadsofRuin|DarkPulse,Overheat,HeatWave,Snarl||||||50|,,,,,Ghost]Calyrex-Shadow||FocusSash|AsOneSpectrier|AstralBarrage,Protect,DarkPulse,NastyPlot||||||50|,,,,,Dark]Brute Bonnet||RockyHelmet|Protosynthesis|Spore,SuckerPunch,SeedBomb,RagePowder||||||50|,,,,,Fairy]Indeedee-F||PsychicSeed|PsychicSurge|HelpingHand,TrickRoom,Psychic,FollowMe|||F|||50|,,,,,Grass]Volcarona||CovertCloak|FlameBody|RagePowder,HeatWave,Tailwind,StruggleBug|||M|||50|,,,,,Water\n|inactive|Battle timer is ON: inactive players will automatically lose when time's up. (requested by Vgcgen)\n|\n|t:|1746076259\n|start\n|switch|p1a: Gastrodon|Gastrodon-East, L50, F|100/100\n|switch|p1b: Incineroar|Incineroar, L50, M|100/100\n|switch|p2a: Indeedee|Indeedee-F, L50, F|100/100\n|switch|p2b: Calyrex|Calyrex-Shadow, L50|100/100\n|-ability|p2b: Calyrex|As One\n|-ability|p2b: Calyrex|Unnerve\n|-fieldstart|move: Psychic Terrain|[from] ability: Psychic Surge|[of] p2a: Indeedee\n|-enditem|p2a: Indeedee|Psychic Seed\n|-boost|p2a: Indeedee|spd|1|[from] item: Psychic Seed\n|-ability|p1b: Incineroar|Intimidate|boost\n|-unboost|p2a: Indeedee|atk|1\n|-unboost|p2b: Calyrex|atk|1\n|turn|1\n|inactive|Vgcgen has 30 seconds left.\n|\n|t:|1746076286\n|move|p2a: Indeedee|Helping Hand|p2b: Calyrex\n|-singleturn|p2b: Calyrex|Helping Hand|[of] p2a: Indeedee\n|move|p2b: Calyrex|Astral Barrage|p1a: Gastrodon|[spread] p1a,p1b\n|-resisted|p1b: Incineroar\n|-damage|p1a: Gastrodon|32/100\n|-damage|p1b: Incineroar|62/100\n|move|p1b: Incineroar|Snarl|p2a: Indeedee|[spread] p2a,p2b\n|-supereffective|p2a: Indeedee\n|-supereffective|p2b: Calyrex\n|-damage|p2a: Indeedee|86/100\n|-damage|p2b: Calyrex|52/100\n|-unboost|p2a: Indeedee|spa|1\n|-unboost|p2b: Calyrex|spa|1\n|move|p1a: Gastrodon|Muddy Water|p2b: Calyrex|[spread] p2a,p2b\n|-damage|p2a: Indeedee|72/100\n|-damage|p2b: Calyrex|30/100\n|\n|-heal|p1a: Gastrodon|38/100|[from] item: Leftovers\n|upkeep\n|turn|2\n|\n|t:|1746076308\n|move|p2a: Indeedee|Helping Hand|p2b: Calyrex\n|-singleturn|p2b: Calyrex|Helping Hand|[of] p2a: Indeedee\n|move|p1a: Gastrodon|Protect|p1a: Gastrodon\n|-singleturn|p1a: Gastrodon|Protect\n|move|p2b: Calyrex|Astral Barrage|p1b: Incineroar|[spread] p1b\n|-activate|p1a: Gastrodon|move: Protect\n|-resisted|p1b: Incineroar\n|-damage|p1b: Incineroar|37/100\n|move|p1b: Incineroar|Parting Shot|p2a: Indeedee\n|-unboost|p2a: Indeedee|atk|1\n|-unboost|p2a: Indeedee|spa|1\n|\n|t:|1746076313\n|switch|p1b: Miraidon|Miraidon, L50|100/100|[from] Parting Shot\n|-fieldstart|move: Electric Terrain|[from] ability: Hadron Engine|[of] p1b: Miraidon\n|\n|-heal|p1a: Gastrodon|44/100|[from] item: Leftovers\n|upkeep\n|turn|3\n|\n|t:|1746076331\n|move|p2a: Indeedee|Helping Hand|p2b: Calyrex\n|-singleturn|p2b: Calyrex|Helping Hand|[of] p2a: Indeedee\n|move|p2b: Calyrex|Astral Barrage|p1a: Gastrodon|[spread] p1a,p1b\n|-damage|p1a: Gastrodon|0 fnt\n|-damage|p1b: Miraidon|50/100\n|faint|p1a: Gastrodon\n|-ability|p2b: Calyrex|Grim Neigh|boost\n|-boost|p2b: Calyrex|spa|1\n|move|p1b: Miraidon|Volt Switch|p2a: Indeedee\n|-damage|p2a: Indeedee|11/100\n|\n|t:|1746076337\n|switch|p1b: Incineroar|Incineroar, L50, M|37/100|[from] Volt Switch\n|-ability|p1b: Incineroar|Intimidate|boost\n|-unboost|p2a: Indeedee|atk|1\n|-unboost|p2b: Calyrex|atk|1\n|\n|upkeep\n|\n|t:|1746076342\n|switch|p1a: Miraidon|Miraidon, L50|50/100\n|-activate|p1a: Miraidon|ability: Hadron Engine\n|turn|4\n|\n|t:|1746076359\n|switch|p2a: Koraidon|Koraidon, L50|100/100\n|-weather|SunnyDay|[from] ability: Orichalcum Pulse|[of] p2a: Koraidon\n|-activate|p2a: Koraidon|Orichalcum Pulse|[source]\n|move|p2b: Calyrex|Protect|p2b: Calyrex\n|-singleturn|p2b: Calyrex|Protect\n|move|p1b: Incineroar|Fake Out|p2a: Koraidon\n|-damage|p2a: Koraidon|89/100\n|move|p1a: Miraidon|Volt Switch|p2b: Calyrex\n|-activate|p2b: Calyrex|move: Protect\n|\n|-weather|SunnyDay|[upkeep]\n|upkeep\n|turn|5\n|inactive|Redrog1 has 30 seconds left.\n|inactive|Vgcgen has 30 seconds left.\n|\n|t:|1746076388\n|switch|p1b: Calyrex|Calyrex-Ice, L50|100/100\n|-ability|p1b: Calyrex|As One\n|-ability|p1b: Calyrex|Unnerve\n|move|p2b: Calyrex|Astral Barrage|p1b: Calyrex|[spread] p1a,p1b\n|-supereffective|p1b: Calyrex\n|-damage|p1a: Miraidon|4/100\n|-damage|p1b: Calyrex|10/100\n|move|p1a: Miraidon|Volt Switch|p2b: Calyrex\n|-damage|p2b: Calyrex|0 fnt\n|faint|p2b: Calyrex\n|\n|t:|1746076400\n|switch|p1a: Incineroar|Incineroar, L50, M|37/100|[from] Volt Switch\n|-ability|p1a: Incineroar|Intimidate|boost\n|-fail|p2a: Koraidon|unboost|[from] item: Clear Amulet|[of] p2a: Koraidon\n|move|p2a: Koraidon|Close Combat|p1b: Calyrex\n|-damage|p1b: Calyrex|0 fnt\n|-unboost|p2a: Koraidon|def|1\n|-unboost|p2a: Koraidon|spd|1\n|faint|p1b: Calyrex\n|\n|-weather|SunnyDay|[upkeep]\n|upkeep\n|inactive|Vgcgen has 30 seconds left.\n|\n|t:|1746076430\n|switch|p2b: Chi-Yu|Chi-Yu, L50|100/100\n|switch|p1b: Miraidon|Miraidon, L50|4/100\n|-ability|p2b: Chi-Yu|Beads of Ruin\n|-activate|p1b: Miraidon|ability: Hadron Engine\n|turn|6\n|-message|Redrog1 forfeited.\n|raw|Redrog1's rating: 1105 &rarr; <strong>1081</strong><br />(-24 for losing)\n|raw|Vgcgen's rating: 1124 &rarr; <strong>1148</strong><br />(+24 for winning)\n|\n|win|Vgcgen\n|l|\u2606Redrog1\n|player|p1|\n", "uploadtime": 1746076754, "views": 13, "formatid": "gen9vgc2025regibo3", "rating": 1081, "private": 0, "password": null}