{"id": "gen9vgc2025regibo3-2353649036", "format": "[Gen 9] VGC 2025 Reg I (Bo3)", "players": ["Freddyeu", "justtestingforVGC"], "log": "|j|\u2606Freddyeu\n|j|\u2606justtestingforVGC\n|html|<table width=\"100%\"><tr><td align=\"left\">Freddyeu</td><td align=\"right\">justtestingforVGC</tr><tr><td align=\"left\"><i class=\"fa fa-circle-o\"></i> <i class=\"fa fa-circle-o\"></i> </td><td align=\"right\"><i class=\"fa fa-circle-o\"></i> <i class=\"fa fa-circle\"></i> </tr></table>\n|uhtml|bestof|<h2><strong>Game 2</strong> of <a href=\"/game-bestof3-gen9vgc2025regibo3-2353646947\">a best-of-3</a></h2>\n|t:|1745978867\n|gametype|doubles\n|player|p1|Freddyeu|170|1181\n|player|p2|justtestingforVGC|steven|1186\n|teamsize|p1|6\n|teamsize|p2|6\n|gen|9\n|tier|[Gen 9] VGC 2025 Reg I (Bo3)\n|rated|\n|rule|Species Clause: Limit one of each Pok\u00e9mon\n|rule|Item Clause: Limit 1 of each item\n|clearpoke\n|poke|p1|Calyrex-Shadow, L50|\n|poke|p1|Zacian-*, L50|\n|poke|p1|Tornadus, L50, M|\n|poke|p1|Incineroar, L50, F|\n|poke|p1|Rillaboom, L50, M|\n|poke|p1|Urshifu-*, L50, M|\n|poke|p2|Ho-Oh, L50|\n|poke|p2|Torkoal, L50, F|\n|poke|p2|Calyrex-Ice, L50|\n|poke|p2|Great Tusk, L50|\n|poke|p2|Flutter Mane, L50|\n|poke|p2|Iron Hands, L50|\n|teampreview|4\n|showteam|p1|Calyrex-Shadow||FocusSash|AsOneSpectrier|AstralBarrage,Psychic,Encore,Protect||||||50|,,,,,Ghost]Zacian-Crowned||RustedSword|IntrepidSword|behemothblade,PlayRough,SacredSword,Protect||||||50|,,,,,Stellar]Tornadus||CovertCloak|Prankster|Tailwind,BleakwindStorm,RainDance,Protect|||M|||50|,,,,,Dark]Incineroar||RockyHelmet|Intimidate|FakeOut,Taunt,KnockOff,PartingShot|||F|||50|,,,,,Water]Rillaboom||AssaultVest|GrassySurge|FakeOut,GrassyGlide,Uturn,WoodHammer|||M|||50|,,,,,Water]Urshifu-Rapid-Strike||ChoiceScarf|UnseenFist|SurgingStrikes,AquaJet,Uturn,CloseCombat|||M|||50|,,,,,Water\n|showteam|p2|Ho-Oh||WideLens|Regenerator|BraveBird,SacredFire,Protect,Tailwind||||||50|,,,,,Grass]Torkoal||EjectPack|Drought|Protect,HelpingHand,Eruption,Overheat|||F|||50|,,,,,Flying]Calyrex-Ice||ClearAmulet|AsOneGlastrier|GlacialLance,TrickRoom,Protect,HighHorsepower||||||50|,,,,,Fairy]Great Tusk||ChoiceScarf|Protosynthesis|HeadlongRush,CloseCombat,Earthquake,RockSlide||||||50|,,,,,Ground]Flutter Mane||FocusSash|Protosynthesis|Moonblast,ShadowBall,IcyWind,Protect||||||50|,,,,,Fairy]Iron Hands||AssaultVest|QuarkDrive|FakeOut,DrainPunch,HeavySlam,WildCharge||||||50|,,,,,Bug\n|inactive|Battle timer is ON: inactive players will automatically lose when time's up. (requested by justtestingforVGC)\n|inactive|justtestingforVGC has 60 seconds left.\n|inactive|justtestingforVGC has 30 seconds left.\n|inactive|Freddyeu has 60 seconds left.\n|\n|t:|1745978936\n|start\n|switch|p1a: Incineroar|Incineroar, L50, F|100/100\n|switch|p1b: Tornadus|Tornadus, L50, M|100/100\n|switch|p2a: Calyrex|Calyrex-Ice, L50|100/100\n|switch|p2b: Flutter Mane|Flutter Mane, L50|100/100\n|-ability|p2a: Calyrex|As One\n|-ability|p2a: Calyrex|Unnerve\n|-ability|p1a: Incineroar|Intimidate|boost\n|-fail|p2a: Calyrex|unboost|[from] item: Clear Amulet|[of] p2a: Calyrex\n|-unboost|p2b: Flutter Mane|atk|1\n|turn|1\n|\n|t:|1745978951\n|switch|p1b: Zacian|Zacian-Crowned, L50|100/100\n|-ability|p1b: Zacian|Intrepid Sword|boost\n|-boost|p1b: Zacian|atk|1\n|move|p1a: Incineroar|Fake Out|p2a: Calyrex\n|-damage|p2a: Calyrex|94/100\n|move|p2b: Flutter Mane|Moonblast|p1a: Incineroar\n|-damage|p1a: Incineroar|59/100\n|cant|p2a: Calyrex|flinch\n|\n|upkeep\n|turn|2\n|\n|t:|1745978970\n|switch|p2a: Great Tusk|Great Tusk, L50|100/100\n|move|p1b: Zacian|Behemoth Blade|p2a: Great Tusk\n|-damage|p2a: Great Tusk|29/100\n|move|p2b: Flutter Mane|Icy Wind|p1b: Zacian|[spread] p1a,p1b\n|-resisted|p1a: Incineroar\n|-resisted|p1b: Zacian\n|-crit|p1b: Zacian\n|-damage|p1a: Incineroar|53/100\n|-damage|p1b: Zacian|91/100\n|-unboost|p1a: Incineroar|spe|1\n|-unboost|p1b: Zacian|spe|1\n|move|p1a: Incineroar|Parting Shot|p2b: Flutter Mane\n|-unboost|p2b: Flutter Mane|atk|1\n|-unboost|p2b: Flutter Mane|spa|1\n|\n|t:|1745978983\n|switch|p1a: Tornadus|Tornadus, L50, M|100/100|[from] Parting Shot\n|\n|upkeep\n|turn|3\n|\n|t:|1745978994\n|-end|p2a: Great Tusk|Protosynthesis|[silent]\n|switch|p2a: Torkoal|Torkoal, L50, F|100/100\n|-weather|SunnyDay|[from] ability: Drought|[of] p2a: Torkoal\n|-activate|p2b: Flutter Mane|ability: Protosynthesis\n|-start|p2b: Flutter Mane|protosynthesisspe\n|move|p1a: Tornadus|Tailwind|p1a: Tornadus\n|-sidestart|p1: Freddyeu|move: Tailwind\n|move|p2b: Flutter Mane|Icy Wind|p1a: Tornadus|[spread] p1a,p1b\n|-supereffective|p1a: Tornadus\n|-resisted|p1b: Zacian\n|-damage|p1a: Tornadus|84/100\n|-damage|p1b: Zacian|86/100\n|-unboost|p1b: Zacian|spe|1\n|move|p1b: Zacian|Behemoth Blade|p2a: Torkoal\n|-resisted|p2a: Torkoal\n|-damage|p2a: Torkoal|65/100\n|\n|-weather|SunnyDay|[upkeep]\n|upkeep\n|turn|4\n|inactive|Freddyeu has 30 seconds left.\n|\n|t:|1745979024\n|switch|p1b: Incineroar|Incineroar, L50, F|53/100\n|-ability|p1b: Incineroar|Intimidate|boost\n|-unboost|p2a: Torkoal|atk|1\n|-enditem|p2a: Torkoal|Eject Pack\n|-unboost|p2b: Flutter Mane|atk|1\n|\n|t:|1745979032\n|switch|p2a: Calyrex|Calyrex-Ice, L50|94/100\n|-ability|p2a: Calyrex|As One\n|-ability|p2a: Calyrex|Unnerve\n|move|p1a: Tornadus|Protect|p1a: Tornadus\n|-singleturn|p1a: Tornadus|Protect\n|move|p2b: Flutter Mane|Icy Wind|p1a: Tornadus|[spread] p1b\n|-activate|p1a: Tornadus|move: Protect\n|-resisted|p1b: Incineroar\n|-damage|p1b: Incineroar|48/100\n|-unboost|p1b: Incineroar|spe|1\n|\n|-weather|SunnyDay|[upkeep]\n|upkeep\n|turn|5\n|\n|t:|1745979039\n|move|p1b: Incineroar|Fake Out|p2a: Calyrex\n|-damage|p2a: Calyrex|86/100\n|move|p2b: Flutter Mane|Moonblast|p1b: Incineroar\n|-damage|p1b: Incineroar|22/100\n|move|p1a: Tornadus|Bleakwind Storm|p2b: Flutter Mane|[spread] p2a,p2b\n|-damage|p2a: Calyrex|63/100\n|-damage|p2b: Flutter Mane|65/100\n|cant|p2a: Calyrex|flinch\n|\n|-weather|SunnyDay|[upkeep]\n|upkeep\n|turn|6\n|inactive|Freddyeu has 30 seconds left.\n|inactive|Freddyeu has 20 seconds left.\n|\n|t:|1745979074\n|move|p2b: Flutter Mane|Shadow Ball|p1b: Incineroar\n|-resisted|p1b: Incineroar\n|-damage|p1b: Incineroar|11/100\n|move|p1a: Tornadus|Bleakwind Storm|p2b: Flutter Mane|[spread] p2b\n|-miss|p1a: Tornadus|p2a: Calyrex\n|-damage|p2b: Flutter Mane|35/100\n|-unboost|p2b: Flutter Mane|spe|1\n|move|p1b: Incineroar|Taunt|p2a: Calyrex\n|-start|p2a: Calyrex|move: Taunt\n|move|p2a: Calyrex|Glacial Lance|p1a: Tornadus|[spread] p1a,p1b\n|-supereffective|p1a: Tornadus\n|-resisted|p1b: Incineroar\n|-damage|p1a: Tornadus|0 fnt\n|-damage|p1b: Incineroar|0 fnt\n|faint|p1a: Tornadus\n|faint|p1b: Incineroar\n|-ability|p2a: Calyrex|Chilling Neigh|boost\n|-boost|p2a: Calyrex|atk|2\n|\n|-weather|SunnyDay|[upkeep]\n|-sideend|p1: Freddyeu|move: Tailwind\n|upkeep\n|\n|t:|1745979087\n|switch|p1a: Zacian|Zacian-Crowned, L50|86/100\n|switch|p1b: Urshifu|Urshifu-Rapid-Strike, L50, M|100/100\n|turn|7\n|\n|t:|1745979100\n|move|p1b: Urshifu|Surging Strikes|p2b: Flutter Mane\n|-crit|p2b: Flutter Mane\n|-damage|p2b: Flutter Mane|16/100\n|-crit|p2b: Flutter Mane\n|-damage|p2b: Flutter Mane|0 fnt\n|faint|p2b: Flutter Mane\n|-end|p2b: Flutter Mane|Protosynthesis|[silent]\n|-hitcount|p2: Flutter Mane|2\n|move|p1a: Zacian|Behemoth Blade|p2a: Calyrex\n|-supereffective|p2a: Calyrex\n|-crit|p2a: Calyrex\n|-damage|p2a: Calyrex|0 fnt\n|faint|p2a: Calyrex\n|\n|-weather|none\n|upkeep\n|\n|t:|1745979105\n|switch|p2b: Great Tusk|Great Tusk, L50|29/100\n|switch|p2a: Torkoal|Torkoal, L50, F|65/100\n|-weather|SunnyDay|[from] ability: Drought|[of] p2a: Torkoal\n|-activate|p2b: Great Tusk|ability: Protosynthesis\n|-start|p2b: Great Tusk|protosynthesisatk\n|turn|8\n|inactive|Freddyeu has 30 seconds left.\n|inactive|Freddyeu has 20 seconds left.\n|inactive|Freddyeu has 15 seconds left.\n|\n|t:|1745979148\n|-terastallize|p2b: Great Tusk|Ground\n|-terastallize|p1b: Urshifu|Water\n|move|p1a: Zacian|Protect|p1a: Zacian\n|-singleturn|p1a: Zacian|Protect\n|move|p2b: Great Tusk|Headlong Rush|p1b: Urshifu\n|-crit|p1b: Urshifu\n|-damage|p1b: Urshifu|0 fnt\n|-unboost|p2b: Great Tusk|def|1\n|-unboost|p2b: Great Tusk|spd|1\n|faint|p1b: Urshifu\n|move|p2a: Torkoal|Overheat|p1a: Zacian\n|-activate|p1a: Zacian|move: Protect\n|\n|-weather|SunnyDay|[upkeep]\n|upkeep\n|turn|9\n|inactive|justtestingforVGC has 30 seconds left.\n|\n|t:|1745979177\n|move|p2a: Torkoal|Helping Hand|p2b: Great Tusk\n|-singleturn|p2b: Great Tusk|Helping Hand|[of] p2a: Torkoal\n|move|p2b: Great Tusk|Headlong Rush|p1a: Zacian\n|-supereffective|p1a: Zacian\n|-crit|p1a: Zacian\n|-damage|p1a: Zacian|0 fnt\n|-unboost|p2b: Great Tusk|def|1\n|-unboost|p2b: Great Tusk|spd|1\n|faint|p1a: Zacian\n|\n|win|justtestingforVGC\n|raw|Freddyeu's rating: 1181 &rarr; <strong>1156</strong><br />(-25 for losing)\n|raw|justtestingforVGC's rating: 1186 &rarr; <strong>1211</strong><br />(+25 for winning)\n|l|\u2606justtestingforVGC\n|player|p2|\n|l|\u2606Freddyeu\n|player|p1|\n", "uploadtime": 1745979541, "views": 7, "formatid": "gen9vgc2025regibo3", "rating": 1156, "private": 0, "password": null}