{"id": "gen9vgc2025regibo3-2354388782", "format": "[Gen 9] VGC 2025 Reg I (Bo3)", "players": ["laZb0nes2", "butteredflutter"], "log": "|j|\u2606laZb0nes2\n|j|\u2606butteredflutter\n|html|<table width=\"100%\"><tr><td align=\"left\">laZb0nes2</td><td align=\"right\">butteredflutter</tr><tr><td align=\"left\"><i class=\"fa fa-circle-o\"></i> <i class=\"fa fa-circle-o\"></i> </td><td align=\"right\"><i class=\"fa fa-circle-o\"></i> <i class=\"fa fa-circle-o\"></i> </tr></table>\n|uhtml|bestof|<h2><strong>Game 1</strong> of <a href=\"/game-bestof3-gen9vgc2025regibo3-2354388781\">a best-of-3</a></h2>\n|t:|1746065285\n|gametype|doubles\n|player|p1|laZb0nes2|pokemonranger-gen4|1133\n|player|p2|butteredflutter|gentleman|1000\n|teamsize|p1|6\n|teamsize|p2|6\n|gen|9\n|tier|[Gen 9] VGC 2025 Reg I (Bo3)\n|rated|\n|rule|Species Clause: Limit one of each Pok\u00e9mon\n|rule|Item Clause: Limit 1 of each item\n|clearpoke\n|poke|p1|Terapagos, L50, M|\n|poke|p1|Ho-Oh, L50|\n|poke|p1|Incineroar, L50, M|\n|poke|p1|Rillaboom, L50, M|\n|poke|p1|Ogerpon-Cornerstone, L50, F|\n|poke|p1|Urshifu-*, L50, F|\n|poke|p2|Koraidon, L50|\n|poke|p2|Magmar, L50, F|\n|poke|p2|Groudon, L50|\n|poke|p2|Charizard, L50, M|\n|poke|p2|Walking Wake, L50|\n|poke|p2|Flutter Mane, L50|\n|teampreview|4\n|showteam|p1|Terapagos||Leftovers|TeraShift|CalmMind,TeraStarstorm,EarthPower,Protect|||M|||50|,,,,,Stellar]Ho-Oh||ClearAmulet|Regenerator|SacredFire,BraveBird,Tailwind,Protect||||||50|,,,,,Grass]Incineroar||SafetyGoggles|Intimidate|KnockOff,FakeOut,WillOWisp,PartingShot|||M|||50|,,,,,Water]Rillaboom||AssaultVest|GrassySurge|GrassyGlide,WoodHammer,Uturn,FakeOut|||M|||50|,,,,,Fire]Ogerpon-Cornerstone||CornerstoneMask|Sturdy|IvyCudgel,PowerWhip,FollowMe,SpikyShield|||F|||50|,,,,,Rock]Urshifu-Rapid-Strike||ChoiceScarf|UnseenFist|SurgingStrikes,CloseCombat,Uturn,Coaching|||F|||50|,,,,,Water\n|showteam|p2|Koraidon||LifeOrb|OrichalcumPulse|CloseCombat,FlareBlitz,Uturn,Protect||||||50|,,,,,Bug]Magmar||Eviolite|FlameBody|FollowMe,Flamethrower,HelpingHand,Protect|||F|||50|,,,,,Grass]Groudon||ClearAmulet|Drought|Facade,PrecipiceBlades,Protect,HeatCrash||||||50|,,,,,Normal]Charizard||ChoiceScarf|SolarPower|WeatherBall,ScorchingSands,TeraBlast,HeatWave|||M|||50|,,,,,Electric]Walking Wake||EjectPack|Protosynthesis|DracoMeteor,HydroSteam,DragonPulse,Protect||||||50|,,,,,Dragon]Flutter Mane||FocusSash|Protosynthesis|Protect,Thunder,Wish,DazzlingGleam||||||50|,,,,,Ghost\n|\n|t:|1746065364\n|start\n|switch|p1a: Incineroar|Incineroar, L50, M|100/100\n|switch|p1b: Terapagos|Terapagos, L50, M|100/100\n|switch|p2a: Koraidon|Koraidon, L50|100/100\n|switch|p2b: Butter Mane|Flutter Mane, L50|100/100\n|-activate|p1b: Terapagos|ability: Tera Shift\n|detailschange|p1b: Terapagos|Terapagos-Terastal, L50, M\n|-heal|p1b: Terapagos|100/100|[silent]\n|-weather|SunnyDay|[from] ability: Orichalcum Pulse|[of] p2a: Koraidon\n|-activate|p2b: Butter Mane|ability: Protosynthesis\n|-start|p2b: Butter Mane|protosynthesisspe\n|-activate|p2a: Koraidon|Orichalcum Pulse|[source]\n|-ability|p1a: Incineroar|Intimidate|boost\n|-unboost|p2a: Koraidon|atk|1\n|-unboost|p2b: Butter Mane|atk|1\n|turn|1\n|\n|t:|1746065392\n|-end|p2b: Butter Mane|Protosynthesis|[silent]\n|switch|p2b: Walking Wake|Walking Wake, L50|100/100\n|-activate|p2b: Walking Wake|ability: Protosynthesis\n|-start|p2b: Walking Wake|protosynthesisspa\n|move|p2a: Koraidon|Protect|p2a: Koraidon\n|-singleturn|p2a: Koraidon|Protect\n|move|p1a: Incineroar|Fake Out|p2a: Koraidon\n|-activate|p2a: Koraidon|move: Protect\n|move|p1b: Terapagos|Calm Mind|p1b: Terapagos\n|-boost|p1b: Terapagos|spa|1\n|-boost|p1b: Terapagos|spd|1\n|\n|-weather|SunnyDay|[upkeep]\n|upkeep\n|turn|2\n|\n|t:|1746065435\n|-terastallize|p1b: Terapagos|Stellar\n|detailschange|p1b: Terapagos|Terapagos-Stellar, L50, M, tera:Stellar\n|-heal|p1b: Terapagos|100/100|[silent]\n|-ability|p1b: Terapagos|Teraform Zero\n|-weather|none\n|-end|p2b: Walking Wake|Protosynthesis\n|move|p2a: Koraidon|U-turn|p1b: Terapagos\n|-damage|p1b: Terapagos|88/100\n|-damage|p2a: Koraidon|91/100|[from] item: Life Orb\n|\n|t:|1746065466\n|switch|p2a: Groudon|Groudon, L50|100/100|[from] U-turn\n|-weather|SunnyDay|[from] ability: Drought|[of] p2a: Groudon\n|-activate|p2b: Walking Wake|ability: Protosynthesis\n|-start|p2b: Walking Wake|protosynthesisspa\n|move|p2b: Walking Wake|Hydro Steam|p1a: Incineroar\n|-supereffective|p1a: Incineroar\n|-damage|p1a: Incineroar|0 fnt\n|faint|p1a: Incineroar\n|move|p1b: Terapagos|Tera Starstorm|p2a: Groudon|[spread] p2a,p2b\n|-damage|p2a: Groudon|56/100\n|-damage|p2b: Walking Wake|47/100\n|\n|-weather|SunnyDay|[upkeep]\n|-heal|p1b: Terapagos|95/100|[from] item: Leftovers\n|upkeep\n|\n|t:|1746065495\n|switch|p1a: Ogerpon|Ogerpon-Cornerstone, L50, F|100/100\n|turn|3\n|\n|t:|1746065517\n|move|p1b: Terapagos|Protect|p1b: Terapagos\n|-singleturn|p1b: Terapagos|Protect\n|move|p1a: Ogerpon|Power Whip|p2b: Walking Wake\n|-damage|p2b: Walking Wake|0 fnt\n|faint|p2b: Walking Wake\n|-end|p2b: Walking Wake|Protosynthesis|[silent]\n|move|p2a: Groudon|Precipice Blades|p1a: Ogerpon|[spread] \n|-activate|p1b: Terapagos|move: Protect\n|-miss|p2a: Groudon|p1a: Ogerpon\n|\n|-weather|SunnyDay|[upkeep]\n|-heal|p1b: Terapagos|100/100|[from] item: Leftovers\n|upkeep\n|\n|t:|1746065531\n|switch|p2b: Butter Mane|Flutter Mane, L50|100/100\n|-activate|p2b: Butter Mane|ability: Protosynthesis\n|-start|p2b: Butter Mane|protosynthesisspe\n|turn|4\n|\n|t:|1746065557\n|switch|p1a: Ho-Oh|Ho-Oh, L50|100/100\n|switch|p2a: Koraidon|Koraidon, L50|91/100\n|-activate|p2a: Koraidon|ability: Orichalcum Pulse\n|move|p2b: Butter Mane|Wish|p2b: Butter Mane\n|move|p1b: Terapagos|Tera Starstorm|p2a: Koraidon|[spread] p2a,p2b\n|-damage|p2a: Koraidon|35/100\n|-damage|p2b: Butter Mane|40/100\n|\n|-weather|SunnyDay|[upkeep]\n|upkeep\n|turn|5\n|\n|t:|1746065582\n|-end|p2b: Butter Mane|Protosynthesis|[silent]\n|switch|p2b: Groudon|Groudon, L50|56/100\n|move|p1b: Terapagos|Protect|p1b: Terapagos\n|-singleturn|p1b: Terapagos|Protect\n|move|p2a: Koraidon|Close Combat|p1b: Terapagos\n|-activate|p1b: Terapagos|move: Protect\n|move|p1a: Ho-Oh|Tailwind|p1a: Ho-Oh\n|-sidestart|p1: laZb0nes2|move: Tailwind\n|\n|-weather|SunnyDay|[upkeep]\n|-heal|p2b: Groudon|92/100|[from] move: Wish|[wisher] Butter Mane\n|upkeep\n|turn|6\n|-message|butteredflutter forfeited.\n|\n|win|laZb0nes2\n|l|\u2606butteredflutter\n|player|p2|\n|raw|laZb0nes2's rating: 1133 &rarr; <strong>1149</strong><br />(+16 for winning)\n|raw|butteredflutter's rating: 1000 &rarr; <strong>1000</strong><br />(+0 for losing)\n", "uploadtime": 1746065600, "views": 16, "formatid": "gen9vgc2025regibo3", "rating": 1000, "private": 0, "password": null}