{"id": "gen9vgc2025regibo3-2355133632", "format": "[Gen 9] VGC 2025 Reg I (Bo3)", "players": ["thassas oracle", "Secret Raikou"], "log": "|j|\u2606thassas oracle\n|j|\u2606Secret Raikou\n|html|<table width=\"100%\"><tr><td align=\"left\">thassas oracle</td><td align=\"right\">Secret Raikou</tr><tr><td align=\"left\"><i class=\"fa fa-circle\"></i> <i class=\"fa fa-circle-o\"></i> </td><td align=\"right\"><i class=\"fa fa-circle-o\"></i> <i class=\"fa fa-circle\"></i> </tr></table>\n|uhtml|bestof|<h2><strong>Game 3</strong> of <a href=\"/game-bestof3-gen9vgc2025regibo3-2355131451\">a best-of-3</a></h2>\n|t:|1746156775\n|gametype|doubles\n|player|p1|thassas oracle|2|1080\n|player|p2|Secret Raikou|102|1113\n|teamsize|p1|6\n|teamsize|p2|4\n|gen|9\n|tier|[Gen 9] VGC 2025 Reg I (Bo3)\n|rated|\n|rule|Species Clause: Limit one of each Pok\u00e9mon\n|rule|Item Clause: Limit 1 of each item\n|clearpoke\n|poke|p1|Calyrex-Shadow, L50|\n|poke|p1|Koraidon, L50|\n|poke|p1|Ditto, L50|\n|poke|p1|Brute Bonnet, L50|\n|poke|p1|Chi-Yu, L50|\n|poke|p1|Whimsicott, L50, F|\n|poke|p2|Hippowdon, L50, F|\n|poke|p2|Dialga-Origin, L50|\n|poke|p2|Ogerpon-Cornerstone, L50, F|\n|poke|p2|Houndstone, L50, M|\n|teampreview|4\n|showteam|p1|Calyrex-Shadow||LifeOrb|AsOneSpectrier|AstralBarrage,Psychic,Substitute,Protect||||||50|,,,,,Ghost]Koraidon||ClearAmulet|OrichalcumPulse|CollisionCourse,FlameCharge,FlareBlitz,Protect||||||50|,,,,,Fire]Ditto||FocusSash|Imposter|Transform||||||50|,,,,,Normal]Brute Bonnet||RockyHelmet|Protosynthesis|Spore,RagePowder,SuckerPunch,SeedBomb||||||50|,,,,,Water]Chi-Yu||ChoiceScarf|BeadsofRuin|HeatWave,Snarl,Overheat,DarkPulse||||||50|,,,,,Ghost]Whimsicott||CovertCloak|Prankster|Moonblast,Tailwind,HelpingHand,Encore|||F|||50|,,,,,Water\n|showteam|p2|Hippowdon||RockyHelmet|SandStream|Protect,Yawn,Earthquake,Crunch|||F|||50|,,,,,Fairy]Dialga-Origin||AdamantCrystal|Telepathy|Protect,TrickRoom,SteelBeam,RoarofTime||||||50|,,,,,Stellar]Ogerpon-Cornerstone||CornerstoneMask|Sturdy|SpikyShield,FollowMe,IvyCudgel,HornLeech|||F|||50|,,,,,Rock]Houndstone||FocusSash|SandRush|Protect,ShadowSneak,PlayRough,LastRespects|||M|||50|,,,,,Ghost\n|inactive|Battle timer is ON: inactive players will automatically lose when time's up. (requested by Secret Raikou)\n|\n|t:|1746156788\n|start\n|switch|p1a: Calyrex|Calyrex-Shadow, L50|100/100\n|switch|p1b: Chi-Yu|Chi-Yu, L50|100/100\n|switch|p2a: Dialga|Dialga-Origin, L50|100/100\n|switch|p2b: Hippowdon|Hippowdon, L50, F|100/100\n|-ability|p1a: Calyrex|As One\n|-ability|p1a: Calyrex|Unnerve\n|-ability|p1b: Chi-Yu|Beads of Ruin\n|-weather|Sandstorm|[from] ability: Sand Stream|[of] p2b: Hippowdon\n|turn|1\n|\n|t:|1746156808\n|-terastallize|p1a: Calyrex|Ghost\n|move|p2a: Dialga|Protect|p2a: Dialga\n|-singleturn|p2a: Dialga|Protect\n|move|p1b: Chi-Yu|Overheat|p2a: Dialga\n|-activate|p2a: Dialga|move: Protect\n|move|p1a: Calyrex|Astral Barrage|p2b: Hippowdon|[spread] p2b\n|-activate|p2a: Dialga|move: Protect\n|-damage|p2b: Hippowdon|7/100\n|-damage|p1a: Calyrex|90/100|[from] item: Life Orb\n|move|p2b: Hippowdon|Earthquake|p1a: Calyrex|[spread] p1a,p1b\n|-activate|p2a: Dialga|move: Protect\n|-supereffective|p1b: Chi-Yu\n|-damage|p1a: Calyrex|60/100\n|-damage|p1b: Chi-Yu|11/100\n|\n|-weather|Sandstorm|[upkeep]\n|-damage|p1b: Chi-Yu|5/100|[from] Sandstorm\n|-damage|p1a: Calyrex|55/100|[from] Sandstorm\n|upkeep\n|turn|2\n|\n|t:|1746156830\n|move|p2b: Hippowdon|Protect|p2b: Hippowdon\n|-singleturn|p2b: Hippowdon|Protect\n|move|p1b: Chi-Yu|Overheat|p2a: Dialga\n|-damage|p2a: Dialga|29/100\n|-unboost|p1b: Chi-Yu|spa|2\n|move|p1a: Calyrex|Astral Barrage|p2b: Hippowdon|[spread] p2a\n|-activate|p2b: Hippowdon|move: Protect\n|-damage|p2a: Dialga|0 fnt\n|faint|p2a: Dialga\n|-ability|p1a: Calyrex|Grim Neigh|boost\n|-boost|p1a: Calyrex|spa|1\n|-damage|p1a: Calyrex|45/100|[from] item: Life Orb\n|\n|-weather|Sandstorm|[upkeep]\n|-damage|p1b: Chi-Yu|0 fnt|[from] Sandstorm\n|-damage|p1a: Calyrex|39/100|[from] Sandstorm\n|faint|p1b: Chi-Yu\n|upkeep\n|\n|t:|1746156844\n|switch|p1b: Koraidon|Koraidon, L50|100/100\n|switch|p2a: Houndstone|Houndstone, L50, M|100/100\n|-weather|SunnyDay|[from] ability: Orichalcum Pulse|[of] p1b: Koraidon\n|-activate|p1b: Koraidon|Orichalcum Pulse|[source]\n|turn|3\n|\n|t:|1746156864\n|move|p1a: Calyrex|Protect|p1a: Calyrex\n|-singleturn|p1a: Calyrex|Protect\n|move|p2a: Houndstone|Shadow Sneak|p1a: Calyrex\n|-activate|p1a: Calyrex|move: Protect\n|move|p1b: Koraidon|Flame Charge|p2a: Houndstone\n|-damage|p2a: Houndstone|53/100\n|-boost|p1b: Koraidon|spe|1\n|move|p2b: Hippowdon|Yawn|p1b: Koraidon\n|-start|p1b: Koraidon|move: Yawn|[of] p2b: Hippowdon\n|\n|-weather|SunnyDay|[upkeep]\n|upkeep\n|turn|4\n|\n|t:|1746156884\n|switch|p1b: Ditto|Ditto, L50|100/100\n|-transform|p1b: Ditto|p2a: Houndstone|[from] ability: Imposter\n|move|p2a: Houndstone|Shadow Sneak|p1a: Calyrex\n|-supereffective|p1a: Calyrex\n|-damage|p1a: Calyrex|0 fnt\n|faint|p1a: Calyrex\n|move|p2b: Hippowdon|Yawn|p1b: Ditto\n|-start|p1b: Ditto|move: Yawn|[of] p2b: Hippowdon\n|\n|-weather|SunnyDay|[upkeep]\n|upkeep\n|\n|t:|1746156890\n|switch|p1a: Koraidon|Koraidon, L50|100/100\n|-activate|p1a: Koraidon|ability: Orichalcum Pulse\n|turn|5\n|\n|t:|1746156910\n|switch|p2b: Ogerpon|Ogerpon-Cornerstone, L50, F|100/100\n|move|p2a: Houndstone|Protect|p2a: Houndstone\n|-singleturn|p2a: Houndstone|Protect\n|move|p1a: Koraidon|Flare Blitz|p2a: Houndstone\n|-activate|p2a: Houndstone|move: Protect\n|move|p1b: Ditto|Last Respects|p2b: Ogerpon\n|-damage|p2b: Ogerpon|9/100\n|\n|-weather|SunnyDay|[upkeep]\n|-end|p1b: Ditto|move: Yawn|[silent]\n|-status|p1b: Ditto|slp\n|upkeep\n|turn|6\n|\n|t:|1746156925\n|switch|p2b: Hippowdon|Hippowdon, L50, F|7/100\n|-weather|Sandstorm|[from] ability: Sand Stream|[of] p2b: Hippowdon\n|move|p1a: Koraidon|Protect|p1a: Koraidon\n|-singleturn|p1a: Koraidon|Protect\n|cant|p1b: Ditto|slp\n|move|p2a: Houndstone|Play Rough|p1a: Koraidon\n|-activate|p1a: Koraidon|move: Protect\n|\n|-weather|Sandstorm|[upkeep]\n|-damage|p1a: Koraidon|94/100|[from] Sandstorm\n|upkeep\n|turn|7\n|\n|t:|1746156947\n|move|p1a: Koraidon|Protect||[still]\n|-fail|p1a: Koraidon\n|-curestatus|p1b: Ditto|slp|[msg]\n|move|p1b: Ditto|Shadow Sneak|p2a: Houndstone\n|-supereffective|p2a: Houndstone\n|-damage|p2a: Houndstone|8/100\n|move|p2a: Houndstone|Play Rough|p1a: Koraidon\n|-supereffective|p1a: Koraidon\n|-damage|p1a: Koraidon|0 fnt\n|faint|p1a: Koraidon\n|move|p2b: Hippowdon|Crunch|p1b: Ditto\n|-supereffective|p1b: Ditto\n|-damage|p1b: Ditto|50/100\n|\n|-weather|Sandstorm|[upkeep]\n|upkeep\n|turn|8\n|l|\u2606thassas oracle\n|inactive|thassas oracle disconnected and has a minute to reconnect!\n|player|p1|\n|c|\u2606Secret Raikou|nice team bro\n|inactive|thassas oracle has 30 seconds left.\n|inactive|thassas oracle has 20 seconds left.\n|inactive|thassas oracle has 15 seconds left.\n|inactive|thassas oracle has 10 seconds left.\n|inactive|thassas oracle has 5 seconds left.\n|-message|thassas oracle lost due to inactivity.\n|\n|win|Secret Raikou\n|raw|thassas oracle's rating: 1080 &rarr; <strong>1060</strong><br />(-20 for losing)\n|raw|Secret Raikou's rating: 1113 &rarr; <strong>1136</strong><br />(+23 for winning)\n", "uploadtime": 1746157019, "views": 13, "formatid": "gen9vgc2025regibo3", "rating": 1060, "private": 0, "password": null}