{"id": "gen9vgc2025regibo3-2354563719", "format": "[Gen 9] VGC 2025 Reg I (Bo3)", "players": ["Placidbee", "Unstable Wolf"], "log": "|j|\u2606Placidbee\n|j|\u2606Unstable Wolf\n|html|<table width=\"100%\"><tr><td align=\"left\">Placidbee</td><td align=\"right\">Unstable Wolf</tr><tr><td align=\"left\"><i class=\"fa fa-circle-o\"></i> <i class=\"fa fa-circle-o\"></i> </td><td align=\"right\"><i class=\"fa fa-circle-o\"></i> <i class=\"fa fa-circle-o\"></i> </tr></table>\n|uhtml|bestof|<h2><strong>Game 1</strong> of <a href=\"/game-bestof3-gen9vgc2025regibo3-2354563718\">a best-of-3</a></h2>\n|t:|1746095146\n|gametype|doubles\n|player|p1|Placidbee|parasollady|1167\n|player|p2|Unstable Wolf|palmer|1220\n|teamsize|p1|6\n|teamsize|p2|6\n|gen|9\n|tier|[Gen 9] VGC 2025 Reg I (Bo3)\n|rated|\n|rule|Species Clause: Limit one of each Pok\u00e9mon\n|rule|Item Clause: Limit 1 of each item\n|clearpoke\n|poke|p1|Groudon, L50|\n|poke|p1|Ceruledge, L50, M|\n|poke|p1|Ho-Oh, L50|\n|poke|p1|Chien-Pao, L50|\n|poke|p1|Flutter Mane, L50|\n|poke|p1|Raging Bolt, L50|\n|poke|p2|Necrozma-Dusk-Mane, L50|\n|poke|p2|Miraidon, L50|\n|poke|p2|Pelipper, L50, F|\n|poke|p2|Grimmsnarl, L50, M|\n|poke|p2|Iron Hands, L50|\n|poke|p2|Ogerpon-Wellspring, L50, F|\n|teampreview|4\n|showteam|p1|Groudon||ClearAmulet|Drought|PrecipiceBlades,HeatCrash,SwordsDance,Protect||||||50|,,,,,Fire]Ceruledge||AssaultVest|FlashFire|BitterBlade,Poltergeist,BrickBreak,ShadowSneak|||M|||50|,,,,,Grass]Ho-Oh||CovertCloak|Regenerator|WillOWisp,LightScreen,LifeDew,FlareBlitz||||||50|,,,,,Grass]Chien-Pao||FocusSash|SwordofRuin|IceSpinner,SuckerPunch,SacredSword,Protect||||||50|,,,,,Ghost]Flutter Mane||BoosterEnergy|Protosynthesis|Protect,DazzlingGleam,ShadowBall,MysticalFire||||||50|,,,,,Fairy]Raging Bolt||Leftovers|Protosynthesis|Taunt,Electroweb,Thunderclap,Protect||||||50|,,,,,Normal\n|showteam|p2|Necrozma-Dusk-Mane||ClearAmulet|PrismArmor|SunsteelStrike,PhotonGeyser,Protect,TrickRoom||||||50|,,,,,Dark]Miraidon||ChoiceSpecs|HadronEngine|VoltSwitch,ElectroDrift,DracoMeteor,DazzlingGleam||||||50|,,,,,Fairy]Pelipper||FocusSash|Drizzle|WeatherBall,Hurricane,WideGuard,Protect|||F|||50|,,,,,Ghost]Grimmsnarl||LightClay|Prankster|LightScreen,Reflect,ThunderWave,SpiritBreak|||M|||50|,,,,,Ghost]Iron Hands||AssaultVest|QuarkDrive|FakeOut,DrainPunch,LowKick,WildCharge||||||50|,,,,,Water]Ogerpon-Wellspring||WellspringMask|WaterAbsorb|HornLeech,IvyCudgel,FollowMe,SpikyShield|||F|||50|,,,,,Water\n|c|\u2606Unstable Wolf|glhf\n|c|\u2606Placidbee|u2\n|\n|t:|1746095178\n|start\n|switch|p1a: Flutter Mane|Flutter Mane, L50|100/100\n|switch|p1b: Raging Bolt|Raging Bolt, L50|100/100\n|switch|p2a: ik haat deze mon|Grimmsnarl, L50, M|100/100\n|switch|p2b: Tsar bomba|Miraidon, L50|100/100\n|-fieldstart|move: Electric Terrain|[from] ability: Hadron Engine|[of] p2b: Tsar bomba\n|-enditem|p1a: Flutter Mane|Booster Energy\n|-activate|p1a: Flutter Mane|ability: Protosynthesis|[fromitem]\n|-start|p1a: Flutter Mane|protosynthesisspe\n|turn|1\n|\n|t:|1746095202\n|-terastallize|p2b: Tsar bomba|Fairy\n|move|p1b: Raging Bolt|Thunderclap|p2b: Tsar bomba\n|-damage|p2b: Tsar bomba|64/100\n|move|p2a: ik haat deze mon|Thunder Wave|p1a: Flutter Mane\n|-status|p1a: Flutter Mane|par\n|move|p2b: Tsar bomba|Dazzling Gleam|p1b: Raging Bolt|[spread] p1a,p1b\n|-supereffective|p1b: Raging Bolt\n|-damage|p1a: Flutter Mane|39/100 par\n|-damage|p1b: Raging Bolt|0 fnt\n|faint|p1b: Raging Bolt\n|-end|p1b: Raging Bolt|Protosynthesis|[silent]\n|cant|p1a: Flutter Mane|par\n|\n|upkeep\n|\n|t:|1746095214\n|switch|p1b: Ho-Oh|Ho-Oh, L50|100/100\n|turn|2\n|\n|t:|1746095229\n|switch|p2b: Budget Kyogre|Pelipper, L50, F|100/100\n|-weather|RainDance|[from] ability: Drizzle|[of] p2b: Budget Kyogre\n|cant|p1a: Flutter Mane|par\n|move|p2a: ik haat deze mon|Light Screen|p2a: ik haat deze mon\n|-sidestart|p2: Unstable Wolf|move: Light Screen\n|move|p1b: Ho-Oh|Light Screen|p1b: Ho-Oh\n|-sidestart|p1: Placidbee|move: Light Screen\n|\n|-weather|RainDance|[upkeep]\n|upkeep\n|turn|3\n|\n|t:|1746095262\n|-end|p1a: Flutter Mane|Protosynthesis|[silent]\n|switch|p1a: Groudon|Groudon, L50|100/100\n|-weather|SunnyDay|[from] ability: Drought|[of] p1a: Groudon\n|move|p2b: Budget Kyogre|Weather Ball|p1b: Ho-Oh\n|-resisted|p1b: Ho-Oh\n|-damage|p1b: Ho-Oh|94/100\n|move|p1b: Ho-Oh|Flare Blitz|p2b: Budget Kyogre\n|-resisted|p2b: Budget Kyogre\n|-damage|p2b: Budget Kyogre|51/100\n|-status|p2b: Budget Kyogre|brn\n|-damage|p1b: Ho-Oh|84/100|[from] Recoil\n|move|p2a: ik haat deze mon|Spirit Break|p1a: Groudon\n|-damage|p1a: Groudon|80/100\n|\n|-weather|SunnyDay|[upkeep]\n|-damage|p2b: Budget Kyogre|45/100 brn|[from] brn\n|upkeep\n|turn|4\n|\n|t:|1746095284\n|move|p2a: ik haat deze mon|Reflect|p2a: ik haat deze mon\n|-sidestart|p2: Unstable Wolf|Reflect\n|move|p1a: Groudon|Swords Dance|p1a: Groudon\n|-boost|p1a: Groudon|atk|2\n|move|p2b: Budget Kyogre|Hurricane|p1a: Groudon|[miss]\n|-miss|p2b: Budget Kyogre|p1a: Groudon\n|move|p1b: Ho-Oh|Flare Blitz|p2a: ik haat deze mon\n|-damage|p2a: ik haat deze mon|45/100\n|-damage|p1b: Ho-Oh|66/100|[from] Recoil\n|\n|-weather|SunnyDay|[upkeep]\n|-damage|p2b: Budget Kyogre|39/100 brn|[from] brn\n|upkeep\n|turn|5\n|\n|t:|1746095307\n|move|p1a: Groudon|Heat Crash|p2b: Budget Kyogre\n|-resisted|p2b: Budget Kyogre\n|-damage|p2b: Budget Kyogre|0 fnt\n|faint|p2b: Budget Kyogre\n|move|p1b: Ho-Oh|Flare Blitz|p2a: ik haat deze mon\n|-damage|p2a: ik haat deze mon|0 fnt\n|faint|p2a: ik haat deze mon\n|-damage|p1b: Ho-Oh|52/100|[from] Recoil\n|\n|-weather|SunnyDay|[upkeep]\n|-fieldend|move: Electric Terrain\n|upkeep\n|\n|t:|1746095312\n|switch|p2b: Necrozma|Necrozma-Dusk-Mane, L50|100/100\n|switch|p2a: Tsar bomba|Miraidon, L50, tera:Fairy|64/100\n|-fieldstart|move: Electric Terrain|[from] ability: Hadron Engine|[of] p2a: Tsar bomba\n|turn|6\n|\n|t:|1746095356\n|move|p1a: Groudon|Protect|p1a: Groudon\n|-singleturn|p1a: Groudon|Protect\n|move|p2a: Tsar bomba|Dazzling Gleam|p1a: Groudon|[spread] p1b\n|-activate|p1a: Groudon|move: Protect\n|-resisted|p1b: Ho-Oh\n|-damage|p1b: Ho-Oh|43/100\n|move|p1b: Ho-Oh|Flare Blitz|p2b: Necrozma\n|-supereffective|p2b: Necrozma\n|-damage|p2b: Necrozma|47/100\n|-damage|p1b: Ho-Oh|26/100|[from] Recoil\n|move|p2b: Necrozma|Photon Geyser|p1a: Groudon\n|-activate|p1a: Groudon|move: Protect\n|\n|-weather|SunnyDay|[upkeep]\n|-sideend|p1: Placidbee|move: Light Screen\n|upkeep\n|turn|7\n|\n|t:|1746095387\n|-terastallize|p1a: Groudon|Fire\n|move|p2a: Tsar bomba|Dazzling Gleam|p1b: Ho-Oh|[spread] p1a,p1b\n|-resisted|p1a: Groudon\n|-resisted|p1b: Ho-Oh\n|-damage|p1a: Groudon|48/100\n|-damage|p1b: Ho-Oh|10/100\n|move|p1a: Groudon|Precipice Blades|p2b: Necrozma|[spread] p2a,p2b\n|-supereffective|p2b: Necrozma\n|-damage|p2a: Tsar bomba|0 fnt\n|-damage|p2b: Necrozma|0 fnt\n|faint|p2a: Tsar bomba\n|faint|p2b: Necrozma\n|\n|win|Placidbee\n||Unstable Wolf is ready for game 2.\n|inactive|Placidbee has 30 seconds to confirm battle start!\n||Placidbee is ready for game 2.\n|uhtml|next|Next: <a href=\"/battle-gen9vgc2025regibo3-2354565138\"><strong>Game 2 of 3</strong></a>\n", "uploadtime": 1746095679, "views": 7, "formatid": "gen9vgc2025regibo3", "rating": null, "private": 0, "password": null}