{"id": "gen9vgc2025regibo3-2354009049", "format": "[Gen 9] VGC 2025 Reg I (Bo3)", "players": ["gravler07", "angrybook"], "log": "|j|\u2606gravler07\n|j|\u2606angrybook\n|html|<table width=\"100%\"><tr><td align=\"left\">gravler07</td><td align=\"right\">angrybook</tr><tr><td align=\"left\"><i class=\"fa fa-circle-o\"></i> <i class=\"fa fa-circle-o\"></i> </td><td align=\"right\"><i class=\"fa fa-circle-o\"></i> <i class=\"fa fa-circle-o\"></i> </tr></table>\n|uhtml|bestof|<h2><strong>Game 1</strong> of <a href=\"/game-bestof3-gen9vgc2025regibo3-2354009048\">a best-of-3</a></h2>\n|t:|1746027112\n|gametype|doubles\n|player|p1|gravler07|blackbelt-gen4dp|1078\n|player|p2|angrybook|pokemaniac|1027\n|teamsize|p1|6\n|teamsize|p2|6\n|gen|9\n|tier|[Gen 9] VGC 2025 Reg I (Bo3)\n|rated|\n|rule|Species Clause: Limit one of each Pok\u00e9mon\n|rule|Item Clause: Limit 1 of each item\n|clearpoke\n|poke|p1|Calyrex-Ice, L50|\n|poke|p1|Necrozma-Dusk-Mane, L50|\n|poke|p1|Rhydon, L50, F|\n|poke|p1|Ogerpon-Wellspring, L50, F|\n|poke|p1|Zoroark-Hisui, L50, F|\n|poke|p1|Tornadus, L50, M|\n|poke|p2|Dragonite, L50, M|\n|poke|p2|Iron Valiant, L50|\n|poke|p2|Calyrex-Shadow, L50|\n|poke|p2|Infernape, L50, F|\n|poke|p2|Zamazenta-*, L50|\n|poke|p2|Chien-Pao, L50|\n|teampreview|4\n|showteam|p1|Calyrex-Ice||ClearAmulet|AsOneGlastrier|GlacialLance,HighHorsepower,TrickRoom,Protect||||||50|,,,,,Fire]Necrozma-Dusk-Mane||WeaknessPolicy|PrismArmor|SunsteelStrike,Endure,PhotonGeyser,TrickRoom||||||50|,,,,,Grass]Rhydon||Eviolite|LightningRod|HighHorsepower,BrickBreak,BreakingSwipe,Roar|||F|||50|,,,,,Fairy]Ogerpon-Wellspring||WellspringMask|WaterAbsorb|FollowMe,HornLeech,IvyCudgel,SpikyShield|||F|||50|,,,,,Water]Zoroark-Hisui||FocusSash|Illusion|HyperVoice,ShadowBall,Protect,NastyPlot|||F|||50|,,,,,Normal]Tornadus||CovertCloak|Prankster|BleakwindStorm,Snowscape,Tailwind,Taunt|||M|||50|,,,,,Dark\n|showteam|p2|Dragonite||LifeOrb|InnerFocus|Metronome,Tailwind,ExtremeSpeed,Protect|||M|||50|,,,,,Normal]Iron Valiant||BoosterEnergy|QuarkDrive|Moonblast,CloseCombat,Protect,Metronome||||||50|,,,,,Steel]Calyrex-Shadow||FocusSash|AsOneSpectrier|AstralBarrage,Psyshock,Protect,Metronome||||||50|,,,,,Normal]Infernape||CovertCloak|IronFist|Metronome,Overheat,CloseCombat,FakeOut|||F|||50|,,,,,Fire]Zamazenta-Crowned||RustedShield|DauntlessShield|BodyPress,HeavySlam,WideGuard,Protect||||||50|,,,,,Grass]Chien-Pao||ClearAmulet|SwordofRuin|IceSpinner,SacredSword,SuckerPunch,Protect||||||50|,,,,,Fighting\n|c|\u2606angrybook|i am the gambling master\n|\n|t:|1746027157\n|start\n|switch|p1a: Calyrex|Calyrex-Ice, L50|100/100\n|switch|p1b: Tornadus|Tornadus, L50, M|100/100\n|switch|p2a: Zamazenta|Zamazenta-Crowned, L50|100/100\n|switch|p2b: Chien-Pao|Chien-Pao, L50|100/100\n|-ability|p2b: Chien-Pao|Sword of Ruin\n|-ability|p2a: Zamazenta|Dauntless Shield|boost\n|-boost|p2a: Zamazenta|def|1\n|turn|1\n|inactive|Battle timer is ON: inactive players will automatically lose when time's up. (requested by angrybook)\n|c|\u2606gravler07|respect\n|inactive|angrybook has 60 seconds left.\n|\n|t:|1746027189\n|move|p1b: Tornadus|Tailwind|p1b: Tornadus\n|-sidestart|p1: gravler07|move: Tailwind\n|move|p1a: Calyrex|Nasty Plot|p1a: Calyrex\n|-boost|p1a: Calyrex|spa|2\n|move|p2b: Chien-Pao|Ice Spinner|p1b: Tornadus\n|-supereffective|p1b: Tornadus\n|-damage|p1b: Tornadus|0 fnt\n|faint|p1b: Tornadus\n|move|p2a: Zamazenta|Body Press|p1a: Calyrex\n|-immune|p1a: Calyrex\n|\n|upkeep\n|c|\u2606gravler07|thats the wrong number\n|\n|t:|1746027203\n|switch|p1b: Calyrex|Calyrex-Ice, L50|100/100\n|-ability|p1b: Calyrex|As One\n|-ability|p1b: Calyrex|Unnerve\n|turn|2\n|c|\u2606angrybook|got it\n|\n|t:|1746027225\n|-terastallize|p1b: Calyrex|Fire\n|move|p2b: Chien-Pao|Sucker Punch|p1a: Calyrex\n|-supereffective|p1a: Calyrex\n|-enditem|p1a: Calyrex|Focus Sash\n|-damage|p1a: Calyrex|1/100\n|replace|p1a: Zoroark|Zoroark-Hisui, L50, F\n|-end|p1a: Zoroark|Illusion\n|move|p1a: Zoroark|Shadow Ball|p2a: Zamazenta\n|-damage|p2a: Zamazenta|36/100\n|move|p2a: Zamazenta|Body Press|p1b: Calyrex\n|-damage|p1b: Calyrex|45/100\n|move|p1b: Calyrex|Glacial Lance|p2b: Chien-Pao|[spread] p2a,p2b\n|-resisted|p2a: Zamazenta\n|-resisted|p2b: Chien-Pao\n|-damage|p2a: Zamazenta|18/100\n|-damage|p2b: Chien-Pao|57/100\n|\n|upkeep\n|turn|3\n|c|\u2606gravler07|well then\n|inactive|gravler07 has 30 seconds left.\n|\n|t:|1746027252\n|move|p1a: Zoroark|Protect|p1a: Zoroark\n|-singleturn|p1a: Zoroark|Protect\n|move|p2b: Chien-Pao|Sucker Punch||[still]\n|-fail|p2b: Chien-Pao\n|move|p2a: Zamazenta|Body Press|p1b: Calyrex\n|-damage|p1b: Calyrex|0 fnt\n|faint|p1b: Calyrex\n|\n|upkeep\n|\n|t:|1746027258\n|switch|p1b: Ogerpon|Ogerpon-Wellspring, L50, F|100/100\n|turn|4\n|\n|t:|1746027275\n|move|p2a: Zamazenta|Protect|p2a: Zamazenta\n|-singleturn|p2a: Zamazenta|Protect\n|move|p1b: Ogerpon|Follow Me|p1b: Ogerpon\n|-singleturn|p1b: Ogerpon|move: Follow Me\n|move|p2b: Chien-Pao|Sucker Punch||[still]\n|-fail|p2b: Chien-Pao\n|move|p1a: Zoroark|Hyper Voice|p2a: Zamazenta|[spread] p2b\n|-activate|p2a: Zamazenta|move: Protect\n|-damage|p2b: Chien-Pao|0 fnt\n|faint|p2b: Chien-Pao\n|\n|-sideend|p1: gravler07|move: Tailwind\n|upkeep\n|c|\u2606gravler07|seems im sort of cooked\n|c|\u2606gravler07|one would say\n|\n|t:|1746027288\n|switch|p2b: Iron Valiant|Iron Valiant, L50|100/100\n|-enditem|p2b: Iron Valiant|Booster Energy\n|-activate|p2b: Iron Valiant|ability: Quark Drive|[fromitem]\n|-start|p2b: Iron Valiant|quarkdrivespe\n|turn|5\n|\n|t:|1746027302\n|move|p1a: Zoroark|Protect|p1a: Zoroark\n|-singleturn|p1a: Zoroark|Protect\n|move|p1b: Ogerpon|Spiky Shield|p1b: Ogerpon\n|-singleturn|p1b: Ogerpon|move: Protect\n|move|p2b: Iron Valiant|Moonblast|p1a: Zoroark\n|-activate|p1a: Zoroark|move: Protect\n|move|p2a: Zamazenta|Body Press|p1b: Ogerpon\n|-activate|p1b: Ogerpon|move: Protect\n|-damage|p2a: Zamazenta|6/100|[from] Spiky Shield|[of] p1b: Ogerpon\n|\n|upkeep\n|turn|6\n|\n|t:|1746027323\n|move|p1b: Ogerpon|Follow Me|p1b: Ogerpon\n|-singleturn|p1b: Ogerpon|move: Follow Me\n|move|p2b: Iron Valiant|Moonblast|p1b: Ogerpon\n|-damage|p1b: Ogerpon|67/100\n|move|p2a: Zamazenta|Body Press|p1b: Ogerpon\n|-damage|p1b: Ogerpon|0 fnt\n|faint|p1b: Ogerpon\n|move|p1a: Zoroark|Shadow Ball|p2b: Iron Valiant\n|-damage|p2b: Iron Valiant|0 fnt\n|faint|p2b: Iron Valiant\n|-end|p2b: Iron Valiant|Quark Drive|[silent]\n|\n|upkeep\n|\n|t:|1746027334\n|switch|p2b: Calyrex|Calyrex-Shadow, L50|100/100\n|-ability|p2b: Calyrex|As One\n|-ability|p2b: Calyrex|Unnerve\n|turn|7\n|\n|t:|1746027344\n|move|p1a: Zoroark|Protect|p1a: Zoroark\n|-singleturn|p1a: Zoroark|Protect\n|move|p2b: Calyrex|Psyshock|p1a: Zoroark\n|-activate|p1a: Zoroark|move: Protect\n|move|p2a: Zamazenta|Heavy Slam|p1a: Zoroark\n|-activate|p1a: Zoroark|move: Protect\n|\n|upkeep\n|turn|8\n|\n|t:|1746027353\n|move|p2b: Calyrex|Psyshock|p1a: Zoroark\n|-damage|p1a: Zoroark|0 fnt\n|faint|p1a: Zoroark\n|\n|win|angrybook\n||gravler07 is ready for game 2.\n||angrybook is ready for game 2.\n|uhtml|next|Next: <a href=\"/battle-gen9vgc2025regibo3-2354011969\"><strong>Game 2 of 3</strong></a>\n", "uploadtime": 1746027514, "views": 7, "formatid": "gen9vgc2025regibo3", "rating": null, "private": 0, "password": null}