{"id": "gen9vgc2025regibo3-2354479080", "format": "[Gen 9] VGC 2025 Reg I (Bo3)", "players": ["dragondrivevgc", "Sanchez_Experts"], "log": "|j|\u2606dragondrivevgc\n|j|\u2606Sanchez_Experts\n|html|<table width=\"100%\"><tr><td align=\"left\">dragondrivevgc</td><td align=\"right\">Sanchez_Experts</tr><tr><td align=\"left\"><i class=\"fa fa-circle-o\"></i> <i class=\"fa fa-circle-o\"></i> </td><td align=\"right\"><i class=\"fa fa-circle-o\"></i> <i class=\"fa fa-circle-o\"></i> </tr></table>\n|uhtml|bestof|<h2><strong>Game 1</strong> of <a href=\"/game-bestof3-gen9vgc2025regibo3-2354479079\">a best-of-3</a></h2>\n|t:|1746078371\n|gametype|doubles\n|player|p1|dragondrivevgc|266|1088\n|player|p2|Sanchez_Experts|cynthia-masters|1159\n|teamsize|p1|6\n|teamsize|p2|6\n|gen|9\n|tier|[Gen 9] VGC 2025 Reg I (Bo3)\n|rated|\n|rule|Species Clause: Limit one of each Pok\u00e9mon\n|rule|Item Clause: Limit 1 of each item\n|clearpoke\n|poke|p1|Groudon, L50|\n|poke|p1|Ho-Oh, L50|\n|poke|p1|Chien-Pao, L50|\n|poke|p1|Tornadus, L50, M|\n|poke|p1|Ogerpon-Wellspring, L50, F|\n|poke|p1|Lapras, L50, F|\n|poke|p2|Calyrex-Shadow, L50|\n|poke|p2|Terapagos, L50, M|\n|poke|p2|Raging Bolt, L50|\n|poke|p2|Volcarona, L50, M|\n|poke|p2|Rillaboom, L50, M|\n|poke|p2|Flutter Mane, L50|\n|teampreview|4\n|showteam|p1|Groudon||AssaultVest|Drought|Earthquake,HighHorsepower,HeatCrash,HeavySlam||||||50|,,,,,Fire]Ho-Oh||ClearAmulet|Regenerator|SacredFire,BraveBird,Tailwind,Protect||||||50|,,,,,Steel]Chien-Pao||ChoiceScarf|SwordofRuin|SacredSword,ThroatChop,IceSpinner,Snarl||||||50|,,,,,Dark]Tornadus||FocusSash|Prankster|Leer,Tailwind,FoulPlay,SunnyDay|||M|||50|,,,,,Flying]Ogerpon-Wellspring||WellspringMask|WaterAbsorb|FollowMe,HornLeech,SpikyShield,Synthesis|||F|||50|,,,,,Water]Lapras||ThroatSpray|WaterAbsorb|LifeDew,AlluringVoice,ChillingWater,IceBeam|||F|||50|,,,,,Ground\n|showteam|p2|Calyrex-Shadow||FocusSash|AsOneSpectrier|AstralBarrage,Psychic,NastyPlot,Protect||||||50|,,,,,Dark]Terapagos||Leftovers|TeraShift|TeraStarstorm,EarthPower,CalmMind,Protect|||M|||50|,,,,,Stellar]Raging Bolt||AssaultVest|Protosynthesis|Thunderclap,DracoMeteor,Electroweb,VoltSwitch||||||50|,,,,,Electric]Volcarona||RockyHelmet|FlameBody|FieryDance,RagePowder,QuiverDance,Tailwind|||M|||50|,,,,,Water]Rillaboom||CovertCloak|GrassySurge|GrassyGlide,WoodHammer,FakeOut,Uturn|||M|||50|,,,,,Fire]Flutter Mane||BoosterEnergy|Protosynthesis|IcyWind,Moonblast,Taunt,Protect||||||50|,,,,,Fairy\n|inactive|Battle timer is ON: inactive players will automatically lose when time's up. (requested by dragondrivevgc)\n|\n|t:|1746078407\n|start\n|switch|p1a: Ho-Oh|Ho-Oh, L50|100/100\n|switch|p1b: Ogerpon|Ogerpon-Wellspring, L50, F|100/100\n|switch|p2a: Calyrex|Calyrex-Shadow, L50|100/100\n|switch|p2b: Rillaboom|Rillaboom, L50, M|100/100\n|-ability|p2a: Calyrex|As One\n|-ability|p2a: Calyrex|Unnerve\n|-fieldstart|move: Grassy Terrain|[from] ability: Grassy Surge|[of] p2b: Rillaboom\n|turn|1\n|\n|t:|1746078425\n|move|p1a: Ho-Oh|Protect|p1a: Ho-Oh\n|-singleturn|p1a: Ho-Oh|Protect\n|move|p2b: Rillaboom|Fake Out|p1a: Ho-Oh\n|-activate|p1a: Ho-Oh|move: Protect\n|move|p2a: Calyrex|Astral Barrage|p1b: Ogerpon|[spread] p1b\n|-activate|p1a: Ho-Oh|move: Protect\n|-damage|p1b: Ogerpon|57/100\n|move|p1b: Ogerpon|Synthesis|p1b: Ogerpon\n|-heal|p1b: Ogerpon|100/100\n|\n|upkeep\n|turn|2\n|\n|t:|1746078449\n|move|p2b: Rillaboom|Grassy Glide|p1b: Ogerpon\n|-damage|p1b: Ogerpon|58/100\n|move|p2a: Calyrex|Astral Barrage|p1a: Ho-Oh|[spread] p1a,p1b\n|-crit|p1a: Ho-Oh\n|-damage|p1a: Ho-Oh|53/100\n|-damage|p1b: Ogerpon|13/100\n|move|p1b: Ogerpon|Horn Leech|p2a: Calyrex\n|-damage|p2a: Calyrex|35/100\n|-heal|p1b: Ogerpon|46/100|[from] drain|[of] p2a: Calyrex\n|move|p1a: Ho-Oh|Tailwind|p1a: Ho-Oh\n|-sidestart|p1: dragondrivevgc|move: Tailwind\n|\n|-heal|p1b: Ogerpon|52/100|[from] Grassy Terrain\n|-heal|p2a: Calyrex|41/100|[from] Grassy Terrain\n|upkeep\n|turn|3\n|inactive|dragondrivevgc has 30 seconds left.\n|\n|t:|1746078478\n|move|p1b: Ogerpon|Synthesis|p1b: Ogerpon\n|-heal|p1b: Ogerpon|100/100\n|move|p1a: Ho-Oh|Sacred Fire|p2b: Rillaboom\n|-supereffective|p2b: Rillaboom\n|-damage|p2b: Rillaboom|1/100\n|move|p2a: Calyrex|Astral Barrage|p1a: Ho-Oh|[spread] p1a,p1b\n|-damage|p1a: Ho-Oh|20/100\n|-damage|p1b: Ogerpon|60/100\n|move|p2b: Rillaboom|U-turn|p1a: Ho-Oh\n|-resisted|p1a: Ho-Oh\n|-damage|p1a: Ho-Oh|15/100\n|\n|t:|1746078488\n|switch|p2b: Raging Bolt|Raging Bolt, L50|100/100|[from] U-turn\n|\n|-heal|p1b: Ogerpon|66/100|[from] Grassy Terrain\n|-heal|p2a: Calyrex|47/100|[from] Grassy Terrain\n|upkeep\n|turn|4\n|\n|t:|1746078501\n|switch|p1a: Groudon|Groudon, L50|100/100\n|-weather|SunnyDay|[from] ability: Drought|[of] p1a: Groudon\n|-activate|p2b: Raging Bolt|ability: Protosynthesis\n|-start|p2b: Raging Bolt|protosynthesisspa\n|move|p2a: Calyrex|Protect|p2a: Calyrex\n|-singleturn|p2a: Calyrex|Protect\n|move|p1b: Ogerpon|Horn Leech|p2a: Calyrex\n|-activate|p2a: Calyrex|move: Protect\n|move|p2b: Raging Bolt|Electroweb|p1b: Ogerpon|[spread] p1b\n|-immune|p1a: Groudon\n|-damage|p1b: Ogerpon|41/100\n|-unboost|p1b: Ogerpon|spe|1\n|\n|-weather|SunnyDay|[upkeep]\n|-heal|p2a: Calyrex|52/100|[from] Grassy Terrain\n|-heal|p1b: Ogerpon|47/100|[from] Grassy Terrain\n|upkeep\n|turn|5\n|inactive|Sanchez_Experts has 30 seconds left.\n|\n|t:|1746078528\n|switch|p1b: Ho-Oh|Ho-Oh, L50|48/100\n|-end|p2b: Raging Bolt|Protosynthesis|[silent]\n|switch|p2b: Rillaboom|Rillaboom, L50, M|1/100\n|move|p1a: Groudon|Earthquake|p2b: Rillaboom|[spread] p2a,p2b\n|-immune|p1b: Ho-Oh\n|-resisted|p2b: Rillaboom\n|-damage|p2a: Calyrex|28/100\n|-damage|p2b: Rillaboom|0 fnt\n|faint|p2b: Rillaboom\n|move|p2a: Calyrex|Astral Barrage|p1a: Groudon|[spread] p1a,p1b\n|-damage|p1a: Groudon|71/100\n|-damage|p1b: Ho-Oh|18/100\n|\n|-weather|SunnyDay|[upkeep]\n|-heal|p1a: Groudon|77/100|[from] Grassy Terrain\n|-heal|p2a: Calyrex|34/100|[from] Grassy Terrain\n|-sideend|p1: dragondrivevgc|move: Tailwind\n|-fieldend|move: Grassy Terrain\n|upkeep\n|\n|t:|1746078544\n|switch|p2b: Terapagos|Terapagos, L50, M|100/100\n|-activate|p2b: Terapagos|ability: Tera Shift\n|detailschange|p2b: Terapagos|Terapagos-Terastal, L50, M\n|-heal|p2b: Terapagos|100/100|[silent]\n|turn|6\n|\n|t:|1746078555\n|move|p1b: Ho-Oh|Protect|p1b: Ho-Oh\n|-singleturn|p1b: Ho-Oh|Protect\n|move|p2a: Calyrex|Astral Barrage|p1a: Groudon|[spread] p1a\n|-activate|p1b: Ho-Oh|move: Protect\n|-damage|p1a: Groudon|47/100\n|move|p1a: Groudon|Earthquake|p2a: Calyrex|[spread] p2a,p2b\n|-activate|p1b: Ho-Oh|move: Protect\n|-activate|p2b: Terapagos|ability: Tera Shell\n|-resisted|p2b: Terapagos\n|-damage|p2a: Calyrex|0 fnt\n|-damage|p2b: Terapagos|84/100\n|faint|p2a: Calyrex\n|move|p2b: Terapagos|Calm Mind|p2b: Terapagos\n|-boost|p2b: Terapagos|spa|1\n|-boost|p2b: Terapagos|spd|1\n|\n|-weather|SunnyDay|[upkeep]\n|-heal|p2b: Terapagos|90/100|[from] item: Leftovers\n|upkeep\n|\n|t:|1746078563\n|switch|p2a: Raging Bolt|Raging Bolt, L50|100/100\n|-activate|p2a: Raging Bolt|ability: Protosynthesis\n|-start|p2a: Raging Bolt|protosynthesisspa\n|turn|7\n|inactive|Sanchez_Experts has 30 seconds left.\n|\n|t:|1746078589\n|-terastallize|p2b: Terapagos|Stellar\n|detailschange|p2b: Terapagos|Terapagos-Stellar, L50, M, tera:Stellar\n|-heal|p2b: Terapagos|93/100|[silent]\n|-ability|p2b: Terapagos|Teraform Zero\n|-weather|none\n|-end|p2a: Raging Bolt|Protosynthesis\n|move|p1b: Ho-Oh|Tailwind|p1b: Ho-Oh\n|-sidestart|p1: dragondrivevgc|move: Tailwind\n|move|p1a: Groudon|Earthquake|p2a: Raging Bolt|[spread] p2a,p2b\n|-immune|p1b: Ho-Oh\n|-supereffective|p2a: Raging Bolt\n|-damage|p2a: Raging Bolt|29/100\n|-damage|p2b: Terapagos|70/100\n|move|p2b: Terapagos|Tera Starstorm|p1b: Ho-Oh|[spread] p1a,p1b\n|-damage|p1a: Groudon|15/100\n|-damage|p1b: Ho-Oh|0 fnt\n|faint|p1b: Ho-Oh\n|move|p2a: Raging Bolt|Volt Switch|p1a: Groudon\n|-immune|p1a: Groudon\n|\n|-heal|p2b: Terapagos|77/100|[from] item: Leftovers\n|upkeep\n|inactive|dragondrivevgc has 30 seconds left.\n|\n|t:|1746078618\n|switch|p1b: Tornadus|Tornadus, L50, M|100/100\n|turn|8\n|\n|t:|1746078628\n|move|p1b: Tornadus|Leer|p2b: Terapagos|[spread] p2a,p2b\n|-unboost|p2a: Raging Bolt|def|1\n|-unboost|p2b: Terapagos|def|1\n|move|p1a: Groudon|Earthquake|p2a: Raging Bolt|[spread] p2a,p2b\n|-immune|p1b: Tornadus\n|-supereffective|p2a: Raging Bolt\n|-damage|p2a: Raging Bolt|0 fnt\n|-damage|p2b: Terapagos|37/100\n|faint|p2a: Raging Bolt\n|-end|p2a: Raging Bolt|Protosynthesis|[silent]\n|move|p2b: Terapagos|Tera Starstorm|p1b: Tornadus|[spread] p1a,p1b\n|-damage|p1a: Groudon|0 fnt\n|-damage|p1b: Tornadus|56/100\n|faint|p1a: Groudon\n|\n|-heal|p2b: Terapagos|43/100|[from] item: Leftovers\n|upkeep\n|\n|t:|1746078640\n|switch|p1a: Ogerpon|Ogerpon-Wellspring, L50, F|47/100\n|turn|9\n|\n|t:|1746078665\n|move|p1b: Tornadus|Leer|p2b: Terapagos\n|-unboost|p2b: Terapagos|def|1\n|move|p1a: Ogerpon|Horn Leech|p2b: Terapagos\n|-damage|p2b: Terapagos|0 fnt\n|-heal|p1a: Ogerpon|79/100|[from] drain|[of] p2b: Terapagos\n|faint|p2b: Terapagos\n|\n|win|dragondrivevgc\n||Sanchez_Experts is ready for game 2.\n|inactive|dragondrivevgc has 30 seconds to confirm battle start!\n||dragondrivevgc is ready for game 2.\n|uhtml|next|Next: <a href=\"/battle-gen9vgc2025regibo3-2354480674\"><strong>Game 2 of 3</strong></a>\n", "uploadtime": 1746078984, "views": 8, "formatid": "gen9vgc2025regibo3", "rating": null, "private": 0, "password": null}