{"id": "gen9vgc2025regibo3-2354169843", "format": "[Gen 9] VGC 2025 Reg I (Bo3)", "players": ["neno49044", "tacchino98"], "log": "|j|\u2606neno49044\n|j|\u2606tacchino98\n|html|<table width=\"100%\"><tr><td align=\"left\">neno49044</td><td align=\"right\">tacchino98</tr><tr><td align=\"left\"><i class=\"fa fa-circle\"></i> <i class=\"fa fa-circle-o\"></i> </td><td align=\"right\"><i class=\"fa fa-circle-o\"></i> <i class=\"fa fa-circle-o\"></i> </tr></table>\n|uhtml|bestof|<h2><strong>Game 2</strong> of <a href=\"/game-bestof3-gen9vgc2025regibo3-2354166088\">a best-of-3</a></h2>\n|t:|1746041031\n|gametype|doubles\n|player|p1|neno49044|volkner|1138\n|player|p2|tacchino98|169|1219\n|teamsize|p1|6\n|teamsize|p2|6\n|gen|9\n|tier|[Gen 9] VGC 2025 Reg I (Bo3)\n|rated|\n|rule|Species Clause: Limit one of each Pok\u00e9mon\n|rule|Item Clause: Limit 1 of each item\n|clearpoke\n|poke|p1|Iron Leaves, L50|\n|poke|p1|Miraidon, L50|\n|poke|p1|Iron Hands, L50|\n|poke|p1|Ninetales-Alola, L50, F|\n|poke|p1|Calyrex-Ice, L50|\n|poke|p1|Volcarona, L50, M|\n|poke|p2|Zamazenta-*, L50|\n|poke|p2|Calyrex-Shadow, L50|\n|poke|p2|Tornadus, L50, M|\n|poke|p2|Urshifu-*, L50, M|\n|poke|p2|Rillaboom, L50, M|\n|poke|p2|Chien-Pao, L50|\n|teampreview|4\n|showteam|p1|Iron Leaves||LifeOrb|QuarkDrive|LeafBlade,Psyblade,ThroatChop,Protect||||||50|,,,,,Normal]Miraidon||ChoiceSpecs|HadronEngine|ElectroDrift,DracoMeteor,DazzlingGleam,VoltSwitch||||||50|,,,,,Fairy]Iron Hands||ElectricSeed|QuarkDrive|ThunderPunch,DrainPunch,FakeOut,Protect||||||50|,,,,,Fire]Ninetales-Alola||FocusSash|SnowWarning|Blizzard,Moonblast,AuroraVeil,Encore|||F|||50|,,,,,Fire]Calyrex-Ice||ClearAmulet|AsOneGlastrier|GlacialLance,HighHorsepower,TrickRoom,Protect||||||50|,,,,,Fire]Volcarona||RockyHelmet|FlameBody|Overheat,RagePowder,WillOWisp,Tailwind|||M|||50|,,,,,Water\n|showteam|p2|Zamazenta-Crowned||RustedShield|DauntlessShield|BodyPress,HeavySlam,WideGuard,Protect||||||50|,,,,,Ghost]Calyrex-Shadow||FocusSash|AsOneSpectrier|AstralBarrage,Psychic,Encore,Protect||||||50|,,,,,Ghost]Tornadus||RockyHelmet|Prankster|BleakwindStorm,Tailwind,RainDance,Protect|||M|||50|,,,,,Dark]Urshifu-Rapid-Strike||MysticWater|UnseenFist|SurgingStrikes,CloseCombat,AquaJet,Detect|||M|||50|,,,,,Water]Rillaboom||AssaultVest|GrassySurge|WoodHammer,GrassyGlide,Uturn,FakeOut|||M|||50|,,,,,Fire]Chien-Pao||LifeOrb|SwordofRuin|SuckerPunch,IcicleCrash,IceShard,Protect||||||50|,,,,,Stellar\n|inactive|Battle timer is ON: inactive players will automatically lose when time's up. (requested by tacchino98)\n|inactive|neno49044 also wants the timer to be on.\n|inactive|neno49044 has 60 seconds left.\n|inactive|tacchino98 has 60 seconds left.\n|\n|t:|1746041070\n|start\n|switch|p1a: Iron Hands|Iron Hands, L50|100/100\n|switch|p1b: Calyrex|Calyrex-Ice, L50|100/100\n|switch|p2a: Calyrex|Calyrex-Shadow, L50|100/100\n|switch|p2b: Rillaboom|Rillaboom, L50, M|100/100\n|-ability|p2a: Calyrex|As One\n|-ability|p2a: Calyrex|Unnerve\n|-ability|p1b: Calyrex|As One\n|-ability|p1b: Calyrex|Unnerve\n|-fieldstart|move: Grassy Terrain|[from] ability: Grassy Surge|[of] p2b: Rillaboom\n|turn|1\n|\n|t:|1746041092\n|move|p1b: Calyrex|Protect|p1b: Calyrex\n|-singleturn|p1b: Calyrex|Protect\n|move|p2b: Rillaboom|Fake Out|p1a: Iron Hands\n|-damage|p1a: Iron Hands|92/100\n|move|p2a: Calyrex|Astral Barrage|p1b: Calyrex|[spread] p1a\n|-activate|p1b: Calyrex|move: Protect\n|-damage|p1a: Iron Hands|49/100\n|cant|p1a: Iron Hands|flinch\n|\n|-heal|p1a: Iron Hands|56/100|[from] Grassy Terrain\n|upkeep\n|turn|2\n|\n|t:|1746041115\n|-terastallize|p2a: Calyrex|Ghost\n|move|p1a: Iron Hands|Protect|p1a: Iron Hands\n|-singleturn|p1a: Iron Hands|Protect\n|move|p2a: Calyrex|Astral Barrage|p1a: Iron Hands|[spread] p1b\n|-activate|p1a: Iron Hands|move: Protect\n|-supereffective|p1b: Calyrex\n|-damage|p1b: Calyrex|8/100\n|move|p2b: Rillaboom|U-turn|p1a: Iron Hands\n|-activate|p1a: Iron Hands|move: Protect\n|move|p1b: Calyrex|Glacial Lance|p2b: Rillaboom|[spread] p2a,p2b\n|-supereffective|p2b: Rillaboom\n|-damage|p2a: Calyrex|32/100\n|-damage|p2b: Rillaboom|0 fnt\n|faint|p2b: Rillaboom\n|-ability|p1b: Calyrex|Chilling Neigh|boost\n|-boost|p1b: Calyrex|atk|1\n|\n|-heal|p2a: Calyrex|38/100|[from] Grassy Terrain\n|-heal|p1b: Calyrex|14/100|[from] Grassy Terrain\n|-heal|p1a: Iron Hands|62/100|[from] Grassy Terrain\n|upkeep\n|\n|t:|1746041138\n|switch|p2b: Chien-Pao|Chien-Pao, L50|100/100\n|-ability|p2b: Chien-Pao|Sword of Ruin\n|turn|3\n|inactive|neno49044 has 30 seconds left.\n|\n|t:|1746041165\n|move|p1b: Calyrex|Protect|p1b: Calyrex\n|-singleturn|p1b: Calyrex|Protect\n|move|p2b: Chien-Pao|Ice Shard|p1a: Iron Hands\n|-damage|p1a: Iron Hands|38/100\n|-damage|p2b: Chien-Pao|91/100|[from] item: Life Orb\n|move|p2a: Calyrex|Astral Barrage|p1b: Calyrex|[spread] p1a\n|-activate|p1b: Calyrex|move: Protect\n|-damage|p1a: Iron Hands|0 fnt\n|faint|p1a: Iron Hands\n|-end|p1a: Iron Hands|Quark Drive|[silent]\n|-ability|p2a: Calyrex|Grim Neigh|boost\n|-boost|p2a: Calyrex|spa|1\n|\n|-heal|p2a: Calyrex|44/100|[from] Grassy Terrain\n|-heal|p2b: Chien-Pao|97/100|[from] Grassy Terrain\n|-heal|p1b: Calyrex|20/100|[from] Grassy Terrain\n|upkeep\n|inactive|neno49044 has 30 seconds left.\n|\n|t:|1746041195\n|switch|p1a: Iron Leaves|Iron Leaves, L50|100/100\n|turn|4\n|\n|t:|1746041214\n|-terastallize|p1a: Iron Leaves|Normal\n|move|p2a: Calyrex|Protect|p2a: Calyrex\n|-singleturn|p2a: Calyrex|Protect\n|move|p2b: Chien-Pao|Sucker Punch|p1b: Calyrex\n|-supereffective|p1b: Calyrex\n|-damage|p1b: Calyrex|0 fnt\n|faint|p1b: Calyrex\n|-damage|p2b: Chien-Pao|87/100|[from] item: Life Orb\n|move|p1a: Iron Leaves|Leaf Blade|p2b: Chien-Pao\n|-damage|p2b: Chien-Pao|0 fnt\n|faint|p2b: Chien-Pao\n|-damage|p1a: Iron Leaves|91/100|[from] item: Life Orb\n|\n|-heal|p2a: Calyrex|50/100|[from] Grassy Terrain\n|-heal|p1a: Iron Leaves|97/100|[from] Grassy Terrain\n|upkeep\n|\n|t:|1746041229\n|switch|p2b: Zamazenta|Zamazenta-Crowned, L50|100/100\n|switch|p1b: Miraidon|Miraidon, L50|100/100\n|-fieldstart|move: Electric Terrain|[from] ability: Hadron Engine|[of] p1b: Miraidon\n|-activate|p1a: Iron Leaves|ability: Quark Drive\n|-start|p1a: Iron Leaves|quarkdrivespe\n|-ability|p2b: Zamazenta|Dauntless Shield|boost\n|-boost|p2b: Zamazenta|def|1\n|turn|5\n|\n|t:|1746041241\n|move|p2a: Calyrex|Protect|p2a: Calyrex\n|-singleturn|p2a: Calyrex|Protect\n|move|p1a: Iron Leaves|Throat Chop|p2a: Calyrex\n|-activate|p2a: Calyrex|move: Protect\n|move|p1b: Miraidon|Electro Drift|p2b: Zamazenta\n|-damage|p2b: Zamazenta|19/100\n|move|p2b: Zamazenta|Body Press|p1a: Iron Leaves\n|-supereffective|p1a: Iron Leaves\n|-damage|p1a: Iron Leaves|0 fnt\n|faint|p1a: Iron Leaves\n|-end|p1a: Iron Leaves|Quark Drive|[silent]\n|\n|upkeep\n|turn|6\n|\n|t:|1746041258\n|move|p2a: Calyrex|Astral Barrage|p1b: Miraidon\n|-damage|p1b: Miraidon|0 fnt\n|faint|p1b: Miraidon\n|\n|win|tacchino98\n||tacchino98 is ready for game 3.\n||neno49044 is ready for game 3.\n|uhtml|next|Next: <a href=\"/battle-gen9vgc2025regibo3-2354172263\"><strong>Game 3 of 3</strong></a>\n|l|\u2606tacchino98\n|player|p2|\n|l|\u2606neno49044\n|player|p1|\n", "uploadtime": 1746041593, "views": 6, "formatid": "gen9vgc2025regibo3", "rating": null, "private": 0, "password": null}