{"id": "gen9vgc2025regibo3-2353895670", "format": "[Gen 9] VGC 2025 Reg I (Bo3)", "players": ["bonomia", "jacopozioporco"], "log": "|j|\u2606bonomia\n|j|\u2606jacopozioporco\n|html|<table width=\"100%\"><tr><td align=\"left\">bonomia</td><td align=\"right\">jacopozioporco</tr><tr><td align=\"left\"><i class=\"fa fa-circle\"></i> <i class=\"fa fa-circle-o\"></i> </td><td align=\"right\"><i class=\"fa fa-circle-o\"></i> <i class=\"fa fa-circle\"></i> </tr></table>\n|uhtml|bestof|<h2><strong>Game 3</strong> of <a href=\"/game-bestof3-gen9vgc2025regibo3-2353889177\">a best-of-3</a></h2>\n|t:|1746016164\n|gametype|doubles\n|player|p1|bonomia|vessa|1208\n|player|p2|jacopozioporco|byron|1154\n|teamsize|p1|6\n|teamsize|p2|6\n|gen|9\n|tier|[Gen 9] VGC 2025 Reg I (Bo3)\n|rated|\n|rule|Species Clause: Limit one of each Pok\u00e9mon\n|rule|Item Clause: Limit 1 of each item\n|clearpoke\n|poke|p1|Calyrex-Shadow, L50|\n|poke|p1|Zamazenta-*, L50|\n|poke|p1|Urshifu-*, L50, F|\n|poke|p1|Rillaboom, L50, M|\n|poke|p1|Incineroar, L50, M|\n|poke|p1|Clefairy, L50, F|\n|poke|p2|Calyrex-Shadow, L50|\n|poke|p2|Zamazenta-*, L50|\n|poke|p2|Rillaboom, L50, M|\n|poke|p2|Tornadus, L50, M|\n|poke|p2|Urshifu-*, L50, F|\n|poke|p2|Incineroar, L50, F|\n|teampreview|4\n|showteam|p1|Calyrex-Shadow||SpookyPlate|AsOneSpectrier|Protect,AstralBarrage,NastyPlot,Psychic||||||50|,,,,,Dark]Zamazenta-Crowned||RustedShield|DauntlessShield|Protect,BodyPress,HeavySlam,WideGuard||||||50|,,,,,Dragon]Urshifu-Rapid-Strike||SplashPlate|UnseenFist|Protect,SurgingStrikes,CloseCombat,AquaJet|||F|||50|,,,,,Water]Rillaboom||AssaultVest|GrassySurge|FakeOut,GrassyGlide,WoodHammer,Uturn|||M|||50|,,,,,Fire]Incineroar||SafetyGoggles|Intimidate|FakeOut,PartingShot,KnockOff,WillOWisp|||M|||50|,,,,,Ghost]Clefairy||Eviolite|FriendGuard|Protect,FollowMe,Moonblast,Sing|||F|||50|,,,,,Grass\n|showteam|p2|Calyrex-Shadow||FocusSash|AsOneSpectrier|AstralBarrage,Psychic,NastyPlot,Protect||||||50|,,,,,Ghost]Zamazenta-Crowned||RustedShield|DauntlessShield|BodyPress,WideGuard,Imprison,Protect||||||50|,,,,,Ground]Rillaboom||AssaultVest|GrassySurge|FakeOut,GrassyGlide,Uturn,WoodHammer|||M|||50|,,,,,Fire]Tornadus||CovertCloak|Prankster|Tailwind,SunnyDay,RainDance,BleakwindStorm|||M|||50|,,,,,Dark]Urshifu-Rapid-Strike||ChoiceScarf|UnseenFist|Uturn,CloseCombat,SurgingStrikes,IceSpinner|||F|||50|,,,,,Water]Incineroar||RockyHelmet|Intimidate|FakeOut,Uturn,Taunt,KnockOff|||F|||50|,,,,,Ghost\n|inactive|Battle timer is ON: inactive players will automatically lose when time's up. (requested by bonomia)\n|inactive|bonomia has 60 seconds left.\n|inactive|jacopozioporco has 60 seconds left.\n|\n|t:|1746016225\n|start\n|switch|p1a: Urshifu|Urshifu-Rapid-Strike, L50, F|100/100\n|switch|p1b: Clefairy|Clefairy, L50, F|100/100\n|switch|p2a: Rillaboom|Rillaboom, L50, M|100/100\n|switch|p2b: Incineroar|Incineroar, L50, F|100/100\n|-fieldstart|move: Grassy Terrain|[from] ability: Grassy Surge|[of] p2a: Rillaboom\n|-ability|p2b: Incineroar|Intimidate|boost\n|-unboost|p1a: Urshifu|atk|1\n|-unboost|p1b: Clefairy|atk|1\n|turn|1\n|inactive|jacopozioporco has 30 seconds left.\n|inactive|jacopozioporco has 20 seconds left.\n|inactive|jacopozioporco has 15 seconds left.\n|\n|t:|1746016269\n|switch|p2b: Calyrex|Calyrex-Shadow, L50|100/100\n|-ability|p2b: Calyrex|As One\n|-ability|p2b: Calyrex|Unnerve\n|switch|p1b: Zamazenta|Zamazenta-Crowned, L50|100/100\n|-ability|p1b: Zamazenta|Dauntless Shield|boost\n|-boost|p1b: Zamazenta|def|1\n|move|p1a: Urshifu|Protect|p1a: Urshifu\n|-singleturn|p1a: Urshifu|Protect\n|move|p2a: Rillaboom|Fake Out|p1a: Urshifu\n|-activate|p1a: Urshifu|move: Protect\n|\n|upkeep\n|turn|2\n|inactive|bonomia has 30 seconds left.\n|inactive|jacopozioporco has 30 seconds left.\n|inactive|bonomia has 20 seconds left.\n|inactive|bonomia has 15 seconds left.\n|inactive|bonomia has 10 seconds left.\n|inactive|bonomia has 5 seconds left.\n|\n|t:|1746016320\n|switch|p1a: Clefairy|Clefairy, L50, F|100/100\n|move|p2a: Rillaboom|Grassy Glide|p1a: Clefairy\n|-damage|p1a: Clefairy|71/100\n|move|p2b: Calyrex|Psychic|p1a: Clefairy\n|-damage|p1a: Clefairy|25/100\n|-unboost|p1a: Clefairy|spd|1\n|move|p1b: Zamazenta|Heavy Slam|p2b: Calyrex\n|-damage|p2b: Calyrex|41/100\n|\n|-heal|p2b: Calyrex|47/100|[from] Grassy Terrain\n|-heal|p1a: Clefairy|32/100|[from] Grassy Terrain\n|upkeep\n|turn|3\n|inactive|bonomia has 30 seconds left.\n|inactive|jacopozioporco has 30 seconds left.\n|inactive|bonomia has 20 seconds left.\n|inactive|jacopozioporco has 20 seconds left.\n|inactive|bonomia has 15 seconds left.\n|inactive|bonomia has 10 seconds left.\n|\n|t:|1746016368\n|move|p2b: Calyrex|Protect|p2b: Calyrex\n|-singleturn|p2b: Calyrex|Protect\n|move|p1b: Zamazenta|Heavy Slam|p2b: Calyrex\n|-activate|p2b: Calyrex|move: Protect\n|move|p2a: Rillaboom|U-turn|p1b: Zamazenta\n|-resisted|p1b: Zamazenta\n|-damage|p1b: Zamazenta|99/100\n|\n|t:|1746016378\n|switch|p2a: Incineroar|Incineroar, L50, F|100/100|[from] U-turn\n|-ability|p2a: Incineroar|Intimidate|boost\n|-unboost|p1a: Clefairy|atk|1\n|-unboost|p1b: Zamazenta|atk|1\n|move|p1a: Clefairy|Sing|p2a: Incineroar\n|-status|p2a: Incineroar|slp|[from] move: Sing\n|\n|-heal|p2b: Calyrex|53/100|[from] Grassy Terrain\n|-heal|p1b: Zamazenta|100/100|[from] Grassy Terrain\n|-heal|p1a: Clefairy|38/100|[from] Grassy Terrain\n|upkeep\n|turn|4\n|inactive|bonomia has 30 seconds left.\n|inactive|jacopozioporco has 30 seconds left.\n|inactive|jacopozioporco has 20 seconds left.\n|inactive|jacopozioporco has 15 seconds left.\n|inactive|jacopozioporco has 10 seconds left.\n|inactive|jacopozioporco has 5 seconds left.\n|\n|t:|1746016430\n|switch|p2b: Rillaboom|Rillaboom, L50, M|100/100\n|move|p1b: Zamazenta|Heavy Slam|p2b: Rillaboom\n|-damage|p2b: Rillaboom|75/100\n|cant|p2a: Incineroar|slp\n|move|p1a: Clefairy|Sing|p2b: Rillaboom|[miss]\n|-miss|p1a: Clefairy|p2b: Rillaboom\n|\n|-heal|p2b: Rillaboom|81/100|[from] Grassy Terrain\n|-heal|p1a: Clefairy|44/100|[from] Grassy Terrain\n|upkeep\n|turn|5\n|inactive|bonomia has 30 seconds left.\n|inactive|bonomia has 20 seconds left.\n|inactive|bonomia has 15 seconds left.\n|\n|t:|1746016473\n|move|p1b: Zamazenta|Body Press|p2b: Rillaboom\n|-crit|p2b: Rillaboom\n|-damage|p2b: Rillaboom|8/100\n|move|p2b: Rillaboom|Wood Hammer|p1a: Clefairy\n|-damage|p1a: Clefairy|0 fnt\n|faint|p1a: Clefairy\n|-damage|p2b: Rillaboom|0 fnt|[from] Recoil\n|faint|p2b: Rillaboom\n|cant|p2a: Incineroar|slp\n|\n|-fieldend|move: Grassy Terrain\n|upkeep\n|inactive|jacopozioporco has 30 seconds left.\n|\n|t:|1746016502\n|switch|p2b: Calyrex|Calyrex-Shadow, L50|53/100\n|switch|p1a: Urshifu|Urshifu-Rapid-Strike, L50, F|100/100\n|-ability|p2b: Calyrex|As One\n|-ability|p2b: Calyrex|Unnerve\n|turn|6\n|inactive|bonomia has 30 seconds left.\n|\n|t:|1746016536\n|switch|p2b: Zamazenta|Zamazenta-Crowned, L50|100/100\n|-ability|p2b: Zamazenta|Dauntless Shield|boost\n|-boost|p2b: Zamazenta|def|1\n|move|p1a: Urshifu|Protect|p1a: Urshifu\n|-singleturn|p1a: Urshifu|Protect\n|move|p1b: Zamazenta|Heavy Slam|p2b: Zamazenta\n|-resisted|p2b: Zamazenta\n|-damage|p2b: Zamazenta|98/100\n|-curestatus|p2a: Incineroar|slp|[msg]\n|move|p2a: Incineroar|U-turn|p1a: Urshifu\n|-activate|p1a: Urshifu|move: Protect\n|\n|upkeep\n|turn|7\n|inactive|bonomia has 30 seconds left.\n|inactive|jacopozioporco has 30 seconds left.\n|inactive|jacopozioporco has 20 seconds left.\n|inactive|bonomia has 20 seconds left.\n|inactive|jacopozioporco has 15 seconds left.\n|inactive|bonomia has 15 seconds left.\n|inactive|jacopozioporco has 10 seconds left.\n|\n|t:|1746016585\n|-terastallize|p1a: Urshifu|Water\n|-terastallize|p2a: Incineroar|Ghost\n|move|p2b: Zamazenta|Protect|p2b: Zamazenta\n|-singleturn|p2b: Zamazenta|Protect\n|move|p1b: Zamazenta|Body Press|p2b: Zamazenta\n|-activate|p2b: Zamazenta|move: Protect\n|move|p1a: Urshifu|Surging Strikes|p2b: Zamazenta\n|-crit|p2b: Zamazenta\n|-damage|p2b: Zamazenta|80/100\n|-crit|p2b: Zamazenta\n|-damage|p2b: Zamazenta|64/100\n|-crit|p2b: Zamazenta\n|-damage|p2b: Zamazenta|47/100\n|-hitcount|p2b: Zamazenta|3\n|move|p2a: Incineroar|U-turn|p1a: Urshifu\n|-damage|p1a: Urshifu|82/100\n|\n|t:|1746016599\n|switch|p2a: Calyrex|Calyrex-Shadow, L50|53/100|[from] U-turn\n|-ability|p2a: Calyrex|As One\n|-ability|p2a: Calyrex|Unnerve\n|\n|upkeep\n|turn|8\n|\n|t:|1746016622\n|switch|p2a: Incineroar|Incineroar, L50, F, tera:Ghost|100/100\n|-ability|p2a: Incineroar|Intimidate|boost\n|-unboost|p1a: Urshifu|atk|1\n|-unboost|p1b: Zamazenta|atk|1\n|move|p1a: Urshifu|Protect|p1a: Urshifu\n|-singleturn|p1a: Urshifu|Protect\n|move|p1b: Zamazenta|Heavy Slam|p2a: Incineroar\n|-damage|p2a: Incineroar|79/100\n|-damage|p1b: Zamazenta|84/100|[from] item: Rocky Helmet|[of] p2a: Incineroar\n|move|p2b: Zamazenta|Body Press|p1a: Urshifu\n|-activate|p1a: Urshifu|move: Protect\n|\n|upkeep\n|turn|9\n|inactive|jacopozioporco has 30 seconds left.\n|\n|t:|1746016649\n|move|p2a: Incineroar|Fake Out|p1b: Zamazenta\n|-resisted|p1b: Zamazenta\n|-damage|p1b: Zamazenta|82/100\n|cant|p1b: Zamazenta|flinch\n|move|p2b: Zamazenta|Imprison|p2b: Zamazenta\n|-start|p2b: Zamazenta|move: Imprison\n|move|p1a: Urshifu|Surging Strikes|p2b: Zamazenta\n|-crit|p2b: Zamazenta\n|-damage|p2b: Zamazenta|31/100\n|-crit|p2b: Zamazenta\n|-damage|p2b: Zamazenta|15/100\n|-crit|p2b: Zamazenta\n|-damage|p2b: Zamazenta|0 fnt\n|faint|p2b: Zamazenta\n|-hitcount|p2: Zamazenta|3\n|\n|upkeep\n|\n|t:|1746016664\n|switch|p2b: Calyrex|Calyrex-Shadow, L50|53/100\n|-ability|p2b: Calyrex|As One\n|-ability|p2b: Calyrex|Unnerve\n|turn|10\n|\n|t:|1746016688\n|move|p1b: Zamazenta|Wide Guard|p1b: Zamazenta\n|-singleturn|p1b: Zamazenta|Wide Guard\n|move|p2b: Calyrex|Psychic|p1a: Urshifu\n|-damage|p1a: Urshifu|16/100\n|move|p1a: Urshifu|Surging Strikes|p2b: Calyrex\n|-crit|p2b: Calyrex\n|-damage|p2b: Calyrex|17/100\n|-crit|p2b: Calyrex\n|-damage|p2b: Calyrex|0 fnt\n|faint|p2b: Calyrex\n|-hitcount|p2: Calyrex|2\n|move|p2a: Incineroar|Taunt|p1b: Zamazenta\n|-start|p1b: Zamazenta|move: Taunt\n|\n|upkeep\n|turn|11\n|c|\u2606bonomia|gg very well played\n|c|\u2606bonomia|What a games!\n|inactive|jacopozioporco has 30 seconds left.\n|c|\u2606jacopozioporco|yeah super ggs..really\n|\n|t:|1746016717\n|move|p1b: Zamazenta|Heavy Slam|p2a: Incineroar\n|-damage|p2a: Incineroar|59/100\n|-damage|p1b: Zamazenta|65/100|[from] item: Rocky Helmet|[of] p2a: Incineroar\n|move|p1a: Urshifu|Surging Strikes|p2a: Incineroar\n|-crit|p2a: Incineroar\n|-damage|p2a: Incineroar|30/100\n|-damage|p1a: Urshifu|0 fnt|[from] item: Rocky Helmet|[of] p2a: Incineroar\n|faint|p1a: Urshifu\n|-hitcount|p2a: Incineroar|1\n|move|p2a: Incineroar|Knock Off|p1b: Zamazenta\n|-resisted|p1b: Zamazenta\n|-damage|p1b: Zamazenta|60/100\n|\n|upkeep\n|\n|t:|1746016719\n|switch|p1a: Calyrex|Calyrex-Shadow, L50|100/100\n|-ability|p1a: Calyrex|As One\n|-ability|p1a: Calyrex|Unnerve\n|turn|12\n|c|\u2606bonomia|:D\n|inactive|jacopozioporco has 30 seconds left.\n|c|\u2606jacopozioporco|i'm partecipating to the bologna specials with this team..\n|inactive|jacopozioporco has 20 seconds left.\n|\n|t:|1746016758\n|move|p1a: Calyrex|Astral Barrage|p2a: Incineroar\n|-supereffective|p2a: Incineroar\n|-damage|p2a: Incineroar|0 fnt\n|faint|p2a: Incineroar\n|\n|win|bonomia\n|inactive|jacopozioporco has 20 seconds left this turn.\n|raw|bonomia's rating: 1208 &rarr; <strong>1229</strong><br />(+21 for winning)\n|raw|jacopozioporco's rating: 1154 &rarr; <strong>1133</strong><br />(-21 for losing)\n|c|\u2606bonomia|I'm sure you will have a good performance!\n|c|\u2606bonomia|Good luck!\n|c|\u2606jacopozioporco|thank you so much, good luck man\n|l|\u2606jacopozioporco\n|player|p2|\n", "uploadtime": 1746016821, "views": 8, "formatid": "gen9vgc2025regibo3", "rating": 1133, "private": 0, "password": null}