{"id": "gen9vgc2025regibo3-2354111050", "format": "[Gen 9] VGC 2025 Reg I (Bo3)", "players": ["Heathbar25", "sorecruiser"], "log": "|j|\u2606Heathbar25\n|j|\u2606sorecruiser\n|html|<table width=\"100%\"><tr><td align=\"left\">Heathbar25</td><td align=\"right\">sorecruiser</tr><tr><td align=\"left\"><i class=\"fa fa-circle-o\"></i> <i class=\"fa fa-circle-o\"></i> </td><td align=\"right\"><i class=\"fa fa-circle-o\"></i> <i class=\"fa fa-circle-o\"></i> </tr></table>\n|uhtml|bestof|<h2><strong>Game 1</strong> of <a href=\"/game-bestof3-gen9vgc2025regibo3-2354111049\">a best-of-3</a></h2>\n|t:|1746035785\n|gametype|doubles\n|player|p1|Heathbar25|101|1089\n|player|p2|sorecruiser|170|1067\n|teamsize|p1|6\n|teamsize|p2|6\n|gen|9\n|tier|[Gen 9] VGC 2025 Reg I (Bo3)\n|rated|\n|rule|Species Clause: Limit one of each Pok\u00e9mon\n|rule|Item Clause: Limit 1 of each item\n|clearpoke\n|poke|p1|Calyrex-Shadow, L50|\n|poke|p1|Koraidon, L50|\n|poke|p1|Chi-Yu, L50|\n|poke|p1|Brute Bonnet, L50|\n|poke|p1|Weezing-Galar, L50, F|\n|poke|p1|Raging Bolt, L50|\n|poke|p2|Calyrex-Shadow, L50|\n|poke|p2|Whimsicott, L50, F|\n|poke|p2|Rillaboom, L50, F|\n|poke|p2|Koraidon, L50|\n|poke|p2|Farigiraf, L50, F|\n|poke|p2|Chi-Yu, L50|\n|teampreview|4\n|showteam|p1|Calyrex-Shadow||FocusSash|AsOneSpectrier|AstralBarrage,Psychic,Disable,Protect||||||50|,,,,,Ghost]Koraidon||AbilityShield|OrichalcumPulse|FlareBlitz,CollisionCourse,FlameCharge,Protect||||||50|,,,,,Fire]Chi-Yu||ChoiceScarf|BeadsofRuin|HeatWave,DarkPulse,Overheat,Snarl||||||50|,,,,,Ghost]Brute Bonnet||CovertCloak|Protosynthesis|SeedBomb,SuckerPunch,Spore,RagePowder||||||50|,,,,,Water]Weezing-Galar||RockyHelmet|NeutralizingGas|StrangeSteam,Taunt,WillOWisp,Protect|||F|||50|,,,,,Grass]Raging Bolt||AssaultVest|Protosynthesis|DragonPulse,Thunderbolt,Thunderclap,Electroweb||||||50|,,,,,Electric\n|showteam|p2|Calyrex-Shadow||FocusSash|AsOneSpectrier|AstralBarrage,Psyshock,PollenPuff,Protect||||||50|,,,,,Ghost]Whimsicott||CovertCloak|Prankster|Tailwind,Encore,LightScreen,Moonblast|||F|||50|,,,,,Dark]Rillaboom||AssaultVest|GrassySurge|Uturn,GrassyGlide,WoodHammer,FakeOut|||F|||50|,,,,,Water]Koraidon||ClearAmulet|OrichalcumPulse|FlareBlitz,CollisionCourse,FlameCharge,Protect||||||50|,,,,,Fire]Farigiraf||SafetyGoggles|ArmorTail|PsychicNoise,FoulPlay,HelpingHand,TrickRoom|||F|||50|,,,,,Water]Chi-Yu||ChoiceScarf|BeadsofRuin|Snarl,Overheat,DarkPulse,HeatWave||||||50|,,,,,Ghost\n|\n|t:|1746035893\n|start\n|switch|p1a: Raging Bolt|Raging Bolt, L50|100/100\n|switch|p1b: Chi-Yu|Chi-Yu, L50|100/100\n|switch|p2a: Calyrex|Calyrex-Shadow, L50|100/100\n|switch|p2b: Chi-Yu|Chi-Yu, L50|100/100\n|-ability|p2a: Calyrex|As One\n|-ability|p2a: Calyrex|Unnerve\n|-ability|p2b: Chi-Yu|Beads of Ruin\n|-ability|p1b: Chi-Yu|Beads of Ruin\n|turn|1\n|inactive|Battle timer is ON: inactive players will automatically lose when time's up. (requested by sorecruiser)\n|\n|t:|1746035920\n|move|p2a: Calyrex|Protect|p2a: Calyrex\n|-singleturn|p2a: Calyrex|Protect\n|move|p1a: Raging Bolt|Thunderclap|p2b: Chi-Yu\n|-damage|p2b: Chi-Yu|53/100\n|move|p1b: Chi-Yu|Heat Wave|p2a: Calyrex|[spread] p2b\n|-activate|p2a: Calyrex|move: Protect\n|-resisted|p2b: Chi-Yu\n|-damage|p2b: Chi-Yu|32/100\n|move|p2b: Chi-Yu|Snarl|p1b: Chi-Yu|[spread] p1a,p1b\n|-resisted|p1b: Chi-Yu\n|-damage|p1a: Raging Bolt|82/100\n|-damage|p1b: Chi-Yu|86/100\n|-unboost|p1a: Raging Bolt|spa|1\n|-unboost|p1b: Chi-Yu|spa|1\n|\n|upkeep\n|turn|2\n|inactive|sorecruiser has 30 seconds left.\n|inactive|sorecruiser has 20 seconds left.\n|inactive|sorecruiser has 15 seconds left.\n|inactive|sorecruiser has 10 seconds left.\n|\n|t:|1746035966\n|switch|p2a: Koraidon|Koraidon, L50|100/100\n|-weather|SunnyDay|[from] ability: Orichalcum Pulse|[of] p2a: Koraidon\n|-activate|p1a: Raging Bolt|ability: Protosynthesis\n|-start|p1a: Raging Bolt|protosynthesisdef\n|-activate|p2a: Koraidon|Orichalcum Pulse|[source]\n|move|p1a: Raging Bolt|Thunderclap||[still]\n|-fail|p1a: Raging Bolt\n|move|p2b: Chi-Yu|Snarl|p1a: Raging Bolt|[spread] p1a,p1b\n|-resisted|p1b: Chi-Yu\n|-damage|p1a: Raging Bolt|64/100\n|-damage|p1b: Chi-Yu|72/100\n|-unboost|p1a: Raging Bolt|spa|1\n|-unboost|p1b: Chi-Yu|spa|1\n|move|p1b: Chi-Yu|Heat Wave|p2b: Chi-Yu|[spread] p2a\n|-miss|p1b: Chi-Yu|p2b: Chi-Yu\n|-resisted|p2a: Koraidon\n|-damage|p2a: Koraidon|82/100\n|\n|-weather|SunnyDay|[upkeep]\n|upkeep\n|turn|3\n|inactive|Heathbar25 has 30 seconds left.\n|inactive|sorecruiser has 30 seconds left.\n|\n|t:|1746035996\n|-end|p1a: Raging Bolt|Protosynthesis|[silent]\n|switch|p1a: Koraidon|Koraidon, L50|100/100\n|-activate|p1a: Koraidon|ability: Orichalcum Pulse\n|-terastallize|p2a: Koraidon|Fire\n|move|p1b: Chi-Yu|Heat Wave|p2b: Chi-Yu|[spread] p2a,p2b\n|-resisted|p2a: Koraidon\n|-crit|p2a: Koraidon\n|-resisted|p2b: Chi-Yu\n|-damage|p2a: Koraidon|29/100\n|-damage|p2b: Chi-Yu|15/100\n|move|p2b: Chi-Yu|Snarl|p1a: Koraidon|[spread] p1a,p1b\n|-resisted|p1a: Koraidon\n|-resisted|p1b: Chi-Yu\n|-damage|p1a: Koraidon|85/100\n|-damage|p1b: Chi-Yu|57/100\n|-unboost|p1a: Koraidon|spa|1\n|-unboost|p1b: Chi-Yu|spa|1\n|move|p2a: Koraidon|Flare Blitz|p1b: Chi-Yu\n|-resisted|p1b: Chi-Yu\n|-damage|p1b: Chi-Yu|0 fnt\n|faint|p1b: Chi-Yu\n|-damage|p2a: Koraidon|14/100|[from] Recoil\n|\n|-weather|SunnyDay|[upkeep]\n|upkeep\n|\n|t:|1746036019\n|switch|p1b: Raging Bolt|Raging Bolt, L50|64/100\n|-activate|p1b: Raging Bolt|ability: Protosynthesis\n|-start|p1b: Raging Bolt|protosynthesisspa\n|turn|4\n|\n|t:|1746036032\n|-terastallize|p1a: Koraidon|Fire\n|move|p2a: Koraidon|Protect|p2a: Koraidon\n|-singleturn|p2a: Koraidon|Protect\n|move|p2b: Chi-Yu|Snarl|p1b: Raging Bolt|[spread] p1b\n|-miss|p2b: Chi-Yu|p1a: Koraidon\n|-damage|p1b: Raging Bolt|48/100\n|-unboost|p1b: Raging Bolt|spa|1\n|move|p1a: Koraidon|Flame Charge|p2b: Chi-Yu\n|-resisted|p2b: Chi-Yu\n|-damage|p2b: Chi-Yu|0 fnt\n|-boost|p1a: Koraidon|spe|1\n|faint|p2b: Chi-Yu\n|move|p1b: Raging Bolt|Electroweb|p2a: Koraidon\n|-activate|p2a: Koraidon|move: Protect\n|\n|-weather|SunnyDay|[upkeep]\n|upkeep\n|\n|t:|1746036047\n|switch|p2b: Rillaboom|Rillaboom, L50, F|100/100\n|-fieldstart|move: Grassy Terrain|[from] ability: Grassy Surge|[of] p2b: Rillaboom\n|turn|5\n|\n|t:|1746036060\n|-end|p1b: Raging Bolt|Protosynthesis|[silent]\n|switch|p1b: Calyrex|Calyrex-Shadow, L50|100/100\n|-ability|p1b: Calyrex|As One\n|-ability|p1b: Calyrex|Unnerve\n|move|p1a: Koraidon|Protect|p1a: Koraidon\n|-singleturn|p1a: Koraidon|Protect\n|move|p2b: Rillaboom|Fake Out|p1b: Calyrex\n|-immune|p1b: Calyrex\n|move|p2a: Koraidon|Collision Course|p1b: Calyrex\n|-immune|p1b: Calyrex\n|\n|-weather|SunnyDay|[upkeep]\n|-heal|p1a: Koraidon|92/100|[from] Grassy Terrain\n|-heal|p2a: Koraidon|20/100|[from] Grassy Terrain\n|upkeep\n|turn|6\n|\n|t:|1746036080\n|move|p2a: Koraidon|Protect|p2a: Koraidon\n|-singleturn|p2a: Koraidon|Protect\n|move|p2b: Rillaboom|Grassy Glide|p1b: Calyrex\n|-damage|p1b: Calyrex|51/100\n|move|p1a: Koraidon|Flare Blitz|p2b: Rillaboom\n|-supereffective|p2b: Rillaboom\n|-damage|p2b: Rillaboom|0 fnt\n|faint|p2b: Rillaboom\n|-damage|p1a: Koraidon|56/100|[from] Recoil\n|move|p1b: Calyrex|Astral Barrage|p2a: Koraidon\n|-activate|p2a: Koraidon|move: Protect\n|\n|-weather|none\n|-heal|p1a: Koraidon|63/100|[from] Grassy Terrain\n|-heal|p1b: Calyrex|57/100|[from] Grassy Terrain\n|-heal|p2a: Koraidon|27/100|[from] Grassy Terrain\n|upkeep\n|\n|t:|1746036095\n|switch|p2b: Calyrex|Calyrex-Shadow, L50|100/100\n|-ability|p2b: Calyrex|As One\n|-ability|p2b: Calyrex|Unnerve\n|turn|7\n|\n|t:|1746036114\n|move|p1b: Calyrex|Protect|p1b: Calyrex\n|-singleturn|p1b: Calyrex|Protect\n|move|p1a: Koraidon|Collision Course|p2a: Koraidon\n|-damage|p2a: Koraidon|0 fnt\n|faint|p2a: Koraidon\n|move|p2b: Calyrex|Astral Barrage|p1a: Koraidon|[spread] p1a\n|-activate|p1b: Calyrex|move: Protect\n|-damage|p1a: Koraidon|12/100\n|\n|-heal|p1a: Koraidon|18/100|[from] Grassy Terrain\n|-heal|p1b: Calyrex|64/100|[from] Grassy Terrain\n|upkeep\n|turn|8\n|\n|t:|1746036130\n|move|p1a: Koraidon|Flare Blitz|p2b: Calyrex\n|-damage|p2b: Calyrex|20/100\n|-damage|p1a: Koraidon|0 fnt|[from] Recoil\n|faint|p1a: Koraidon\n|move|p2b: Calyrex|Astral Barrage|p1b: Calyrex\n|-supereffective|p1b: Calyrex\n|-damage|p1b: Calyrex|0 fnt\n|faint|p1b: Calyrex\n|-ability|p2b: Calyrex|Grim Neigh|boost\n|-boost|p2b: Calyrex|spa|1\n|\n|-heal|p2b: Calyrex|27/100|[from] Grassy Terrain\n|upkeep\n|c|\u2606sorecruiser|gg\n|\n|t:|1746036144\n|switch|p1a: Raging Bolt|Raging Bolt, L50|48/100\n|turn|9\n|\n|t:|1746036149\n|move|p2b: Calyrex|Protect|p2b: Calyrex\n|-singleturn|p2b: Calyrex|Protect\n|move|p1a: Raging Bolt|Thunderclap||[still]\n|-fail|p1a: Raging Bolt\n|\n|-heal|p2b: Calyrex|33/100|[from] Grassy Terrain\n|-heal|p1a: Raging Bolt|53/100|[from] Grassy Terrain\n|-fieldend|move: Grassy Terrain\n|upkeep\n|turn|10\n|\n|t:|1746036158\n|move|p1a: Raging Bolt|Thunderclap|p2b: Calyrex\n|-damage|p2b: Calyrex|0 fnt\n|faint|p2b: Calyrex\n|\n|win|Heathbar25\n", "uploadtime": 1746036162, "views": 27, "formatid": "gen9vgc2025regibo3", "rating": null, "private": 0, "password": null}