{"id": "gen9vgc2025regibo3-2353674742", "format": "[Gen 9] VGC 2025 Reg I (Bo3)", "players": ["woodswims", "Pdmake"], "log": "|j|\u2606woodswims\n|j|\u2606Pdmake\n|html|<table width=\"100%\"><tr><td align=\"left\">woodswims</td><td align=\"right\">Pdmake</tr><tr><td align=\"left\"><i class=\"fa fa-circle-o\"></i> <i class=\"fa fa-circle-o\"></i> </td><td align=\"right\"><i class=\"fa fa-circle-o\"></i> <i class=\"fa fa-circle\"></i> </tr></table>\n|uhtml|bestof|<h2><strong>Game 2</strong> of <a href=\"/game-bestof3-gen9vgc2025regibo3-2353672419\">a best-of-3</a></h2>\n|t:|1745982035\n|gametype|doubles\n|player|p1|woodswims|2|1129\n|player|p2|Pdmake|iris-gen5bw2|1092\n|teamsize|p1|6\n|teamsize|p2|6\n|gen|9\n|tier|[Gen 9] VGC 2025 Reg I (Bo3)\n|rated|\n|rule|Species Clause: Limit one of each Pok\u00e9mon\n|rule|Item Clause: Limit 1 of each item\n|clearpoke\n|poke|p1|Miraidon, L50|\n|poke|p1|Ho-Oh, L50|\n|poke|p1|Whimsicott, L50, M|\n|poke|p1|Iron Hands, L50|\n|poke|p1|Chien-Pao, L50|\n|poke|p1|Farigiraf, L50, F|\n|poke|p2|Miraidon, L50|\n|poke|p2|Incineroar, L50, M|\n|poke|p2|Zacian-*, L50|\n|poke|p2|Tornadus, L50, M|\n|poke|p2|Urshifu-*, L50, F|\n|poke|p2|Rillaboom, L50, F|\n|teampreview|4\n|showteam|p1|Miraidon||ChoiceSpecs|HadronEngine|VoltSwitch,ElectroDrift,DazzlingGleam,DracoMeteor||||||50|,,,,,Fairy]Ho-Oh||ClearAmulet|Regenerator|SacredFire,BraveBird,Tailwind,Protect||||||50|,,,,,Steel]Whimsicott||CovertCloak|Prankster|Moonblast,SunnyDay,Tailwind,Encore|||M|||50|,,,,,Dark]Iron Hands||AssaultVest|QuarkDrive|DrainPunch,WildCharge,FakeOut,LowKick||||||50|,,,,,Water]Chien-Pao||FocusSash|SwordofRuin|IcicleCrash,SuckerPunch,LashOut,Protect||||||50|,,,,,Ghost]Farigiraf||ElectricSeed|ArmorTail|FoulPlay,HelpingHand,TrickRoom,PsychicNoise|||F|||50|,,,,,Fairy\n|showteam|p2|Miraidon||FocusSash|HadronEngine|Protect,ElectroDrift,DazzlingGleam,DracoMeteor||||||50|,,,,,Fairy]Incineroar||Leftovers|Intimidate|FakeOut,FlareBlitz,KnockOff,PartingShot|||M|||50|,,,,,Dragon]Zacian-Crowned||RustedSword|IntrepidSword|PlayRough,behemothblade,SacredSword,Protect||||||50|,,,,,Water]Tornadus||RockyHelmet|Prankster|RainDance,Hurricane,Tailwind,Taunt|||M|||50|,,,,,Dark]Urshifu||ChoiceScarf|UnseenFist|WickedBlow,CloseCombat,IcePunch,LowKick|||F|||50|,,,,,Ice]Rillaboom||AssaultVest|GrassySurge|FakeOut,KnockOff,WoodHammer,HighHorsepower|||F|||50|,,,,,Grass\n|inactive|Battle timer is ON: inactive players will automatically lose when time's up. (requested by Pdmake)\n|\n|t:|1745982089\n|start\n|switch|p1a: Whimsicott|Whimsicott, L50, M|100/100\n|switch|p1b: Miraidon|Miraidon, L50|100/100\n|switch|p2a: Incineroar|Incineroar, L50, M|100/100\n|switch|p2b: Zacian|Zacian-Crowned, L50|100/100\n|-ability|p2b: Zacian|Intrepid Sword|boost\n|-boost|p2b: Zacian|atk|1\n|-fieldstart|move: Electric Terrain|[from] ability: Hadron Engine|[of] p1b: Miraidon\n|-ability|p2a: Incineroar|Intimidate|boost\n|-unboost|p1a: Whimsicott|atk|1\n|-unboost|p1b: Miraidon|atk|1\n|turn|1\n|inactive|woodswims has 30 seconds left.\n|\n|t:|1745982119\n|switch|p1b: Ho-Oh|Ho-Oh, L50|100/100\n|move|p2a: Incineroar|Fake Out|p1b: Ho-Oh\n|-damage|p1b: Ho-Oh|90/100\n|move|p1a: Whimsicott|Tailwind|p1a: Whimsicott\n|-sidestart|p1: woodswims|move: Tailwind\n|move|p2b: Zacian|Play Rough|p1b: Ho-Oh\n|-resisted|p1b: Ho-Oh\n|-damage|p1b: Ho-Oh|61/100\n|\n|upkeep\n|turn|2\n|\n|t:|1745982141\n|switch|p1a: Miraidon|Miraidon, L50|100/100\n|-activate|p1a: Miraidon|ability: Hadron Engine\n|move|p2b: Zacian|Protect|p2b: Zacian\n|-singleturn|p2b: Zacian|Protect\n|move|p1b: Ho-Oh|Sacred Fire|p2b: Zacian\n|-activate|p2b: Zacian|move: Protect\n|move|p2a: Incineroar|Flare Blitz|p1a: Miraidon\n|-resisted|p1a: Miraidon\n|-damage|p1a: Miraidon|75/100\n|-status|p1a: Miraidon|brn\n|-damage|p2a: Incineroar|91/100|[from] Recoil\n|\n|-heal|p2a: Incineroar|97/100|[from] item: Leftovers\n|-damage|p1a: Miraidon|70/100 brn|[from] brn\n|upkeep\n|turn|3\n|\n|t:|1745982163\n|switch|p2b: Rillaboom|Rillaboom, L50, F|100/100\n|-fieldstart|move: Grassy Terrain|[from] ability: Grassy Surge|[of] p2b: Rillaboom\n|move|p1a: Miraidon|Volt Switch|p2b: Rillaboom\n|-resisted|p2b: Rillaboom\n|-damage|p2b: Rillaboom|73/100\n|\n|t:|1745982173\n|switch|p1a: Iron Hands|Iron Hands, L50|100/100|[from] Volt Switch\n|move|p1b: Ho-Oh|Sacred Fire|p2b: Rillaboom\n|-supereffective|p2b: Rillaboom\n|-damage|p2b: Rillaboom|0 fnt\n|faint|p2b: Rillaboom\n|move|p2a: Incineroar|Knock Off|p1a: Iron Hands\n|-resisted|p1a: Iron Hands\n|-damage|p1a: Iron Hands|84/100\n|-enditem|p1a: Iron Hands|Assault Vest|[from] move: Knock Off|[of] p2a: Incineroar\n|\n|-heal|p2a: Incineroar|100/100|[from] Grassy Terrain\n|-heal|p1a: Iron Hands|90/100|[from] Grassy Terrain\n|upkeep\n|\n|t:|1745982188\n|switch|p2b: Miraidon|Miraidon, L50|100/100\n|-fieldstart|move: Electric Terrain|[from] ability: Hadron Engine|[of] p2b: Miraidon\n|-activate|p1a: Iron Hands|ability: Quark Drive\n|-start|p1a: Iron Hands|quarkdriveatk\n|turn|4\n|\n|t:|1745982213\n|switch|p1b: Whimsicott|Whimsicott, L50, M|100/100\n|move|p1a: Iron Hands|Fake Out|p2a: Incineroar\n|-damage|p2a: Incineroar|78/100\n|move|p2b: Miraidon|Dazzling Gleam|p1a: Iron Hands|[spread] p1a,p1b\n|-supereffective|p1a: Iron Hands\n|-damage|p1a: Iron Hands|44/100\n|-damage|p1b: Whimsicott|70/100\n|cant|p2a: Incineroar|flinch\n|\n|-heal|p2a: Incineroar|84/100|[from] item: Leftovers\n|-sideend|p1: woodswims|move: Tailwind\n|upkeep\n|turn|5\n|\n|t:|1745982237\n|-end|p1a: Iron Hands|Quark Drive|[silent]\n|switch|p1a: Ho-Oh|Ho-Oh, L50|95/100\n|move|p1b: Whimsicott|Encore|p2b: Miraidon\n|-start|p2b: Miraidon|Encore\n|move|p2b: Miraidon|Dazzling Gleam|p1a: Ho-Oh|[spread] p1a,p1b\n|-resisted|p1a: Ho-Oh\n|-damage|p1a: Ho-Oh|87/100\n|-damage|p1b: Whimsicott|41/100\n|move|p2a: Incineroar|Flare Blitz|p1b: Whimsicott\n|-supereffective|p1b: Whimsicott\n|-damage|p1b: Whimsicott|0 fnt\n|faint|p1b: Whimsicott\n|-damage|p2a: Incineroar|71/100|[from] Recoil\n|\n|-heal|p2a: Incineroar|77/100|[from] item: Leftovers\n|upkeep\n|\n|t:|1745982254\n|switch|p1b: Miraidon|Miraidon, L50|70/100 brn\n|-activate|p1b: Miraidon|ability: Hadron Engine\n|turn|6\n|\n|t:|1745982276\n|-terastallize|p2b: Miraidon|Fairy\n|-terastallize|p1b: Miraidon|Fairy\n|move|p2b: Miraidon|Dazzling Gleam|p1a: Ho-Oh|[spread] p1a,p1b\n|-resisted|p1a: Ho-Oh\n|-damage|p1a: Ho-Oh|74/100\n|-damage|p1b: Miraidon|35/100 brn\n|move|p1b: Miraidon|Volt Switch|p2a: Incineroar\n|-damage|p2a: Incineroar|0 fnt\n|faint|p2a: Incineroar\n|\n|t:|1745982287\n|switch|p1b: Iron Hands|Iron Hands, L50|44/100|[from] Volt Switch\n|-activate|p1b: Iron Hands|ability: Quark Drive\n|-start|p1b: Iron Hands|quarkdriveatk\n|move|p1a: Ho-Oh|Tailwind|p1a: Ho-Oh\n|-sidestart|p1: woodswims|move: Tailwind\n|\n|upkeep\n|\n|t:|1745982291\n|switch|p2a: Zacian|Zacian-Crowned, L50|100/100\n|turn|7\n|\n|t:|1745982303\n|move|p2a: Zacian|Protect|p2a: Zacian\n|-singleturn|p2a: Zacian|Protect\n|move|p1b: Iron Hands|Fake Out|p2b: Miraidon\n|-damage|p2b: Miraidon|82/100\n|move|p1a: Ho-Oh|Brave Bird|p2b: Miraidon\n|-damage|p2b: Miraidon|19/100\n|-damage|p1a: Ho-Oh|57/100|[from] Recoil\n|cant|p2b: Miraidon|flinch\n|\n|-end|p2b: Miraidon|Encore\n|upkeep\n|turn|8\n|inactive|Pdmake has 30 seconds left.\n|inactive|woodswims has 30 seconds left.\n|inactive|Pdmake has 20 seconds left.\n|\n|t:|1745982339\n|move|p1a: Ho-Oh|Sacred Fire|p2a: Zacian\n|-supereffective|p2a: Zacian\n|-damage|p2a: Zacian|16/100\n|-status|p2a: Zacian|brn\n|move|p2a: Zacian|Play Rough|p1b: Iron Hands\n|-supereffective|p1b: Iron Hands\n|-damage|p1b: Iron Hands|9/100\n|move|p2b: Miraidon|Electro Drift|p1a: Ho-Oh\n|-supereffective|p1a: Ho-Oh\n|-damage|p1a: Ho-Oh|0 fnt\n|faint|p1a: Ho-Oh\n|move|p1b: Iron Hands|Wild Charge|p2b: Miraidon\n|-damage|p2b: Miraidon|0 fnt\n|faint|p2b: Miraidon\n|-damage|p1b: Iron Hands|6/100|[from] Recoil\n|\n|-damage|p2a: Zacian|9/100 brn|[from] brn\n|-fieldend|move: Electric Terrain\n|-end|p1b: Iron Hands|Quark Drive\n|upkeep\n|-message|Pdmake forfeited.\n|\n|win|woodswims\n|l|\u2606Pdmake\n|player|p2|\n||Pdmake is ready for game 3.\n", "uploadtime": 1745982353, "views": 10, "formatid": "gen9vgc2025regibo3", "rating": null, "private": 0, "password": null}