{"id": "gen9vgc2025regibo3-2354250489", "format": "[Gen 9] VGC 2025 Reg I (Bo3)", "players": ["Monsteralover", "Beru98"], "log": "|j|\u2606Monsteralover\n|j|\u2606Beru98\n|html|<table width=\"100%\"><tr><td align=\"left\">Monsteralover</td><td align=\"right\">Beru98</tr><tr><td align=\"left\"><i class=\"fa fa-circle-o\"></i> <i class=\"fa fa-circle-o\"></i> </td><td align=\"right\"><i class=\"fa fa-circle-o\"></i> <i class=\"fa fa-circle\"></i> </tr></table>\n|uhtml|bestof|<h2><strong>Game 2</strong> of <a href=\"/game-bestof3-gen9vgc2025regibo3-2354248423\">a best-of-3</a></h2>\n|t:|1746049096\n|gametype|doubles\n|player|p1|Monsteralover|baker|1323\n|player|p2|Beru98|266|1336\n|teamsize|p1|6\n|teamsize|p2|6\n|gen|9\n|tier|[Gen 9] VGC 2025 Reg I (Bo3)\n|rated|\n|rule|Species Clause: Limit one of each Pok\u00e9mon\n|rule|Item Clause: Limit 1 of each item\n|clearpoke\n|poke|p1|Lunala, L50|\n|poke|p1|Rillaboom, L50, M|\n|poke|p1|Urshifu-*, L50, M|\n|poke|p1|Miraidon, L50|\n|poke|p1|Grimmsnarl, L50, M|\n|poke|p1|Ogerpon-Hearthflame, L50, F|\n|poke|p2|Calyrex-Shadow, L50|\n|poke|p2|Zamazenta-*, L50|\n|poke|p2|Urshifu-*, L50, M|\n|poke|p2|Incineroar, L50, M|\n|poke|p2|Rillaboom, L50, M|\n|poke|p2|Tornadus, L50, M|\n|teampreview|4\n|showteam|p1|Lunala||Leftovers|ShadowShield|CalmMind,MoongeistBeam,DazzlingGleam,Protect||||||50|,,,,,Fairy]Rillaboom||AssaultVest|GrassySurge|WoodHammer,GrassyGlide,KnockOff,FakeOut|||M|||50|,,,,,Fire]Urshifu-Rapid-Strike||ChoiceScarf|UnseenFist|SurgingStrikes,CloseCombat,AquaJet,Uturn|||M|||50|,,,,,Water]Miraidon||ChoiceSpecs|HadronEngine|ElectroDrift,DracoMeteor,DazzlingGleam,VoltSwitch||||||50|,,,,,Fairy]Grimmsnarl||LightClay|Prankster|FoulPlay,Reflect,ThunderWave,LightScreen|||M|||50|,,,,,Ghost]Ogerpon-Hearthflame||HearthflameMask|MoldBreaker|IvyCudgel,GrassyGlide,FollowMe,SpikyShield|||F|||50|,,,,,Fire\n|showteam|p2|Calyrex-Shadow||LifeOrb|AsOneSpectrier|AstralBarrage,Psychic,NastyPlot,Protect||||||50|,,,,,Dark]Zamazenta-Crowned||RustedShield|DauntlessShield|BodyPress,HeavySlam,WideGuard,Protect||||||50|,,,,,Dragon]Urshifu-Rapid-Strike||ChoiceScarf|UnseenFist|SurgingStrikes,CloseCombat,AquaJet,Uturn|||M|||50|,,,,,Water]Incineroar||SafetyGoggles|Intimidate|FakeOut,PartingShot,HelpingHand,KnockOff|||M|||50|,,,,,Ghost]Rillaboom||AssaultVest|GrassySurge|FakeOut,GrassyGlide,WoodHammer,Uturn|||M|||50|,,,,,Fire]Tornadus||CovertCloak|Prankster|RainDance,Tailwind,Taunt,BleakwindStorm|||M|||50|,,,,,Dark\n|inactive|Battle timer is ON: inactive players will automatically lose when time's up. (requested by Beru98)\n|\n|t:|1746049142\n|start\n|switch|p1a: Ogerpon|Ogerpon-Hearthflame, L50, F|100/100\n|switch|p1b: Miraidon|Miraidon, L50|100/100\n|switch|p2a: Rillaboom|Rillaboom, L50, M|100/100\n|switch|p2b: Zamazenta|Zamazenta-Crowned, L50|100/100\n|-fieldstart|move: Electric Terrain|[from] ability: Hadron Engine|[of] p1b: Miraidon\n|-ability|p2b: Zamazenta|Dauntless Shield|boost\n|-boost|p2b: Zamazenta|def|1\n|-ability|p1a: Ogerpon|Mold Breaker\n|-fieldstart|move: Grassy Terrain|[from] ability: Grassy Surge|[of] p2a: Rillaboom\n|turn|1\n|inactive|Monsteralover has 30 seconds left.\n|inactive|Monsteralover has 20 seconds left.\n|\n|t:|1746049178\n|move|p2a: Rillaboom|Fake Out|p1a: Ogerpon\n|-damage|p1a: Ogerpon|90/100\n|move|p1b: Miraidon|Volt Switch|p2b: Zamazenta\n|-damage|p2b: Zamazenta|56/100\n|\n|t:|1746049185\n|switch|p1b: Lunala|Lunala, L50|100/100|[from] Volt Switch\n|move|p2b: Zamazenta|Body Press|p1a: Ogerpon\n|-damage|p1a: Ogerpon|40/100\n|cant|p1a: Ogerpon|flinch\n|\n|-heal|p2b: Zamazenta|62/100|[from] Grassy Terrain\n|-heal|p1a: Ogerpon|46/100|[from] Grassy Terrain\n|upkeep\n|turn|2\n|\n|t:|1746049202\n|switch|p1a: Grimmsnarl|Grimmsnarl, L50, M|100/100\n|move|p2b: Zamazenta|Body Press|p1a: Grimmsnarl\n|-damage|p1a: Grimmsnarl|40/100\n|move|p1b: Lunala|Calm Mind|p1b: Lunala\n|-boost|p1b: Lunala|spa|1\n|-boost|p1b: Lunala|spd|1\n|move|p2a: Rillaboom|U-turn|p1b: Lunala\n|-damage|p1b: Lunala|91/100\n|\n|t:|1746049214\n|switch|p2a: Urshifu|Urshifu-Rapid-Strike, L50, M|100/100|[from] U-turn\n|\n|-heal|p2b: Zamazenta|68/100|[from] Grassy Terrain\n|-heal|p1b: Lunala|97/100|[from] Grassy Terrain\n|-heal|p1b: Lunala|100/100|[from] item: Leftovers\n|-heal|p1a: Grimmsnarl|46/100|[from] Grassy Terrain\n|upkeep\n|turn|3\n|inactive|Monsteralover has 30 seconds left.\n|inactive|Monsteralover has 20 seconds left.\n|inactive|Monsteralover has 15 seconds left.\n|\n|t:|1746049258\n|move|p1a: Grimmsnarl|Thunder Wave|p2a: Urshifu\n|-status|p2a: Urshifu|par\n|move|p2b: Zamazenta|Heavy Slam|p1a: Grimmsnarl\n|-supereffective|p1a: Grimmsnarl\n|-damage|p1a: Grimmsnarl|0 fnt\n|faint|p1a: Grimmsnarl\n|move|p1b: Lunala|Moongeist Beam|p2a: Urshifu\n|-damage|p2a: Urshifu|0 fnt\n|faint|p2a: Urshifu\n|\n|-heal|p2b: Zamazenta|74/100|[from] Grassy Terrain\n|upkeep\n|j| Arkhept\n|l| Arkhept\n|\n|t:|1746049273\n|switch|p2a: Calyrex|Calyrex-Shadow, L50|100/100\n|switch|p1a: Miraidon|Miraidon, L50|100/100\n|-ability|p2a: Calyrex|As One\n|-ability|p2a: Calyrex|Unnerve\n|-fieldstart|move: Electric Terrain|[from] ability: Hadron Engine|[of] p1a: Miraidon\n|turn|4\n|inactive|Monsteralover has 30 seconds left.\n|inactive|Monsteralover has 20 seconds left.\n|inactive|Monsteralover has 15 seconds left.\n|inactive|Monsteralover has 10 seconds left.\n|\n|t:|1746049322\n|switch|p2a: Rillaboom|Rillaboom, L50, M|100/100\n|-fieldstart|move: Grassy Terrain|[from] ability: Grassy Surge|[of] p2a: Rillaboom\n|move|p1a: Miraidon|Electro Drift|p2a: Rillaboom\n|-resisted|p2a: Rillaboom\n|-damage|p2a: Rillaboom|72/100\n|move|p2b: Zamazenta|Heavy Slam|p1b: Lunala\n|-damage|p1b: Lunala|81/100\n|move|p1b: Lunala|Dazzling Gleam|p2b: Zamazenta|[spread] p2a,p2b\n|-damage|p2a: Rillaboom|51/100\n|-damage|p2b: Zamazenta|52/100\n|\n|-heal|p2b: Zamazenta|58/100|[from] Grassy Terrain\n|-heal|p1b: Lunala|88/100|[from] Grassy Terrain\n|-heal|p1b: Lunala|94/100|[from] item: Leftovers\n|-heal|p2a: Rillaboom|57/100|[from] Grassy Terrain\n|upkeep\n|turn|5\n|inactive|Beru98 has 30 seconds left.\n|inactive|Monsteralover has 30 seconds left.\n|inactive|Beru98 has 20 seconds left.\n|inactive|Beru98 has 15 seconds left.\n|inactive|Monsteralover has 20 seconds left.\n|inactive|Beru98 has 10 seconds left.\n|inactive|Beru98 has 5 seconds left.\n|\n|t:|1746049372\n|move|p1a: Miraidon|Electro Drift|p2b: Zamazenta\n|-damage|p2b: Zamazenta|0 fnt\n|faint|p2b: Zamazenta\n|move|p1b: Lunala|Moongeist Beam|p2a: Rillaboom\n|-damage|p2a: Rillaboom|6/100\n|move|p2a: Rillaboom|Wood Hammer|p1a: Miraidon\n|-resisted|p1a: Miraidon\n|-damage|p1a: Miraidon|67/100\n|-damage|p2a: Rillaboom|0 fnt|[from] Recoil\n|faint|p2a: Rillaboom\n|\n|-heal|p1a: Miraidon|72/100|[from] Grassy Terrain\n|-heal|p1b: Lunala|99/100|[from] Grassy Terrain\n|-heal|p1b: Lunala|100/100|[from] item: Leftovers\n|upkeep\n|\n|t:|1746049377\n|switch|p2b: Calyrex|Calyrex-Shadow, L50|100/100\n|-ability|p2b: Calyrex|As One\n|-ability|p2b: Calyrex|Unnerve\n|turn|6\n|inactive|Monsteralover has 30 seconds left.\n|\n|t:|1746049406\n|-terastallize|p2b: Calyrex|Dark\n|-terastallize|p1b: Lunala|Fairy\n|move|p2b: Calyrex|Astral Barrage|p1a: Miraidon|[spread] p1a,p1b\n|-damage|p1a: Miraidon|17/100\n|-damage|p1b: Lunala|85/100\n|-damage|p2b: Calyrex|91/100|[from] item: Life Orb\n|move|p1a: Miraidon|Electro Drift|p2b: Calyrex\n|-damage|p2b: Calyrex|7/100\n|move|p1b: Lunala|Moongeist Beam|p2b: Calyrex\n|-resisted|p2b: Calyrex\n|-damage|p2b: Calyrex|0 fnt\n|faint|p2b: Calyrex\n|\n|win|Monsteralover\n", "uploadtime": 1746049407, "views": 9, "formatid": "gen9vgc2025regibo3", "rating": null, "private": 0, "password": null}