{"id": "gen9vgc2025regibo3-2354870828", "format": "[Gen 9] VGC 2025 Reg I (Bo3)", "players": ["panzerottomodugno", "amarin93"], "log": "|j|\u2606panzerottomodugno\n|j|\u2606amarin93\n|html|<table width=\"100%\"><tr><td align=\"left\">panzerottomodugno</td><td align=\"right\">amarin93</tr><tr><td align=\"left\"><i class=\"fa fa-circle\"></i> <i class=\"fa fa-circle-o\"></i> </td><td align=\"right\"><i class=\"fa fa-circle-o\"></i> <i class=\"fa fa-circle-o\"></i> </tr></table>\n|uhtml|bestof|<h2><strong>Game 2</strong> of <a href=\"/game-bestof3-gen9vgc2025regibo3-2354869750\">a best-of-3</a></h2>\n|t:|1746127069\n|gametype|doubles\n|player|p1|panzerottomodugno|pokemonranger-gen4|1244\n|player|p2|amarin93|lucas-gen4pt|1266\n|teamsize|p1|6\n|teamsize|p2|6\n|gen|9\n|tier|[Gen 9] VGC 2025 Reg I (Bo3)\n|rated|\n|rule|Species Clause: Limit one of each Pok\u00e9mon\n|rule|Item Clause: Limit 1 of each item\n|clearpoke\n|poke|p1|Calyrex-Shadow, L50|\n|poke|p1|Chien-Pao, L50|\n|poke|p1|Rillaboom, L50, F|\n|poke|p1|Zamazenta-*, L50|\n|poke|p1|Tornadus, L50, M|\n|poke|p1|Urshifu-*, L50, F|\n|poke|p2|Groudon, L50|\n|poke|p2|Mewtwo, L50|\n|poke|p2|Charizard, L50, M|\n|poke|p2|Flutter Mane, L50|\n|poke|p2|Iron Valiant, L50|\n|poke|p2|Raging Bolt, L50|\n|teampreview|4\n|showteam|p1|Calyrex-Shadow||LifeOrb|AsOneSpectrier|AstralBarrage,Psychic,NastyPlot,Protect||||||50|,,,,,Dark]Chien-Pao||FocusSash|SwordofRuin|IcicleCrash,SuckerPunch,Crunch,Protect||||||50|,,,,,Ghost]Rillaboom||AssaultVest|GrassySurge|FakeOut,GrassyGlide,WoodHammer,Uturn|||F|||50|,,,,,Fire]Zamazenta-Crowned||RustedShield|DauntlessShield|BodyPress,HeavySlam,WideGuard,Protect||||||50|,,,,,Dragon]Tornadus||CovertCloak|Prankster|Tailwind,BleakwindStorm,RainDance,Protect|||M|||50|,,,,,Dark]Urshifu-Rapid-Strike||ChoiceScarf|UnseenFist|SurgingStrikes,CloseCombat,AquaJet,Uturn|||F|||50|,,,,,Water\n|showteam|p2|Groudon||ClearAmulet|Drought|ThunderPunch,PrecipiceBlades,HeatCrash,Protect||||||50|,,,,,Fire]Mewtwo||CovertCloak|Unnerve|Psystrike,Gravity,AuraSphere,Protect||||||50|,,,,,Normal]Charizard||LifeOrb|SolarPower|HeatWave,Overheat,AirSlash,Protect|||M|||50|,,,,,Fire]Flutter Mane||FocusSash|Protosynthesis|Moonblast,IcyWind,ShadowBall,Taunt||||||50|,,,,,Normal]Iron Valiant||BoosterEnergy|QuarkDrive|Coaching,WideGuard,CloseCombat,Protect||||||50|,,,,,Ghost]Raging Bolt||AssaultVest|Protosynthesis|Snarl,Thunderbolt,Thunderclap,DragonPulse||||||50|,,,,,Electric\n|\n|t:|1746127115\n|start\n|switch|p1a: Tornadus|Tornadus, L50, M|100/100\n|switch|p1b: Urshifu|Urshifu-Rapid-Strike, L50, F|100/100\n|switch|p2a: Raging Bolt|Raging Bolt, L50|100/100\n|switch|p2b: Flutter Mane|Flutter Mane, L50|100/100\n|turn|1\n|\n|t:|1746127144\n|switch|p1a: Zamazenta|Zamazenta-Crowned, L50|100/100\n|-ability|p1a: Zamazenta|Dauntless Shield|boost\n|-boost|p1a: Zamazenta|def|1\n|-terastallize|p1b: Urshifu|Water\n|move|p2a: Raging Bolt|Thunderclap|p1b: Urshifu\n|-supereffective|p1b: Urshifu\n|-damage|p1b: Urshifu|0 fnt\n|faint|p1b: Urshifu\n|move|p2b: Flutter Mane|Taunt|p1a: Zamazenta\n|-start|p1a: Zamazenta|move: Taunt\n|\n|upkeep\n|\n|t:|1746127157\n|switch|p1b: Calyrex|Calyrex-Shadow, L50|100/100\n|-ability|p1b: Calyrex|As One\n|-ability|p1b: Calyrex|Unnerve\n|turn|2\n|\n|t:|1746127176\n|move|p1b: Calyrex|Protect|p1b: Calyrex\n|-singleturn|p1b: Calyrex|Protect\n|move|p2b: Flutter Mane|Moonblast|p1b: Calyrex\n|-activate|p1b: Calyrex|move: Protect\n|move|p1a: Zamazenta|Heavy Slam|p2b: Flutter Mane\n|-supereffective|p2b: Flutter Mane\n|-enditem|p2b: Flutter Mane|Focus Sash\n|-damage|p2b: Flutter Mane|1/100\n|move|p2a: Raging Bolt|Snarl|p1a: Zamazenta|[spread] p1a\n|-activate|p1b: Calyrex|move: Protect\n|-resisted|p1a: Zamazenta\n|-damage|p1a: Zamazenta|94/100\n|-unboost|p1a: Zamazenta|spa|1\n|\n|upkeep\n|turn|3\n|\n|t:|1746127202\n|-end|p2b: Flutter Mane|Protosynthesis|[silent]\n|switch|p2b: Groudon|Groudon, L50|100/100\n|-weather|SunnyDay|[from] ability: Drought|[of] p2b: Groudon\n|-activate|p2a: Raging Bolt|ability: Protosynthesis\n|-start|p2a: Raging Bolt|protosynthesisspa\n|-terastallize|p2a: Raging Bolt|Electric\n|move|p1b: Calyrex|Astral Barrage|p2b: Groudon|[spread] p2a,p2b\n|-damage|p2a: Raging Bolt|62/100\n|-damage|p2b: Groudon|49/100\n|-damage|p1b: Calyrex|91/100|[from] item: Life Orb\n|move|p1a: Zamazenta|Body Press|p2a: Raging Bolt\n|-damage|p2a: Raging Bolt|13/100\n|move|p2a: Raging Bolt|Thunderbolt|p1b: Calyrex\n|-damage|p1b: Calyrex|8/100\n|\n|-weather|SunnyDay|[upkeep]\n|-end|p1a: Zamazenta|move: Taunt\n|upkeep\n|turn|4\n|\n|t:|1746127243\n|move|p1b: Calyrex|Protect|p1b: Calyrex\n|-singleturn|p1b: Calyrex|Protect\n|move|p2a: Raging Bolt|Thunderclap|p1a: Zamazenta\n|-damage|p1a: Zamazenta|38/100\n|move|p1a: Zamazenta|Body Press|p2a: Raging Bolt\n|-damage|p2a: Raging Bolt|0 fnt\n|faint|p2a: Raging Bolt\n|-end|p2a: Raging Bolt|Protosynthesis|[silent]\n|move|p2b: Groudon|Heat Crash|p1a: Zamazenta\n|-supereffective|p1a: Zamazenta\n|-damage|p1a: Zamazenta|15/100\n|\n|-weather|SunnyDay|[upkeep]\n|upkeep\n|\n|t:|1746127254\n|switch|p2a: Flutter Mane|Flutter Mane, L50|1/100\n|-activate|p2a: Flutter Mane|ability: Protosynthesis\n|-start|p2a: Flutter Mane|protosynthesisspe\n|turn|5\n|\n|t:|1746127273\n|switch|p1b: Tornadus|Tornadus, L50, M|100/100\n|move|p2a: Flutter Mane|Moonblast|p1b: Tornadus\n|-damage|p1b: Tornadus|35/100\n|move|p1a: Zamazenta|Heavy Slam|p2a: Flutter Mane\n|-supereffective|p2a: Flutter Mane\n|-damage|p2a: Flutter Mane|0 fnt\n|faint|p2a: Flutter Mane\n|-end|p2a: Flutter Mane|Protosynthesis|[silent]\n|move|p2b: Groudon|Heat Crash|p1a: Zamazenta\n|-supereffective|p1a: Zamazenta\n|-damage|p1a: Zamazenta|0 fnt\n|faint|p1a: Zamazenta\n|\n|-weather|SunnyDay|[upkeep]\n|upkeep\n|\n|t:|1746127285\n|switch|p2a: Charizard|Charizard, L50, M, shiny|100/100\n|switch|p1a: Calyrex|Calyrex-Shadow, L50|8/100\n|-ability|p1a: Calyrex|As One\n|-ability|p1a: Calyrex|Unnerve\n|turn|6\n|\n|t:|1746127299\n|move|p1a: Calyrex|Astral Barrage|p2a: Charizard|[spread] p2a,p2b\n|-damage|p2a: Charizard|9/100\n|-damage|p2b: Groudon|0 fnt\n|faint|p2b: Groudon\n|-ability|p1a: Calyrex|Grim Neigh|boost\n|-boost|p1a: Calyrex|spa|1\n|-damage|p1a: Calyrex|0 fnt|[from] item: Life Orb\n|faint|p1a: Calyrex\n|move|p2a: Charizard|Heat Wave|p1b: Tornadus\n|-damage|p1b: Tornadus|0 fnt\n|faint|p1b: Tornadus\n|-damage|p2a: Charizard|0 fnt|[from] item: Life Orb\n|faint|p2a: Charizard\n|\n|win|amarin93\n|inactive|panzerottomodugno has 30 seconds to confirm battle start!\n|inactive|amarin93 has 30 seconds to confirm battle start!\n||amarin93 is ready for game 3.\n||panzerottomodugno is ready for game 3.\n|uhtml|next|Next: <a href=\"/battle-gen9vgc2025regibo3-2354873325\"><strong>Game 3 of 3</strong></a>\n|l|\u2606amarin93\n|player|p2|\n", "uploadtime": 1746127518, "views": 5, "formatid": "gen9vgc2025regibo3", "rating": null, "private": 0, "password": null}