{"id": "gen9vgc2025regibo3-2354123783", "format": "[Gen 9] VGC 2025 Reg I (Bo3)", "players": ["worstiee", "Taijem"], "log": "|j|\u2606worstiee\n|j|\u2606Taijem\n|html|<table width=\"100%\"><tr><td align=\"left\">worstiee</td><td align=\"right\">Taijem</tr><tr><td align=\"left\"><i class=\"fa fa-circle-o\"></i> <i class=\"fa fa-circle-o\"></i> </td><td align=\"right\"><i class=\"fa fa-circle-o\"></i> <i class=\"fa fa-circle-o\"></i> </tr></table>\n|uhtml|bestof|<h2><strong>Game 1</strong> of <a href=\"/game-bestof3-gen9vgc2025regibo3-2354123782\">a best-of-3</a></h2>\n|t:|1746036884\n|gametype|doubles\n|player|p1|worstiee|hilda-wonderlauncher|1088\n|player|p2|Taijem|1|1118\n|teamsize|p1|6\n|teamsize|p2|6\n|gen|9\n|tier|[Gen 9] VGC 2025 Reg I (Bo3)\n|rated|\n|rule|Species Clause: Limit one of each Pok\u00e9mon\n|rule|Item Clause: Limit 1 of each item\n|clearpoke\n|poke|p1|Miraidon, L50|\n|poke|p1|Ninetales-Alola, L50, M|\n|poke|p1|Iron Valiant, L50|\n|poke|p1|Torterra, L50, M|\n|poke|p1|Iron Boulder, L50|\n|poke|p1|Kyurem-White, L50|\n|poke|p2|Kyogre, L50|\n|poke|p2|Zacian-*, L50|\n|poke|p2|Tornadus, L50, M|\n|poke|p2|Urshifu-*, L50, M|\n|poke|p2|Chien-Pao, L50|\n|poke|p2|Amoonguss, L50, M|\n|teampreview|4\n|showteam|p1|Miraidon||LifeOrb|HadronEngine|ParabolicCharge,DragonPulse,ElectroDrift,CalmMind||||||50|,,,,,Electric]Ninetales-Alola||LightClay|SnowWarning|AuroraVeil,Blizzard,HelpingHand,Encore|||M|||50|,,,,,Ghost]Iron Valiant||FocusSash|QuarkDrive|CloseCombat,Taunt,TrickRoom,Protect||||||50|,,,,,Fighting]Torterra||Leftovers|ShellArmor|IronDefense,Amnesia,BodyPress,LeechSeed|||M|||50|,,,,,Fighting]Iron Boulder||CovertCloak|QuarkDrive|MightyCleave,BrickBreak,SwordsDance,Protect||||||50|,,,,,Grass]Kyurem-White||AssaultVest|Turboblaze|Blizzard,FusionFlare,DragonPulse,IcyWind||||||50|,,,,,Dragon\n|showteam|p2|Kyogre||MysticWater|Drizzle|WaterSpout,OriginPulse,IceBeam,Protect||||||50|,,,,,Grass]Zacian-Crowned||RustedSword|IntrepidSword|behemothblade,PlayRough,SacredSword,Protect||||||50|,,,,,Fairy]Tornadus||CovertCloak|Prankster|Tailwind,BleakwindStorm,RainDance,Taunt|||M|||50|,,,,,Dark]Urshifu-Rapid-Strike||ChoiceScarf|UnseenFist|SurgingStrikes,CloseCombat,AquaJet,Uturn|||M|||50|,,,,,Ghost]Chien-Pao||FocusSash|SwordofRuin|IceSpinner,SuckerPunch,SacredSword,Protect||||||50|,,,,,Ghost]Amoonguss||RockyHelmet|Regenerator|RagePowder,Spore,PollenPuff,Protect|||M|||50|,,,,,Water\n|\n|t:|1746036983\n|start\n|switch|p1a: Iron Valiant|Iron Valiant, L50|100/100\n|switch|p1b: Torterra|Torterra, L50, M|100/100\n|switch|p2a: Zacian|Zacian-Crowned, L50|100/100\n|switch|p2b: Urshifu|Urshifu-Rapid-Strike, L50, M|100/100\n|-ability|p2a: Zacian|Intrepid Sword|boost\n|-boost|p2a: Zacian|atk|1\n|turn|1\n|\n|t:|1746037019\n|move|p2b: Urshifu|U-turn|p1b: Torterra\n|-supereffective|p1b: Torterra\n|-damage|p1b: Torterra|61/100\n|\n|t:|1746037022\n|switch|p2b: Tornadus|Tornadus, L50, M|100/100|[from] U-turn\n|move|p2a: Zacian|Behemoth Blade|p1a: Iron Valiant\n|-supereffective|p1a: Iron Valiant\n|-enditem|p1a: Iron Valiant|Focus Sash\n|-damage|p1a: Iron Valiant|1/100\n|move|p1a: Iron Valiant|Close Combat|p2b: Tornadus\n|-resisted|p2b: Tornadus\n|-damage|p2b: Tornadus|66/100\n|-unboost|p1a: Iron Valiant|def|1\n|-unboost|p1a: Iron Valiant|spd|1\n|move|p1b: Torterra|Iron Defense|p1b: Torterra\n|-boost|p1b: Torterra|def|2\n|\n|-heal|p1b: Torterra|67/100|[from] item: Leftovers\n|upkeep\n|turn|2\n|\n|t:|1746037058\n|move|p1a: Iron Valiant|Protect|p1a: Iron Valiant\n|-singleturn|p1a: Iron Valiant|Protect\n|move|p2a: Zacian|Behemoth Blade|p1a: Iron Valiant\n|-activate|p1a: Iron Valiant|move: Protect\n|move|p2b: Tornadus|Bleakwind Storm|p1a: Iron Valiant|[spread] p1b\n|-activate|p1a: Iron Valiant|move: Protect\n|-supereffective|p1b: Torterra\n|-damage|p1b: Torterra|6/100\n|-unboost|p1b: Torterra|spe|1\n|move|p1b: Torterra|Leech Seed|p2a: Zacian\n|-start|p2a: Zacian|move: Leech Seed\n|\n|-heal|p1b: Torterra|12/100|[from] item: Leftovers\n|-damage|p2a: Zacian|88/100|[from] Leech Seed|[of] p1b: Torterra\n|-heal|p1b: Torterra|24/100|[silent]\n|upkeep\n|turn|3\n|\n|t:|1746037091\n|switch|p1b: Miraidon|Miraidon, L50|100/100\n|-fieldstart|move: Electric Terrain|[from] ability: Hadron Engine|[of] p1b: Miraidon\n|-activate|p1a: Iron Valiant|ability: Quark Drive\n|-start|p1a: Iron Valiant|quarkdrivespe\n|move|p1a: Iron Valiant|Close Combat|p2a: Zacian\n|-damage|p2a: Zacian|33/100\n|-unboost|p1a: Iron Valiant|def|1\n|-unboost|p1a: Iron Valiant|spd|1\n|move|p2a: Zacian|Behemoth Blade|p1b: Miraidon\n|-resisted|p1b: Miraidon\n|-damage|p1b: Miraidon|65/100\n|move|p2b: Tornadus|Bleakwind Storm|p1b: Miraidon|[spread] p1a,p1b\n|-supereffective|p1a: Iron Valiant\n|-resisted|p1b: Miraidon\n|-damage|p1a: Iron Valiant|0 fnt\n|-damage|p1b: Miraidon|50/100\n|faint|p1a: Iron Valiant\n|-end|p1a: Iron Valiant|Quark Drive|[silent]\n|\n|-damage|p2a: Zacian|21/100|[from] Leech Seed|[of] p1b: Miraidon\n|-heal|p1b: Miraidon|63/100|[silent]\n|upkeep\n|\n|t:|1746037111\n|switch|p1a: Torterra|Torterra, L50, M|24/100\n|turn|4\n|\n|t:|1746037132\n|switch|p2b: Chien-Pao|Chien-Pao, L50|100/100\n|-ability|p2b: Chien-Pao|Sword of Ruin\n|move|p2a: Zacian|Play Rough|p1b: Miraidon\n|-supereffective|p1b: Miraidon\n|-damage|p1b: Miraidon|0 fnt\n|faint|p1b: Miraidon\n|move|p1a: Torterra|Iron Defense|p1a: Torterra\n|-boost|p1a: Torterra|def|2\n|\n|-heal|p1a: Torterra|31/100|[from] item: Leftovers\n|upkeep\n|\n|t:|1746037143\n|switch|p1b: Ninetales|Ninetales-Alola, L50, M|100/100\n|-weather|Snowscape|[from] ability: Snow Warning|[of] p1b: Ninetales\n|turn|5\n|\n|t:|1746037161\n|-terastallize|p1a: Torterra|Fighting\n|move|p2a: Zacian|Behemoth Blade|p1a: Torterra\n|-damage|p1a: Torterra|0 fnt\n|faint|p1a: Torterra\n|move|p2b: Chien-Pao|Ice Spinner|p1b: Ninetales\n|-resisted|p1b: Ninetales\n|-damage|p1b: Ninetales|78/100\n|-fieldend|move: Electric Terrain\n|move|p1b: Ninetales|Aurora Veil|p1b: Ninetales\n|-sidestart|p1: worstiee|move: Aurora Veil\n|\n|-weather|Snowscape|[upkeep]\n|-damage|p2a: Zacian|8/100|[from] Leech Seed|[of] p1b: Ninetales\n|-heal|p1b: Ninetales|91/100|[silent]\n|upkeep\n|turn|6\n|\n|t:|1746037177\n|move|p2a: Zacian|Behemoth Blade|p1b: Ninetales\n|-supereffective|p1b: Ninetales\n|-damage|p1b: Ninetales|0 fnt\n|faint|p1b: Ninetales\n|\n|win|Taijem\n|l|\u2606worstiee\n|player|p1|\n||worstiee is ready for game 2.\n||Taijem is ready for game 2.\n|uhtml|next|Next: <a href=\"/battle-gen9vgc2025regibo3-2354127308\"><strong>Game 2 of 3</strong></a>\n", "uploadtime": 1746037431, "views": 6, "formatid": "gen9vgc2025regibo3", "rating": null, "private": 0, "password": null}