{"id": "gen9vgc2025regibo3-2354092073", "format": "[Gen 9] VGC 2025 Reg I (Bo3)", "players": ["Qicide", "Dragoblaze12"], "log": "|j|\u2606Qicide\n|j|\u2606Dragoblaze12\n|html|<table width=\"100%\"><tr><td align=\"left\">Qicide</td><td align=\"right\">Dragoblaze12</tr><tr><td align=\"left\"><i class=\"fa fa-circle\"></i> <i class=\"fa fa-circle-o\"></i> </td><td align=\"right\"><i class=\"fa fa-circle-o\"></i> <i class=\"fa fa-circle\"></i> </tr></table>\n|uhtml|bestof|<h2><strong>Game 3</strong> of <a href=\"/game-bestof3-gen9vgc2025regibo3-2354084348\">a best-of-3</a></h2>\n|t:|1746034156\n|gametype|doubles\n|player|p1|Qicide|red|1326\n|player|p2|Dragoblaze12|1|1400\n|teamsize|p1|6\n|teamsize|p2|6\n|gen|9\n|tier|[Gen 9] VGC 2025 Reg I (Bo3)\n|rated|\n|rule|Species Clause: Limit one of each Pok\u00e9mon\n|rule|Item Clause: Limit 1 of each item\n|clearpoke\n|poke|p1|Chi-Yu, L50|\n|poke|p1|Calyrex-Shadow, L50|\n|poke|p1|Tornadus, L50, M|\n|poke|p1|Groudon, L50|\n|poke|p1|Raging Bolt, L50|\n|poke|p1|Urshifu-*, L50, F|\n|poke|p2|Koraidon, L50|\n|poke|p2|Lunala, L50|\n|poke|p2|Chi-Yu, L50|\n|poke|p2|Ursaluna, L50, M|\n|poke|p2|Brute Bonnet, L50|\n|poke|p2|Flutter Mane, L50|\n|teampreview|4\n|showteam|p1|Chi-Yu||ChoiceScarf|BeadsofRuin|HeatWave,Overheat,DarkPulse,Snarl||||||50|,,,,,Ghost]Calyrex-Shadow||LifeOrb|AsOneSpectrier|AstralBarrage,Psychic,Encore,Protect||||||50|,,,,,Normal]Tornadus||RockyHelmet|Prankster|BleakwindStorm,Tailwind,Protect,SunnyDay|||M|||50|,,,,,Dark]Groudon||ClearAmulet|Drought|HeatCrash,PrecipiceBlades,HighHorsepower,Protect||||||50|,,,,,Fire]Raging Bolt||AssaultVest|Protosynthesis|Thunderbolt,Electroweb,Thunderclap,DracoMeteor||||||50|,,,,,Electric]Urshifu||FocusSash|UnseenFist|WickedBlow,SuckerPunch,CloseCombat,Protect|||F|||50|,,,,,Dark\n|showteam|p2|Koraidon||LifeOrb|OrichalcumPulse|FlareBlitz,FlameCharge,CloseCombat,Protect||||||50|,,,,,Fire]Lunala||PowerHerb|ShadowShield|TrickRoom,WideGuard,MeteorBeam,MoongeistBeam||||||50|,,,,,Water]Chi-Yu||ChoiceScarf|BeadsofRuin|Overheat,HeatWave,DarkPulse,Snarl||||||50|,,,,,Ghost]Ursaluna||FlameOrb|Guts|Earthquake,HeadlongRush,Protect,Facade|||M|||50|,,,,,Water]Brute Bonnet||CovertCloak|Protosynthesis|SeedBomb,SuckerPunch,RagePowder,Spore||||||50|,,,,,Water]Flutter Mane||FocusSash|Protosynthesis|Moonblast,IcyWind,ShadowBall,Protect||||||50|,,,,,Normal\n|inactive|Battle timer is ON: inactive players will automatically lose when time's up. (requested by Qicide)\n|inactive|Dragoblaze12 has 60 seconds left.\n|inactive|Dragoblaze12 has 30 seconds left.\n|\n|t:|1746034224\n|start\n|switch|p1a: Calyrex|Calyrex-Shadow, L50|100/100\n|switch|p1b: Chi-Yu|Chi-Yu, L50|100/100\n|switch|p2a: Koraidon|Koraidon, L50|100/100\n|switch|p2b: Chi-Yu|Chi-Yu, L50|100/100\n|-ability|p1a: Calyrex|As One\n|-ability|p1a: Calyrex|Unnerve\n|-ability|p2b: Chi-Yu|Beads of Ruin\n|-ability|p1b: Chi-Yu|Beads of Ruin\n|-weather|SunnyDay|[from] ability: Orichalcum Pulse|[of] p2a: Koraidon\n|-activate|p2a: Koraidon|Orichalcum Pulse|[source]\n|turn|1\n|inactive|Dragoblaze12 has 30 seconds left.\n|inactive|Qicide has 30 seconds left.\n|inactive|Dragoblaze12 has 20 seconds left.\n|inactive|Dragoblaze12 has 15 seconds left.\n|\n|t:|1746034270\n|-terastallize|p1a: Calyrex|Normal\n|-terastallize|p2a: Koraidon|Fire\n|move|p1b: Chi-Yu|Heat Wave|p2a: Koraidon|[spread] p2a,p2b\n|-resisted|p2a: Koraidon\n|-resisted|p2b: Chi-Yu\n|-damage|p2a: Koraidon|60/100\n|-damage|p2b: Chi-Yu|61/100\n|move|p2b: Chi-Yu|Snarl|p1b: Chi-Yu|[spread] p1a,p1b\n|-resisted|p1b: Chi-Yu\n|-damage|p1a: Calyrex|66/100\n|-damage|p1b: Chi-Yu|85/100\n|-unboost|p1a: Calyrex|spa|1\n|-unboost|p1b: Chi-Yu|spa|1\n|move|p1a: Calyrex|Astral Barrage|p2a: Koraidon|[spread] p2a,p2b\n|-resisted|p2b: Chi-Yu\n|-damage|p2a: Koraidon|0 fnt\n|-damage|p2b: Chi-Yu|34/100\n|faint|p2a: Koraidon\n|-ability|p1a: Calyrex|Grim Neigh|boost\n|-boost|p1a: Calyrex|spa|1\n|-damage|p1a: Calyrex|57/100|[from] item: Life Orb\n|\n|-weather|SunnyDay|[upkeep]\n|upkeep\n|\n|t:|1746034291\n|switch|p2a: Lunala|Lunala, L50|100/100\n|turn|2\n|\n|t:|1746034309\n|move|p2a: Lunala|Wide Guard|p2a: Lunala\n|-singleturn|p2a: Lunala|Wide Guard\n|move|p2b: Chi-Yu|Snarl|p1a: Calyrex|[spread] p1a,p1b\n|-resisted|p1b: Chi-Yu\n|-damage|p1a: Calyrex|23/100\n|-damage|p1b: Chi-Yu|70/100\n|-unboost|p1a: Calyrex|spa|1\n|-unboost|p1b: Chi-Yu|spa|1\n|move|p1b: Chi-Yu|Heat Wave|p2a: Lunala|[spread] \n|-activate|p2a: Lunala|move: Wide Guard\n|-activate|p2b: Chi-Yu|move: Wide Guard\n|move|p1a: Calyrex|Psychic|p2a: Lunala\n|-resisted|p2a: Lunala\n|-damage|p2a: Lunala|89/100\n|-damage|p1a: Calyrex|14/100|[from] item: Life Orb\n|\n|-weather|SunnyDay|[upkeep]\n|upkeep\n|turn|3\n|inactive|Dragoblaze12 has 30 seconds left.\n|\n|t:|1746034338\n|switch|p1a: Groudon|Groudon, L50|100/100\n|move|p1b: Chi-Yu|Heat Wave|p2b: Chi-Yu|[spread] p2a,p2b\n|-resisted|p2b: Chi-Yu\n|-damage|p2a: Lunala|56/100\n|-damage|p2b: Chi-Yu|14/100\n|move|p2b: Chi-Yu|Snarl|p1a: Groudon|[spread] p1a,p1b\n|-resisted|p1b: Chi-Yu\n|-damage|p1a: Groudon|63/100\n|-damage|p1b: Chi-Yu|57/100\n|-unboost|p1b: Chi-Yu|spa|1\n|move|p2a: Lunala|Trick Room|p2a: Lunala\n|-fieldstart|move: Trick Room|[of] p2a: Lunala\n|\n|-weather|SunnyDay|[upkeep]\n|upkeep\n|turn|4\n|inactive|Qicide has 30 seconds left.\n|inactive|Dragoblaze12 has 30 seconds left.\n|\n|t:|1746034367\n|switch|p2b: Brute Bonnet|Brute Bonnet, L50|100/100\n|-activate|p2b: Brute Bonnet|ability: Protosynthesis\n|-start|p2b: Brute Bonnet|protosynthesisdef\n|move|p2a: Lunala|Moongeist Beam|p1a: Groudon\n|-damage|p1a: Groudon|0 fnt\n|faint|p1a: Groudon\n|move|p1b: Chi-Yu|Heat Wave|p2a: Lunala|[spread] p2a,p2b\n|-supereffective|p2b: Brute Bonnet\n|-damage|p2a: Lunala|31/100\n|-damage|p2b: Brute Bonnet|53/100\n|\n|-weather|SunnyDay|[upkeep]\n|upkeep\n|\n|t:|1746034379\n|switch|p1a: Raging Bolt|Raging Bolt, L50|100/100\n|-activate|p1a: Raging Bolt|ability: Protosynthesis\n|-start|p1a: Raging Bolt|protosynthesisspa\n|turn|5\n|inactive|Qicide has 30 seconds left.\n|\n|t:|1746034408\n|move|p2b: Brute Bonnet|Rage Powder|p2b: Brute Bonnet\n|-singleturn|p2b: Brute Bonnet|move: Rage Powder\n|move|p1a: Raging Bolt|Thunderbolt|p2b: Brute Bonnet\n|-resisted|p2b: Brute Bonnet\n|-damage|p2b: Brute Bonnet|17/100\n|move|p2a: Lunala|Meteor Beam||[still]\n|-prepare|p2a: Lunala|Meteor Beam\n|-boost|p2a: Lunala|spa|1\n|-enditem|p2a: Lunala|Power Herb\n|-anim|p2a: Lunala|Meteor Beam|p1b: Chi-Yu\n|-supereffective|p1b: Chi-Yu\n|-damage|p1b: Chi-Yu|0 fnt\n|faint|p1b: Chi-Yu\n|\n|-weather|none\n|-end|p2b: Brute Bonnet|Protosynthesis\n|-end|p1a: Raging Bolt|Protosynthesis\n|upkeep\n|\n|t:|1746034417\n|switch|p1b: Calyrex|Calyrex-Shadow, L50, tera:Normal|14/100\n|-ability|p1b: Calyrex|As One\n|-ability|p1b: Calyrex|Unnerve\n|turn|6\n|inactive|Qicide has 30 seconds left.\n|inactive|Dragoblaze12 has 30 seconds left.\n|inactive|Dragoblaze12 has 20 seconds left.\n|inactive|Dragoblaze12 has 15 seconds left.\n|inactive|Dragoblaze12 has 10 seconds left.\n|inactive|Dragoblaze12 has 5 seconds left.\n|\n|t:|1746034470\n|move|p2b: Brute Bonnet|Spore|p1a: Raging Bolt\n|-status|p1a: Raging Bolt|slp|[from] move: Spore\n|cant|p1a: Raging Bolt|slp\n|move|p2a: Lunala|Moongeist Beam|p1a: Raging Bolt\n|-damage|p1a: Raging Bolt|51/100 slp\n|move|p1b: Calyrex|Encore|p2b: Brute Bonnet\n|-start|p2b: Brute Bonnet|Encore\n|\n|upkeep\n|turn|7\n|inactive|Dragoblaze12 has 30 seconds left.\n|\n|t:|1746034496\n|-end|p2b: Brute Bonnet|Protosynthesis|[silent]\n|switch|p2b: Chi-Yu|Chi-Yu, L50|14/100\n|-ability|p2b: Chi-Yu|Beads of Ruin\n|move|p1b: Calyrex|Protect|p1b: Calyrex\n|-singleturn|p1b: Calyrex|Protect\n|cant|p1a: Raging Bolt|slp\n|move|p2a: Lunala|Moongeist Beam|p1a: Raging Bolt\n|-damage|p1a: Raging Bolt|0 fnt\n|faint|p1a: Raging Bolt\n|-end|p1a: Raging Bolt|Protosynthesis|[silent]\n|\n|-fieldend|move: Trick Room\n|upkeep\n|turn|8\n|c|\u2606Qicide|gg\n|c|\u2606Dragoblaze12|gg\n|\n|t:|1746034518\n|move|p2a: Lunala|Wide Guard|p2a: Lunala\n|-singleturn|p2a: Lunala|Wide Guard\n|move|p2b: Chi-Yu|Dark Pulse|p1b: Calyrex\n|-damage|p1b: Calyrex|0 fnt\n|faint|p1b: Calyrex\n|\n|win|Dragoblaze12\n|raw|Qicide's rating: 1326 &rarr; <strong>1310</strong><br />(-16 for losing)\n|raw|Dragoblaze12's rating: 1400 &rarr; <strong>1416</strong><br />(+16 for winning)\n", "uploadtime": 1746034521, "views": 16, "formatid": "gen9vgc2025regibo3", "rating": 1310, "private": 0, "password": null}