{"id": "gen9vgc2025regibo3-2354058233", "format": "[Gen 9] VGC 2025 Reg I (Bo3)", "players": ["Empleon", "Edmondantes97"], "log": "|j|\u2606Empleon\n|j|\u2606Edmondantes97\n|html|<table width=\"100%\"><tr><td align=\"left\">Empleon</td><td align=\"right\">Edmondantes97</tr><tr><td align=\"left\"><i class=\"fa fa-circle-o\"></i> <i class=\"fa fa-circle-o\"></i> </td><td align=\"right\"><i class=\"fa fa-circle-o\"></i> <i class=\"fa fa-circle-o\"></i> </tr></table>\n|uhtml|bestof|<h2><strong>Game 1</strong> of <a href=\"/game-bestof3-gen9vgc2025regibo3-2354058232\">a best-of-3</a></h2>\n|t:|1746031271\n|gametype|doubles\n|player|p1|Empleon|striker|1189\n|player|p2|Edmondantes97|lucas|1090\n|teamsize|p1|6\n|teamsize|p2|6\n|gen|9\n|tier|[Gen 9] VGC 2025 Reg I (Bo3)\n|rated|\n|rule|Species Clause: Limit one of each Pok\u00e9mon\n|rule|Item Clause: Limit 1 of each item\n|clearpoke\n|poke|p1|Ho-Oh, L50|\n|poke|p1|Terapagos, L50, M|\n|poke|p1|Grimmsnarl, L50, M|\n|poke|p1|Incineroar, L50, F|\n|poke|p1|Rillaboom, L50, F|\n|poke|p1|Raging Bolt, L50|\n|poke|p2|Ninetales-Alola, L50, M|\n|poke|p2|Kyurem-White, L50|\n|poke|p2|Lugia, L50|\n|poke|p2|Sinistcha, L50|\n|poke|p2|Incineroar, L50, M|\n|poke|p2|Glimmora, L50, M|\n|teampreview|4\n|showteam|p1|Ho-Oh||ClearAmulet|Regenerator|BraveBird,SacredFire,Tailwind,Protect||||||50|,,,,,Grass]Terapagos||Leftovers|TeraShift|TeraStarstorm,CalmMind,Protect,EarthPower|||M|||50|,,,,,Stellar]Grimmsnarl||LightClay|Prankster|Reflect,PartingShot,LightScreen,SpiritBreak|||M|||50|,,,,,Poison]Incineroar||SafetyGoggles|Intimidate|FakeOut,FlareBlitz,KnockOff,WillOWisp|||F|||50|,,,,,Ghost]Rillaboom||AssaultVest|GrassySurge|FakeOut,GrassyGlide,Uturn,HighHorsepower|||F|||50|,,,,,Fire]Raging Bolt||LifeOrb|Protosynthesis|Thunderclap,VoltSwitch,DracoMeteor,Protect||||||50|,,,,,Electric\n|showteam|p2|Ninetales-Alola||LightClay|SnowWarning|AuroraVeil,IcyWind,Moonblast,Protect|||M|||50|,,,,,Water]Kyurem-White||ChoiceSpecs|Turboblaze|Blizzard,DracoMeteor,EarthPower,FusionFlare||||||50|,,,,,Water]Lugia||Leftovers|Multiscale|CalmMind,Aeroblast,Tailwind,Protect||||||50|,,,,,Steel]Sinistcha||SitrusBerry|Hospitality|MatchaGotcha,LifeDew,TrickRoom,RagePowder||||||50|,,,,,Water]Incineroar||AguavBerry|Intimidate|FakeOut,Snarl,KnockOff,WillOWisp|||M|||50|,,,,,Grass]Glimmora||FocusSash|ToxicDebris|MortalSpin,PowerGem,SludgeBomb,Protect|||M|||50|,,,,,Grass\n|\n|t:|1746031340\n|start\n|switch|p1a: Grimmsnarl|Grimmsnarl, L50, M|100/100\n|switch|p1b: Terapagos|Terapagos, L50, M|100/100\n|switch|p2a: Glimmora|Glimmora, L50, M|100/100\n|switch|p2b: Ninetales|Ninetales-Alola, L50, M|100/100\n|-activate|p1b: Terapagos|ability: Tera Shift\n|detailschange|p1b: Terapagos|Terapagos-Terastal, L50, M\n|-heal|p1b: Terapagos|100/100|[silent]\n|-weather|Snowscape|[from] ability: Snow Warning|[of] p2b: Ninetales\n|turn|1\n|\n|t:|1746031375\n|move|p1a: Grimmsnarl|Light Screen|p1a: Grimmsnarl\n|-sidestart|p1: Empleon|move: Light Screen\n|move|p2b: Ninetales|Aurora Veil|p2b: Ninetales\n|-sidestart|p2: Edmondantes97|move: Aurora Veil\n|move|p2a: Glimmora|Mortal Spin|p1a: Grimmsnarl|[spread] p1a,p1b\n|-supereffective|p1a: Grimmsnarl\n|-activate|p1b: Terapagos|ability: Tera Shell\n|-resisted|p1b: Terapagos\n|-damage|p1a: Grimmsnarl|92/100\n|-damage|p1b: Terapagos|99/100\n|-status|p1a: Grimmsnarl|psn\n|-status|p1b: Terapagos|psn\n|move|p1b: Terapagos|Calm Mind|p1b: Terapagos\n|-boost|p1b: Terapagos|spa|1\n|-boost|p1b: Terapagos|spd|1\n|\n|-weather|Snowscape|[upkeep]\n|-heal|p1b: Terapagos|100/100 psn|[from] item: Leftovers\n|-damage|p1b: Terapagos|88/100 psn|[from] psn\n|-damage|p1a: Grimmsnarl|79/100 psn|[from] psn\n|upkeep\n|turn|2\n|\n|t:|1746031429\n|move|p2b: Ninetales|Moonblast|p1a: Grimmsnarl\n|-supereffective|p1a: Grimmsnarl\n|-damage|p1a: Grimmsnarl|41/100 psn\n|move|p2a: Glimmora|Sludge Bomb|p1a: Grimmsnarl\n|-supereffective|p1a: Grimmsnarl\n|-damage|p1a: Grimmsnarl|0 fnt\n|faint|p1a: Grimmsnarl\n|move|p1b: Terapagos|Earth Power|p2a: Glimmora\n|-supereffective|p2a: Glimmora\n|-enditem|p2a: Glimmora|Focus Sash\n|-damage|p2a: Glimmora|1/100\n|-unboost|p2a: Glimmora|spd|1\n|\n|-weather|Snowscape|[upkeep]\n|-heal|p1b: Terapagos|94/100 psn|[from] item: Leftovers\n|-damage|p1b: Terapagos|82/100 psn|[from] psn\n|upkeep\n|\n|t:|1746031448\n|switch|p1a: Ho-Oh|Ho-Oh, L50|100/100\n|turn|3\n|\n|t:|1746031481\n|switch|p2b: Lugia|Lugia, L50|100/100\n|-terastallize|p1b: Terapagos|Stellar\n|detailschange|p1b: Terapagos|Terapagos-Stellar, L50, M, tera:Stellar\n|-heal|p1b: Terapagos|87/100 psn|[silent]\n|-ability|p1b: Terapagos|Teraform Zero\n|-weather|none\n|move|p1a: Ho-Oh|Protect|p1a: Ho-Oh\n|-singleturn|p1a: Ho-Oh|Protect\n|move|p2a: Glimmora|Power Gem|p1a: Ho-Oh\n|-activate|p1a: Ho-Oh|move: Protect\n|move|p1b: Terapagos|Tera Starstorm|p2b: Lugia|[spread] p2a,p2b\n|-damage|p2a: Glimmora|0 fnt\n|-damage|p2b: Lugia|88/100\n|faint|p2a: Glimmora\n|\n|-heal|p2b: Lugia|94/100|[from] item: Leftovers\n|-heal|p1b: Terapagos|93/100 psn|[from] item: Leftovers\n|-damage|p1b: Terapagos|81/100 psn|[from] psn\n|upkeep\n|\n|t:|1746031500\n|switch|p2a: Kyurem|Kyurem-White, L50|100/100\n|-ability|p2a: Kyurem|Turboblaze\n|turn|4\n|\n|t:|1746031547\n|move|p2a: Kyurem|Draco Meteor|p1b: Terapagos\n|-damage|p1b: Terapagos|44/100 psn\n|-unboost|p2a: Kyurem|spa|2\n|move|p2b: Lugia|Tailwind|p2b: Lugia\n|-sidestart|p2: Edmondantes97|move: Tailwind\n|move|p1a: Ho-Oh|Tailwind|p1a: Ho-Oh\n|-sidestart|p1: Empleon|move: Tailwind\n|move|p1b: Terapagos|Calm Mind|p1b: Terapagos\n|-boost|p1b: Terapagos|spa|1\n|-boost|p1b: Terapagos|spd|1\n|\n|-heal|p2b: Lugia|100/100|[from] item: Leftovers\n|-heal|p1b: Terapagos|50/100 psn|[from] item: Leftovers\n|-damage|p1b: Terapagos|38/100 psn|[from] psn\n|upkeep\n|turn|5\n|c|\u2606Edmondantes97|Ho-Oh in front of Lugia, top of lore! ahah\n|c|\u2606Empleon|yeah ahahahaha\n|\n|t:|1746031597\n|switch|p2a: Ninetales|Ninetales-Alola, L50, M|100/100\n|-weather|Snowscape|[from] ability: Snow Warning|[of] p2a: Ninetales\n|move|p2b: Lugia|Calm Mind|p2b: Lugia\n|-boost|p2b: Lugia|spa|1\n|-boost|p2b: Lugia|spd|1\n|move|p1a: Ho-Oh|Sacred Fire|p2a: Ninetales\n|-supereffective|p2a: Ninetales\n|-damage|p2a: Ninetales|33/100\n|move|p1b: Terapagos|Tera Starstorm|p2b: Lugia|[spread] p2a,p2b\n|-damage|p2a: Ninetales|0 fnt\n|-damage|p2b: Lugia|90/100\n|faint|p2a: Ninetales\n|\n|-weather|Snowscape|[upkeep]\n|-heal|p2b: Lugia|96/100|[from] item: Leftovers\n|-heal|p1b: Terapagos|44/100 psn|[from] item: Leftovers\n|-damage|p1b: Terapagos|32/100 psn|[from] psn\n|upkeep\n|\n|t:|1746031614\n|switch|p2a: Kyurem|Kyurem-White, L50|100/100\n|-ability|p2a: Kyurem|Turboblaze\n|turn|6\n|\n|t:|1746031653\n|move|p1b: Terapagos|Protect|p1b: Terapagos\n|-singleturn|p1b: Terapagos|Protect\n|move|p2a: Kyurem|Blizzard|p1b: Terapagos|[spread] p1a\n|-activate|p1b: Terapagos|move: Protect\n|-damage|p1a: Ho-Oh|66/100\n|move|p2b: Lugia|Aeroblast|p1a: Ho-Oh\n|-damage|p1a: Ho-Oh|48/100\n|move|p1a: Ho-Oh|Brave Bird|p2b: Lugia\n|-damage|p2b: Lugia|68/100\n|-damage|p1a: Ho-Oh|38/100|[from] Recoil\n|\n|-weather|Snowscape|[upkeep]\n|-heal|p2b: Lugia|74/100|[from] item: Leftovers\n|-heal|p1b: Terapagos|38/100 psn|[from] item: Leftovers\n|-damage|p1b: Terapagos|26/100 psn|[from] psn\n|upkeep\n|turn|7\n|\n|t:|1746031757\n|move|p2a: Kyurem|Blizzard|p1a: Ho-Oh|[spread] p1a,p1b\n|-crit|p1a: Ho-Oh\n|-damage|p1a: Ho-Oh|0 fnt\n|-damage|p1b: Terapagos|8/100 psn\n|faint|p1a: Ho-Oh\n|move|p2b: Lugia|Aeroblast|p1b: Terapagos|[miss]\n|-miss|p2b: Lugia|p1b: Terapagos\n|move|p1b: Terapagos|Tera Starstorm|p2b: Lugia|[spread] p2a,p2b\n|-damage|p2a: Kyurem|55/100\n|-damage|p2b: Lugia|54/100\n|\n|-weather|Snowscape|[upkeep]\n|-heal|p2b: Lugia|61/100|[from] item: Leftovers\n|-heal|p1b: Terapagos|14/100 psn|[from] item: Leftovers\n|-damage|p1b: Terapagos|2/100 psn|[from] psn\n|-sideend|p1: Empleon|move: Tailwind\n|-sideend|p2: Edmondantes97|move: Tailwind\n|upkeep\n|\n|t:|1746031771\n|switch|p1a: Rillaboom|Rillaboom, L50, F|100/100\n|-fieldstart|move: Grassy Terrain|[from] ability: Grassy Surge|[of] p1a: Rillaboom\n|turn|8\n|\n|t:|1746031789\n|move|p2b: Lugia|Protect|p2b: Lugia\n|-singleturn|p2b: Lugia|Protect\n|move|p1a: Rillaboom|Fake Out|p2a: Kyurem\n|-damage|p2a: Kyurem|48/100\n|cant|p2a: Kyurem|flinch\n|move|p1b: Terapagos|Tera Starstorm|p2a: Kyurem|[spread] p2a\n|-activate|p2b: Lugia|move: Protect\n|-damage|p2a: Kyurem|1/100\n|\n|-weather|Snowscape|[upkeep]\n|-heal|p2a: Kyurem|7/100|[from] Grassy Terrain\n|-heal|p2b: Lugia|67/100|[from] item: Leftovers\n|-heal|p1b: Terapagos|8/100 psn|[from] Grassy Terrain\n|-heal|p1b: Terapagos|14/100 psn|[from] item: Leftovers\n|-damage|p1b: Terapagos|2/100 psn|[from] psn\n|-sideend|p1: Empleon|move: Light Screen\n|-sideend|p2: Edmondantes97|move: Aurora Veil\n|upkeep\n|turn|9\n|\n|t:|1746031812\n|move|p1b: Terapagos|Protect|p1b: Terapagos\n|-singleturn|p1b: Terapagos|Protect\n|move|p1a: Rillaboom|Grassy Glide|p2a: Kyurem\n|-resisted|p2a: Kyurem\n|-damage|p2a: Kyurem|0 fnt\n|faint|p2a: Kyurem\n|move|p2b: Lugia|Aeroblast|p1b: Terapagos\n|-activate|p1b: Terapagos|move: Protect\n|\n|-weather|none\n|-heal|p2b: Lugia|73/100|[from] item: Leftovers\n|-heal|p1b: Terapagos|8/100 psn|[from] Grassy Terrain\n|-heal|p1b: Terapagos|14/100 psn|[from] item: Leftovers\n|-damage|p1b: Terapagos|2/100 psn|[from] psn\n|upkeep\n|turn|10\n|\n|t:|1746031833\n|move|p1a: Rillaboom|Grassy Glide|p2b: Lugia\n|-resisted|p2b: Lugia\n|-damage|p2b: Lugia|60/100\n|move|p2b: Lugia|Aeroblast|p1b: Terapagos\n|-damage|p1b: Terapagos|0 fnt\n|faint|p1b: Terapagos\n|\n|-heal|p2b: Lugia|66/100|[from] item: Leftovers\n|upkeep\n|turn|11\n|\n|t:|1746031867\n|move|p2b: Lugia|Aeroblast|p1a: Rillaboom\n|-supereffective|p1a: Rillaboom\n|-damage|p1a: Rillaboom|24/100\n|move|p1a: Rillaboom|U-turn|p2b: Lugia\n|-damage|p2b: Lugia|51/100\n|\n|-heal|p2b: Lugia|57/100|[from] item: Leftovers\n|-heal|p1a: Rillaboom|31/100|[from] Grassy Terrain\n|upkeep\n|turn|12\n|c|\u2606Empleon|just testing the damage of uturn instead of grassy glide\n|c|\u2606Empleon|ok gg\n|c|\u2606Edmondantes97|gg!\n|-message|Empleon forfeited.\n|\n|win|Edmondantes97\n|l|\u2606Empleon\n|player|p1|\n||Empleon is ready for game 2.\n||Edmondantes97 is ready for game 2.\n|uhtml|next|Next: <a href=\"/battle-gen9vgc2025regibo3-2354065565\"><strong>Game 2 of 3</strong></a>\n", "uploadtime": 1746032159, "views": 6, "formatid": "gen9vgc2025regibo3", "rating": null, "private": 0, "password": null}