{"id": "gen9vgc2025regibo3-2354006115", "format": "[Gen 9] VGC 2025 Reg I (Bo3)", "players": ["popeye114", "KodeBeast0526"], "log": "|j|\u2606popeye114\n|j|\u2606KodeBeast0526\n|html|<table width=\"100%\"><tr><td align=\"left\">popeye114</td><td align=\"right\">KodeBeast0526</tr><tr><td align=\"left\"><i class=\"fa fa-circle-o\"></i> <i class=\"fa fa-circle-o\"></i> </td><td align=\"right\"><i class=\"fa fa-circle-o\"></i> <i class=\"fa fa-circle\"></i> </tr></table>\n|uhtml|bestof|<h2><strong>Game 2</strong> of <a href=\"/game-bestof3-gen9vgc2025regibo3-2354004203\">a best-of-3</a></h2>\n|t:|1746026858\n|gametype|doubles\n|player|p1|popeye114|265|1115\n|player|p2|KodeBeast0526|wattson|1151\n|teamsize|p1|6\n|teamsize|p2|6\n|gen|9\n|tier|[Gen 9] VGC 2025 Reg I (Bo3)\n|rated|\n|rule|Species Clause: Limit one of each Pok\u00e9mon\n|rule|Item Clause: Limit 1 of each item\n|clearpoke\n|poke|p1|Calyrex-Shadow, L50|\n|poke|p1|Salamence, L50, M|\n|poke|p1|Talonflame, L50, M|\n|poke|p1|Cresselia, L50, F|\n|poke|p1|Zamazenta-*, L50|\n|poke|p1|Indeedee-F, L50, F|\n|poke|p2|Kyogre, L50|\n|poke|p2|Roaring Moon, L50|\n|poke|p2|Rillaboom, L50, F|\n|poke|p2|Incineroar, L50, M|\n|poke|p2|Urshifu-*, L50, F|\n|poke|p2|Calyrex-Shadow, L50|\n|teampreview|4\n|showteam|p1|Calyrex-Shadow||LifeOrb|AsOneSpectrier|AstralBarrage,Protect,ExpandingForce,PollenPuff||||||50|,,,,,Normal]Salamence||ChoiceScarf|Moxie|Earthquake,IronHead,Crunch,Outrage|||M|||50|,,,,,Ground]Talonflame||FocusSash|GaleWings|Tailwind,Uturn,UpperHand,BraveBird|||M|||50|,,,,,Flying]Cresselia||Leftovers|Levitate|HelpingHand,LunarBlessing,TrickRoom,DazzlingGleam|||F|||50|,,,,,Fairy]Zamazenta-Crowned||RustedShield|DauntlessShield|WideGuard,behemothbash,BodyPress,IronDefense||||||50|,,,,,Fighting]Indeedee-F||RockyHelmet|PsychicSurge|HelpingHand,FollowMe,TrickRoom,Imprison|||F|||50|,,,,,Fairy\n|showteam|p2|Kyogre||MysticWater|Drizzle|OriginPulse,WaterSpout,IceBeam,Protect||||||50|,,,,,Water]Roaring Moon||BoosterEnergy|Protosynthesis|Acrobatics,KnockOff,Protect,Tailwind||||||50|,,,,,Flying]Rillaboom||AssaultVest|GrassySurge|FakeOut,WoodHammer,GrassyGlide,Uturn|||F|||50|,,,,,Fire]Incineroar||RockyHelmet|Intimidate|FakeOut,PartingShot,KnockOff,WillOWisp|||M|||50|,,,,,Bug]Urshifu-Rapid-Strike||LifeOrb|UnseenFist|SurgingStrikes,CloseCombat,AquaJet,Detect|||F|||50|,,,,,Grass]Calyrex-Shadow||FocusSash|AsOneSpectrier|Protect,AstralBarrage,Encore,Disable||||||50|,,,,,Dark\n|\n|t:|1746026881\n|start\n|switch|p1a: Talonflame|Talonflame, L50, M|100/100\n|switch|p1b: Zamazenta|Zamazenta-Crowned, L50|100/100\n|switch|p2a: Kyogre|Kyogre, L50, shiny|100/100\n|switch|p2b: Roaring Moon|Roaring Moon, L50, shiny|100/100\n|-ability|p1b: Zamazenta|Dauntless Shield|boost\n|-boost|p1b: Zamazenta|def|1\n|-weather|RainDance|[from] ability: Drizzle|[of] p2a: Kyogre\n|-enditem|p2b: Roaring Moon|Booster Energy\n|-activate|p2b: Roaring Moon|ability: Protosynthesis|[fromitem]\n|-start|p2b: Roaring Moon|protosynthesisspe\n|turn|1\n|\n|t:|1746026899\n|move|p1a: Talonflame|Tailwind|p1a: Talonflame\n|-sidestart|p1: popeye114|move: Tailwind\n|move|p1b: Zamazenta|Body Press|p2b: Roaring Moon\n|-supereffective|p2b: Roaring Moon\n|-damage|p2b: Roaring Moon|0 fnt\n|faint|p2b: Roaring Moon\n|-end|p2b: Roaring Moon|Protosynthesis|[silent]\n|move|p2a: Kyogre|Ice Beam|p1a: Talonflame\n|-damage|p1a: Talonflame|46/100\n|\n|-weather|RainDance|[upkeep]\n|upkeep\n|\n|t:|1746026906\n|switch|p2b: Rillaboom|Rillaboom, L50, F, shiny|100/100\n|-fieldstart|move: Grassy Terrain|[from] ability: Grassy Surge|[of] p2b: Rillaboom\n|turn|2\n|\n|t:|1746026921\n|move|p1a: Talonflame|Upper Hand|p2b: Rillaboom\n|-damage|p2b: Rillaboom|83/100\n|cant|p2b: Rillaboom|flinch\n|move|p1b: Zamazenta|Body Press|p2a: Kyogre\n|-damage|p2a: Kyogre|20/100\n|move|p2a: Kyogre|Origin Pulse|p1b: Zamazenta|[spread] p1a,p1b\n|-supereffective|p1a: Talonflame\n|-damage|p1a: Talonflame|0 fnt\n|-damage|p1b: Zamazenta|36/100\n|faint|p1a: Talonflame\n|\n|-weather|RainDance|[upkeep]\n|-heal|p1b: Zamazenta|42/100|[from] Grassy Terrain\n|-heal|p2a: Kyogre|27/100|[from] Grassy Terrain\n|-heal|p2b: Rillaboom|88/100|[from] Grassy Terrain\n|upkeep\n|\n|t:|1746026936\n|switch|p1a: Calyrex|Calyrex-Shadow, L50|100/100\n|-ability|p1a: Calyrex|As One\n|-ability|p1a: Calyrex|Unnerve\n|turn|3\n|\n|t:|1746026944\n|move|p2a: Kyogre|Protect|p2a: Kyogre\n|-singleturn|p2a: Kyogre|Protect\n|move|p2b: Rillaboom|Grassy Glide|p1a: Calyrex\n|-damage|p1a: Calyrex|56/100\n|move|p1a: Calyrex|Astral Barrage|p2a: Kyogre|[spread] p2b\n|-activate|p2a: Kyogre|move: Protect\n|-damage|p2b: Rillaboom|38/100\n|-damage|p1a: Calyrex|47/100|[from] item: Life Orb\n|move|p1b: Zamazenta|Body Press|p2b: Rillaboom\n|-damage|p2b: Rillaboom|0 fnt\n|faint|p2b: Rillaboom\n|\n|-weather|RainDance|[upkeep]\n|-heal|p1a: Calyrex|53/100|[from] Grassy Terrain\n|-heal|p1b: Zamazenta|48/100|[from] Grassy Terrain\n|-heal|p2a: Kyogre|33/100|[from] Grassy Terrain\n|upkeep\n|\n|t:|1746026956\n|switch|p2b: Calyrex|Calyrex-Shadow, L50|100/100\n|-ability|p2b: Calyrex|As One\n|-ability|p2b: Calyrex|Unnerve\n|turn|4\n|\n|t:|1746026971\n|move|p2b: Calyrex|Protect|p2b: Calyrex\n|-singleturn|p2b: Calyrex|Protect\n|move|p2a: Kyogre|Protect|p2a: Kyogre\n|-singleturn|p2a: Kyogre|Protect\n|move|p1b: Zamazenta|Wide Guard|p1b: Zamazenta\n|-singleturn|p1b: Zamazenta|Wide Guard\n|move|p1a: Calyrex|Astral Barrage|p2a: Kyogre|[spread] \n|-activate|p2a: Kyogre|move: Protect\n|-activate|p2b: Calyrex|move: Protect\n|\n|-weather|RainDance|[upkeep]\n|-heal|p1a: Calyrex|59/100|[from] Grassy Terrain\n|-heal|p1b: Zamazenta|54/100|[from] Grassy Terrain\n|-heal|p2a: Kyogre|39/100|[from] Grassy Terrain\n|-sideend|p1: popeye114|move: Tailwind\n|upkeep\n|turn|5\n|\n|t:|1746027019\n|move|p1b: Zamazenta|Wide Guard|p1b: Zamazenta\n|-singleturn|p1b: Zamazenta|Wide Guard\n|move|p2b: Calyrex|Disable|p1b: Zamazenta\n|-start|p1b: Zamazenta|Disable|Wide Guard\n|move|p1a: Calyrex|Astral Barrage|p2a: Kyogre|[spread] p2a,p2b\n|-supereffective|p2b: Calyrex\n|-damage|p2a: Kyogre|0 fnt\n|-enditem|p2b: Calyrex|Focus Sash\n|-damage|p2b: Calyrex|1/100\n|faint|p2a: Kyogre\n|-ability|p1a: Calyrex|Grim Neigh|boost\n|-boost|p1a: Calyrex|spa|1\n|-damage|p1a: Calyrex|49/100|[from] item: Life Orb\n|\n|-weather|none\n|-heal|p1a: Calyrex|56/100|[from] Grassy Terrain\n|-heal|p2b: Calyrex|7/100|[from] Grassy Terrain\n|-heal|p1b: Zamazenta|60/100|[from] Grassy Terrain\n|upkeep\n|turn|6\n|\n|t:|1746027041\n|move|p1a: Calyrex|Astral Barrage|p2b: Calyrex\n|-supereffective|p2b: Calyrex\n|-crit|p2b: Calyrex\n|-damage|p2b: Calyrex|0 fnt\n|faint|p2b: Calyrex\n|-damage|p1a: Calyrex|46/100|[from] item: Life Orb\n|\n|win|popeye114\n||popeye114 is ready for game 3.\n||KodeBeast0526 is ready for game 3.\n|uhtml|next|Next: <a href=\"/battle-gen9vgc2025regibo3-2354008321\"><strong>Game 3 of 3</strong></a>\n|l|\u2606popeye114\n|player|p1|\n|l|\u2606KodeBeast0526\n|player|p2|\n", "uploadtime": 1746027376, "views": 6, "formatid": "gen9vgc2025regibo3", "rating": null, "private": 0, "password": null}