{"id": "gen9vgc2025regibo3-2354922650", "format": "[Gen 9] VGC 2025 Reg I (Bo3)", "players": ["Urric", "subinator"], "log": "|j|\u2606Urric\n|j|\u2606subinator\n|html|<table width=\"100%\"><tr><td align=\"left\">Urric</td><td align=\"right\">subinator</tr><tr><td align=\"left\"><i class=\"fa fa-circle-o\"></i> <i class=\"fa fa-circle-o\"></i> </td><td align=\"right\"><i class=\"fa fa-circle-o\"></i> <i class=\"fa fa-circle-o\"></i> </tr></table>\n|uhtml|bestof|<h2><strong>Game 1</strong> of <a href=\"/game-bestof3-gen9vgc2025regibo3-2354922649\">a best-of-3</a></h2>\n|t:|1746132077\n|gametype|doubles\n|player|p1|Urric|wattson|1070\n|player|p2|subinator|2|1140\n|teamsize|p1|6\n|teamsize|p2|6\n|gen|9\n|tier|[Gen 9] VGC 2025 Reg I (Bo3)\n|rated|\n|rule|Species Clause: Limit one of each Pok\u00e9mon\n|rule|Item Clause: Limit 1 of each item\n|clearpoke\n|poke|p1|Koraidon, L50|\n|poke|p1|Chi-Yu, L50|\n|poke|p1|Rillaboom, L50, F|\n|poke|p1|Raging Bolt, L50|\n|poke|p1|Zacian-*, L50|\n|poke|p1|Flutter Mane, L50|\n|poke|p2|Iron Valiant, L50|\n|poke|p2|Iron Hands, L50|\n|poke|p2|Miraidon, L50|\n|poke|p2|Weezing-Galar, L50, M|\n|poke|p2|Calyrex-Ice, L50|\n|poke|p2|Iron Bundle, L50|\n|teampreview|4\n|showteam|p1|Koraidon||ClearAmulet|OrichalcumPulse|CollisionCourse,FlareBlitz,Protect,DragonClaw||||||50|,,,,,Fire]Chi-Yu||LifeOrb|BeadsofRuin|HeatWave,DarkPulse,Protect,Snarl||||||50|,,,,,Fire]Rillaboom||AssaultVest|GrassySurge|GrassyGlide,FakeOut,WoodHammer,Uturn|||F|||50|,,,,,Water]Raging Bolt||CovertCloak|Protosynthesis|Snarl,Thunderclap,DracoMeteor,Thunderbolt||||||50|,,,,,Fairy]Zacian-Crowned||RustedSword|IntrepidSword|behemothblade,PlayRough,SacredSword,Protect||||||50|,,,,,Fire]Flutter Mane||FocusSash|Protosynthesis|IcyWind,Moonblast,ShadowBall,Protect||||||50|,,,,,Normal\n|showteam|p2|Iron Valiant||LifeOrb|QuarkDrive|CloseCombat,KnockOff,WideGuard,SpiritBreak||||||50|,,,,,Ghost]Iron Hands||PunchingGlove|QuarkDrive|FakeOut,DrainPunch,ThunderPunch,Detect||||||50|,,,,,Poison]Miraidon||EjectPack|HadronEngine|Protect,Overheat,VoltSwitch,DracoMeteor||||||50|,,,,,Fire]Weezing-Galar||AirBalloon|NeutralizingGas|DazzlingGleam,WillOWisp,SludgeBomb,Protect|||M|||50|,,,,,Steel]Calyrex-Ice||ClearAmulet|AsOneGlastrier|GlacialLance,HighHorsepower,TrickRoom,Protect||||||50|,,,,,Fire]Iron Bundle||FocusSash|QuarkDrive|IcyWind,FreezeDry,HydroPump,Protect||||||50|,,,,,Ghost\n|j| Gigagilbert\n|l| Gigagilbert\n|\n|t:|1746132124\n|start\n|switch|p1a: Gorilakalimotxo|Rillaboom, L50, F|100/100\n|switch|p1b: Zacian|Zacian-Crowned, L50|100/100\n|switch|p2a: Calyrex|Calyrex-Ice, L50|100/100\n|switch|p2b: Iron Bundle|Iron Bundle, L50|100/100\n|-ability|p2a: Calyrex|As One\n|-ability|p2a: Calyrex|Unnerve\n|-ability|p1b: Zacian|Intrepid Sword|boost\n|-boost|p1b: Zacian|atk|1\n|-fieldstart|move: Grassy Terrain|[from] ability: Grassy Surge|[of] p1a: Gorilakalimotxo\n|turn|1\n|\n|t:|1746132176\n|move|p2b: Iron Bundle|Protect|p2b: Iron Bundle\n|-singleturn|p2b: Iron Bundle|Protect\n|move|p2a: Calyrex|Protect|p2a: Calyrex\n|-singleturn|p2a: Calyrex|Protect\n|move|p1a: Gorilakalimotxo|Fake Out|p2b: Iron Bundle\n|-activate|p2b: Iron Bundle|move: Protect\n|move|p1b: Zacian|Behemoth Blade|p2a: Calyrex\n|-activate|p2a: Calyrex|move: Protect\n|\n|upkeep\n|turn|2\n|\n|t:|1746132199\n|-terastallize|p2a: Calyrex|Fire\n|move|p1a: Gorilakalimotxo|Grassy Glide|p2b: Iron Bundle\n|-supereffective|p2b: Iron Bundle\n|-damage|p2b: Iron Bundle|18/100\n|move|p1b: Zacian|Sacred Sword|p2a: Calyrex\n|-damage|p2a: Calyrex|66/100\n|move|p2b: Iron Bundle|Freeze-Dry|p1a: Gorilakalimotxo\n|-supereffective|p1a: Gorilakalimotxo\n|-damage|p1a: Gorilakalimotxo|54/100\n|move|p2a: Calyrex|Glacial Lance|p1b: Zacian|[spread] p1a,p1b\n|-supereffective|p1a: Gorilakalimotxo\n|-resisted|p1b: Zacian\n|-damage|p1a: Gorilakalimotxo|0 fnt\n|-damage|p1b: Zacian|74/100\n|faint|p1a: Gorilakalimotxo\n|-ability|p2a: Calyrex|Chilling Neigh|boost\n|-boost|p2a: Calyrex|atk|1\n|\n|-heal|p1b: Zacian|80/100|[from] Grassy Terrain\n|-heal|p2b: Iron Bundle|24/100|[from] Grassy Terrain\n|-heal|p2a: Calyrex|73/100|[from] Grassy Terrain\n|upkeep\n|\n|t:|1746132229\n|switch|p1a: Koraidon|Koraidon, L50|100/100\n|-weather|SunnyDay|[from] ability: Orichalcum Pulse|[of] p1a: Koraidon\n|-activate|p1a: Koraidon|Orichalcum Pulse|[source]\n|turn|3\n|\n|t:|1746132296\n|-terastallize|p1a: Koraidon|Fire\n|move|p1b: Zacian|Sacred Sword|p2a: Calyrex\n|-damage|p2a: Calyrex|40/100\n|move|p2b: Iron Bundle|Icy Wind|p1a: Koraidon|[spread] p1a,p1b\n|-resisted|p1a: Koraidon\n|-crit|p1a: Koraidon\n|-resisted|p1b: Zacian\n|-damage|p1a: Koraidon|85/100\n|-damage|p1b: Zacian|69/100\n|-unboost|p1b: Zacian|spe|1\n|move|p1a: Koraidon|Collision Course|p2b: Iron Bundle\n|-supereffective|p2b: Iron Bundle\n|-damage|p2b: Iron Bundle|0 fnt\n|faint|p2b: Iron Bundle\n|-end|p2b: Iron Bundle|Quark Drive|[silent]\n|move|p2a: Calyrex|Trick Room|p2a: Calyrex\n|-fieldstart|move: Trick Room|[of] p2a: Calyrex\n|\n|-weather|SunnyDay|[upkeep]\n|-heal|p2a: Calyrex|46/100|[from] Grassy Terrain\n|-heal|p1b: Zacian|75/100|[from] Grassy Terrain\n|-heal|p1a: Koraidon|91/100|[from] Grassy Terrain\n|upkeep\n|\n|t:|1746132317\n|switch|p2b: Miraidon|Miraidon, L50|100/100\n|-fieldstart|move: Electric Terrain|[from] ability: Hadron Engine|[of] p2b: Miraidon\n|turn|4\n|\n|t:|1746132334\n|move|p2a: Calyrex|High Horsepower|p1b: Zacian|[miss]\n|-miss|p2a: Calyrex|p1b: Zacian\n|move|p1b: Zacian|Play Rough|p2b: Miraidon\n|-supereffective|p2b: Miraidon\n|-damage|p2b: Miraidon|0 fnt\n|faint|p2b: Miraidon\n|move|p1a: Koraidon|Dragon Claw|p2a: Calyrex\n|-damage|p2a: Calyrex|8/100\n|\n|-weather|SunnyDay|[upkeep]\n|upkeep\n|\n|t:|1746132341\n|switch|p2b: Weezing|Weezing-Galar, L50, M|100/100\n|-ability|p2b: Weezing|Neutralizing Gas\n|-item|p2b: Weezing|Air Balloon\n|turn|5\n|\n|t:|1746132364\n|move|p2a: Calyrex|High Horsepower|p1b: Zacian\n|-supereffective|p1b: Zacian\n|-damage|p1b: Zacian|0 fnt\n|faint|p1b: Zacian\n|-ability|p2a: Calyrex|Chilling Neigh|boost\n|-boost|p2a: Calyrex|atk|1\n|move|p2b: Weezing|Sludge Bomb|p1a: Koraidon\n|-damage|p1a: Koraidon|62/100\n|move|p1a: Koraidon|Collision Course|p2a: Calyrex\n|-damage|p2a: Calyrex|0 fnt\n|faint|p2a: Calyrex\n|\n|-weather|SunnyDay|[upkeep]\n|upkeep\n|\n|t:|1746132377\n|switch|p1b: Chi-Yu|Chi-Yu, L50|100/100\n|turn|6\n|\n|t:|1746132385\n|move|p2b: Weezing|Sludge Bomb|p1a: Koraidon\n|-damage|p1a: Koraidon|33/100\n|move|p1b: Chi-Yu|Heat Wave|p2b: Weezing\n|-crit|p2b: Weezing\n|-damage|p2b: Weezing|0 fnt\n|-enditem|p2b: Weezing|Air Balloon\n|faint|p2b: Weezing\n|-end|p2b: Weezing|ability: Neutralizing Gas\n|-ability|p1b: Chi-Yu|Beads of Ruin\n|-activate|p1a: Koraidon|ability: Orichalcum Pulse\n|-damage|p1b: Chi-Yu|91/100|[from] item: Life Orb\n|\n|win|Urric\n||subinator is ready for game 2.\n|inactive|Urric has 30 seconds to confirm battle start!\n", "uploadtime": 1746132398, "views": 7, "formatid": "gen9vgc2025regibo3", "rating": null, "private": 0, "password": null}