{"id": "gen9vgc2025regibo3-2354951386", "format": "[Gen 9] VGC 2025 Reg I (Bo3)", "players": ["playerxd23214", "HelhiemFiend"], "log": "|j|\u2606playerxd23214\n|j|\u2606HelhiemFiend\n|html|<table width=\"100%\"><tr><td align=\"left\">playerxd23214</td><td align=\"right\">HelhiemFiend</tr><tr><td align=\"left\"><i class=\"fa fa-circle-o\"></i> <i class=\"fa fa-circle-o\"></i> </td><td align=\"right\"><i class=\"fa fa-circle-o\"></i> <i class=\"fa fa-circle-o\"></i> </tr></table>\n|uhtml|bestof|<h2><strong>Game 1</strong> of <a href=\"/game-bestof3-gen9vgc2025regibo3-2354951385\">a best-of-3</a></h2>\n|t:|1746135021\n|gametype|doubles\n|player|p1|playerxd23214|102|1198\n|player|p2|HelhiemFiend|170|1152\n|teamsize|p1|6\n|teamsize|p2|6\n|gen|9\n|tier|[Gen 9] VGC 2025 Reg I (Bo3)\n|rated|\n|rule|Species Clause: Limit one of each Pok\u00e9mon\n|rule|Item Clause: Limit 1 of each item\n|clearpoke\n|poke|p1|Zacian-*, L50|\n|poke|p1|Grimmsnarl, L50, M|\n|poke|p1|Charizard, L50, M|\n|poke|p1|Groudon, L50|\n|poke|p1|Gastrodon-East, L50, M|\n|poke|p1|Incineroar, L50, F|\n|poke|p2|Calyrex-Ice, L50|\n|poke|p2|Zamazenta-*, L50|\n|poke|p2|Incineroar, L50, F|\n|poke|p2|Flutter Mane, L50|\n|poke|p2|Chien-Pao, L50|\n|poke|p2|Grimmsnarl, L50, M|\n|teampreview|4\n|showteam|p1|Zacian-Crowned||RustedSword|IntrepidSword|behemothblade,SwordsDance,PlayRough,Protect||||||50|,,,,,Ground]Grimmsnarl||LightClay|Prankster|ThunderWave,LightScreen,FoulPlay,Reflect|||M|||50|,,,,,Ghost]Charizard||ChoiceScarf|SolarPower|Overheat,HeatWave,DragonPulse,WeatherBall|||M|||50|,,,,,Ghost]Groudon||ClearAmulet|Drought|HeatCrash,PrecipiceBlades,Protect,StompingTantrum||||||50|,,,,,Fire]Gastrodon-East||Leftovers|StormDrain|Protect,Yawn,IceBeam,EarthPower|||M|||50|,,,,,Fairy]Incineroar||SafetyGoggles|Intimidate|FakeOut,PartingShot,FlareBlitz,Taunt|||F|||50|,,,,,Ghost\n|showteam|p2|Calyrex-Ice||ClearAmulet|AsOneGlastrier|GlacialLance,HighHorsepower,TrickRoom,Protect||||||50|,,,,,Fire]Zamazenta-Crowned||RustedShield|DauntlessShield|BodyPress,IronDefense,WideGuard,Protect||||||50|,,,,,Dragon]Incineroar||AssaultVest|Intimidate|FlareBlitz,KnockOff,FakeOut,Uturn|||F|||50|,,,,,Grass]Flutter Mane||BoosterEnergy|Protosynthesis|Moonblast,ShadowBall,IcyWind,Protect||||||50|,,,,,Normal]Chien-Pao||FocusSash|SwordofRuin|IceSpinner,ThroatChop,SuckerPunch,Protect||||||50|,,,,,Ghost]Grimmsnarl||LightClay|Prankster|SpiritBreak,ThunderWave,LightScreen,Reflect|||M|||50|,,,,,Ghost\n|inactive|Battle timer is ON: inactive players will automatically lose when time's up. (requested by HelhiemFiend)\n|c|\u2606HelhiemFiend|glhf\n|inactive|playerxd23214 has 60 seconds left.\n|\n|t:|1746135085\n|start\n|switch|p1a: Zacian|Zacian-Crowned, L50, shiny|100/100\n|switch|p1b: Grimmsnarl|Grimmsnarl, L50, M|100/100\n|switch|p2a: Cringe|Incineroar, L50, F|100/100\n|switch|p2b: Normal Stats|Calyrex-Ice, L50|100/100\n|-ability|p2b: Normal Stats|As One\n|-ability|p2b: Normal Stats|Unnerve\n|-ability|p1a: Zacian|Intrepid Sword|boost\n|-boost|p1a: Zacian|atk|1\n|-ability|p2a: Cringe|Intimidate|boost\n|-unboost|p1a: Zacian|atk|1\n|-unboost|p1b: Grimmsnarl|atk|1\n|turn|1\n|inactive|HelhiemFiend has 30 seconds left.\n|inactive|HelhiemFiend has 20 seconds left.\n|\n|t:|1746135124\n|-terastallize|p2b: Normal Stats|Fire\n|move|p1b: Grimmsnarl|Reflect|p1b: Grimmsnarl\n|-sidestart|p1: playerxd23214|Reflect\n|move|p1a: Zacian|Behemoth Blade|p2b: Normal Stats\n|-resisted|p2b: Normal Stats\n|-damage|p2b: Normal Stats|81/100\n|move|p2a: Cringe|Flare Blitz|p1a: Zacian\n|-supereffective|p1a: Zacian\n|-damage|p1a: Zacian|38/100\n|-damage|p2a: Cringe|79/100|[from] Recoil\n|move|p2b: Normal Stats|Trick Room|p2b: Normal Stats\n|-fieldstart|move: Trick Room|[of] p2b: Normal Stats\n|\n|upkeep\n|turn|2\n|inactive|playerxd23214 has 30 seconds left.\n|\n|t:|1746135149\n|move|p1a: Zacian|Protect|p1a: Zacian\n|-singleturn|p1a: Zacian|Protect\n|move|p1b: Grimmsnarl|Thunder Wave|p2b: Normal Stats\n|-status|p2b: Normal Stats|par\n|cant|p2b: Normal Stats|par\n|move|p2a: Cringe|Knock Off|p1b: Grimmsnarl\n|-resisted|p1b: Grimmsnarl\n|-damage|p1b: Grimmsnarl|92/100\n|-enditem|p1b: Grimmsnarl|Light Clay|[from] move: Knock Off|[of] p2a: Cringe\n|\n|upkeep\n|turn|3\n|\n|t:|1746135167\n|move|p2b: Normal Stats|Glacial Lance|p1a: Zacian|[spread] p1a,p1b\n|-resisted|p1a: Zacian\n|-damage|p1a: Zacian|23/100\n|-damage|p1b: Grimmsnarl|51/100\n|move|p1b: Grimmsnarl|Foul Play|p2b: Normal Stats\n|-damage|p2b: Normal Stats|34/100 par\n|move|p2a: Cringe|Flare Blitz|p1a: Zacian\n|-supereffective|p1a: Zacian\n|-damage|p1a: Zacian|0 fnt\n|faint|p1a: Zacian\n|-damage|p2a: Cringe|71/100|[from] Recoil\n|\n|upkeep\n|\n|t:|1746135182\n|switch|p1a: Groudon|Groudon, L50|100/100\n|-weather|SunnyDay|[from] ability: Drought|[of] p1a: Groudon\n|turn|4\n|\n|t:|1746135190\n|move|p1a: Groudon|Protect|p1a: Groudon\n|-singleturn|p1a: Groudon|Protect\n|cant|p2b: Normal Stats|par\n|move|p1b: Grimmsnarl|Foul Play|p2b: Normal Stats\n|-damage|p2b: Normal Stats|0 fnt\n|faint|p2b: Normal Stats\n|move|p2a: Cringe|Flare Blitz|p1b: Grimmsnarl\n|-damage|p1b: Grimmsnarl|0 fnt\n|faint|p1b: Grimmsnarl\n|-damage|p2a: Cringe|54/100|[from] Recoil\n|\n|-weather|SunnyDay|[upkeep]\n|upkeep\n|\n|t:|1746135202\n|switch|p2b: He Protec|Zamazenta-Crowned, L50|100/100\n|switch|p1b: Charizard|Charizard, L50, M, shiny|100/100\n|-ability|p2b: He Protec|Dauntless Shield|boost\n|-boost|p2b: He Protec|def|1\n|turn|5\n|\n|t:|1746135220\n|move|p2b: He Protec|Protect|p2b: He Protec\n|-singleturn|p2b: He Protec|Protect\n|move|p2a: Cringe|Knock Off|p1b: Charizard\n|-damage|p1b: Charizard|62/100\n|-enditem|p1b: Charizard|Choice Scarf|[from] move: Knock Off|[of] p2a: Cringe\n|move|p1a: Groudon|Stomping Tantrum|p2a: Cringe\n|-supereffective|p2a: Cringe\n|-damage|p2a: Cringe|0 fnt\n|faint|p2a: Cringe\n|move|p1b: Charizard|Weather Ball|p2b: He Protec\n|-activate|p2b: He Protec|move: Protect\n|\n|-weather|SunnyDay|[upkeep]\n|-damage|p1b: Charizard|50/100|[from] ability: Solar Power|[of] p1b: Charizard\n|-fieldend|move: Trick Room\n|upkeep\n|\n|t:|1746135231\n|switch|p2a: Mutter Flane|Flutter Mane, L50|100/100\n|-activate|p2a: Mutter Flane|ability: Protosynthesis\n|-start|p2a: Mutter Flane|protosynthesisspe\n|turn|6\n|inactive|playerxd23214 has 30 seconds left.\n|\n|t:|1746135264\n|move|p2a: Mutter Flane|Shadow Ball|p1b: Charizard\n|-damage|p1b: Charizard|0 fnt\n|faint|p1b: Charizard\n|move|p2b: He Protec|Iron Defense|p2b: He Protec\n|-boost|p2b: He Protec|def|2\n|move|p1a: Groudon|Heat Crash|p2a: Mutter Flane\n|-damage|p2a: Mutter Flane|0 fnt\n|faint|p2a: Mutter Flane\n|-end|p2a: Mutter Flane|Protosynthesis|[silent]\n|\n|-weather|SunnyDay|[upkeep]\n|upkeep\n|turn|7\n|\n|t:|1746135283\n|move|p2b: He Protec|Body Press|p1a: Groudon\n|-damage|p1a: Groudon|47/100\n|move|p1a: Groudon|Precipice Blades|p2b: He Protec\n|-supereffective|p2b: He Protec\n|-damage|p2b: He Protec|63/100\n|\n|-weather|SunnyDay|[upkeep]\n|upkeep\n|turn|8\n|\n|t:|1746135297\n|move|p2b: He Protec|Protect|p2b: He Protec\n|-singleturn|p2b: He Protec|Protect\n|move|p1a: Groudon|Protect||[still]\n|-fail|p1a: Groudon\n|\n|-weather|none\n|-sideend|p1: playerxd23214|Reflect\n|upkeep\n|turn|9\n|\n|t:|1746135302\n|-terastallize|p1a: Groudon|Fire\n|move|p2b: He Protec|Body Press|p1a: Groudon\n|-damage|p1a: Groudon|0 fnt\n|faint|p1a: Groudon\n|\n|win|HelhiemFiend\n||playerxd23214 is ready for game 2.\n||HelhiemFiend is ready for game 2.\n|uhtml|next|Next: <a href=\"/battle-gen9vgc2025regibo3-2354954062\"><strong>Game 2 of 3</strong></a>\n", "uploadtime": 1746135618, "views": 10, "formatid": "gen9vgc2025regibo3", "rating": null, "private": 0, "password": null}