{"id": "gen9vgc2025regibo3-2354877804", "format": "[Gen 9] VGC 2025 Reg I (Bo3)", "players": ["pu1t", "panzerottomodugno"], "log": "|j|\u2606pu1t\n|j|\u2606panzerottomodugno\n|html|<table width=\"100%\"><tr><td align=\"left\">pu1t</td><td align=\"right\">panzerottomodugno</tr><tr><td align=\"left\"><i class=\"fa fa-circle-o\"></i> <i class=\"fa fa-circle-o\"></i> </td><td align=\"right\"><i class=\"fa fa-circle-o\"></i> <i class=\"fa fa-circle-o\"></i> </tr></table>\n|uhtml|bestof|<h2><strong>Game 1</strong> of <a href=\"/game-bestof3-gen9vgc2025regibo3-2354877803\">a best-of-3</a></h2>\n|t:|1746127737\n|gametype|doubles\n|player|p1|pu1t|169|1360\n|player|p2|panzerottomodugno|pokemonranger-gen4|1271\n|teamsize|p1|6\n|teamsize|p2|6\n|gen|9\n|tier|[Gen 9] VGC 2025 Reg I (Bo3)\n|rated|\n|rule|Species Clause: Limit one of each Pok\u00e9mon\n|rule|Item Clause: Limit 1 of each item\n|clearpoke\n|poke|p1|Iron Valiant, L50|\n|poke|p1|Miraidon, L50|\n|poke|p1|Calyrex-Ice, L50|\n|poke|p1|Volcarona, L50, F|\n|poke|p1|Urshifu-*, L50, F|\n|poke|p1|Farigiraf, L50, F|\n|poke|p2|Calyrex-Shadow, L50|\n|poke|p2|Chien-Pao, L50|\n|poke|p2|Rillaboom, L50, F|\n|poke|p2|Zamazenta-*, L50|\n|poke|p2|Tornadus, L50, M|\n|poke|p2|Urshifu-*, L50, M|\n|teampreview|4\n|showteam|p1|Iron Valiant||BoosterEnergy|QuarkDrive|SpiritBreak,Protect,Coaching,Disable||||||50|,,,,,Ghost]Miraidon||AssaultVest|HadronEngine|ElectroDrift,DracoMeteor,Snarl,VoltSwitch||||||50|,,,,,Electric]Calyrex-Ice||ClearAmulet|AsOneGlastrier|GlacialLance,Protect,HighHorsepower,TrickRoom||||||50|,,,,,Water]Volcarona||RockyHelmet|FlameBody|FieryDance,RagePowder,Protect,Tailwind|||F|||50|,,,,,Water]Urshifu-Rapid-Strike||ChoiceScarf|UnseenFist|SurgingStrikes,CloseCombat,AquaJet,Uturn|||F|||50|,,,,,Water]Farigiraf||ElectricSeed|ArmorTail|Psychic,FoulPlay,HelpingHand,TrickRoom|||F|||50|,,,,,Dark\n|showteam|p2|Calyrex-Shadow||LifeOrb|AsOneSpectrier|AstralBarrage,Psychic,NastyPlot,Protect||||||50|,,,,,Dark]Chien-Pao||FocusSash|SwordofRuin|IcicleCrash,SuckerPunch,Crunch,Protect||||||50|,,,,,Ghost]Rillaboom||AssaultVest|GrassySurge|FakeOut,GrassyGlide,WoodHammer,Uturn|||F|||50|,,,,,Fire]Zamazenta-Crowned||RustedShield|DauntlessShield|BodyPress,HeavySlam,WideGuard,Protect||||||50|,,,,,Dragon]Tornadus||CovertCloak|Prankster|Tailwind,BleakwindStorm,RainDance,Protect|||M|||50|,,,,,Dark]Urshifu-Rapid-Strike||ChoiceScarf|UnseenFist|SurgingStrikes,CloseCombat,AquaJet,Uturn|||M|||50|,,,,,Water\n|inactive|Battle timer is ON: inactive players will automatically lose when time's up. (requested by pu1t)\n|inactive|panzerottomodugno has 60 seconds left.\n|\n|t:|1746127815\n|start\n|switch|p1a: Miraidon|Miraidon, L50|100/100\n|switch|p1b: Farigiraf|Farigiraf, L50, F|100/100\n|switch|p2a: Chien-Pao|Chien-Pao, L50|100/100\n|switch|p2b: Rillaboom|Rillaboom, L50, F|100/100\n|-ability|p2a: Chien-Pao|Sword of Ruin\n|-fieldstart|move: Electric Terrain|[from] ability: Hadron Engine|[of] p1a: Miraidon\n|-enditem|p1b: Farigiraf|Electric Seed\n|-boost|p1b: Farigiraf|def|1|[from] item: Electric Seed\n|-fieldstart|move: Grassy Terrain|[from] ability: Grassy Surge|[of] p2b: Rillaboom\n|turn|1\n|inactive|panzerottomodugno has 30 seconds left.\n|\n|t:|1746127849\n|switch|p1a: Volcarona|Volcarona, L50, F|100/100\n|move|p2a: Chien-Pao|Crunch|p1b: Farigiraf\n|-supereffective|p1b: Farigiraf\n|-damage|p1b: Farigiraf|41/100\n|move|p2b: Rillaboom|U-turn|p1b: Farigiraf\n|-supereffective|p1b: Farigiraf\n|-damage|p1b: Farigiraf|5/100\n|\n|t:|1746127857\n|switch|p2b: Calyrex|Calyrex-Shadow, L50|100/100|[from] U-turn\n|-ability|p2b: Calyrex|As One\n|-ability|p2b: Calyrex|Unnerve\n|move|p1b: Farigiraf|Trick Room|p1b: Farigiraf\n|-fieldstart|move: Trick Room|[of] p1b: Farigiraf\n|\n|-heal|p1b: Farigiraf|12/100|[from] Grassy Terrain\n|upkeep\n|turn|2\n|inactive|panzerottomodugno has 30 seconds left.\n|\n|t:|1746127884\n|-terastallize|p2b: Calyrex|Dark\n|move|p2a: Chien-Pao|Protect|p2a: Chien-Pao\n|-singleturn|p2a: Chien-Pao|Protect\n|move|p1b: Farigiraf|Foul Play|p2a: Chien-Pao\n|-activate|p2a: Chien-Pao|move: Protect\n|move|p1a: Volcarona|Fiery Dance|p2b: Calyrex\n|-damage|p2b: Calyrex|68/100\n|-boost|p1a: Volcarona|spa|1\n|move|p2b: Calyrex|Psychic|p1a: Volcarona\n|-damage|p1a: Volcarona|44/100\n|-damage|p2b: Calyrex|59/100|[from] item: Life Orb\n|\n|-heal|p1b: Farigiraf|18/100|[from] Grassy Terrain\n|-heal|p1a: Volcarona|50/100|[from] Grassy Terrain\n|-heal|p2b: Calyrex|65/100|[from] Grassy Terrain\n|upkeep\n|turn|3\n|inactive|pu1t has 30 seconds left.\n|inactive|panzerottomodugno has 30 seconds left.\n|\n|t:|1746127913\n|move|p1b: Farigiraf|Foul Play|p2a: Chien-Pao\n|-resisted|p2a: Chien-Pao\n|-damage|p2a: Chien-Pao|77/100\n|move|p1a: Volcarona|Fiery Dance|p2a: Chien-Pao\n|-supereffective|p2a: Chien-Pao\n|-damage|p2a: Chien-Pao|0 fnt\n|-boost|p1a: Volcarona|spa|1\n|faint|p2a: Chien-Pao\n|move|p2b: Calyrex|Psychic|p1a: Volcarona\n|-damage|p1a: Volcarona|0 fnt\n|faint|p1a: Volcarona\n|-ability|p2b: Calyrex|Grim Neigh|boost\n|-boost|p2b: Calyrex|spa|1\n|-damage|p2b: Calyrex|55/100|[from] item: Life Orb\n|\n|-heal|p1b: Farigiraf|24/100|[from] Grassy Terrain\n|-heal|p2b: Calyrex|61/100|[from] Grassy Terrain\n|upkeep\n|\n|t:|1746127921\n|switch|p1a: Miraidon|Miraidon, L50|100/100\n|switch|p2a: Zamazenta|Zamazenta-Crowned, L50|100/100\n|-ability|p2a: Zamazenta|Dauntless Shield|boost\n|-boost|p2a: Zamazenta|def|1\n|-fieldstart|move: Electric Terrain|[from] ability: Hadron Engine|[of] p1a: Miraidon\n|turn|4\n|inactive|pu1t has 30 seconds left.\n|inactive|pu1t has 20 seconds left.\n|inactive|pu1t has 15 seconds left.\n|\n|t:|1746127971\n|move|p1b: Farigiraf|Helping Hand|p1a: Miraidon\n|-singleturn|p1a: Miraidon|Helping Hand|[of] p1b: Farigiraf\n|move|p2a: Zamazenta|Protect|p2a: Zamazenta\n|-singleturn|p2a: Zamazenta|Protect\n|move|p2b: Calyrex|Protect|p2b: Calyrex\n|-singleturn|p2b: Calyrex|Protect\n|move|p1a: Miraidon|Electro Drift|p2a: Zamazenta\n|-activate|p2a: Zamazenta|move: Protect\n|\n|upkeep\n|turn|5\n|inactive|panzerottomodugno has 30 seconds left.\n|inactive|panzerottomodugno has 20 seconds left.\n|inactive|panzerottomodugno has 15 seconds left.\n|inactive|panzerottomodugno has 10 seconds left.\n|\n|t:|1746128017\n|switch|p2b: Rillaboom|Rillaboom, L50, F|100/100\n|-fieldstart|move: Grassy Terrain|[from] ability: Grassy Surge|[of] p2b: Rillaboom\n|move|p1b: Farigiraf|Helping Hand|p1a: Miraidon\n|-singleturn|p1a: Miraidon|Helping Hand|[of] p1b: Farigiraf\n|move|p2a: Zamazenta|Body Press|p1a: Miraidon\n|-damage|p1a: Miraidon|38/100\n|move|p1a: Miraidon|Volt Switch|p2b: Rillaboom\n|-resisted|p2b: Rillaboom\n|-damage|p2b: Rillaboom|80/100\n|\n|t:|1746128027\n|switch|p1a: Calyrex|Calyrex-Ice, L50|100/100|[from] Volt Switch\n|-ability|p1a: Calyrex|As One\n|-ability|p1a: Calyrex|Unnerve\n|\n|-heal|p1b: Farigiraf|30/100|[from] Grassy Terrain\n|-heal|p2b: Rillaboom|86/100|[from] Grassy Terrain\n|-fieldend|move: Trick Room\n|upkeep\n|turn|6\n|inactive|pu1t has 30 seconds left.\n|inactive|pu1t has 20 seconds left.\n|inactive|pu1t has 15 seconds left.\n|inactive|pu1t has 10 seconds left.\n|inactive|pu1t has 5 seconds left.\n|\n|t:|1746128078\n|move|p1b: Farigiraf|Helping Hand|p1a: Calyrex\n|-singleturn|p1a: Calyrex|Helping Hand|[of] p1b: Farigiraf\n|move|p2a: Zamazenta|Body Press|p1b: Farigiraf\n|-damage|p1b: Farigiraf|0 fnt\n|faint|p1b: Farigiraf\n|move|p2b: Rillaboom|U-turn|p1a: Calyrex\n|-supereffective|p1a: Calyrex\n|-damage|p1a: Calyrex|72/100\n|\n|t:|1746128086\n|switch|p2b: Calyrex|Calyrex-Shadow, L50, tera:Dark|61/100|[from] U-turn\n|-ability|p2b: Calyrex|As One\n|-ability|p2b: Calyrex|Unnerve\n|move|p1a: Calyrex|High Horsepower|p2a: Zamazenta\n|-supereffective|p2a: Zamazenta\n|-damage|p2a: Zamazenta|48/100\n|\n|-heal|p2b: Calyrex|67/100|[from] Grassy Terrain\n|-heal|p2a: Zamazenta|54/100|[from] Grassy Terrain\n|-heal|p1a: Calyrex|78/100|[from] Grassy Terrain\n|upkeep\n|\n|t:|1746128089\n|switch|p1b: Miraidon|Miraidon, L50|38/100\n|-fieldstart|move: Electric Terrain|[from] ability: Hadron Engine|[of] p1b: Miraidon\n|turn|7\n|-message|pu1t forfeited.\n|\n|win|panzerottomodugno\n|l|\u2606pu1t\n|player|p1|\n||pu1t is ready for game 2.\n||panzerottomodugno is ready for game 2.\n|uhtml|next|Next: <a href=\"/battle-gen9vgc2025regibo3-2354881771\"><strong>Game 2 of 3</strong></a>\n", "uploadtime": 1746128239, "views": 5, "formatid": "gen9vgc2025regibo3", "rating": null, "private": 0, "password": null}