{"id": "gen9vgc2025regibo3-2355002082", "format": "[Gen 9] VGC 2025 Reg I (Bo3)", "players": ["doggo9999", "waveniki"], "log": "|j|\u2606doggo9999\n|j|\u2606waveniki\n|html|<table width=\"100%\"><tr><td align=\"left\">doggo9999</td><td align=\"right\">waveniki</tr><tr><td align=\"left\"><i class=\"fa fa-circle-o\"></i> <i class=\"fa fa-circle-o\"></i> </td><td align=\"right\"><i class=\"fa fa-circle-o\"></i> <i class=\"fa fa-circle\"></i> </tr></table>\n|uhtml|bestof|<h2><strong>Game 2</strong> of <a href=\"/game-bestof3-gen9vgc2025regibo3-2355000015\">a best-of-3</a></h2>\n|t:|1746140716\n|gametype|doubles\n|player|p1|doggo9999|clown|1130\n|player|p2|waveniki|clerk|1179\n|teamsize|p1|6\n|teamsize|p2|6\n|gen|9\n|tier|[Gen 9] VGC 2025 Reg I (Bo3)\n|rated|\n|rule|Species Clause: Limit one of each Pok\u00e9mon\n|rule|Item Clause: Limit 1 of each item\n|clearpoke\n|poke|p1|Calyrex-Shadow, L50|\n|poke|p1|Koraidon, L50|\n|poke|p1|Regigigas, L50|\n|poke|p1|Weezing-Galar, L50, F|\n|poke|p1|Ogerpon-Hearthflame, L50, F|\n|poke|p1|Iron Hands, L50|\n|poke|p2|Terapagos, L50, M|\n|poke|p2|Koraidon, L50|\n|poke|p2|Incineroar, L50, F|\n|poke|p2|Flutter Mane, L50|\n|poke|p2|Raging Bolt, L50|\n|poke|p2|Ogerpon-Cornerstone, L50, F|\n|teampreview|4\n|showteam|p1|Calyrex-Shadow||FocusSash|AsOneSpectrier|AstralBarrage,Psychic,Encore,Protect||||||50|,,,,,Ghost]Koraidon||AbilityShield|OrichalcumPulse|FlareBlitz,CollisionCourse,FlameCharge,Protect||||||50|,,,,,Fire]Regigigas||ChoiceScarf|SlowStart|CrushGrip,KnockOff,HighHorsepower,DoubleEdge||||||50|,,,,,Normal]Weezing-Galar||CovertCloak|NeutralizingGas|DazzlingGleam,WillOWisp,Taunt,Protect|||F|||50|,,,,,Dark]Ogerpon-Hearthflame||HearthflameMask|MoldBreaker|IvyCudgel,WoodHammer,SpikyShield,FollowMe|||F|||50|,,,,,Fire]Iron Hands||AssaultVest|QuarkDrive|WildCharge,LowKick,HeavySlam,FakeOut||||||50|,,,,,Water\n|showteam|p2|Terapagos||Leftovers|TeraShift|TeraStarstorm,EarthPower,CalmMind,Protect|||M|||50|,,,,,Stellar]Koraidon||LifeOrb|OrichalcumPulse|CloseCombat,FlareBlitz,FlameCharge,Protect||||||50|,,,,,Fire]Incineroar||RockyHelmet|Intimidate|FakeOut,FlareBlitz,KnockOff,PartingShot|||F|||50|,,,,,Bug]Flutter Mane||FocusSash|Protosynthesis|Moonblast,ShadowBall,IcyWind,Protect||||||50|,,,,,Stellar]Raging Bolt||AssaultVest|Protosynthesis|Thunderbolt,Thunderclap,Snarl,DracoMeteor||||||50|,,,,,Electric]Ogerpon-Cornerstone||CornerstoneMask|Sturdy|IvyCudgel,PowerWhip,FollowMe,SpikyShield|||F|||50|,,,,,Rock\n|inactive|Battle timer is ON: inactive players will automatically lose when time's up. (requested by waveniki)\n|inactive|waveniki has 60 seconds left.\n|inactive|waveniki has 30 seconds left.\n|inactive|waveniki has 20 seconds left.\n|inactive|waveniki has 15 seconds left.\n|inactive|waveniki has 10 seconds left.\n|inactive|waveniki has 5 seconds left.\n|\n|t:|1746140804\n|start\n|switch|p1a: Koraidon|Koraidon, L50|100/100\n|switch|p1b: Weezing|Weezing-Galar, L50, F|100/100\n|switch|p2a: Raging Bolt|Raging Bolt, L50|100/100\n|switch|p2b: Flutter Mane|Flutter Mane, L50|100/100\n|-ability|p1b: Weezing|Neutralizing Gas\n|-block|p1a: Koraidon|item: Ability Shield\n|-weather|SunnyDay|[from] ability: Orichalcum Pulse|[of] p1a: Koraidon\n|-activate|p1a: Koraidon|Orichalcum Pulse|[source]\n|turn|1\n|inactive|waveniki has 30 seconds left.\n|inactive|waveniki has 20 seconds left.\n|\n|t:|1746140842\n|move|p1a: Koraidon|Protect|p1a: Koraidon\n|-singleturn|p1a: Koraidon|Protect\n|move|p2b: Flutter Mane|Shadow Ball|p1a: Koraidon\n|-activate|p1a: Koraidon|move: Protect\n|move|p2a: Raging Bolt|Thunderbolt|p1a: Koraidon\n|-activate|p1a: Koraidon|move: Protect\n|move|p1b: Weezing|Dazzling Gleam|p2a: Raging Bolt|[spread] p2a,p2b\n|-supereffective|p2a: Raging Bolt\n|-damage|p2a: Raging Bolt|81/100\n|-damage|p2b: Flutter Mane|80/100\n|\n|-weather|SunnyDay|[upkeep]\n|upkeep\n|turn|2\n|inactive|doggo9999 has 30 seconds left.\n|\n|t:|1746140870\n|-terastallize|p1a: Koraidon|Fire\n|move|p2b: Flutter Mane|Protect|p2b: Flutter Mane\n|-singleturn|p2b: Flutter Mane|Protect\n|move|p1a: Koraidon|Flame Charge|p2b: Flutter Mane\n|-activate|p2b: Flutter Mane|move: Protect\n|move|p2a: Raging Bolt|Thunderbolt|p1a: Koraidon\n|-damage|p1a: Koraidon|47/100\n|move|p1b: Weezing|Dazzling Gleam|p2b: Flutter Mane|[spread] p2a\n|-activate|p2b: Flutter Mane|move: Protect\n|-supereffective|p2a: Raging Bolt\n|-damage|p2a: Raging Bolt|59/100\n|\n|-weather|SunnyDay|[upkeep]\n|upkeep\n|turn|3\n|\n|t:|1746140893\n|move|p1a: Koraidon|Protect|p1a: Koraidon\n|-singleturn|p1a: Koraidon|Protect\n|move|p2b: Flutter Mane|Shadow Ball|p1b: Weezing\n|-damage|p1b: Weezing|53/100\n|move|p2a: Raging Bolt|Thunderbolt|p1b: Weezing\n|-damage|p1b: Weezing|4/100\n|move|p1b: Weezing|Dazzling Gleam|p2b: Flutter Mane|[spread] p2a,p2b\n|-supereffective|p2a: Raging Bolt\n|-damage|p2a: Raging Bolt|40/100\n|-damage|p2b: Flutter Mane|59/100\n|\n|-weather|SunnyDay|[upkeep]\n|upkeep\n|turn|4\n|inactive|waveniki has 30 seconds left.\n|inactive|waveniki has 20 seconds left.\n|\n|t:|1746140928\n|-terastallize|p2b: Flutter Mane|Stellar\n|move|p1b: Weezing|Protect|p1b: Weezing\n|-singleturn|p1b: Weezing|Protect\n|move|p1a: Koraidon|Flame Charge|p2b: Flutter Mane\n|-damage|p2b: Flutter Mane|0 fnt\n|-boost|p1a: Koraidon|spe|1\n|faint|p2b: Flutter Mane\n|-end|p2b: Flutter Mane|Protosynthesis|[silent]\n|move|p2a: Raging Bolt|Thunderbolt|p1b: Weezing\n|-activate|p1b: Weezing|move: Protect\n|\n|-weather|SunnyDay|[upkeep]\n|upkeep\n|\n|t:|1746140935\n|switch|p2b: Koraidon|Koraidon, L50|100/100\n|turn|5\n|\n|t:|1746140954\n|move|p2a: Raging Bolt|Thunderclap|p1a: Koraidon\n|-damage|p1a: Koraidon|3/100\n|move|p1a: Koraidon|Collision Course|p2b: Koraidon\n|-damage|p2b: Koraidon|42/100\n|move|p2b: Koraidon|Flame Charge|p1b: Weezing\n|-damage|p1b: Weezing|0 fnt\n|-boost|p2b: Koraidon|spe|1\n|faint|p1b: Weezing\n|-end|p1b: Weezing|ability: Neutralizing Gas\n|-activate|p2b: Koraidon|ability: Orichalcum Pulse\n|-activate|p2a: Raging Bolt|ability: Protosynthesis\n|-start|p2a: Raging Bolt|protosynthesisspa\n|-damage|p2b: Koraidon|32/100|[from] item: Life Orb\n|\n|-weather|none\n|-end|p2a: Raging Bolt|Protosynthesis\n|upkeep\n|\n|t:|1746140969\n|switch|p1b: Iron Hands|Iron Hands, L50|100/100\n|turn|6\n|\n|t:|1746140989\n|move|p1a: Koraidon|Protect|p1a: Koraidon\n|-singleturn|p1a: Koraidon|Protect\n|move|p2a: Raging Bolt|Thunderclap||[still]\n|-fail|p2a: Raging Bolt\n|move|p2b: Koraidon|Flame Charge|p1a: Koraidon\n|-activate|p1a: Koraidon|move: Protect\n|move|p1b: Iron Hands|Low Kick|p2a: Raging Bolt\n|-damage|p2a: Raging Bolt|0 fnt\n|faint|p2a: Raging Bolt\n|-end|p2a: Raging Bolt|Protosynthesis|[silent]\n|\n|upkeep\n|\n|t:|1746140992\n|switch|p2a: Terapagos|Terapagos, L50, M|100/100\n|-activate|p2a: Terapagos|ability: Tera Shift\n|detailschange|p2a: Terapagos|Terapagos-Terastal, L50, M\n|-heal|p2a: Terapagos|100/100|[silent]\n|turn|7\n|\n|t:|1746141010\n|switch|p1a: Calyrex|Calyrex-Shadow, L50|100/100\n|-ability|p1a: Calyrex|As One\n|-ability|p1a: Calyrex|Unnerve\n|move|p2b: Koraidon|Flame Charge|p1a: Calyrex\n|-damage|p1a: Calyrex|71/100\n|-boost|p2b: Koraidon|spe|1\n|-damage|p2b: Koraidon|23/100|[from] item: Life Orb\n|move|p2a: Terapagos|Earth Power|p1a: Calyrex\n|-damage|p1a: Calyrex|47/100\n|move|p1b: Iron Hands|Low Kick|p2b: Koraidon\n|-damage|p2b: Koraidon|0 fnt\n|faint|p2b: Koraidon\n|\n|upkeep\n|turn|8\n|\n|t:|1746141030\n|move|p1a: Calyrex|Psychic|p2a: Terapagos\n|-activate|p2a: Terapagos|ability: Tera Shell\n|-resisted|p2a: Terapagos\n|-damage|p2a: Terapagos|76/100\n|move|p2a: Terapagos|Earth Power|p1a: Calyrex\n|-damage|p1a: Calyrex|20/100\n|move|p1b: Iron Hands|Wild Charge|p2a: Terapagos\n|-damage|p2a: Terapagos|40/100\n|-damage|p1b: Iron Hands|93/100|[from] Recoil\n|\n|-heal|p2a: Terapagos|46/100|[from] item: Leftovers\n|upkeep\n|turn|9\n|\n|t:|1746141045\n|move|p1a: Calyrex|Psychic|p2a: Terapagos\n|-damage|p2a: Terapagos|0 fnt\n|faint|p2a: Terapagos\n|\n|win|doggo9999\n||doggo9999 is ready for game 3.\n||waveniki is ready for game 3.\n|uhtml|next|Next: <a href=\"/battle-gen9vgc2025regibo3-2355004907\"><strong>Game 3 of 3</strong></a>\n", "uploadtime": 1746141343, "views": 4, "formatid": "gen9vgc2025regibo3", "rating": null, "private": 0, "password": null}