{"id": "gen9vgc2025regibo3-2354279085", "format": "[Gen 9] VGC 2025 Reg I (Bo3)", "players": ["Chaotic Raos", "R1xohbambino"], "log": "|j|\u2606Chaotic Raos\n|j|\u2606R1xohbambino\n|html|<table width=\"100%\"><tr><td align=\"left\">Chaotic Raos</td><td align=\"right\">R1xohbambino</tr><tr><td align=\"left\"><i class=\"fa fa-circle-o\"></i> <i class=\"fa fa-circle-o\"></i> </td><td align=\"right\"><i class=\"fa fa-circle-o\"></i> <i class=\"fa fa-circle\"></i> </tr></table>\n|uhtml|bestof|<h2><strong>Game 2</strong> of <a href=\"/game-bestof3-gen9vgc2025regibo3-2354277219\">a best-of-3</a></h2>\n|t:|1746052207\n|gametype|doubles\n|player|p1|Chaotic Raos|bellelba|1345\n|player|p2|R1xohbambino|101|1360\n|teamsize|p1|6\n|teamsize|p2|6\n|gen|9\n|tier|[Gen 9] VGC 2025 Reg I (Bo3)\n|rated|\n|rule|Species Clause: Limit one of each Pok\u00e9mon\n|rule|Item Clause: Limit 1 of each item\n|clearpoke\n|poke|p1|Kyogre, L50|\n|poke|p1|Tornadus, L50, M|\n|poke|p1|Zacian-*, L50|\n|poke|p1|Amoonguss, L50, F|\n|poke|p1|Iron Hands, L50|\n|poke|p1|Flutter Mane, L50|\n|poke|p2|Koraidon, L50|\n|poke|p2|Lunala, L50|\n|poke|p2|Indeedee-F, L50, F|\n|poke|p2|Ogerpon-Cornerstone, L50, F|\n|poke|p2|Chi-Yu, L50|\n|poke|p2|Raging Bolt, L50|\n|teampreview|4\n|showteam|p1|Kyogre||MysticWater|Drizzle|WaterSpout,OriginPulse,Protect,IceBeam||||||50|,,,,,Grass]Tornadus||CovertCloak|Prankster|Tailwind,BleakwindStorm,Taunt,RainDance|||M|||50|,,,,,Dark]Zacian-Crowned||RustedSword|IntrepidSword|behemothblade,PlayRough,SacredSword,Protect||||||50|,,,,,Water]Amoonguss||RockyHelmet|Regenerator|Spore,RagePowder,PollenPuff,Protect|||F|||50|,,,,,Water]Iron Hands||AssaultVest|QuarkDrive|FakeOut,WildCharge,DrainPunch,LowKick||||||50|,,,,,Grass]Flutter Mane||BoosterEnergy|Protosynthesis|ShadowBall,DazzlingGleam,IcyWind,Protect||||||50|,,,,,Fairy\n|showteam|p2|Koraidon||ChoiceBand|OrichalcumPulse|CollisionCourse,FlareBlitz,DragonClaw,Uturn||||||50|,,,,,Fire]Lunala||PowerHerb|ShadowShield|MeteorBeam,WideGuard,ExpandingForce,MoongeistBeam||||||50|,,,,,Water]Indeedee-F||RockyHelmet|PsychicSurge|FollowMe,TrickRoom,HelpingHand,Imprison|||F|||50|,,,,,Water]Ogerpon-Cornerstone||CornerstoneMask|Sturdy|IvyCudgel,PowerWhip,SpikyShield,FollowMe|||F|||50|,,,,,Rock]Chi-Yu||ChoiceScarf|BeadsofRuin|HeatWave,Snarl,DarkPulse,Flamethrower||||||50|,,,,,Ghost]Raging Bolt||AssaultVest|Protosynthesis|VoltSwitch,Thunderclap,Snarl,DracoMeteor||||||50|,,,,,Electric\n|inactive|Battle timer is ON: inactive players will automatically lose when time's up. (requested by R1xohbambino)\n|\n|t:|1746052237\n|start\n|switch|p1a: Flutter Mane|Flutter Mane, L50|100/100\n|switch|p1b: Kyogre|Kyogre, L50|100/100\n|switch|p2a: Koraidon|Koraidon, L50|100/100\n|switch|p2b: Lunala|Lunala, L50|100/100\n|-weather|SunnyDay|[from] ability: Orichalcum Pulse|[of] p2a: Koraidon\n|-activate|p1a: Flutter Mane|ability: Protosynthesis\n|-start|p1a: Flutter Mane|protosynthesisspe\n|-activate|p2a: Koraidon|Orichalcum Pulse|[source]\n|-weather|RainDance|[from] ability: Drizzle|[of] p1b: Kyogre\n|-end|p1a: Flutter Mane|Protosynthesis\n|-enditem|p1a: Flutter Mane|Booster Energy\n|-activate|p1a: Flutter Mane|ability: Protosynthesis|[fromitem]\n|-start|p1a: Flutter Mane|protosynthesisspe\n|turn|1\n|inactive|Chaotic Raos has 30 seconds left.\n|inactive|R1xohbambino has 30 seconds left.\n|inactive|Chaotic Raos has 20 seconds left.\n|inactive|R1xohbambino has 20 seconds left.\n|inactive|R1xohbambino has 15 seconds left.\n|\n|t:|1746052278\n|-terastallize|p1a: Flutter Mane|Fairy\n|-terastallize|p2a: Koraidon|Fire\n|move|p1a: Flutter Mane|Shadow Ball|p2b: Lunala\n|-supereffective|p2b: Lunala\n|-damage|p2b: Lunala|43/100\n|move|p2a: Koraidon|U-turn|p1b: Kyogre\n|-damage|p1b: Kyogre|64/100\n|\n|t:|1746052289\n|switch|p2a: Raging Bolt|Raging Bolt, L50|100/100|[from] U-turn\n|move|p2b: Lunala|Moongeist Beam|p1a: Flutter Mane\n|-damage|p1a: Flutter Mane|43/100\n|move|p1b: Kyogre|Origin Pulse|p2b: Lunala|[spread] p2a,p2b\n|-resisted|p2a: Raging Bolt\n|-damage|p2a: Raging Bolt|73/100\n|-damage|p2b: Lunala|0 fnt\n|faint|p2b: Lunala\n|\n|-weather|RainDance|[upkeep]\n|upkeep\n|\n|t:|1746052299\n|switch|p2b: Koraidon|Koraidon, L50, tera:Fire|100/100\n|-weather|SunnyDay|[from] ability: Orichalcum Pulse|[of] p2b: Koraidon\n|-activate|p2a: Raging Bolt|ability: Protosynthesis\n|-start|p2a: Raging Bolt|protosynthesisspa\n|-activate|p2b: Koraidon|Orichalcum Pulse|[source]\n|turn|2\n|\n|t:|1746052312\n|move|p1b: Kyogre|Protect|p1b: Kyogre\n|-singleturn|p1b: Kyogre|Protect\n|move|p2a: Raging Bolt|Thunderclap|p1a: Flutter Mane\n|-damage|p1a: Flutter Mane|0 fnt\n|faint|p1a: Flutter Mane\n|-end|p1a: Flutter Mane|Protosynthesis|[silent]\n|move|p2b: Koraidon|Dragon Claw|p1b: Kyogre\n|-activate|p1b: Kyogre|move: Protect\n|\n|-weather|SunnyDay|[upkeep]\n|upkeep\n|\n|t:|1746052326\n|switch|p1a: Tornadus|Tornadus, L50, M|100/100\n|turn|3\n|\n|t:|1746052343\n|switch|p2b: Indeedee|Indeedee-F, L50, F|100/100\n|-fieldstart|move: Psychic Terrain|[from] ability: Psychic Surge|[of] p2b: Indeedee\n|switch|p1b: Zacian|Zacian-Crowned, L50|100/100\n|-ability|p1b: Zacian|Intrepid Sword|boost\n|-boost|p1b: Zacian|atk|1\n|move|p1a: Tornadus|Rain Dance|p1a: Tornadus\n|-weather|RainDance\n|-end|p2a: Raging Bolt|Protosynthesis\n|move|p2a: Raging Bolt|Volt Switch|p1b: Zacian\n|-crit|p1b: Zacian\n|-damage|p1b: Zacian|47/100\n|\n|t:|1746052357\n|-end|p2a: Raging Bolt|Protosynthesis|[silent]\n|switch|p2a: Koraidon|Koraidon, L50, tera:Fire|100/100|[from] Volt Switch\n|-weather|SunnyDay|[from] ability: Orichalcum Pulse|[of] p2a: Koraidon\n|-activate|p2a: Koraidon|Orichalcum Pulse|[source]\n|\n|-weather|SunnyDay|[upkeep]\n|upkeep\n|turn|4\n|\n|t:|1746052379\n|move|p2b: Indeedee|Follow Me|p2b: Indeedee\n|-singleturn|p2b: Indeedee|move: Follow Me\n|move|p1a: Tornadus|Tailwind|p1a: Tornadus\n|-sidestart|p1: Chaotic Raos|move: Tailwind\n|move|p1b: Zacian|Sacred Sword|p2b: Indeedee\n|-damage|p2b: Indeedee|54/100\n|-damage|p1b: Zacian|30/100|[from] item: Rocky Helmet|[of] p2b: Indeedee\n|move|p2a: Koraidon|Collision Course|p1b: Zacian\n|-damage|p1b: Zacian|0 fnt\n|faint|p1b: Zacian\n|\n|-weather|SunnyDay|[upkeep]\n|upkeep\n|\n|t:|1746052383\n|switch|p1b: Kyogre|Kyogre, L50|64/100\n|-weather|RainDance|[from] ability: Drizzle|[of] p1b: Kyogre\n|turn|5\n|\n|t:|1746052396\n|switch|p2a: Raging Bolt|Raging Bolt, L50|73/100\n|move|p1a: Tornadus|Bleakwind Storm|p2a: Raging Bolt|[spread] p2a,p2b\n|-resisted|p2a: Raging Bolt\n|-damage|p2a: Raging Bolt|64/100\n|-damage|p2b: Indeedee|23/100\n|-unboost|p2b: Indeedee|spe|1\n|move|p1b: Kyogre|Water Spout|p2b: Indeedee|[spread] p2a,p2b\n|-resisted|p2a: Raging Bolt\n|-damage|p2a: Raging Bolt|38/100\n|-damage|p2b: Indeedee|0 fnt\n|faint|p2b: Indeedee\n|\n|-weather|RainDance|[upkeep]\n|upkeep\n|\n|t:|1746052407\n|switch|p2b: Koraidon|Koraidon, L50, tera:Fire|100/100\n|-weather|SunnyDay|[from] ability: Orichalcum Pulse|[of] p2b: Koraidon\n|-activate|p2a: Raging Bolt|ability: Protosynthesis\n|-start|p2a: Raging Bolt|protosynthesisspa\n|-activate|p2b: Koraidon|Orichalcum Pulse|[source]\n|turn|6\n|\n|t:|1746052416\n|move|p1b: Kyogre|Protect|p1b: Kyogre\n|-singleturn|p1b: Kyogre|Protect\n|move|p1a: Tornadus|Rain Dance|p1a: Tornadus\n|-weather|RainDance\n|-end|p2a: Raging Bolt|Protosynthesis\n|move|p2b: Koraidon|Collision Course|p1b: Kyogre\n|-activate|p1b: Kyogre|move: Protect\n|move|p2a: Raging Bolt|Snarl|p1b: Kyogre|[spread] p1a\n|-activate|p1b: Kyogre|move: Protect\n|-crit|p1a: Tornadus\n|-damage|p1a: Tornadus|73/100\n|\n|-weather|RainDance|[upkeep]\n|upkeep\n|turn|7\n|\n|t:|1746052433\n|move|p1a: Tornadus|Bleakwind Storm|p2a: Raging Bolt|[spread] p2a,p2b\n|-resisted|p2a: Raging Bolt\n|-damage|p2a: Raging Bolt|27/100\n|-damage|p2b: Koraidon|67/100\n|move|p1b: Kyogre|Origin Pulse|p2b: Koraidon|[spread] p2a,p2b\n|-resisted|p2a: Raging Bolt\n|-supereffective|p2b: Koraidon\n|-damage|p2a: Raging Bolt|0 fnt\n|-damage|p2b: Koraidon|0 fnt\n|faint|p2a: Raging Bolt\n|-end|p2a: Raging Bolt|Protosynthesis|[silent]\n|faint|p2b: Koraidon\n|\n|win|Chaotic Raos\n||R1xohbambino is ready for game 3.\n||Chaotic Raos is ready for game 3.\n|uhtml|next|Next: <a href=\"/battle-gen9vgc2025regibo3-2354281190\"><strong>Game 3 of 3</strong></a>\n", "uploadtime": 1746052594, "views": 16, "formatid": "gen9vgc2025regibo3", "rating": null, "private": 0, "password": null}