{"id": "gen9vgc2025regibo3-2353475599", "format": "[Gen 9] VGC 2025 Reg I (Bo3)", "players": ["lure shell", "Caiekeru4321"], "log": "|j|\u2606lure shell\n|j|\u2606Caiekeru4321\n|html|<table width=\"100%\"><tr><td align=\"left\">lure shell</td><td align=\"right\">Caiekeru4321</tr><tr><td align=\"left\"><i class=\"fa fa-circle-o\"></i> <i class=\"fa fa-circle-o\"></i> </td><td align=\"right\"><i class=\"fa fa-circle-o\"></i> <i class=\"fa fa-circle-o\"></i> </tr></table>\n|uhtml|bestof|<h2><strong>Game 1</strong> of <a href=\"/game-bestof3-gen9vgc2025regibo3-2353475598\">a best-of-3</a></h2>\n|t:|1745959407\n|gametype|doubles\n|player|p1|lure shell|steven|\n|player|p2|Caiekeru4321|101|\n|teamsize|p1|6\n|teamsize|p2|6\n|gen|9\n|tier|[Gen 9] VGC 2025 Reg I (Bo3)\n|rule|Species Clause: Limit one of each Pok\u00e9mon\n|rule|Item Clause: Limit 1 of each item\n|clearpoke\n|poke|p1|Eiscue, L50, F|\n|poke|p1|Rillaboom, L50, F|\n|poke|p1|Ninetales-Alola, L50, M|\n|poke|p1|Palafin, L50, M|\n|poke|p1|Pachirisu, L50, F|\n|poke|p1|Overqwil, L50, M|\n|poke|p2|Floatzel, L50, M|\n|poke|p2|Empoleon, L50, F|\n|poke|p2|Flareon, L50, F|\n|poke|p2|Espeon, L50, M|\n|poke|p2|Klawf, L50, M|\n|poke|p2|Seviper, L50, F|\n|teampreview|4\n|showteam|p1|Eiscue||SitrusBerry|IceFace|BellyDrum,Protect,IceSpinner,IronHead|||F|||50|,,,,,Ghost]Rillaboom||AssaultVest|GrassySurge|FakeOut,WoodHammer,GrassyGlide,HighHorsepower|||F|||50|,,,,,Fire]Ninetales-Alola||LightClay|SnowWarning|AuroraVeil,Blizzard,Protect,Moonblast|||M|||50|,,,,,Water]Palafin||MysticWater|ZerotoHero|JetPunch,WaveCrash,Protect,Haze|||M|||50|,,,,,Water]Pachirisu||AguavBerry|VoltAbsorb|FollowMe,Nuzzle,HelpingHand,SuperFang|||F|||50|,,,,,Bug]Overqwil||BlackSludge|Intimidate|Protect,Crunch,GunkShot,Taunt|||M|||50|,,,,,Poison\n|showteam|p2|Floatzel||FocusSash|SwiftSwim|WaveCrash,AquaJet,IceSpinner,Protect|||M|||50|,,,,,Water]Empoleon||AssaultVest|Competitive|IcyWind,FlashCannon,KnockOff,HydroPump|||F|||50|,,,,,Steel]Flareon||FlameOrb|Guts|Facade,FlareBlitz,QuickAttack,Protect|||F|||50|,,,,,Normal]Espeon||LightClay|MagicBounce|RainDance,Reflect,LightScreen,Psychic|||M|||50|,,,,,Ghost]Klawf||ChoiceBand|AngerShell|RockSlide|||M|||50|,,,,,Rock]Seviper||ChoiceScarf|Infiltrator|SwordsDance,Substitute,GunkShot,ZenHeadbutt|||F|||50|,,,,,Poison\n|\n|t:|1745959472\n|start\n|switch|p1a: Ninetales|Ninetales-Alola, L50, M|100/100\n|switch|p1b: Palafin|Palafin, L50, M|100/100\n|switch|p2a: Inci-Flutter|Empoleon, L50, F|100/100\n|switch|p2b: Espeon|Espeon, L50, M|100/100\n|-weather|Snowscape|[from] ability: Snow Warning|[of] p1a: Ninetales\n|turn|1\n|\n|t:|1745959494\n|detailschange|p1b: Palafin|Palafin-Hero, L50, M\n|switch|p1b: Pachirisu|Pachirisu, L50, F|100/100\n|move|p2b: Espeon|Reflect|p2b: Espeon\n|-sidestart|p2: Caiekeru4321|Reflect\n|move|p1a: Ninetales|Aurora Veil|p1a: Ninetales\n|-sidestart|p1: lure shell|move: Aurora Veil\n|move|p2a: Inci-Flutter|Flash Cannon|p1a: Ninetales\n|-supereffective|p1a: Ninetales\n|-damage|p1a: Ninetales|0 fnt\n|faint|p1a: Ninetales\n|\n|-weather|Snowscape|[upkeep]\n|upkeep\n|\n|t:|1745959508\n|switch|p1a: Palafin|Palafin-Hero, L50, M|100/100\n|-activate|p1a: Palafin|ability: Zero to Hero\n|turn|2\n|\n|t:|1745959531\n|move|p1b: Pachirisu|Follow Me|p1b: Pachirisu\n|-singleturn|p1b: Pachirisu|move: Follow Me\n|move|p2b: Espeon|Psychic|p1b: Pachirisu\n|-damage|p1b: Pachirisu|79/100\n|move|p1a: Palafin|Wave Crash|p2b: Espeon\n|-damage|p2b: Espeon|0 fnt\n|faint|p2b: Espeon\n|-damage|p1a: Palafin|68/100|[from] Recoil\n|move|p2a: Inci-Flutter|Knock Off|p1b: Pachirisu\n|-damage|p1b: Pachirisu|63/100\n|-enditem|p1b: Pachirisu|Aguav Berry|[from] move: Knock Off|[of] p2a: Inci-Flutter\n|\n|-weather|Snowscape|[upkeep]\n|upkeep\n|\n|t:|1745959544\n|switch|p2b: Ursaluna??|Flareon, L50, F|100/100\n|turn|3\n|\n|t:|1745959558\n|move|p2b: Ursaluna??|Protect|p2b: Ursaluna??\n|-singleturn|p2b: Ursaluna??|Protect\n|move|p1a: Palafin|Jet Punch|p2b: Ursaluna??\n|-activate|p2b: Ursaluna??|move: Protect\n|move|p1b: Pachirisu|Nuzzle|p2a: Inci-Flutter\n|-supereffective|p2a: Inci-Flutter\n|-damage|p2a: Inci-Flutter|94/100\n|-status|p2a: Inci-Flutter|par\n|move|p2a: Inci-Flutter|Icy Wind|p1b: Pachirisu|[spread] p1a,p1b\n|-resisted|p1a: Palafin\n|-damage|p1a: Palafin|64/100\n|-damage|p1b: Pachirisu|55/100\n|-unboost|p1a: Palafin|spe|1\n|-unboost|p1b: Pachirisu|spe|1\n|\n|-weather|Snowscape|[upkeep]\n|upkeep\n|turn|4\n|\n|t:|1745959579\n|-terastallize|p2b: Ursaluna??|Normal\n|move|p1b: Pachirisu|Follow Me|p1b: Pachirisu\n|-singleturn|p1b: Pachirisu|move: Follow Me\n|move|p1a: Palafin|Jet Punch|p2b: Ursaluna??\n|-crit|p2b: Ursaluna??\n|-damage|p2b: Ursaluna??|0 fnt\n|faint|p2b: Ursaluna??\n|move|p2a: Inci-Flutter|Hydro Pump|p1b: Pachirisu\n|-damage|p1b: Pachirisu|26/100\n|\n|-weather|Snowscape|[upkeep]\n|upkeep\n|\n|t:|1745959589\n|switch|p2b: Klawf|Klawf, L50, M|100/100\n|turn|5\n|\n|t:|1745959607\n|-terastallize|p1a: Palafin|Water\n|move|p1b: Pachirisu|Follow Me|p1b: Pachirisu\n|-singleturn|p1b: Pachirisu|move: Follow Me\n|move|p1a: Palafin|Jet Punch|p2b: Klawf\n|-supereffective|p2b: Klawf\n|-damage|p2b: Klawf|3/100\n|-ability|p2b: Klawf|Anger Shell|boost\n|-boost|p2b: Klawf|atk|1\n|-boost|p2b: Klawf|spa|1\n|-boost|p2b: Klawf|spe|1\n|-unboost|p2b: Klawf|def|1\n|-unboost|p2b: Klawf|spd|1\n|move|p2b: Klawf|Rock Slide|p1b: Pachirisu|[spread] p1a,p1b\n|-damage|p1a: Palafin|21/100\n|-damage|p1b: Pachirisu|0 fnt\n|faint|p1b: Pachirisu\n|move|p2a: Inci-Flutter|Icy Wind|p1a: Palafin\n|-resisted|p1a: Palafin\n|-damage|p1a: Palafin|15/100\n|-unboost|p1a: Palafin|spe|1\n|\n|-weather|none\n|upkeep\n|\n|t:|1745959613\n|switch|p1b: Rillaboom|Rillaboom, L50, F|100/100\n|-fieldstart|move: Grassy Terrain|[from] ability: Grassy Surge|[of] p1b: Rillaboom\n|turn|6\n|\n|t:|1745959630\n|move|p1b: Rillaboom|Fake Out|p2a: Inci-Flutter\n|-resisted|p2a: Inci-Flutter\n|-crit|p2a: Inci-Flutter\n|-damage|p2a: Inci-Flutter|85/100 par\n|move|p1a: Palafin|Jet Punch|p2b: Klawf\n|-supereffective|p2b: Klawf\n|-damage|p2b: Klawf|0 fnt\n|faint|p2b: Klawf\n|cant|p2a: Inci-Flutter|flinch\n|\n|-heal|p1a: Palafin|21/100|[from] Grassy Terrain\n|-heal|p2a: Inci-Flutter|91/100 par|[from] Grassy Terrain\n|upkeep\n|turn|7\n|\n|t:|1745959644\n|move|p1b: Rillaboom|Wood Hammer|p2a: Inci-Flutter\n|-damage|p2a: Inci-Flutter|43/100 par\n|-damage|p1b: Rillaboom|85/100|[from] Recoil\n|move|p1a: Palafin|Wave Crash|p2a: Inci-Flutter\n|-resisted|p2a: Inci-Flutter\n|-damage|p2a: Inci-Flutter|7/100 par\n|-damage|p1a: Palafin|8/100|[from] Recoil\n|move|p2a: Inci-Flutter|Icy Wind|p1b: Rillaboom|[spread] p1a,p1b\n|-resisted|p1a: Palafin\n|-supereffective|p1b: Rillaboom\n|-damage|p1a: Palafin|3/100\n|-damage|p1b: Rillaboom|73/100\n|-unboost|p1a: Palafin|spe|1\n|-unboost|p1b: Rillaboom|spe|1\n|\n|-heal|p1b: Rillaboom|79/100|[from] Grassy Terrain\n|-heal|p1a: Palafin|10/100|[from] Grassy Terrain\n|-heal|p2a: Inci-Flutter|13/100 par|[from] Grassy Terrain\n|upkeep\n|turn|8\n|\n|t:|1745959661\n|move|p1a: Palafin|Jet Punch|p2a: Inci-Flutter\n|-resisted|p2a: Inci-Flutter\n|-damage|p2a: Inci-Flutter|0 fnt\n|faint|p2a: Inci-Flutter\n|\n|win|lure shell\n||lure shell is ready for game 2.\n||Caiekeru4321 is ready for game 2.\n|uhtml|next|Next: <a href=\"/battle-gen9vgc2025regibo3-2353478265\"><strong>Game 2 of 3</strong></a>\n|l|\u2606lure shell\n|player|p1|\n", "uploadtime": 1745959926, "views": 7, "formatid": "gen9vgc2025regibo3", "rating": null, "private": 0, "password": null}