{"id": "gen9vgc2025regibo3-2353577681", "format": "[Gen 9] VGC 2025 Reg I (Bo3)", "players": ["Somie", "DigitalWolf"], "log": "|j|\u2606Somie\n|j|\u2606DigitalWolf\n|html|<table width=\"100%\"><tr><td align=\"left\">Somie</td><td align=\"right\">DigitalWolf</tr><tr><td align=\"left\"><i class=\"fa fa-circle-o\"></i> <i class=\"fa fa-circle-o\"></i> </td><td align=\"right\"><i class=\"fa fa-circle-o\"></i> <i class=\"fa fa-circle-o\"></i> </tr></table>\n|uhtml|bestof|<h2><strong>Game 1</strong> of <a href=\"/game-bestof3-gen9vgc2025regibo3-2353577680\">a best-of-3</a></h2>\n|t:|1745970412\n|gametype|doubles\n|player|p1|Somie|marnie|1141\n|player|p2|DigitalWolf|266|1154\n|teamsize|p1|6\n|teamsize|p2|6\n|gen|9\n|tier|[Gen 9] VGC 2025 Reg I (Bo3)\n|rated|\n|rule|Species Clause: Limit one of each Pok\u00e9mon\n|rule|Item Clause: Limit 1 of each item\n|clearpoke\n|poke|p1|Urshifu-*, L50, F|\n|poke|p1|Kyogre, L50|\n|poke|p1|Tornadus, L50, M|\n|poke|p1|Lunala, L50|\n|poke|p1|Rhydon, L50, M|\n|poke|p1|Araquanid, L50, M|\n|poke|p2|Zacian-*, L50|\n|poke|p2|Kyogre, L50|\n|poke|p2|Tornadus, L50, M|\n|poke|p2|Amoonguss, L50, M|\n|poke|p2|Incineroar, L50, M|\n|poke|p2|Urshifu-*, L50, F|\n|teampreview|4\n|showteam|p1|Urshifu-Rapid-Strike||FocusSash|UnseenFist|SurgingStrikes,CloseCombat,AquaJet,Protect|||F|||50|,,,,,Water]Kyogre||MysticWater|Drizzle|WaterSpout,OriginPulse,IceBeam,Protect||||||50|,,,,,Grass]Tornadus||CovertCloak|Prankster|Tailwind,BleakwindStorm,Hurricane,IcyWind|||M|||50|,,,,,Dark]Lunala||FairyFeather|ShadowShield|MoongeistBeam,DazzlingGleam,Tailwind,Protect||||||50|,,,,,Fairy]Rhydon||Eviolite|LightningRod|RockSlide,HighHorsepower,TeraBlast,Protect|||M|||50|,,,,,Fairy]Araquanid||SafetyGoggles|WaterBubble|Waterfall,LeechLife,PowerSplit,WideGuard|||M|||50|,,,,,Steel\n|showteam|p2|Zacian-Crowned||RustedSword|IntrepidSword|behemothblade,PlayRough,SacredSword,Protect||||||50|,,,,,Fairy]Kyogre||MysticWater|Drizzle|WaterSpout,OriginPulse,IceBeam,Protect||||||50|,,,,,Grass]Tornadus||CovertCloak|Prankster|BleakwindStorm,Tailwind,RainDance,Taunt|||M|||50|,,,,,Dark]Amoonguss||RockyHelmet|Regenerator|PollenPuff,Spore,RagePowder,Protect|||M|||50|,,,,,Steel]Incineroar||SafetyGoggles|Intimidate|KnockOff,FakeOut,FlareBlitz,PartingShot|||M|||50|,,,,,Ghost]Urshifu||FocusSash|UnseenFist|SuckerPunch,WickedBlow,CloseCombat,Detect|||F|||50|,,,,,Dark\n|inactive|Battle timer is ON: inactive players will automatically lose when time's up. (requested by Somie)\n|inactive|Somie has 60 seconds left.\n|inactive|DigitalWolf has 60 seconds left.\n|\n|t:|1745970452\n|start\n|switch|p1a: Tornadus|Tornadus, L50, M|100/100\n|switch|p1b: Kyogre|Kyogre, L50, shiny|100/100\n|switch|p2a: Incineroar|Incineroar, L50, M|100/100\n|switch|p2b: Urshifu|Urshifu, L50, F|100/100\n|-weather|RainDance|[from] ability: Drizzle|[of] p1b: Kyogre\n|-ability|p2a: Incineroar|Intimidate|boost\n|-unboost|p1a: Tornadus|atk|1\n|-unboost|p1b: Kyogre|atk|1\n|turn|1\n|inactive|DigitalWolf has 30 seconds left.\n|inactive|Somie has 30 seconds left.\n|inactive|DigitalWolf has 20 seconds left.\n|inactive|DigitalWolf has 15 seconds left.\n|inactive|DigitalWolf has 10 seconds left.\n|inactive|DigitalWolf has 5 seconds left.\n|\n|t:|1745970505\n|switch|p1b: Urshifu|Urshifu-Rapid-Strike, L50, F|100/100\n|-terastallize|p1a: Tornadus|Dark\n|move|p2a: Incineroar|Fake Out|p1b: Urshifu\n|-damage|p1b: Urshifu|90/100\n|move|p2b: Urshifu|Wicked Blow|p1a: Tornadus\n|-resisted|p1a: Tornadus\n|-crit|p1a: Tornadus\n|-damage|p1a: Tornadus|60/100\n|move|p1a: Tornadus|Bleakwind Storm|p2b: Urshifu|[spread] p2a,p2b\n|-supereffective|p2b: Urshifu\n|-damage|p2a: Incineroar|66/100\n|-enditem|p2b: Urshifu|Focus Sash\n|-damage|p2b: Urshifu|1/100\n|-unboost|p2a: Incineroar|spe|1\n|\n|-weather|RainDance|[upkeep]\n|upkeep\n|turn|2\n|inactive|Somie has 30 seconds left.\n|inactive|DigitalWolf has 30 seconds left.\n|inactive|DigitalWolf has 20 seconds left.\n|inactive|DigitalWolf has 15 seconds left.\n|inactive|DigitalWolf has 10 seconds left.\n|inactive|DigitalWolf has 5 seconds left.\n|\n|t:|1745970558\n|switch|p1a: Araquanid|Araquanid, L50, M, shiny|100/100\n|move|p2b: Urshifu|Sucker Punch||[still]\n|-fail|p2b: Urshifu\n|move|p1b: Urshifu|Surging Strikes|p2a: Incineroar\n|-supereffective|p2a: Incineroar\n|-crit|p2a: Incineroar\n|-damage|p2a: Incineroar|15/100\n|-supereffective|p2a: Incineroar\n|-crit|p2a: Incineroar\n|-damage|p2a: Incineroar|0 fnt\n|faint|p2a: Incineroar\n|-hitcount|p2: Incineroar|2\n|\n|-weather|RainDance|[upkeep]\n|upkeep\n|\n|t:|1745970569\n|switch|p2a: Zacian|Zacian-Crowned, L50|100/100\n|-ability|p2a: Zacian|Intrepid Sword|boost\n|-boost|p2a: Zacian|atk|1\n|turn|3\n|\n|t:|1745970590\n|-terastallize|p2a: Zacian|Fairy\n|move|p1b: Urshifu|Aqua Jet|p2b: Urshifu\n|-damage|p2b: Urshifu|0 fnt\n|faint|p2b: Urshifu\n|move|p2a: Zacian|Play Rough|p1b: Urshifu\n|-supereffective|p1b: Urshifu\n|-damage|p1b: Urshifu|0 fnt\n|faint|p1b: Urshifu\n|move|p1a: Araquanid|Power Split|p2a: Zacian\n|-activate|p1a: Araquanid|move: Power Split|[of] p2a: Zacian\n|\n|-weather|RainDance|[upkeep]\n|upkeep\n|inactive|DigitalWolf has 30 seconds left.\n|\n|t:|1745970619\n|switch|p1b: Tornadus|Tornadus, L50, M, tera:Dark|60/100\n|switch|p2b: Amoonguss|Amoonguss, L50, M|100/100\n|turn|4\n|\n|t:|1745970638\n|move|p2b: Amoonguss|Protect|p2b: Amoonguss\n|-singleturn|p2b: Amoonguss|Protect\n|move|p1b: Tornadus|Tailwind|p1b: Tornadus\n|-sidestart|p1: Somie|move: Tailwind\n|move|p2a: Zacian|Behemoth Blade|p1b: Tornadus\n|-damage|p1b: Tornadus|0 fnt\n|faint|p1b: Tornadus\n|move|p1a: Araquanid|Waterfall|p2a: Zacian\n|-damage|p2a: Zacian|22/100\n|\n|-weather|RainDance|[upkeep]\n|upkeep\n|\n|t:|1745970647\n|switch|p1b: Kyogre|Kyogre, L50, shiny|100/100\n|turn|5\n|inactive|DigitalWolf has 30 seconds left.\n|inactive|DigitalWolf has 20 seconds left.\n|\n|t:|1745970683\n|move|p1b: Kyogre|Protect|p1b: Kyogre\n|-singleturn|p1b: Kyogre|Protect\n|move|p2b: Amoonguss|Rage Powder|p2b: Amoonguss\n|-singleturn|p2b: Amoonguss|move: Rage Powder\n|move|p2a: Zacian|Play Rough|p1a: Araquanid\n|-damage|p1a: Araquanid|44/100\n|move|p1a: Araquanid|Waterfall|p2b: Amoonguss\n|-resisted|p2b: Amoonguss\n|-damage|p2b: Amoonguss|58/100\n|-damage|p1a: Araquanid|28/100|[from] item: Rocky Helmet|[of] p2b: Amoonguss\n|\n|-weather|none\n|upkeep\n|turn|6\n|\n|t:|1745970707\n|move|p2a: Zacian|Protect|p2a: Zacian\n|-singleturn|p2a: Zacian|Protect\n|move|p2b: Amoonguss|Protect|p2b: Amoonguss\n|-singleturn|p2b: Amoonguss|Protect\n|move|p1b: Kyogre|Water Spout|p2b: Amoonguss|[spread] \n|-activate|p2a: Zacian|move: Protect\n|-activate|p2b: Amoonguss|move: Protect\n|move|p1a: Araquanid|Waterfall|p2b: Amoonguss\n|-activate|p2b: Amoonguss|move: Protect\n|\n|upkeep\n|turn|7\n|\n|t:|1745970720\n|move|p2a: Zacian|Protect||[still]\n|-fail|p2a: Zacian\n|move|p2b: Amoonguss|Protect||[still]\n|-fail|p2b: Amoonguss\n|move|p1b: Kyogre|Water Spout|p2b: Amoonguss|[spread] p2a,p2b\n|-resisted|p2b: Amoonguss\n|-damage|p2a: Zacian|0 fnt\n|-damage|p2b: Amoonguss|27/100\n|faint|p2a: Zacian\n|move|p1a: Araquanid|Waterfall|p2b: Amoonguss\n|-resisted|p2b: Amoonguss\n|-damage|p2b: Amoonguss|1/100\n|-damage|p1a: Araquanid|11/100|[from] item: Rocky Helmet|[of] p2b: Amoonguss\n|\n|-sideend|p1: Somie|move: Tailwind\n|upkeep\n|turn|8\n|\n|t:|1745970735\n|move|p1b: Kyogre|Water Spout|p2b: Amoonguss\n|-resisted|p2b: Amoonguss\n|-damage|p2b: Amoonguss|0 fnt\n|faint|p2b: Amoonguss\n|\n|win|Somie\n||DigitalWolf is ready for game 2.\n||Somie is ready for game 2.\n|uhtml|next|Next: <a href=\"/battle-gen9vgc2025regibo3-2353580539\"><strong>Game 2 of 3</strong></a>\n|l|\u2606DigitalWolf\n|player|p2|\n", "uploadtime": 1745970915, "views": 9, "formatid": "gen9vgc2025regibo3", "rating": null, "private": 0, "password": null}