{"id": "gen9vgc2025regibo3-2354218298", "format": "[Gen 9] VGC 2025 Reg I (Bo3)", "players": ["sorecruiser", "Regionalamateur"], "log": "|j|\u2606sorecruiser\n|j|\u2606Regionalamateur\n|html|<table width=\"100%\"><tr><td align=\"left\">sorecruiser</td><td align=\"right\">Regionalamateur</tr><tr><td align=\"left\"><i class=\"fa fa-circle-o\"></i> <i class=\"fa fa-circle-o\"></i> </td><td align=\"right\"><i class=\"fa fa-circle-o\"></i> <i class=\"fa fa-circle-o\"></i> </tr></table>\n|uhtml|bestof|<h2><strong>Game 1</strong> of <a href=\"/game-bestof3-gen9vgc2025regibo3-2354218297\">a best-of-3</a></h2>\n|t:|1746045788\n|gametype|doubles\n|player|p1|sorecruiser|170|1041\n|player|p2|Regionalamateur|102|1129\n|teamsize|p1|6\n|teamsize|p2|6\n|gen|9\n|tier|[Gen 9] VGC 2025 Reg I (Bo3)\n|rated|\n|rule|Species Clause: Limit one of each Pok\u00e9mon\n|rule|Item Clause: Limit 1 of each item\n|clearpoke\n|poke|p1|Calyrex-Shadow, L50|\n|poke|p1|Whimsicott, L50, M|\n|poke|p1|Rillaboom, L50, M|\n|poke|p1|Koraidon, L50|\n|poke|p1|Farigiraf, L50, M|\n|poke|p1|Chi-Yu, L50|\n|poke|p2|Calyrex-Shadow, L50|\n|poke|p2|Rillaboom, L50, M|\n|poke|p2|Ogerpon-Cornerstone, L50, F|\n|poke|p2|Tornadus, L50, M|\n|poke|p2|Zacian-*, L50|\n|poke|p2|Urshifu-*, L50, M|\n|teampreview|4\n|showteam|p1|Calyrex-Shadow||FocusSash|AsOneSpectrier|AstralBarrage,Psyshock,PollenPuff,Protect||||||50|,,,,,Ghost]Whimsicott||CovertCloak|Prankster|Tailwind,Encore,LightScreen,Moonblast|||M|||50|,,,,,Dark]Rillaboom||AssaultVest|GrassySurge|Uturn,GrassyGlide,WoodHammer,FakeOut|||M|||50|,,,,,Water]Koraidon||ClearAmulet|OrichalcumPulse|FlareBlitz,CollisionCourse,FlameCharge,Protect||||||50|,,,,,Fire]Farigiraf||SafetyGoggles|ArmorTail|PsychicNoise,FoulPlay,HelpingHand,TrickRoom|||M|||50|,,,,,Water]Chi-Yu||ChoiceScarf|BeadsofRuin|Snarl,Overheat,DarkPulse,HeatWave||||||50|,,,,,Ghost\n|showteam|p2|Calyrex-Shadow||FocusSash|AsOneSpectrier|AstralBarrage,Psychic,Imprison,Protect||||||50|,,,,,Psychic]Rillaboom||AssaultVest|GrassySurge|WoodHammer,GrassyGlide,KnockOff,FakeOut|||M|||50|,,,,,Fire]Ogerpon-Cornerstone||CornerstoneMask|Sturdy|IvyCudgel,PowerWhip,FollowMe,SpikyShield|||F|||50|,,,,,Rock]Tornadus||CovertCloak|Prankster|BleakwindStorm,Tailwind,Taunt,RainDance|||M|||50|,,,,,Dark]Zacian-Crowned||RustedSword|IntrepidSword|behemothblade,PlayRough,SacredSword,Protect||||||50|,,,,,Fairy]Urshifu-Rapid-Strike||MysticWater|UnseenFist|SurgingStrikes,CloseCombat,AquaJet,Detect|||M|||50|,,,,,Stellar\n|inactive|Battle timer is ON: inactive players will automatically lose when time's up. (requested by Regionalamateur)\n|inactive|sorecruiser has 60 seconds left.\n|inactive|Regionalamateur has 60 seconds left.\n|\n|t:|1746045834\n|start\n|switch|p1a: Whimsicott|Whimsicott, L50, M|100/100\n|switch|p1b: Chi-Yu|Chi-Yu, L50|100/100\n|switch|p2a: Tornadus|Tornadus, L50, M|100/100\n|switch|p2b: Ogerpon|Ogerpon-Cornerstone, L50, F|100/100\n|-ability|p1b: Chi-Yu|Beads of Ruin\n|turn|1\n|inactive|sorecruiser has 30 seconds left.\n|\n|t:|1746045864\n|-terastallize|p1b: Chi-Yu|Ghost\n|move|p1a: Whimsicott|Tailwind|p1a: Whimsicott\n|-sidestart|p1: sorecruiser|move: Tailwind\n|move|p1b: Chi-Yu|Overheat|p2b: Ogerpon\n|-ability|p2b: Ogerpon|Sturdy\n|-damage|p2b: Ogerpon|1/100\n|-unboost|p1b: Chi-Yu|spa|2\n|move|p2b: Ogerpon|Ivy Cudgel|p1b: Chi-Yu|[anim] Ivy Cudgel Rock\n|-damage|p1b: Chi-Yu|12/100\n|move|p2a: Tornadus|Bleakwind Storm|p1b: Chi-Yu|[spread] p1a,p1b\n|-supereffective|p1a: Whimsicott\n|-damage|p1a: Whimsicott|0 fnt\n|-damage|p1b: Chi-Yu|0 fnt\n|faint|p1a: Whimsicott\n|faint|p1b: Chi-Yu\n|\n|upkeep\n|\n|t:|1746045879\n|switch|p1a: Calyrex|Calyrex-Shadow, L50|100/100\n|switch|p1b: Koraidon|Koraidon, L50|100/100\n|-ability|p1a: Calyrex|As One\n|-ability|p1a: Calyrex|Unnerve\n|-weather|SunnyDay|[from] ability: Orichalcum Pulse|[of] p1b: Koraidon\n|-activate|p1b: Koraidon|Orichalcum Pulse|[source]\n|turn|2\n|\n|t:|1746045904\n|move|p2a: Tornadus|Tailwind|p2a: Tornadus\n|-sidestart|p2: Regionalamateur|move: Tailwind\n|move|p1a: Calyrex|Astral Barrage|p2a: Tornadus|[spread] p2a,p2b\n|-damage|p2a: Tornadus|42/100\n|-damage|p2b: Ogerpon|0 fnt\n|faint|p2b: Ogerpon\n|-ability|p1a: Calyrex|Grim Neigh|boost\n|-boost|p1a: Calyrex|spa|1\n|move|p1b: Koraidon|Flare Blitz|p2a: Tornadus\n|-damage|p2a: Tornadus|0 fnt\n|faint|p2a: Tornadus\n|-damage|p1b: Koraidon|86/100|[from] Recoil\n|\n|-weather|SunnyDay|[upkeep]\n|upkeep\n|\n|t:|1746045909\n|switch|p2b: Calyrex|Calyrex-Shadow, L50|100/100\n|switch|p2a: Zacian|Zacian-Crowned, L50|100/100\n|-ability|p2b: Calyrex|As One\n|-ability|p2b: Calyrex|Unnerve\n|-ability|p2a: Zacian|Intrepid Sword|boost\n|-boost|p2a: Zacian|atk|1\n|turn|3\n|\n|t:|1746045927\n|move|p1a: Calyrex|Astral Barrage|p2a: Zacian|[spread] p2a,p2b\n|-supereffective|p2b: Calyrex\n|-crit|p2b: Calyrex\n|-damage|p2a: Zacian|29/100\n|-enditem|p2b: Calyrex|Focus Sash\n|-damage|p2b: Calyrex|1/100\n|move|p2b: Calyrex|Psychic|p1b: Koraidon\n|-supereffective|p1b: Koraidon\n|-damage|p1b: Koraidon|0 fnt\n|faint|p1b: Koraidon\n|-ability|p2b: Calyrex|Grim Neigh|boost\n|-boost|p2b: Calyrex|spa|1\n|move|p2a: Zacian|Behemoth Blade|p1a: Calyrex\n|-damage|p1a: Calyrex|3/100\n|\n|-weather|SunnyDay|[upkeep]\n|upkeep\n|turn|4\n|\n|t:|1746045942\n|move|p2b: Calyrex|Protect|p2b: Calyrex\n|-singleturn|p2b: Calyrex|Protect\n|move|p2a: Zacian|Protect|p2a: Zacian\n|-singleturn|p2a: Zacian|Protect\n|move|p1a: Calyrex|Astral Barrage|p2a: Zacian|[spread] \n|-activate|p2a: Zacian|move: Protect\n|-activate|p2b: Calyrex|move: Protect\n|\n|-weather|SunnyDay|[upkeep]\n|-sideend|p1: sorecruiser|move: Tailwind\n|upkeep\n|turn|5\n|\n|t:|1746045955\n|move|p1a: Calyrex|Protect|p1a: Calyrex\n|-singleturn|p1a: Calyrex|Protect\n|move|p2b: Calyrex|Astral Barrage|p1a: Calyrex\n|-activate|p1a: Calyrex|move: Protect\n|move|p2a: Zacian|Behemoth Blade|p1a: Calyrex\n|-activate|p1a: Calyrex|move: Protect\n|\n|-weather|SunnyDay|[upkeep]\n|-sideend|p2: Regionalamateur|move: Tailwind\n|upkeep\n|turn|6\n|\n|t:|1746045965\n|move|p1a: Calyrex|Astral Barrage|p2a: Zacian|[spread] p2a,p2b\n|-supereffective|p2b: Calyrex\n|-damage|p2a: Zacian|0 fnt\n|-damage|p2b: Calyrex|0 fnt\n|faint|p2a: Zacian\n|faint|p2b: Calyrex\n|\n|win|sorecruiser\n||Regionalamateur is ready for game 2.\n", "uploadtime": 1746045972, "views": 24, "formatid": "gen9vgc2025regibo3", "rating": null, "private": 0, "password": null}