{"id": "gen9vgc2025regibo3-2354009138", "format": "[Gen 9] VGC 2025 Reg I (Bo3)", "players": ["tha worldo", "bulano"], "log": "|j|\u2606tha worldo\n|j|\u2606bulano\n|html|<table width=\"100%\"><tr><td align=\"left\">tha worldo</td><td align=\"right\">bulano</tr><tr><td align=\"left\"><i class=\"fa fa-circle-o\"></i> <i class=\"fa fa-circle-o\"></i> </td><td align=\"right\"><i class=\"fa fa-circle-o\"></i> <i class=\"fa fa-circle-o\"></i> </tr></table>\n|uhtml|bestof|<h2><strong>Game 1</strong> of <a href=\"/game-bestof3-gen9vgc2025regibo3-2354009137\">a best-of-3</a></h2>\n|t:|1746027119\n|gametype|doubles\n|player|p1|tha worldo|2|1113\n|player|p2|bulano|ash|1071\n|teamsize|p1|6\n|teamsize|p2|6\n|gen|9\n|tier|[Gen 9] VGC 2025 Reg I (Bo3)\n|rated|\n|rule|Species Clause: Limit one of each Pok\u00e9mon\n|rule|Item Clause: Limit 1 of each item\n|clearpoke\n|poke|p1|Chesnaught, L50, M|\n|poke|p1|Calyrex-Shadow, L50|\n|poke|p1|Chi-Yu, L50|\n|poke|p1|Kyogre, L50|\n|poke|p1|Grimmsnarl, L50, M|\n|poke|p1|Landorus, L50, M|\n|poke|p2|Calyrex-Ice, L50|\n|poke|p2|Rillaboom, L50, F|\n|poke|p2|Kyogre, L50|\n|poke|p2|Incineroar, L50, M|\n|poke|p2|Raging Bolt, L50|\n|poke|p2|Grimmsnarl, L50, M|\n|teampreview|4\n|showteam|p1|Chesnaught||CovertCloak|Bulletproof|BodyPress,WideGuard,Feint,HelpingHand|||M|||50|,,,,,Steel]Calyrex-Shadow||FocusSash|AsOneSpectrier|AstralBarrage,Psyshock,NastyPlot,Protect||||||50|,,,,,Water]Chi-Yu||ChoiceScarf|BeadsofRuin|HeatWave,Snarl,Psychic,Overheat||||||50|,,,,,Ghost]Kyogre||AssaultVest|Drizzle|IceBeam,Thunder,OriginPulse,IcyWind||||||50|,,,,,Grass]Grimmsnarl||LightClay|Prankster|ThunderWave,LightScreen,Reflect,FoulPlay|||M|||50|,,,,,Steel]Landorus||LifeOrb|SheerForce|EarthPower,SandsearStorm,SludgeBomb,Protect|||M|||50|,,,,,Ghost\n|showteam|p2|Calyrex-Ice||Leftovers|AsOneGlastrier|SwordsDance,GlacialLance,HighHorsepower,Protect||||||50|,,,,,Fairy]Rillaboom||AssaultVest|GrassySurge|FakeOut,WoodHammer,Uturn,GrassyGlide|||F|||50|,,,,,Fire]Kyogre||ChoiceScarf|Drizzle|WaterSpout,OriginPulse,IceBeam,Thunder||||||50|,,,,,Grass]Incineroar||CovertCloak|Intimidate|FakeOut,PartingShot,KnockOff,Taunt|||M|||50|,,,,,Ghost]Raging Bolt||BoosterEnergy|Protosynthesis|Thunderbolt,Thunderclap,Electroweb,DracoMeteor||||||50|,,,,,Electric]Grimmsnarl||LightClay|Prankster|Reflect,LightScreen,FoulPlay,ThunderWave|||M|||50|,,,,,Ghost\n|\n|t:|1746027170\n|start\n|switch|p1a: Chesnaught|Chesnaught, L50, M|100/100\n|switch|p1b: Calyrex|Calyrex-Shadow, L50|100/100\n|switch|p2a: Grimmsnarl|Grimmsnarl, L50, M|100/100\n|switch|p2b: Calyrex|Calyrex-Ice, L50|100/100\n|-ability|p1b: Calyrex|As One\n|-ability|p1b: Calyrex|Unnerve\n|-ability|p2b: Calyrex|As One\n|-ability|p2b: Calyrex|Unnerve\n|turn|1\n|\n|t:|1746027199\n|-terastallize|p1b: Calyrex|Water\n|-terastallize|p2b: Calyrex|Fairy\n|move|p1a: Chesnaught|Helping Hand|p1b: Calyrex\n|-singleturn|p1b: Calyrex|Helping Hand|[of] p1a: Chesnaught\n|move|p2a: Grimmsnarl|Light Screen|p2a: Grimmsnarl\n|-sidestart|p2: bulano|move: Light Screen\n|move|p1b: Calyrex|Astral Barrage|p2b: Calyrex|[spread] p2a,p2b\n|-resisted|p2a: Grimmsnarl\n|-damage|p2a: Grimmsnarl|71/100\n|-damage|p2b: Calyrex|58/100\n|move|p2b: Calyrex|Swords Dance|p2b: Calyrex\n|-boost|p2b: Calyrex|atk|2\n|\n|-heal|p2b: Calyrex|64/100|[from] item: Leftovers\n|upkeep\n|turn|2\n|\n|t:|1746027221\n|move|p1a: Chesnaught|Wide Guard|p1a: Chesnaught\n|-singleturn|p1a: Chesnaught|Wide Guard\n|move|p2a: Grimmsnarl|Thunder Wave|p1b: Calyrex\n|-status|p1b: Calyrex|par\n|move|p1b: Calyrex|Astral Barrage|p2a: Grimmsnarl|[spread] p2a,p2b\n|-resisted|p2a: Grimmsnarl\n|-damage|p2a: Grimmsnarl|52/100\n|-damage|p2b: Calyrex|37/100\n|move|p2b: Calyrex|High Horsepower|p1b: Calyrex\n|-damage|p1b: Calyrex|12/100 par\n|\n|-heal|p2b: Calyrex|43/100|[from] item: Leftovers\n|upkeep\n|turn|3\n|\n|t:|1746027237\n|switch|p2a: Raging Bolt|Raging Bolt, L50|100/100\n|-enditem|p2a: Raging Bolt|Booster Energy\n|-activate|p2a: Raging Bolt|ability: Protosynthesis|[fromitem]\n|-start|p2a: Raging Bolt|protosynthesisspa\n|move|p1a: Chesnaught|Helping Hand|p1b: Calyrex\n|-singleturn|p1b: Calyrex|Helping Hand|[of] p1a: Chesnaught\n|move|p2b: Calyrex|Protect|p2b: Calyrex\n|-singleturn|p2b: Calyrex|Protect\n|move|p1b: Calyrex|Astral Barrage|p2b: Calyrex|[spread] p2a\n|-activate|p2b: Calyrex|move: Protect\n|-damage|p2a: Raging Bolt|58/100\n|\n|-heal|p2b: Calyrex|49/100|[from] item: Leftovers\n|upkeep\n|turn|4\n|\n|t:|1746027261\n|cant|p1b: Calyrex|par\n|move|p2a: Raging Bolt|Thunderbolt|p1b: Calyrex\n|-supereffective|p1b: Calyrex\n|-damage|p1b: Calyrex|0 fnt\n|faint|p1b: Calyrex\n|move|p1a: Chesnaught|Body Press|p2a: Raging Bolt\n|-damage|p2a: Raging Bolt|25/100\n|move|p2b: Calyrex|Glacial Lance|p1a: Chesnaught\n|-supereffective|p1a: Chesnaught\n|-damage|p1a: Chesnaught|0 fnt\n|faint|p1a: Chesnaught\n|-ability|p2b: Calyrex|Chilling Neigh|boost\n|-boost|p2b: Calyrex|atk|1\n|\n|-heal|p2b: Calyrex|54/100|[from] item: Leftovers\n|upkeep\n|\n|t:|1746027271\n|switch|p1b: Kyogre|Kyogre, L50|100/100\n|switch|p1a: Chi-Yu|Chi-Yu, L50|100/100\n|-ability|p1a: Chi-Yu|Beads of Ruin\n|-weather|RainDance|[from] ability: Drizzle|[of] p1b: Kyogre\n|turn|5\n|\n|t:|1746027286\n|move|p2a: Raging Bolt|Thunderclap|p1b: Kyogre\n|-supereffective|p1b: Kyogre\n|-damage|p1b: Kyogre|43/100\n|move|p1a: Chi-Yu|Snarl|p2a: Raging Bolt|[spread] p2a,p2b\n|-resisted|p2b: Calyrex\n|-damage|p2a: Raging Bolt|7/100\n|-damage|p2b: Calyrex|47/100\n|-unboost|p2a: Raging Bolt|spa|1\n|-unboost|p2b: Calyrex|spa|1\n|move|p1b: Kyogre|Origin Pulse|p2a: Raging Bolt|[spread] p2a,p2b\n|-resisted|p2a: Raging Bolt\n|-damage|p2a: Raging Bolt|0 fnt\n|-damage|p2b: Calyrex|2/100\n|faint|p2a: Raging Bolt\n|-end|p2a: Raging Bolt|Protosynthesis|[silent]\n|move|p2b: Calyrex|High Horsepower|p1a: Chi-Yu\n|-supereffective|p1a: Chi-Yu\n|-damage|p1a: Chi-Yu|0 fnt\n|faint|p1a: Chi-Yu\n|-ability|p2b: Calyrex|Chilling Neigh|boost\n|-boost|p2b: Calyrex|atk|1\n|\n|-weather|RainDance|[upkeep]\n|-heal|p2b: Calyrex|8/100|[from] item: Leftovers\n|upkeep\n|\n|t:|1746027301\n|switch|p2a: Kyogre|Kyogre, L50|100/100\n|turn|6\n|-message|tha worldo forfeited.\n|\n|win|bulano\n|l|\u2606tha worldo\n|player|p1|\n||tha worldo is ready for game 2.\n||bulano is ready for game 2.\n|uhtml|next|Next: <a href=\"/battle-gen9vgc2025regibo3-2354011389\"><strong>Game 2 of 3</strong></a>\n|l|\u2606bulano\n|player|p2|\n", "uploadtime": 1746027652, "views": 6, "formatid": "gen9vgc2025regibo3", "rating": null, "private": 0, "password": null}