{"id": "gen9vgc2025regibo3-2353936784", "format": "[Gen 9] VGC 2025 Reg I (Bo3)", "players": ["pokeomis", "FinalFentanylVII"], "log": "|j|\u2606pokeomis\n|j|\u2606FinalFentanylVII\n|html|<table width=\"100%\"><tr><td align=\"left\">pokeomis</td><td align=\"right\">FinalFentanylVII</tr><tr><td align=\"left\"><i class=\"fa fa-circle-o\"></i> <i class=\"fa fa-circle-o\"></i> </td><td align=\"right\"><i class=\"fa fa-circle-o\"></i> <i class=\"fa fa-circle\"></i> </tr></table>\n|uhtml|bestof|<h2><strong>Game 2</strong> of <a href=\"/game-bestof3-gen9vgc2025regibo3-2353932756\">a best-of-3</a></h2>\n|t:|1746020609\n|gametype|doubles\n|player|p1|pokeomis|rocketgrunt|1198\n|player|p2|FinalFentanylVII|blue|1246\n|teamsize|p1|6\n|teamsize|p2|6\n|gen|9\n|tier|[Gen 9] VGC 2025 Reg I (Bo3)\n|rated|\n|rule|Species Clause: Limit one of each Pok\u00e9mon\n|rule|Item Clause: Limit 1 of each item\n|clearpoke\n|poke|p1|Calyrex-Shadow, L50|\n|poke|p1|Chi-Yu, L50|\n|poke|p1|Koraidon, L50|\n|poke|p1|Weezing-Galar, L50, F|\n|poke|p1|Brute Bonnet, L50|\n|poke|p1|Landorus-Therian, L50, M|\n|poke|p2|Calyrex-Shadow, L50|\n|poke|p2|Zamazenta-*, L50|\n|poke|p2|Incineroar, L50, M|\n|poke|p2|Rillaboom, L50, F|\n|poke|p2|Urshifu-*, L50, M|\n|poke|p2|Tornadus, L50, M|\n|teampreview|4\n|showteam|p1|Calyrex-Shadow||FocusSash|AsOneSpectrier|Protect,AstralBarrage,Psychic,Encore||||||50|,,,,,Ghost]Chi-Yu||ChoiceScarf|BeadsofRuin|Overheat,HeatWave,DarkPulse,Snarl||||||50|,,,,,Ghost]Koraidon||AbilityShield|OrichalcumPulse|Protect,CloseCombat,FlameCharge,FlareBlitz||||||50|,,,,,Fire]Weezing-Galar||SafetyGoggles|NeutralizingGas|Protect,StrangeSteam,PoisonGas,Taunt|||F|||50|,,,,,Water]Brute Bonnet||CovertCloak|Protosynthesis|Spore,SuckerPunch,RagePowder,SeedBomb||||||50|,,,,,Water]Landorus-Therian||AssaultVest|Intimidate|StompingTantrum,RockSlide,Uturn,TeraBlast|||M|||50|,,,,,Poison\n|showteam|p2|Calyrex-Shadow||LifeOrb|AsOneSpectrier|AstralBarrage,Psychic,NastyPlot,Protect||||||50|,,,,,Dark]Zamazenta-Crowned||RustedShield|DauntlessShield|BodyPress,behemothbash,WideGuard,Protect||||||50|,,,,,Dragon]Incineroar||RockyHelmet|Intimidate|KnockOff,PartingShot,FakeOut,HelpingHand|||M|||50|,,,,,Bug]Rillaboom||AssaultVest|GrassySurge|FakeOut,GrassyGlide,WoodHammer,Uturn|||F|||50|,,,,,Grass]Urshifu-Rapid-Strike||ChoiceScarf|UnseenFist|SurgingStrikes,CloseCombat,AquaJet,Uturn|||M|||50|,,,,,Ghost]Tornadus||FocusSash|Prankster|BleakwindStorm,Tailwind,RainDance,Protect|||M|||50|,,,,,Dark\n|inactive|Battle timer is ON: inactive players will automatically lose when time's up. (requested by pokeomis)\n|inactive|pokeomis has 60 seconds left.\n|inactive|FinalFentanylVII has 60 seconds left.\n|inactive|pokeomis has 30 seconds left.\n|\n|t:|1746020675\n|start\n|switch|p1a: Weezing|Weezing-Galar, L50, F|100/100\n|switch|p1b: Landorus|Landorus-Therian, L50, M|100/100\n|switch|p2a: Incineroar|Incineroar, L50, M|100/100\n|switch|p2b: Tornadus|Tornadus, L50, M|100/100\n|-ability|p1a: Weezing|Neutralizing Gas\n|turn|1\n|\n|t:|1746020698\n|switch|p2b: Urshifu|Urshifu-Rapid-Strike, L50, M|100/100\n|move|p2a: Incineroar|Fake Out|p1b: Landorus\n|-damage|p1b: Landorus|89/100\n|cant|p1b: Landorus|flinch\n|move|p1a: Weezing|Poison Gas|p2a: Incineroar|[spread] p2a,p2b\n|-status|p2a: Incineroar|psn\n|-status|p2b: Urshifu|psn\n|\n|-damage|p2b: Urshifu|88/100 psn|[from] psn\n|-damage|p2a: Incineroar|88/100 psn|[from] psn\n|upkeep\n|turn|2\n|inactive|pokeomis has 30 seconds left.\n|inactive|pokeomis has 20 seconds left.\n|inactive|pokeomis has 15 seconds left.\n|\n|t:|1746020743\n|switch|p1b: Brute Bonnet|Brute Bonnet, L50|100/100\n|move|p2b: Urshifu|Surging Strikes|p1b: Brute Bonnet\n|-resisted|p1b: Brute Bonnet\n|-crit|p1b: Brute Bonnet\n|-damage|p1b: Brute Bonnet|93/100\n|-resisted|p1b: Brute Bonnet\n|-crit|p1b: Brute Bonnet\n|-damage|p1b: Brute Bonnet|86/100\n|-resisted|p1b: Brute Bonnet\n|-crit|p1b: Brute Bonnet\n|-damage|p1b: Brute Bonnet|78/100\n|-hitcount|p1b: Brute Bonnet|3\n|move|p1a: Weezing|Taunt|p2a: Incineroar\n|-start|p2a: Incineroar|move: Taunt\n|cant|p2a: Incineroar|move: Taunt|Parting Shot\n|\n|-damage|p2b: Urshifu|76/100 psn|[from] psn\n|-damage|p2a: Incineroar|76/100 psn|[from] psn\n|upkeep\n|turn|3\n|inactive|pokeomis has 30 seconds left.\n|inactive|FinalFentanylVII has 30 seconds left.\n|\n|t:|1746020771\n|switch|p2b: Tornadus|Tornadus, L50, M|100/100\n|move|p1a: Weezing|Strange Steam|p2b: Tornadus\n|-damage|p2b: Tornadus|63/100\n|move|p2a: Incineroar|Knock Off|p1b: Brute Bonnet\n|-resisted|p1b: Brute Bonnet\n|-damage|p1b: Brute Bonnet|66/100\n|-enditem|p1b: Brute Bonnet|Covert Cloak|[from] move: Knock Off|[of] p2a: Incineroar\n|move|p1b: Brute Bonnet|Spore|p2b: Tornadus\n|-status|p2b: Tornadus|slp|[from] move: Spore\n|\n|-damage|p2a: Incineroar|63/100 psn|[from] psn\n|upkeep\n|turn|4\n|inactive|pokeomis has 30 seconds left.\n|\n|t:|1746020804\n|-end|p1a: Weezing|ability: Neutralizing Gas\n|-ability|p2a: Incineroar|Intimidate|boost\n|-unboost|p1a: Weezing|atk|1\n|-unboost|p1b: Brute Bonnet|atk|1\n|switch|p1a: Calyrex|Calyrex-Shadow, L50|100/100\n|-ability|p1a: Calyrex|As One\n|-ability|p1a: Calyrex|Unnerve\n|move|p1b: Brute Bonnet|Rage Powder|p1b: Brute Bonnet\n|-singleturn|p1b: Brute Bonnet|move: Rage Powder\n|cant|p2b: Tornadus|slp\n|move|p2a: Incineroar|Knock Off|p1b: Brute Bonnet\n|-resisted|p1b: Brute Bonnet\n|-damage|p1b: Brute Bonnet|58/100\n|\n|-damage|p2a: Incineroar|51/100 psn|[from] psn\n|-end|p2a: Incineroar|move: Taunt\n|upkeep\n|turn|5\n|inactive|FinalFentanylVII has 30 seconds left.\n|\n|t:|1746020830\n|-terastallize|p1a: Calyrex|Ghost\n|-terastallize|p2b: Tornadus|Dark\n|move|p1b: Brute Bonnet|Rage Powder|p1b: Brute Bonnet\n|-singleturn|p1b: Brute Bonnet|move: Rage Powder\n|move|p1a: Calyrex|Astral Barrage|p2a: Incineroar|[spread] p2a,p2b\n|-resisted|p2a: Incineroar\n|-resisted|p2b: Tornadus\n|-damage|p2a: Incineroar|19/100 psn\n|-damage|p2b: Tornadus|19/100 slp\n|cant|p2b: Tornadus|slp\n|move|p2a: Incineroar|Parting Shot|p1b: Brute Bonnet\n|-unboost|p1b: Brute Bonnet|atk|1\n|-unboost|p1b: Brute Bonnet|spa|1\n|\n|t:|1746020846\n|switch|p2a: Calyrex|Calyrex-Shadow, L50|100/100|[from] Parting Shot\n|-ability|p2a: Calyrex|As One\n|-ability|p2a: Calyrex|Unnerve\n|\n|upkeep\n|turn|6\n|\n|t:|1746020863\n|move|p2a: Calyrex|Protect|p2a: Calyrex\n|-singleturn|p2a: Calyrex|Protect\n|-curestatus|p2b: Tornadus|slp|[msg]\n|move|p2b: Tornadus|Tailwind|p2b: Tornadus\n|-sidestart|p2: FinalFentanylVII|move: Tailwind\n|move|p1b: Brute Bonnet|Sucker Punch||[still]\n|-fail|p1b: Brute Bonnet\n|move|p1a: Calyrex|Astral Barrage|p2a: Calyrex|[spread] p2b\n|-activate|p2a: Calyrex|move: Protect\n|-resisted|p2b: Tornadus\n|-damage|p2b: Tornadus|0 fnt\n|faint|p2b: Tornadus\n|-ability|p1a: Calyrex|Grim Neigh|boost\n|-boost|p1a: Calyrex|spa|1\n|\n|upkeep\n|\n|t:|1746020871\n|switch|p2b: Urshifu|Urshifu-Rapid-Strike, L50, M|76/100 psn\n|turn|7\n|-message|FinalFentanylVII forfeited.\n|\n|win|pokeomis\n|l|\u2606FinalFentanylVII\n|player|p2|\n||pokeomis is ready for game 3.\n||FinalFentanylVII is ready for game 3.\n|uhtml|next|Next: <a href=\"/battle-gen9vgc2025regibo3-2353939710\"><strong>Game 3 of 3</strong></a>\n", "uploadtime": 1746021021, "views": 6, "formatid": "gen9vgc2025regibo3", "rating": null, "private": 0, "password": null}