{"id": "gen9vgc2025regibo3-2354235014", "format": "[Gen 9] VGC 2025 Reg I (Bo3)", "players": ["atlpreplup", "Solunex"], "log": "|j|\u2606atlpreplup\n|j|\u203dSolunex\n|html|<table width=\"100%\"><tr><td align=\"left\">atlpreplup</td><td align=\"right\">Solunex</tr><tr><td align=\"left\"><i class=\"fa fa-circle-o\"></i> <i class=\"fa fa-circle-o\"></i> </td><td align=\"right\"><i class=\"fa fa-circle-o\"></i> <i class=\"fa fa-circle-o\"></i> </tr></table>\n|uhtml|bestof|<h2><strong>Game 1</strong> of <a href=\"/game-bestof3-gen9vgc2025regibo3-2354235013\">a best-of-3</a></h2>\n|t:|1746047503\n|gametype|doubles\n|player|p1|atlpreplup|170|1350\n|player|p2|Solunex|101|1218\n|teamsize|p1|6\n|teamsize|p2|6\n|gen|9\n|tier|[Gen 9] VGC 2025 Reg I (Bo3)\n|rated|\n|rule|Species Clause: Limit one of each Pok\u00e9mon\n|rule|Item Clause: Limit 1 of each item\n|clearpoke\n|poke|p1|Calyrex-Shadow, L50|\n|poke|p1|Incineroar, L50, M|\n|poke|p1|Koraidon, L50|\n|poke|p1|Brute Bonnet, L50|\n|poke|p1|Indeedee-F, L50, F|\n|poke|p1|Whimsicott, L50, M|\n|poke|p2|Zacian-*, L50|\n|poke|p2|Tornadus, L50, M|\n|poke|p2|Urshifu-*, L50, F|\n|poke|p2|Ogerpon-Cornerstone, L50, F|\n|poke|p2|Calyrex-Ice, L50|\n|poke|p2|Moltres-Galar, L50|\n|teampreview|4\n|showteam|p1|Calyrex-Shadow||FocusSash|AsOneSpectrier|AstralBarrage,ExpandingForce,Disable,Protect||||||50|,,,,,Dark]Incineroar||AssaultVest|Intimidate|FakeOut,FlareBlitz,KnockOff,Uturn|||M|||50|,,,,,Bug]Koraidon||ClearAmulet|OrichalcumPulse|CollisionCourse,FlareBlitz,FlameCharge,Protect||||||50|,,,,,Fire]Brute Bonnet||RockyHelmet|Protosynthesis|SeedBomb,SuckerPunch,Spore,RagePowder||||||50|,,,,,Water]Indeedee-F||PsychicSeed|PsychicSurge|Psychic,HelpingHand,FollowMe,TrickRoom|||F|||50|,,,,,Water]Whimsicott||CovertCloak|Prankster|Moonblast,Tailwind,Encore,LightScreen|||M|||50|,,,,,Dark\n|showteam|p2|Zacian-Crowned||RustedSword|IntrepidSword|behemothblade,PlayRough,SacredSword,Protect||||||50|,,,,,Dragon]Tornadus||CovertCloak|Prankster|BleakwindStorm,RainDance,Tailwind,Taunt|||M|||50|,,,,,Dark]Urshifu-Rapid-Strike||FocusSash|UnseenFist|SurgingStrikes,CloseCombat,AquaJet,Protect|||F|||50|,,,,,Stellar]Ogerpon-Cornerstone||CornerstoneMask|Sturdy|IvyCudgel,PowerWhip,FollowMe,SpikyShield|||F|||50|,,,,,Rock]Calyrex-Ice||AssaultVest|AsOneGlastrier|GlacialLance,HighHorsepower,ThroatChop,SeedBomb||||||50|,,,,,Fire]Moltres-Galar||Leftovers|Berserk|FieryWrath,AirSlash,HelpingHand,Protect||||||50|,,,,,Poison\n|inactive|Battle timer is ON: inactive players will automatically lose when time's up. (requested by Solunex)\n|\n|t:|1746047529\n|start\n|switch|p1a: Calyrex|Calyrex-Shadow, L50|100/100\n|switch|p1b: Brute Bonnet|Brute Bonnet, L50|100/100\n|switch|p2a: Tornadus|Tornadus, L50, M|100/100\n|switch|p2b: Moltres|Moltres-Galar, L50|100/100\n|-ability|p1a: Calyrex|As One\n|-ability|p1a: Calyrex|Unnerve\n|turn|1\n|inactive|atlpreplup has 30 seconds left.\n|\n|t:|1746047555\n|switch|p1a: Whimsicott|Whimsicott, L50, M|100/100\n|-terastallize|p1b: Brute Bonnet|Water\n|move|p2a: Tornadus|Tailwind|p2a: Tornadus\n|-sidestart|p2: Solunex|move: Tailwind\n|move|p2b: Moltres|Fiery Wrath|p1a: Whimsicott|[spread] p1a,p1b\n|-resisted|p1a: Whimsicott\n|-damage|p1a: Whimsicott|86/100\n|-damage|p1b: Brute Bonnet|83/100\n|move|p1b: Brute Bonnet|Spore|p2a: Tornadus\n|-status|p2a: Tornadus|slp|[from] move: Spore\n|\n|upkeep\n|turn|2\n|\n|t:|1746047572\n|move|p2b: Moltres|Protect|p2b: Moltres\n|-singleturn|p2b: Moltres|Protect\n|cant|p2a: Tornadus|slp\n|move|p1a: Whimsicott|Moonblast|p2a: Tornadus\n|-damage|p2a: Tornadus|74/100 slp\n|move|p1b: Brute Bonnet|Spore|p2b: Moltres\n|-activate|p2b: Moltres|move: Protect\n|\n|upkeep\n|turn|3\n|\n|t:|1746047589\n|-terastallize|p2b: Moltres|Poison\n|cant|p2a: Tornadus|slp\n|move|p2b: Moltres|Air Slash|p1a: Whimsicott\n|-supereffective|p1a: Whimsicott\n|-damage|p1a: Whimsicott|24/100\n|move|p1a: Whimsicott|Moonblast|p2b: Moltres\n|-resisted|p2b: Moltres\n|-damage|p2b: Moltres|91/100\n|move|p1b: Brute Bonnet|Spore|p2b: Moltres\n|-status|p2b: Moltres|slp|[from] move: Spore\n|\n|-heal|p2b: Moltres|97/100 slp|[from] item: Leftovers\n|upkeep\n|turn|4\n|\n|t:|1746047608\n|-end|p1b: Brute Bonnet|Protosynthesis|[silent]\n|switch|p1b: Calyrex|Calyrex-Shadow, L50|100/100\n|-ability|p1b: Calyrex|As One\n|-ability|p1b: Calyrex|Unnerve\n|move|p1a: Whimsicott|Tailwind|p1a: Whimsicott\n|-sidestart|p1: atlpreplup|move: Tailwind\n|-curestatus|p2a: Tornadus|slp|[msg]\n|move|p2a: Tornadus|Bleakwind Storm|p1b: Calyrex|[spread] p1a,p1b\n|-supereffective|p1a: Whimsicott\n|-damage|p1a: Whimsicott|0 fnt\n|-damage|p1b: Calyrex|68/100\n|faint|p1a: Whimsicott\n|cant|p2b: Moltres|slp\n|\n|-heal|p2b: Moltres|100/100 slp|[from] item: Leftovers\n|-sideend|p2: Solunex|move: Tailwind\n|upkeep\n|\n|t:|1746047623\n|switch|p1a: Brute Bonnet|Brute Bonnet, L50, tera:Water|83/100\n|turn|5\n|\n|t:|1746047631\n|move|p1a: Brute Bonnet|Sucker Punch|p2b: Moltres\n|-damage|p2b: Moltres|73/100 slp\n|move|p2a: Tornadus|Tailwind|p2a: Tornadus\n|-sidestart|p2: Solunex|move: Tailwind\n|move|p1b: Calyrex|Astral Barrage|p2a: Tornadus|[spread] p2a,p2b\n|-crit|p2b: Moltres\n|-damage|p2a: Tornadus|14/100\n|-damage|p2b: Moltres|10/100 slp\n|-ability|p2b: Moltres|Berserk|boost\n|-boost|p2b: Moltres|spa|1\n|cant|p2b: Moltres|slp\n|\n|-heal|p2b: Moltres|16/100 slp|[from] item: Leftovers\n|upkeep\n|turn|6\n|\n|t:|1746047652\n|move|p2a: Tornadus|Taunt|p1a: Brute Bonnet\n|-start|p1a: Brute Bonnet|move: Taunt\n|move|p1b: Calyrex|Astral Barrage|p2a: Tornadus|[spread] p2a,p2b\n|-damage|p2a: Tornadus|0 fnt\n|-damage|p2b: Moltres|0 fnt\n|faint|p2a: Tornadus\n|faint|p2b: Moltres\n|-ability|p1b: Calyrex|Grim Neigh|boost\n|-boost|p1b: Calyrex|spa|2\n|cant|p1a: Brute Bonnet|move: Taunt|Spore\n|\n|upkeep\n|\n|t:|1746047657\n|switch|p2a: Calyrex|Calyrex-Ice, L50|100/100\n|switch|p2b: Zacian|Zacian-Crowned, L50|100/100\n|-ability|p2a: Calyrex|As One\n|-ability|p2a: Calyrex|Unnerve\n|-ability|p2b: Zacian|Intrepid Sword|boost\n|-boost|p2b: Zacian|atk|1\n|turn|7\n|\n|t:|1746047680\n|-end|p1a: Brute Bonnet|Protosynthesis|[silent]\n|switch|p1a: Koraidon|Koraidon, L50|100/100\n|-weather|SunnyDay|[from] ability: Orichalcum Pulse|[of] p1a: Koraidon\n|-activate|p1a: Koraidon|Orichalcum Pulse|[source]\n|move|p2b: Zacian|Protect|p2b: Zacian\n|-singleturn|p2b: Zacian|Protect\n|move|p1b: Calyrex|Astral Barrage|p2a: Calyrex|[spread] p2a\n|-activate|p2b: Zacian|move: Protect\n|-supereffective|p2a: Calyrex\n|-damage|p2a: Calyrex|0 fnt\n|faint|p2a: Calyrex\n|-ability|p1b: Calyrex|Grim Neigh|boost\n|-boost|p1b: Calyrex|spa|1\n|\n|-weather|SunnyDay|[upkeep]\n|-sideend|p1: atlpreplup|move: Tailwind\n|upkeep\n|turn|8\n|\n|t:|1746047700\n|switch|p1a: Brute Bonnet|Brute Bonnet, L50, tera:Water|83/100\n|-activate|p1a: Brute Bonnet|ability: Protosynthesis\n|-start|p1a: Brute Bonnet|protosynthesisdef\n|move|p1b: Calyrex|Protect|p1b: Calyrex\n|-singleturn|p1b: Calyrex|Protect\n|move|p2b: Zacian|Behemoth Blade|p1b: Calyrex\n|-activate|p1b: Calyrex|move: Protect\n|\n|-weather|SunnyDay|[upkeep]\n|-sideend|p2: Solunex|move: Tailwind\n|upkeep\n|turn|9\n|\n|t:|1746047713\n|move|p2b: Zacian|Protect|p2b: Zacian\n|-singleturn|p2b: Zacian|Protect\n|move|p1b: Calyrex|Astral Barrage|p2b: Zacian\n|-activate|p2b: Zacian|move: Protect\n|move|p1a: Brute Bonnet|Spore|p2b: Zacian\n|-activate|p2b: Zacian|move: Protect\n|\n|-weather|SunnyDay|[upkeep]\n|upkeep\n|turn|10\n|\n|t:|1746047733\n|move|p1b: Calyrex|Astral Barrage|p2b: Zacian\n|-damage|p2b: Zacian|0 fnt\n|faint|p2b: Zacian\n|\n|win|atlpreplup\n||atlpreplup is ready for game 2.\n||Solunex is ready for game 2.\n|uhtml|next|Next: <a href=\"/battle-gen9vgc2025regibo3-2354237361\"><strong>Game 2 of 3</strong></a>\n", "uploadtime": 1746048013, "views": 21, "formatid": "gen9vgc2025regibo3", "rating": null, "private": 0, "password": null}