{"id": "gen9vgc2025regibo3-2353703806", "format": "[Gen 9] VGC 2025 Reg I (Bo3)", "players": ["Mr Pring1e", "mayorga9099"], "log": "|j|\u2606Mr Pring1e\n|j|\u2606mayorga9099\n|html|<table width=\"100%\"><tr><td align=\"left\">Mr Pring1e</td><td align=\"right\">mayorga9099</tr><tr><td align=\"left\"><i class=\"fa fa-circle-o\"></i> <i class=\"fa fa-circle-o\"></i> </td><td align=\"right\"><i class=\"fa fa-circle-o\"></i> <i class=\"fa fa-circle-o\"></i> </tr></table>\n|uhtml|bestof|<h2><strong>Game 1</strong> of <a href=\"/game-bestof3-gen9vgc2025regibo3-2353703804\">a best-of-3</a></h2>\n|t:|1745985930\n|gametype|doubles\n|player|p1|Mr Pring1e|skyla|1193\n|player|p2|mayorga9099|ethan|1168\n|teamsize|p1|6\n|teamsize|p2|6\n|gen|9\n|tier|[Gen 9] VGC 2025 Reg I (Bo3)\n|rated|\n|rule|Species Clause: Limit one of each Pok\u00e9mon\n|rule|Item Clause: Limit 1 of each item\n|clearpoke\n|poke|p1|Rillaboom, L50, M|\n|poke|p1|Incineroar, L50, F|\n|poke|p1|Zamazenta-*, L50|\n|poke|p1|Calyrex-Shadow, L50|\n|poke|p1|Tornadus, L50, M|\n|poke|p1|Urshifu-*, L50, M|\n|poke|p2|Ho-Oh, L50|\n|poke|p2|Raging Bolt, L50|\n|poke|p2|Chien-Pao, L50|\n|poke|p2|Gastrodon, L50, M|\n|poke|p2|Zamazenta-*, L50|\n|poke|p2|Rillaboom, L50, M|\n|teampreview|4\n|showteam|p1|Rillaboom||AssaultVest|GrassySurge|FakeOut,GrassyGlide,WoodHammer,Uturn|||M|||50|,,,,,Fire]Incineroar||SafetyGoggles|Intimidate|FakeOut,KnockOff,WillOWisp,PartingShot|||F|||50|,,,,,Water]Zamazenta-Crowned||RustedShield|DauntlessShield|BodyPress,HeavySlam,WideGuard,Protect||||||50|,,,,,Dragon]Calyrex-Shadow||LifeOrb|AsOneSpectrier|AstralBarrage,Psychic,NastyPlot,Protect||||||50|,,,,,Dark]Tornadus||RockyHelmet|Prankster|BleakwindStorm,Tailwind,RainDance,Protect|||M|||50|,,,,,Dark]Urshifu-Rapid-Strike||ChoiceScarf|UnseenFist|SurgingStrikes,CloseCombat,AquaJet,Uturn|||M|||50|,,,,,Water\n|showteam|p2|Ho-Oh||ClearAmulet|Regenerator|SacredFire,Recover,Protect,BraveBird||||||50|,,,,,Normal]Raging Bolt||AssaultVest|Protosynthesis|Thunderclap,Electroweb,DracoMeteor,Snarl||||||50|,,,,,Electric]Chien-Pao||FocusSash|SwordofRuin|IceSpinner,SacredSword,SuckerPunch,Protect||||||50|,,,,,Ghost]Gastrodon||Leftovers|StormDrain|EarthPower,IcyWind,Protect,Yawn|||M|||50|,,,,,Fairy]Zamazenta-Crowned||RustedShield|DauntlessShield|behemothbash,BodyPress,Protect,WideGuard||||||50|,,,,,Dragon]Rillaboom||MiracleSeed|GrassySurge|WoodHammer,GrassyGlide,Uturn,FakeOut|||M|||50|,,,,,Fire\n|inactive|Battle timer is ON: inactive players will automatically lose when time's up. (requested by Mr Pring1e)\n|inactive|Mr Pring1e has 60 seconds left.\n|\n|t:|1745985970\n|start\n|switch|p1a: Incineroar|Incineroar, L50, F|100/100\n|switch|p1b: Calyrex|Calyrex-Shadow, L50|100/100\n|switch|p2a: Raging Bolt|Raging Bolt, L50|100/100\n|switch|p2b: Ho-Oh|Ho-Oh, L50|100/100\n|-ability|p1b: Calyrex|As One\n|-ability|p1b: Calyrex|Unnerve\n|-ability|p1a: Incineroar|Intimidate|boost\n|-unboost|p2a: Raging Bolt|atk|1\n|-fail|p2b: Ho-Oh|unboost|[from] item: Clear Amulet|[of] p2b: Ho-Oh\n|turn|1\n|\n|t:|1745985984\n|move|p1a: Incineroar|Fake Out|p2a: Raging Bolt\n|-crit|p2a: Raging Bolt\n|-damage|p2a: Raging Bolt|89/100\n|move|p1b: Calyrex|Nasty Plot|p1b: Calyrex\n|-boost|p1b: Calyrex|spa|2\n|move|p2b: Ho-Oh|Sacred Fire|p1b: Calyrex\n|-damage|p1b: Calyrex|45/100\n|cant|p2a: Raging Bolt|flinch\n|\n|upkeep\n|turn|2\n|\n|t:|1745986003\n|-terastallize|p2a: Raging Bolt|Electric\n|move|p1b: Calyrex|Protect|p1b: Calyrex\n|-singleturn|p1b: Calyrex|Protect\n|move|p2a: Raging Bolt|Thunderclap||[still]\n|-fail|p2a: Raging Bolt\n|move|p2b: Ho-Oh|Brave Bird|p1a: Incineroar\n|-damage|p1a: Incineroar|56/100\n|-damage|p2b: Ho-Oh|86/100|[from] Recoil\n|move|p1a: Incineroar|Parting Shot|p2a: Raging Bolt\n|-unboost|p2a: Raging Bolt|atk|1\n|-unboost|p2a: Raging Bolt|spa|1\n|\n|t:|1745986016\n|switch|p1a: Zamazenta|Zamazenta-Crowned, L50|100/100|[from] Parting Shot\n|-ability|p1a: Zamazenta|Dauntless Shield|boost\n|-boost|p1a: Zamazenta|def|1\n|\n|upkeep\n|turn|3\n|\n|t:|1745986025\n|move|p2a: Raging Bolt|Thunderclap|p1b: Calyrex\n|-damage|p1b: Calyrex|15/100\n|move|p1b: Calyrex|Astral Barrage|p2a: Raging Bolt|[spread] p2a,p2b\n|-damage|p2a: Raging Bolt|13/100\n|-damage|p2b: Ho-Oh|7/100\n|-damage|p1b: Calyrex|6/100|[from] item: Life Orb\n|move|p1a: Zamazenta|Body Press|p2a: Raging Bolt\n|-damage|p2a: Raging Bolt|0 fnt\n|faint|p2a: Raging Bolt\n|-end|p2a: Raging Bolt|Protosynthesis|[silent]\n|move|p2b: Ho-Oh|Sacred Fire|p1a: Zamazenta\n|-supereffective|p1a: Zamazenta\n|-damage|p1a: Zamazenta|57/100\n|-status|p1a: Zamazenta|brn\n|\n|-damage|p1a: Zamazenta|51/100 brn|[from] brn\n|upkeep\n|\n|t:|1745986031\n|switch|p2a: Zamazenta|Zamazenta-Crowned, L50|100/100\n|-ability|p2a: Zamazenta|Dauntless Shield|boost\n|-boost|p2a: Zamazenta|def|1\n|turn|4\n|\n|t:|1745986049\n|switch|p2b: Gastrodon|Gastrodon, L50, M|100/100\n|move|p1b: Calyrex|Psychic|p2a: Zamazenta\n|-damage|p2a: Zamazenta|7/100\n|-damage|p1b: Calyrex|0 fnt|[from] item: Life Orb\n|faint|p1b: Calyrex\n|move|p1a: Zamazenta|Body Press|p2b: Gastrodon\n|-damage|p2b: Gastrodon|73/100\n|move|p2a: Zamazenta|Behemoth Bash|p1a: Zamazenta\n|-resisted|p1a: Zamazenta\n|-damage|p1a: Zamazenta|41/100 brn\n|\n|-heal|p2b: Gastrodon|79/100|[from] item: Leftovers\n|-damage|p1a: Zamazenta|35/100 brn|[from] brn\n|upkeep\n|\n|t:|1745986061\n|switch|p1b: Incineroar|Incineroar, L50, F|56/100\n|-ability|p1b: Incineroar|Intimidate|boost\n|-unboost|p2a: Zamazenta|atk|1\n|-unboost|p2b: Gastrodon|atk|1\n|turn|5\n|\n|t:|1745986072\n|-terastallize|p1a: Zamazenta|Dragon\n|move|p2a: Zamazenta|Protect|p2a: Zamazenta\n|-singleturn|p2a: Zamazenta|Protect\n|move|p1b: Incineroar|Fake Out|p2b: Gastrodon\n|-damage|p2b: Gastrodon|71/100\n|move|p1a: Zamazenta|Body Press|p2a: Zamazenta\n|-activate|p2a: Zamazenta|move: Protect\n|cant|p2b: Gastrodon|flinch\n|\n|-heal|p2b: Gastrodon|77/100|[from] item: Leftovers\n|-damage|p1a: Zamazenta|29/100 brn|[from] brn\n|upkeep\n|turn|6\n|\n|t:|1745986086\n|move|p1a: Zamazenta|Body Press|p2a: Zamazenta\n|-supereffective|p2a: Zamazenta\n|-damage|p2a: Zamazenta|0 fnt\n|faint|p2a: Zamazenta\n|move|p1b: Incineroar|Knock Off|p2b: Gastrodon\n|-crit|p2b: Gastrodon\n|-damage|p2b: Gastrodon|33/100\n|-enditem|p2b: Gastrodon|Leftovers|[from] move: Knock Off|[of] p1b: Incineroar\n|move|p2b: Gastrodon|Icy Wind|p1a: Zamazenta|[spread] p1a,p1b\n|-supereffective|p1a: Zamazenta\n|-resisted|p1b: Incineroar\n|-damage|p1a: Zamazenta|14/100 brn\n|-damage|p1b: Incineroar|52/100\n|-unboost|p1a: Zamazenta|spe|1\n|-unboost|p1b: Incineroar|spe|1\n|\n|-damage|p1a: Zamazenta|8/100 brn|[from] brn\n|upkeep\n|\n|t:|1745986092\n|switch|p2a: Ho-Oh|Ho-Oh, L50|40/100\n|turn|7\n|\n|t:|1745986099\n|move|p2b: Gastrodon|Protect|p2b: Gastrodon\n|-singleturn|p2b: Gastrodon|Protect\n|move|p1a: Zamazenta|Body Press|p2b: Gastrodon\n|-activate|p2b: Gastrodon|move: Protect\n|move|p2a: Ho-Oh|Recover|p2a: Ho-Oh\n|-heal|p2a: Ho-Oh|91/100\n|move|p1b: Incineroar|Knock Off|p2b: Gastrodon\n|-activate|p2b: Gastrodon|move: Protect\n|\n|-damage|p1a: Zamazenta|2/100 brn|[from] brn\n|upkeep\n|turn|8\n|\n|t:|1745986117\n|move|p1a: Zamazenta|Body Press|p2b: Gastrodon\n|-crit|p2b: Gastrodon\n|-damage|p2b: Gastrodon|0 fnt\n|faint|p2b: Gastrodon\n|move|p2a: Ho-Oh|Brave Bird|p1b: Incineroar\n|-damage|p1b: Incineroar|0 fnt\n|faint|p1b: Incineroar\n|-damage|p2a: Ho-Oh|75/100|[from] Recoil\n|\n|-damage|p1a: Zamazenta|0 fnt|[from] brn\n|faint|p1a: Zamazenta\n|upkeep\n|\n|t:|1745986121\n|switch|p1b: Urshifu|Urshifu-Rapid-Strike, L50, M|100/100\n|turn|9\n|\n|t:|1745986128\n|move|p1b: Urshifu|Surging Strikes|p2a: Ho-Oh\n|-supereffective|p2a: Ho-Oh\n|-crit|p2a: Ho-Oh\n|-damage|p2a: Ho-Oh|40/100\n|-supereffective|p2a: Ho-Oh\n|-crit|p2a: Ho-Oh\n|-damage|p2a: Ho-Oh|3/100\n|-supereffective|p2a: Ho-Oh\n|-crit|p2a: Ho-Oh\n|-damage|p2a: Ho-Oh|0 fnt\n|faint|p2a: Ho-Oh\n|-hitcount|p2: Ho-Oh|3\n|\n|win|Mr Pring1e\n|l|\u2606mayorga9099\n|player|p2|\n||Mr Pring1e is ready for game 2.\n||mayorga9099 is ready for game 2.\n|uhtml|next|Next: <a href=\"/battle-gen9vgc2025regibo3-2353705207\"><strong>Game 2 of 3</strong></a>\n", "uploadtime": 1745986444, "views": 5, "formatid": "gen9vgc2025regibo3", "rating": null, "private": 0, "password": null}