{"id": "gen9vgc2025regibo3-2354480674", "format": "[Gen 9] VGC 2025 Reg I (Bo3)", "players": ["dragondrivevgc", "Sanchez_Experts"], "log": "|j|\u2606dragondrivevgc\n|j|\u2606Sanchez_Experts\n|html|<table width=\"100%\"><tr><td align=\"left\">dragondrivevgc</td><td align=\"right\">Sanchez_Experts</tr><tr><td align=\"left\"><i class=\"fa fa-circle\"></i> <i class=\"fa fa-circle-o\"></i> </td><td align=\"right\"><i class=\"fa fa-circle-o\"></i> <i class=\"fa fa-circle-o\"></i> </tr></table>\n|uhtml|bestof|<h2><strong>Game 2</strong> of <a href=\"/game-bestof3-gen9vgc2025regibo3-2354479079\">a best-of-3</a></h2>\n|t:|1746078675\n|gametype|doubles\n|player|p1|dragondrivevgc|266|1088\n|player|p2|Sanchez_Experts|cynthia-masters|1159\n|teamsize|p1|6\n|teamsize|p2|6\n|gen|9\n|tier|[Gen 9] VGC 2025 Reg I (Bo3)\n|rated|\n|rule|Species Clause: Limit one of each Pok\u00e9mon\n|rule|Item Clause: Limit 1 of each item\n|clearpoke\n|poke|p1|Groudon, L50|\n|poke|p1|Ho-Oh, L50|\n|poke|p1|Chien-Pao, L50|\n|poke|p1|Tornadus, L50, M|\n|poke|p1|Ogerpon-Wellspring, L50, F|\n|poke|p1|Lapras, L50, F|\n|poke|p2|Calyrex-Shadow, L50|\n|poke|p2|Terapagos, L50, M|\n|poke|p2|Raging Bolt, L50|\n|poke|p2|Volcarona, L50, M|\n|poke|p2|Rillaboom, L50, M|\n|poke|p2|Flutter Mane, L50|\n|teampreview|4\n|showteam|p1|Groudon||AssaultVest|Drought|Earthquake,HighHorsepower,HeatCrash,HeavySlam||||||50|,,,,,Fire]Ho-Oh||ClearAmulet|Regenerator|SacredFire,BraveBird,Tailwind,Protect||||||50|,,,,,Steel]Chien-Pao||ChoiceScarf|SwordofRuin|SacredSword,ThroatChop,IceSpinner,Snarl||||||50|,,,,,Dark]Tornadus||FocusSash|Prankster|Leer,Tailwind,FoulPlay,SunnyDay|||M|||50|,,,,,Flying]Ogerpon-Wellspring||WellspringMask|WaterAbsorb|FollowMe,HornLeech,SpikyShield,Synthesis|||F|||50|,,,,,Water]Lapras||ThroatSpray|WaterAbsorb|LifeDew,AlluringVoice,ChillingWater,IceBeam|||F|||50|,,,,,Ground\n|showteam|p2|Calyrex-Shadow||FocusSash|AsOneSpectrier|AstralBarrage,Psychic,NastyPlot,Protect||||||50|,,,,,Dark]Terapagos||Leftovers|TeraShift|TeraStarstorm,EarthPower,CalmMind,Protect|||M|||50|,,,,,Stellar]Raging Bolt||AssaultVest|Protosynthesis|Thunderclap,DracoMeteor,Electroweb,VoltSwitch||||||50|,,,,,Electric]Volcarona||RockyHelmet|FlameBody|FieryDance,RagePowder,QuiverDance,Tailwind|||M|||50|,,,,,Water]Rillaboom||CovertCloak|GrassySurge|GrassyGlide,WoodHammer,FakeOut,Uturn|||M|||50|,,,,,Fire]Flutter Mane||BoosterEnergy|Protosynthesis|IcyWind,Moonblast,Taunt,Protect||||||50|,,,,,Fairy\n|inactive|Battle timer is ON: inactive players will automatically lose when time's up. (requested by dragondrivevgc)\n|\n|t:|1746078702\n|start\n|switch|p1a: Ho-Oh|Ho-Oh, L50|100/100\n|switch|p1b: Ogerpon|Ogerpon-Wellspring, L50, F|100/100\n|switch|p2a: Volcarona|Volcarona, L50, M|100/100\n|switch|p2b: Calyrex|Calyrex-Shadow, L50|100/100\n|-ability|p2b: Calyrex|As One\n|-ability|p2b: Calyrex|Unnerve\n|turn|1\n|inactive|dragondrivevgc has 30 seconds left.\n|inactive|dragondrivevgc has 20 seconds left.\n|inactive|dragondrivevgc has 15 seconds left.\n|\n|t:|1746078743\n|-terastallize|p1b: Ogerpon|Water\n|detailschange|p1b: Ogerpon|Ogerpon-Wellspring-Tera, L50, F, tera:Water\n|-ability|p1b: Ogerpon|Embody Aspect (Wellspring)|boost\n|-boost|p1b: Ogerpon|spd|1\n|move|p2b: Calyrex|Nasty Plot|p2b: Calyrex\n|-boost|p2b: Calyrex|spa|2\n|move|p1b: Ogerpon|Horn Leech|p2b: Calyrex\n|-damage|p2b: Calyrex|50/100\n|move|p2a: Volcarona|Tailwind|p2a: Volcarona\n|-sidestart|p2: Sanchez_Experts|move: Tailwind\n|move|p1a: Ho-Oh|Tailwind|p1a: Ho-Oh\n|-sidestart|p1: dragondrivevgc|move: Tailwind\n|\n|upkeep\n|turn|2\n|\n|t:|1746078767\n|move|p2a: Volcarona|Rage Powder|p2a: Volcarona\n|-singleturn|p2a: Volcarona|move: Rage Powder\n|move|p2b: Calyrex|Astral Barrage|p1a: Ho-Oh|[spread] p1a,p1b\n|-damage|p1a: Ho-Oh|34/100\n|-damage|p1b: Ogerpon|39/100\n|move|p1b: Ogerpon|Horn Leech|p2a: Volcarona\n|-resisted|p2a: Volcarona\n|-damage|p2a: Volcarona|91/100\n|-heal|p1b: Ogerpon|44/100|[from] drain|[of] p2a: Volcarona\n|-damage|p1b: Ogerpon|27/100|[from] item: Rocky Helmet|[of] p2a: Volcarona\n|move|p1a: Ho-Oh|Brave Bird|p2a: Volcarona\n|-supereffective|p2a: Volcarona\n|-damage|p2a: Volcarona|0 fnt\n|-damage|p1a: Ho-Oh|17/100|[from] item: Rocky Helmet|[of] p2a: Volcarona\n|faint|p2a: Volcarona\n|-damage|p1a: Ho-Oh|0 fnt|[from] Recoil\n|faint|p1a: Ho-Oh\n|\n|upkeep\n|\n|t:|1746078786\n|switch|p2a: Rillaboom|Rillaboom, L50, M|100/100\n|switch|p1a: Groudon|Groudon, L50|100/100\n|-weather|SunnyDay|[from] ability: Drought|[of] p1a: Groudon\n|-fieldstart|move: Grassy Terrain|[from] ability: Grassy Surge|[of] p2a: Rillaboom\n|turn|3\n|\n|t:|1746078799\n|move|p1b: Ogerpon|Spiky Shield|p1b: Ogerpon\n|-singleturn|p1b: Ogerpon|move: Protect\n|move|p2a: Rillaboom|Fake Out|p1a: Groudon\n|-damage|p1a: Groudon|91/100\n|move|p2b: Calyrex|Astral Barrage|p1a: Groudon|[spread] p1a\n|-activate|p1b: Ogerpon|move: Protect\n|-damage|p1a: Groudon|30/100\n|cant|p1a: Groudon|flinch\n|\n|-weather|SunnyDay|[upkeep]\n|-heal|p2b: Calyrex|56/100|[from] Grassy Terrain\n|-heal|p1b: Ogerpon|33/100|[from] Grassy Terrain\n|-heal|p1a: Groudon|36/100|[from] Grassy Terrain\n|upkeep\n|turn|4\n|\n|t:|1746078817\n|switch|p2a: Terapagos|Terapagos, L50, M|100/100\n|-activate|p2a: Terapagos|ability: Tera Shift\n|detailschange|p2a: Terapagos|Terapagos-Terastal, L50, M\n|-heal|p2a: Terapagos|100/100|[silent]\n|move|p2b: Calyrex|Astral Barrage|p1a: Groudon|[spread] p1a,p1b\n|-damage|p1a: Groudon|0 fnt\n|-damage|p1b: Ogerpon|0 fnt\n|faint|p1a: Groudon\n|faint|p1b: Ogerpon\n|-ability|p2b: Calyrex|Grim Neigh|boost\n|-boost|p2b: Calyrex|spa|2\n|\n|-weather|SunnyDay|[upkeep]\n|-heal|p2b: Calyrex|62/100|[from] Grassy Terrain\n|-sideend|p1: dragondrivevgc|move: Tailwind\n|-sideend|p2: Sanchez_Experts|move: Tailwind\n|upkeep\n|\n|t:|1746078829\n|switch|p1b: Tornadus|Tornadus, L50, M|100/100\n|turn|5\n|\n|t:|1746078833\n|move|p2b: Calyrex|Astral Barrage|p1b: Tornadus\n|-enditem|p1b: Tornadus|Focus Sash\n|-damage|p1b: Tornadus|1/100\n|move|p1b: Tornadus|Foul Play|p2b: Calyrex\n|-supereffective|p2b: Calyrex\n|-damage|p2b: Calyrex|0 fnt\n|faint|p2b: Calyrex\n|move|p2a: Terapagos|Calm Mind|p2a: Terapagos\n|-boost|p2a: Terapagos|spa|1\n|-boost|p2a: Terapagos|spd|1\n|\n|-weather|SunnyDay|[upkeep]\n|upkeep\n|\n|t:|1746078837\n|switch|p2b: Rillaboom|Rillaboom, L50, M|100/100\n|turn|6\n|\n|t:|1746078843\n|move|p2b: Rillaboom|Grassy Glide|p1b: Tornadus\n|-resisted|p1b: Tornadus\n|-damage|p1b: Tornadus|0 fnt\n|faint|p1b: Tornadus\n|\n|win|Sanchez_Experts\n||Sanchez_Experts is ready for game 3.\n||dragondrivevgc is ready for game 3.\n|uhtml|next|Next: <a href=\"/battle-gen9vgc2025regibo3-2354481618\"><strong>Game 3 of 3</strong></a>\n|l|\u2606Sanchez_Experts\n|player|p2|\n", "uploadtime": 1746079123, "views": 8, "formatid": "gen9vgc2025regibo3", "rating": null, "private": 0, "password": null}