{"id": "gen9vgc2025regibo3-2353943546", "format": "[Gen 9] VGC 2025 Reg I (Bo3)", "players": ["lovestoasts", "Iwin2"], "log": "|j|\u2606lovestoasts\n|j|\u2606Iwin2\n|html|<table width=\"100%\"><tr><td align=\"left\">lovestoasts</td><td align=\"right\">Iwin2</tr><tr><td align=\"left\"><i class=\"fa fa-circle\"></i> <i class=\"fa fa-circle-o\"></i> </td><td align=\"right\"><i class=\"fa fa-circle-o\"></i> <i class=\"fa fa-circle-o\"></i> </tr></table>\n|uhtml|bestof|<h2><strong>Game 2</strong> of <a href=\"/game-bestof3-gen9vgc2025regibo3-2353941660\">a best-of-3</a></h2>\n|t:|1746021269\n|gametype|doubles\n|player|p1|lovestoasts|pokemaniac|\n|player|p2|Iwin2|101|\n|teamsize|p1|6\n|teamsize|p2|6\n|gen|9\n|tier|[Gen 9] VGC 2025 Reg I (Bo3)\n|rule|Species Clause: Limit one of each Pok\u00e9mon\n|rule|Item Clause: Limit 1 of each item\n|clearpoke\n|poke|p1|Koraidon, L50|\n|poke|p1|Reshiram, L50|\n|poke|p1|Weezing-Galar, L50, M|\n|poke|p1|Pachirisu, L50, F|\n|poke|p1|Ogerpon-Cornerstone, L50, F|\n|poke|p1|Flutter Mane, L50|\n|poke|p2|Kyogre, L50|\n|poke|p2|Zacian-*, L50|\n|poke|p2|Amoonguss, L50, M|\n|poke|p2|Tornadus, L50, M|\n|poke|p2|Chien-Pao, L50|\n|poke|p2|Urshifu-*, L50, M|\n|teampreview|4\n|showteam|p1|Koraidon||ClearAmulet|OrichalcumPulse|CollisionCourse,FlareBlitz,FlameCharge,Protect||||||50|,,,,,Fire]Reshiram||LifeOrb|Turboblaze|BlueFlare,DracoMeteor,EarthPower,Protect||||||50|,,,,,Fairy]Weezing-Galar||BlackSludge|NeutralizingGas|WillOWisp,ClearSmog,StrangeSteam,SludgeBomb|||M|||50|,,,,,Steel]Pachirisu||RockyHelmet|VoltAbsorb|Nuzzle,Electroweb,FollowMe,LightScreen|||F|||50|,,,,,Grass]Ogerpon-Cornerstone||CornerstoneMask|Sturdy|IvyCudgel,PowerWhip,Uturn,SpikyShield|||F|||50|,,,,,Rock]Flutter Mane||FocusSash|Protosynthesis|Moonblast,ShadowBall,IcyWind,Protect||||||50|,,,,,Fairy\n|showteam|p2|Kyogre||MysticWater|Drizzle|WaterSpout,OriginPulse,Thunder,Protect||||||50|,,,,,Grass]Zacian-Crowned||RustedSword|IntrepidSword|behemothblade,PlayRough,Protect,Substitute||||||50|,,,,,Fairy]Amoonguss||RockyHelmet|Regenerator|SludgeBomb,Spore,RagePowder,Protect|||M|||50|,,,,,Water]Tornadus||CovertCloak|Prankster|Hurricane,Taunt,ScaryFace,Tailwind|||M|||50|,,,,,Steel]Chien-Pao||FocusSash|SwordofRuin|IceSpinner,ThroatChop,SuckerPunch,Protect||||||50|,,,,,Stellar]Urshifu-Rapid-Strike||ChoiceScarf|UnseenFist|SurgingStrikes,CloseCombat,Uturn,Coaching|||M|||50|,,,,,Ghost\n|\n|t:|1746021298\n|start\n|switch|p1a: Pachirisu|Pachirisu, L50, F|100/100\n|switch|p1b: Ogerpon|Ogerpon-Cornerstone, L50, F|100/100\n|switch|p2a: QUIOGRE|Kyogre, L50|100/100\n|switch|p2b: SUS|Amoonguss, L50, M, shiny|100/100\n|-weather|RainDance|[from] ability: Drizzle|[of] p2a: QUIOGRE\n|turn|1\n|\n|t:|1746021315\n|move|p2b: SUS|Rage Powder|p2b: SUS\n|-singleturn|p2b: SUS|move: Rage Powder\n|move|p1b: Ogerpon|Power Whip|p2a: QUIOGRE\n|-supereffective|p2a: QUIOGRE\n|-damage|p2a: QUIOGRE|0 fnt\n|faint|p2a: QUIOGRE\n|move|p1a: Pachirisu|Electroweb|p2b: SUS\n|-resisted|p2b: SUS\n|-damage|p2b: SUS|96/100\n|-unboost|p2b: SUS|spe|1\n|\n|-weather|RainDance|[upkeep]\n|upkeep\n|\n|t:|1746021326\n|switch|p2a: Fake ZEUS|Tornadus, L50, M|100/100\n|turn|2\n|\n|t:|1746021333\n|move|p1b: Ogerpon|Ivy Cudgel|p2a: Fake ZEUS|[anim] Ivy Cudgel Rock\n|-supereffective|p2a: Fake ZEUS\n|-damage|p2a: Fake ZEUS|0 fnt\n|faint|p2a: Fake ZEUS\n|move|p1a: Pachirisu|Electroweb|p2b: SUS\n|-resisted|p2b: SUS\n|-damage|p2b: SUS|92/100\n|-unboost|p2b: SUS|spe|1\n|move|p2b: SUS|Sludge Bomb|p1a: Pachirisu\n|-damage|p1a: Pachirisu|66/100\n|\n|-weather|RainDance|[upkeep]\n|upkeep\n|\n|t:|1746021343\n|switch|p2a: PTIT CHAT|Chien-Pao, L50|100/100\n|-ability|p2a: PTIT CHAT|Sword of Ruin\n|turn|3\n|\n|t:|1746021352\n|move|p2a: PTIT CHAT|Ice Spinner|p1b: Ogerpon\n|-supereffective|p1b: Ogerpon\n|-ability|p1b: Ogerpon|Sturdy\n|-damage|p1b: Ogerpon|1/100\n|move|p1b: Ogerpon|Power Whip|p2a: PTIT CHAT\n|-damage|p2a: PTIT CHAT|4/100\n|move|p1a: Pachirisu|Electroweb|p2a: PTIT CHAT|[spread] p2a,p2b\n|-resisted|p2b: SUS\n|-damage|p2a: PTIT CHAT|0 fnt\n|-damage|p2b: SUS|90/100\n|-unboost|p2b: SUS|spe|1\n|faint|p2a: PTIT CHAT\n|move|p2b: SUS|Spore|p1a: Pachirisu\n|-status|p1a: Pachirisu|slp|[from] move: Spore\n|\n|-weather|RainDance|[upkeep]\n|upkeep\n|turn|4\n|\n|t:|1746021371\n|cant|p1a: Pachirisu|slp\n|move|p1b: Ogerpon|U-turn|p2b: SUS\n|-damage|p2b: SUS|65/100\n|-damage|p1b: Ogerpon|0 fnt|[from] item: Rocky Helmet|[of] p2b: SUS\n|faint|p1b: Ogerpon\n|move|p2b: SUS|Sludge Bomb|p1a: Pachirisu\n|-damage|p1a: Pachirisu|33/100 slp\n|\n|-weather|RainDance|[upkeep]\n|upkeep\n|\n|t:|1746021380\n|switch|p1b: Koraidon|Koraidon, L50|100/100\n|-weather|SunnyDay|[from] ability: Orichalcum Pulse|[of] p1b: Koraidon\n|-activate|p1b: Koraidon|Orichalcum Pulse|[source]\n|turn|5\n|\n|t:|1746021389\n|-terastallize|p1b: Koraidon|Fire\n|-terastallize|p2b: SUS|Water\n|move|p1b: Koraidon|Flare Blitz|p2b: SUS\n|-resisted|p2b: SUS\n|-damage|p2b: SUS|13/100\n|-damage|p1b: Koraidon|84/100|[from] item: Rocky Helmet|[of] p2b: SUS\n|-damage|p1b: Koraidon|65/100|[from] Recoil\n|cant|p1a: Pachirisu|slp\n|move|p2b: SUS|Sludge Bomb|p1b: Koraidon\n|-damage|p1b: Koraidon|42/100\n|\n|-weather|SunnyDay|[upkeep]\n|upkeep\n|turn|6\n|\n|t:|1746021402\n|move|p2b: SUS|Protect|p2b: SUS\n|-singleturn|p2b: SUS|Protect\n|move|p1b: Koraidon|Collision Course|p2b: SUS\n|-activate|p2b: SUS|move: Protect\n|-curestatus|p1a: Pachirisu|slp|[msg]\n|move|p1a: Pachirisu|Nuzzle|p2b: SUS\n|-activate|p2b: SUS|move: Protect\n|\n|-weather|SunnyDay|[upkeep]\n|upkeep\n|turn|7\n|\n|t:|1746021415\n|move|p1b: Koraidon|Collision Course|p2b: SUS\n|-damage|p2b: SUS|0 fnt\n|-damage|p1b: Koraidon|25/100|[from] item: Rocky Helmet|[of] p2b: SUS\n|faint|p2b: SUS\n|\n|win|lovestoasts\n|l|\u2606Iwin2\n|player|p2|\n|l|\u2606lovestoasts\n|player|p1|\n", "uploadtime": 1746021711, "views": 6, "formatid": "gen9vgc2025regibo3", "rating": null, "private": 0, "password": null}