{"id": "gen9vgc2025regibo3-2353970126", "format": "[Gen 9] VGC 2025 Reg I (Bo3)", "players": ["miguelowned", "Hunterhexin"], "log": "|j|\u2606miguelowned\n|j|\u2606Hunterhexin\n|html|<table width=\"100%\"><tr><td align=\"left\">miguelowned</td><td align=\"right\">Hunterhexin</tr><tr><td align=\"left\"><i class=\"fa fa-circle-o\"></i> <i class=\"fa fa-circle-o\"></i> </td><td align=\"right\"><i class=\"fa fa-circle-o\"></i> <i class=\"fa fa-circle-o\"></i> </tr></table>\n|uhtml|bestof|<h2><strong>Game 1</strong> of <a href=\"/game-bestof3-gen9vgc2025regibo3-2353970122\">a best-of-3</a></h2>\n|t:|1746023686\n|gametype|doubles\n|player|p1|miguelowned|2|1162\n|player|p2|Hunterhexin|170|1069\n|teamsize|p1|6\n|teamsize|p2|6\n|gen|9\n|tier|[Gen 9] VGC 2025 Reg I (Bo3)\n|rated|\n|rule|Species Clause: Limit one of each Pok\u00e9mon\n|rule|Item Clause: Limit 1 of each item\n|clearpoke\n|poke|p1|Calyrex-Shadow, L50|\n|poke|p1|Terapagos, L50, M|\n|poke|p1|Incineroar, L50, F|\n|poke|p1|Rillaboom, L50, F|\n|poke|p1|Amoonguss, L50, F|\n|poke|p1|Urshifu-*, L50, F|\n|poke|p2|Koraidon, L50|\n|poke|p2|Weezing-Galar, L50, M|\n|poke|p2|Electrode-Hisui, L50|\n|poke|p2|Miraidon, L50|\n|poke|p2|Iron Boulder, L50|\n|poke|p2|Incineroar, L50, F|\n|teampreview|4\n|showteam|p1|Calyrex-Shadow||FocusSash|AsOneSpectrier|AstralBarrage,WillOWisp,Disable,Protect||||||50|,,,,,Ghost]Terapagos||Leftovers|TeraShift|TeraStarstorm,EarthPower,CalmMind,Protect|||M|||50|,,,,,Stellar]Incineroar||SafetyGoggles|Intimidate|WillOWisp,KnockOff,FakeOut,PartingShot|||F|||50|,,,,,Bug]Rillaboom||AssaultVest|GrassySurge|FakeOut,WoodHammer,Uturn,GrassyGlide|||F|||50|,,,,,Grass]Amoonguss||RockyHelmet|Regenerator|Protect,Spore,RagePowder,SludgeBomb|||F|||50|,,,,,Water]Urshifu-Rapid-Strike||ChoiceScarf|UnseenFist|RockTomb,SurgingStrikes,Uturn,CloseCombat|||F|||50|,,,,,Water\n|showteam|p2|Koraidon||Leftovers|OrichalcumPulse|FlareBlitz,ZenHeadbutt,CollisionCourse,Protect||||||50|,,,,,Steel]Weezing-Galar||ChoiceSpecs|NeutralizingGas|Overheat,StrangeSteam,SludgeBomb,DarkPulse|||M|||50|,,,,,Fire]Electrode-Hisui||CovertCloak|Aftermath|Reflect,Electroweb,ThunderWave,Taunt||||||50|,,,,,Normal]Miraidon||ElectricSeed|HadronEngine|ElectroDrift,DragonPulse,Protect,ThunderWave||||||50|,,,,,Poison]Iron Boulder||ChoiceBand|QuarkDrive|MightyCleave,SolarBlade,ThroatChop,CloseCombat||||||50|,,,,,Dark]Incineroar||AguavBerry|Intimidate|KnockOff,FakeOut,FlareBlitz,PartingShot|||F|||50|,,,,,Ghost\n|inactive|Battle timer is ON: inactive players will automatically lose when time's up. (requested by Hunterhexin)\n|inactive|miguelowned has 60 seconds left.\n|\n|t:|1746023749\n|start\n|switch|p1a: Calyrex|Calyrex-Shadow, L50|100/100\n|switch|p1b: Rillaboom|Rillaboom, L50, F|100/100\n|switch|p2a: Electrode|Electrode-Hisui, L50|100/100\n|switch|p2b: Koraidon|Koraidon, L50|100/100\n|-ability|p1a: Calyrex|As One\n|-ability|p1a: Calyrex|Unnerve\n|-weather|SunnyDay|[from] ability: Orichalcum Pulse|[of] p2b: Koraidon\n|-activate|p2b: Koraidon|Orichalcum Pulse|[source]\n|-fieldstart|move: Grassy Terrain|[from] ability: Grassy Surge|[of] p1b: Rillaboom\n|turn|1\n|inactive|miguelowned has 30 seconds left.\n|\n|t:|1746023781\n|-terastallize|p2a: Electrode|Normal\n|move|p2b: Koraidon|Protect|p2b: Koraidon\n|-singleturn|p2b: Koraidon|Protect\n|move|p1a: Calyrex|Will-O-Wisp|p2b: Koraidon\n|-activate|p2b: Koraidon|move: Protect\n|move|p2a: Electrode|Electroweb|p1a: Calyrex|[spread] p1a,p1b\n|-resisted|p1b: Rillaboom\n|-damage|p1a: Calyrex|89/100\n|-damage|p1b: Rillaboom|97/100\n|-unboost|p1a: Calyrex|spe|1\n|-unboost|p1b: Rillaboom|spe|1\n|move|p1b: Rillaboom|U-turn|p2a: Electrode\n|-damage|p2a: Electrode|70/100\n|\n|t:|1746023802\n|switch|p1b: Amoonguss|Amoonguss, L50, F|100/100|[from] U-turn\n|\n|-weather|SunnyDay|[upkeep]\n|-heal|p2a: Electrode|76/100|[from] Grassy Terrain\n|-heal|p1a: Calyrex|95/100|[from] Grassy Terrain\n|upkeep\n|turn|2\n|\n|t:|1746023822\n|switch|p2a: Miraidon|Miraidon, L50|100/100\n|-fieldstart|move: Electric Terrain|[from] ability: Hadron Engine|[of] p2a: Miraidon\n|-enditem|p2a: Miraidon|Electric Seed\n|-boost|p2a: Miraidon|def|1|[from] item: Electric Seed\n|move|p1b: Amoonguss|Rage Powder|p1b: Amoonguss\n|-singleturn|p1b: Amoonguss|move: Rage Powder\n|move|p2b: Koraidon|Flare Blitz|p1b: Amoonguss\n|-supereffective|p1b: Amoonguss\n|-damage|p1b: Amoonguss|0 fnt\n|-damage|p2b: Koraidon|84/100|[from] item: Rocky Helmet|[of] p1b: Amoonguss\n|faint|p1b: Amoonguss\n|-damage|p2b: Koraidon|43/100|[from] Recoil\n|move|p1a: Calyrex|Astral Barrage|p2a: Miraidon|[spread] p2a,p2b\n|-damage|p2a: Miraidon|67/100\n|-damage|p2b: Koraidon|0 fnt\n|faint|p2b: Koraidon\n|-ability|p1a: Calyrex|Grim Neigh|boost\n|-boost|p1a: Calyrex|spa|1\n|\n|-weather|SunnyDay|[upkeep]\n|upkeep\n|\n|t:|1746023842\n|switch|p2b: Electrode|Electrode-Hisui, L50, tera:Normal|76/100\n|switch|p1b: Rillaboom|Rillaboom, L50, F|97/100\n|-fieldstart|move: Grassy Terrain|[from] ability: Grassy Surge|[of] p1b: Rillaboom\n|turn|3\n|\n|t:|1746023862\n|move|p2a: Miraidon|Protect|p2a: Miraidon\n|-singleturn|p2a: Miraidon|Protect\n|move|p1a: Calyrex|Protect|p1a: Calyrex\n|-singleturn|p1a: Calyrex|Protect\n|move|p2b: Electrode|Thunder Wave|p1a: Calyrex\n|-activate|p1a: Calyrex|move: Protect\n|move|p1b: Rillaboom|Wood Hammer|p2b: Electrode\n|-damage|p2b: Electrode|0 fnt\n|-damage|p1b: Rillaboom|72/100|[from] ability: Aftermath|[of] p2b: Electrode\n|faint|p2b: Electrode\n|-damage|p1b: Rillaboom|55/100|[from] Recoil\n|\n|-weather|SunnyDay|[upkeep]\n|-heal|p2a: Miraidon|73/100|[from] Grassy Terrain\n|-heal|p1a: Calyrex|100/100|[from] Grassy Terrain\n|-heal|p1b: Rillaboom|60/100|[from] Grassy Terrain\n|upkeep\n|\n|t:|1746023875\n|switch|p2b: Weezing|Weezing-Galar, L50, M|100/100\n|-ability|p2b: Weezing|Neutralizing Gas\n|turn|4\n|\n|t:|1746023889\n|switch|p1a: Terapagos|Terapagos, L50, M|100/100\n|-activate|p1a: Terapagos|ability: Tera Shift\n|detailschange|p1a: Terapagos|Terapagos-Terastal, L50, M\n|-heal|p1a: Terapagos|100/100|[silent]\n|move|p2a: Miraidon|Electro Drift|p1a: Terapagos\n|-damage|p1a: Terapagos|52/100\n|move|p1b: Rillaboom|U-turn|p2a: Miraidon\n|-damage|p2a: Miraidon|59/100\n|\n|t:|1746023901\n|switch|p1b: Calyrex|Calyrex-Shadow, L50|100/100|[from] U-turn\n|-ability|p1b: Calyrex|As One\n|-ability|p1b: Calyrex|Unnerve\n|move|p2b: Weezing|Sludge Bomb|p1b: Calyrex\n|-resisted|p1b: Calyrex\n|-damage|p1b: Calyrex|77/100\n|\n|-weather|SunnyDay|[upkeep]\n|-heal|p1b: Calyrex|83/100|[from] Grassy Terrain\n|-heal|p2a: Miraidon|65/100|[from] Grassy Terrain\n|-heal|p1a: Terapagos|58/100|[from] Grassy Terrain\n|-heal|p1a: Terapagos|65/100|[from] item: Leftovers\n|upkeep\n|turn|5\n|\n|t:|1746023919\n|-terastallize|p1b: Calyrex|Ghost\n|move|p1b: Calyrex|Astral Barrage|p2b: Weezing|[spread] p2a,p2b\n|-damage|p2a: Miraidon|20/100\n|-damage|p2b: Weezing|6/100\n|move|p2a: Miraidon|Electro Drift|p1b: Calyrex\n|-damage|p1b: Calyrex|25/100\n|move|p1a: Terapagos|Earth Power|p2b: Weezing\n|-supereffective|p2b: Weezing\n|-damage|p2b: Weezing|0 fnt\n|faint|p2b: Weezing\n|-end|p2b: Weezing|ability: Neutralizing Gas\n|-fieldstart|move: Electric Terrain|[from] ability: Hadron Engine|[of] p2a: Miraidon\n|\n|-weather|none\n|-heal|p1a: Terapagos|71/100|[from] item: Leftovers\n|upkeep\n|turn|6\n|\n|t:|1746023932\n|move|p1b: Calyrex|Astral Barrage|p2a: Miraidon\n|-damage|p2a: Miraidon|0 fnt\n|faint|p2a: Miraidon\n|\n|win|miguelowned\n|inactive|miguelowned has 30 seconds to confirm battle start!\n|inactive|Hunterhexin has 30 seconds to confirm battle start!\n||Hunterhexin is ready for game 2.\n||miguelowned is ready for game 2.\n|uhtml|next|Next: <a href=\"/battle-gen9vgc2025regibo3-2353973028\"><strong>Game 2 of 3</strong></a>\n", "uploadtime": 1746024061, "views": 22, "formatid": "gen9vgc2025regibo3", "rating": null, "private": 0, "password": null}