{"id": "gen9vgc2025regibo3-2353869135", "format": "[Gen 9] VGC 2025 Reg I (Bo3)", "players": ["JammVGC", "oporrinovgc"], "log": "|j|\u2606JammVGC\n|j|\u2606oporrinovgc\n|html|<table width=\"100%\"><tr><td align=\"left\">JammVGC</td><td align=\"right\">oporrinovgc</tr><tr><td align=\"left\"><i class=\"fa fa-circle-o\"></i> <i class=\"fa fa-circle-o\"></i> </td><td align=\"right\"><i class=\"fa fa-circle-o\"></i> <i class=\"fa fa-circle-o\"></i> </tr></table>\n|uhtml|bestof|<h2><strong>Game 1</strong> of <a href=\"/game-bestof3-gen9vgc2025regibo3-2353869134\">a best-of-3</a></h2>\n|t:|1746012783\n|gametype|doubles\n|player|p1|JammVGC|marshal|1328\n|player|p2|oporrinovgc|169|1336\n|teamsize|p1|6\n|teamsize|p2|6\n|gen|9\n|tier|[Gen 9] VGC 2025 Reg I (Bo3)\n|rated|\n|rule|Species Clause: Limit one of each Pok\u00e9mon\n|rule|Item Clause: Limit 1 of each item\n|clearpoke\n|poke|p1|Koraidon, L50|\n|poke|p1|Calyrex-Shadow, L50|\n|poke|p1|Weezing-Galar, L50, F|\n|poke|p1|Ogerpon-Cornerstone, L50, F|\n|poke|p1|Raging Bolt, L50|\n|poke|p1|Urshifu-*, L50, F|\n|poke|p2|Miraidon, L50|\n|poke|p2|Whimsicott, L50, M|\n|poke|p2|Farigiraf, L50, F|\n|poke|p2|Iron Hands, L50|\n|poke|p2|Chi-Yu, L50|\n|poke|p2|Koraidon, L50|\n|teampreview|4\n|showteam|p1|Koraidon||AbilityShield|OrichalcumPulse|CloseCombat,FlameCharge,FlareBlitz,Protect||||||50|,,,,,Fire]Calyrex-Shadow||LifeOrb|AsOneSpectrier|AstralBarrage,Psychic,PollenPuff,Protect||||||50|,,,,,Normal]Weezing-Galar||CovertCloak|NeutralizingGas|PoisonGas,StrangeSteam,Taunt,Protect|||F|||50|,,,,,Dark]Ogerpon-Cornerstone||CornerstoneMask|Sturdy|IvyCudgel,PowerWhip,FollowMe,SpikyShield|||F|||50|,,,,,Rock]Raging Bolt||AssaultVest|Protosynthesis|Electroweb,Thunderbolt,DracoMeteor,Thunderclap||||||50|,,,,,Electric]Urshifu-Rapid-Strike||ChoiceScarf|UnseenFist|SurgingStrikes,AquaJet,Uturn,CloseCombat|||F|||50|,,,,,Water\n|showteam|p2|Miraidon||ChoiceSpecs|HadronEngine|ElectroDrift,DracoMeteor,VoltSwitch,DazzlingGleam||||||50|,,,,,Fairy]Whimsicott||CovertCloak|Prankster|Tailwind,Encore,LightScreen,Moonblast|||M|||50|,,,,,Dark]Farigiraf||ElectricSeed|ArmorTail|Psychic,FoulPlay,HelpingHand,TrickRoom|||F|||50|,,,,,Dark]Iron Hands||AssaultVest|QuarkDrive|LowKick,DrainPunch,WildCharge,FakeOut||||||50|,,,,,Water]Chi-Yu||ChoiceScarf|BeadsofRuin|Snarl,Overheat,DarkPulse,HeatWave||||||50|,,,,,Ghost]Koraidon||LifeOrb|OrichalcumPulse|CloseCombat,FlareBlitz,FlameCharge,Protect||||||50|,,,,,Fire\n|inactive|Battle timer is ON: inactive players will automatically lose when time's up. (requested by oporrinovgc)\n|inactive|oporrinovgc has 60 seconds left.\n|\n|t:|1746012835\n|start\n|switch|p1a: Weezing|Weezing-Galar, L50, F|100/100\n|switch|p1b: Urshifu|Urshifu-Rapid-Strike, L50, F|100/100\n|switch|p2a: Miraidon|Miraidon, L50|100/100\n|switch|p2b: Whimsicott|Whimsicott, L50, M|100/100\n|-ability|p1a: Weezing|Neutralizing Gas\n|turn|1\n|inactive|JammVGC has 30 seconds left.\n|\n|t:|1746012863\n|move|p1b: Urshifu|Close Combat|p2a: Miraidon\n|-damage|p2a: Miraidon|33/100\n|-unboost|p1b: Urshifu|def|1\n|-unboost|p1b: Urshifu|spd|1\n|move|p2a: Miraidon|Volt Switch|p1b: Urshifu\n|-supereffective|p1b: Urshifu\n|-damage|p1b: Urshifu|0 fnt\n|faint|p1b: Urshifu\n|\n|t:|1746012872\n|switch|p2a: botencio|Chi-Yu, L50|100/100|[from] Volt Switch\n|move|p2b: Whimsicott|Tailwind|p2b: Whimsicott\n|-sidestart|p2: oporrinovgc|move: Tailwind\n|move|p1a: Weezing|Poison Gas|p2b: Whimsicott|[spread] p2a,p2b\n|-status|p2a: botencio|psn\n|-status|p2b: Whimsicott|psn\n|\n|-damage|p2a: botencio|88/100 psn|[from] psn\n|-damage|p2b: Whimsicott|88/100 psn|[from] psn\n|upkeep\n|\n|t:|1746012878\n|switch|p1b: Koraidon|Koraidon, L50|100/100\n|-weather|SunnyDay|[from] ability: Orichalcum Pulse|[of] p1b: Koraidon\n|-activate|p1b: Koraidon|Orichalcum Pulse|[source]\n|turn|2\n|\n|t:|1746012897\n|-terastallize|p1b: Koraidon|Fire\n|move|p1a: Weezing|Protect|p1a: Weezing\n|-singleturn|p1a: Weezing|Protect\n|move|p2a: botencio|Heat Wave|p1b: Koraidon|[spread] p1b\n|-activate|p1a: Weezing|move: Protect\n|-resisted|p1b: Koraidon\n|-crit|p1b: Koraidon\n|-damage|p1b: Koraidon|54/100\n|move|p2b: Whimsicott|Light Screen|p2b: Whimsicott\n|-sidestart|p2: oporrinovgc|move: Light Screen\n|move|p1b: Koraidon|Flame Charge|p2b: Whimsicott\n|-supereffective|p2b: Whimsicott\n|-damage|p2b: Whimsicott|0 fnt\n|-boost|p1b: Koraidon|spe|1\n|faint|p2b: Whimsicott\n|\n|-weather|SunnyDay|[upkeep]\n|-damage|p2a: botencio|76/100 psn|[from] psn\n|upkeep\n|\n|t:|1746012914\n|switch|p2b: Miraidon|Miraidon, L50|33/100\n|turn|3\n|\n|t:|1746012919\n|move|p1b: Koraidon|Protect|p1b: Koraidon\n|-singleturn|p1b: Koraidon|Protect\n|move|p2a: botencio|Heat Wave|p1b: Koraidon|[spread] p1a\n|-activate|p1b: Koraidon|move: Protect\n|-damage|p1a: Weezing|31/100\n|move|p2b: Miraidon|Volt Switch|p1b: Koraidon\n|-activate|p1b: Koraidon|move: Protect\n|move|p1a: Weezing|Strange Steam|p2b: Miraidon\n|-supereffective|p2b: Miraidon\n|-damage|p2b: Miraidon|0 fnt\n|faint|p2b: Miraidon\n|\n|-weather|SunnyDay|[upkeep]\n|-damage|p2a: botencio|64/100 psn|[from] psn\n|upkeep\n|\n|t:|1746012923\n|switch|p2b: Koraidon|Koraidon, L50|100/100\n|turn|4\n|\n|t:|1746012940\n|-terastallize|p2b: Koraidon|Fire\n|move|p2a: botencio|Heat Wave|p1a: Weezing|[spread] p1a\n|-miss|p2a: botencio|p1b: Koraidon\n|-crit|p1a: Weezing\n|-damage|p1a: Weezing|0 fnt\n|faint|p1a: Weezing\n|-end|p1a: Weezing|ability: Neutralizing Gas\n|-ability|p2a: botencio|Beads of Ruin\n|-activate|p2b: Koraidon|ability: Orichalcum Pulse\n|move|p2b: Koraidon|Flame Charge|p1b: Koraidon\n|-resisted|p1b: Koraidon\n|-damage|p1b: Koraidon|14/100\n|-boost|p2b: Koraidon|spe|1\n|-damage|p2b: Koraidon|91/100|[from] item: Life Orb\n|move|p1b: Koraidon|Flame Charge|p2b: Koraidon\n|-resisted|p2b: Koraidon\n|-damage|p2b: Koraidon|63/100\n|-boost|p1b: Koraidon|spe|1\n|\n|-weather|SunnyDay|[upkeep]\n|-damage|p2a: botencio|52/100 psn|[from] psn\n|-sideend|p2: oporrinovgc|move: Tailwind\n|upkeep\n|\n|t:|1746012951\n|switch|p1a: Calyrex|Calyrex-Shadow, L50|100/100\n|-ability|p1a: Calyrex|As One\n|-ability|p1a: Calyrex|Unnerve\n|turn|5\n|\n|t:|1746012956\n|move|p1b: Koraidon|Protect|p1b: Koraidon\n|-singleturn|p1b: Koraidon|Protect\n|move|p1a: Calyrex|Protect|p1a: Calyrex\n|-singleturn|p1a: Calyrex|Protect\n|move|p2b: Koraidon|Flare Blitz|p1a: Calyrex\n|-activate|p1a: Calyrex|move: Protect\n|move|p2a: botencio|Heat Wave|p1a: Calyrex|[spread] \n|-activate|p1a: Calyrex|move: Protect\n|-activate|p1b: Koraidon|move: Protect\n|\n|-weather|SunnyDay|[upkeep]\n|-damage|p2a: botencio|40/100 psn|[from] psn\n|upkeep\n|turn|6\n|\n|t:|1746012973\n|move|p1b: Koraidon|Close Combat|p2a: botencio\n|-supereffective|p2a: botencio\n|-damage|p2a: botencio|0 fnt\n|-unboost|p1b: Koraidon|def|1\n|-unboost|p1b: Koraidon|spd|1\n|faint|p2a: botencio\n|move|p2b: Koraidon|Flare Blitz|p1a: Calyrex\n|-damage|p1a: Calyrex|0 fnt\n|faint|p1a: Calyrex\n|-damage|p2b: Koraidon|30/100|[from] Recoil\n|-damage|p2b: Koraidon|20/100|[from] item: Life Orb\n|\n|-weather|none\n|-sideend|p2: oporrinovgc|move: Light Screen\n|upkeep\n|turn|7\n|\n|t:|1746012986\n|move|p1b: Koraidon|Close Combat|p2b: Koraidon\n|-damage|p2b: Koraidon|0 fnt\n|-unboost|p1b: Koraidon|def|1\n|-unboost|p1b: Koraidon|spd|1\n|faint|p2b: Koraidon\n|\n|win|JammVGC\n||JammVGC is ready for game 2.\n|inactive|oporrinovgc has 30 seconds to confirm battle start!\n", "uploadtime": 1746012998, "views": 8, "formatid": "gen9vgc2025regibo3", "rating": null, "private": 0, "password": null}