{"id": "gen9vgc2025regibo3-2353753599", "format": "[Gen 9] VGC 2025 Reg I (Bo3)", "players": ["alteraltaltaccount", "INexon"], "log": "|j|\u203dalteraltaltaccount\n|j|\u2606INexon\n|html|<table width=\"100%\"><tr><td align=\"left\">alteraltaltaccount</td><td align=\"right\">INexon</tr><tr><td align=\"left\"><i class=\"fa fa-circle\"></i> <i class=\"fa fa-circle-o\"></i> </td><td align=\"right\"><i class=\"fa fa-circle-o\"></i> <i class=\"fa fa-circle-o\"></i> </tr></table>\n|uhtml|bestof|<h2><strong>Game 2</strong> of <a href=\"/game-bestof3-gen9vgc2025regibo3-2353752396\">a best-of-3</a></h2>\n|t:|1745994201\n|gametype|doubles\n|player|p1|alteraltaltaccount|lucas|1106\n|player|p2|INexon|1|1050\n|teamsize|p1|6\n|teamsize|p2|6\n|gen|9\n|tier|[Gen 9] VGC 2025 Reg I (Bo3)\n|rated|\n|rule|Species Clause: Limit one of each Pok\u00e9mon\n|rule|Item Clause: Limit 1 of each item\n|clearpoke\n|poke|p1|Miraidon, L50|\n|poke|p1|Urshifu-*, L50, M|\n|poke|p1|Rayquaza, L50|\n|poke|p1|Whimsicott, L50, F|\n|poke|p1|Farigiraf, L50, M|\n|poke|p1|Incineroar, L50, F|\n|poke|p2|Miraidon, L50|\n|poke|p2|Zamazenta-*, L50|\n|poke|p2|Ditto, L50|\n|poke|p2|Iron Treads, L50|\n|poke|p2|Whimsicott, L50, F|\n|poke|p2|Incineroar, L50, M|\n|teampreview|4\n|showteam|p1|Miraidon||ChoiceSpecs|HadronEngine|ElectroDrift,VoltSwitch,Discharge,DragonPulse||||||50|,,,,,Electric]Urshifu-Rapid-Strike||FocusSash|UnseenFist|SurgingStrikes,CloseCombat,AquaJet,Detect|||M|||50|,,,,,Stellar]Rayquaza||ClearAmulet|AirLock|SwordsDance,DragonAscent,ExtremeSpeed,Protect||||||50|,,,,,Normal]Whimsicott||CovertCloak|Prankster|Moonblast,Encore,LightScreen,Tailwind|||F|||50|,,,,,Dark]Farigiraf||RockyHelmet|ArmorTail|TrickRoom,HelpingHand,FoulPlay,Protect|||M|||50|,,,,,Water]Incineroar||SitrusBerry|Intimidate|FakeOut,WillOWisp,KnockOff,PartingShot|||F|||50|,,,,,Bug\n|showteam|p2|Miraidon||ChoiceSpecs|HadronEngine|DazzlingGleam,VoltSwitch,ElectroDrift,DracoMeteor||||||50|,,,,,Electric]Zamazenta-Crowned||RustedShield|DauntlessShield|behemothbash,BodyPress,WideGuard,Protect||||||50|,,,,,Dragon]Ditto||ChoiceScarf|Imposter|Transform||||||50|,,,,,Normal]Iron Treads||LifeOrb|QuarkDrive|HighHorsepower,SteelRoller,IronHead,Earthquake||||||50|,,,,,Water]Whimsicott||FocusSash|Prankster|Tailwind,Taunt,Encore,Moonblast|||F|||50|,,,,,Dark]Incineroar||SitrusBerry|Intimidate|FakeOut,PartingShot,KnockOff,FlareBlitz|||M|||50|,,,,,Ghost\n|\n|t:|1745994223\n|start\n|switch|p1a: Miraidon|Miraidon, L50|100/100\n|switch|p1b: Whimsicott|Whimsicott, L50, F|100/100\n|switch|p2a: Miraidon|Miraidon, L50|100/100\n|switch|p2b: Whimsicott|Whimsicott, L50, F|100/100\n|-fieldstart|move: Electric Terrain|[from] ability: Hadron Engine|[of] p2a: Miraidon\n|-activate|p1a: Miraidon|ability: Hadron Engine\n|turn|1\n|\n|t:|1745994244\n|-terastallize|p2a: Miraidon|Electric\n|move|p2b: Whimsicott|Tailwind|p2b: Whimsicott\n|-sidestart|p2: INexon|move: Tailwind\n|move|p1b: Whimsicott|Tailwind|p1b: Whimsicott\n|-sidestart|p1: alteraltaltaccount|move: Tailwind\n|move|p2a: Miraidon|Draco Meteor|p1a: Miraidon\n|-supereffective|p1a: Miraidon\n|-damage|p1a: Miraidon|0 fnt\n|-unboost|p2a: Miraidon|spa|2\n|faint|p1a: Miraidon\n|\n|upkeep\n|\n|t:|1745994250\n|switch|p1a: Rayquaza|Rayquaza, L50|100/100\n|-ability|p1a: Rayquaza|Air Lock\n|turn|2\n|\n|t:|1745994261\n|switch|p2a: Zamazenta|Zamazenta-Crowned, L50|100/100\n|-ability|p2a: Zamazenta|Dauntless Shield|boost\n|-boost|p2a: Zamazenta|def|1\n|move|p1b: Whimsicott|Encore|p2b: Whimsicott\n|-start|p2b: Whimsicott|Encore\n|move|p2b: Whimsicott|Tailwind||[still]\n|-fail|p2b: Whimsicott\n|move|p1a: Rayquaza|Swords Dance|p1a: Rayquaza\n|-boost|p1a: Rayquaza|atk|2\n|\n|upkeep\n|turn|3\n|\n|t:|1745994277\n|switch|p2b: Miraidon|Miraidon, L50, tera:Electric|100/100\n|-activate|p2b: Miraidon|ability: Hadron Engine\n|move|p1b: Whimsicott|Moonblast|p2a: Zamazenta\n|-damage|p2a: Zamazenta|80/100\n|-unboost|p2a: Zamazenta|spa|1\n|move|p2a: Zamazenta|Behemoth Bash|p1b: Whimsicott\n|-supereffective|p1b: Whimsicott\n|-damage|p1b: Whimsicott|0 fnt\n|faint|p1b: Whimsicott\n|move|p1a: Rayquaza|Swords Dance|p1a: Rayquaza\n|-boost|p1a: Rayquaza|atk|2\n|\n|upkeep\n|\n|t:|1745994283\n|switch|p1b: Farigiraf|Farigiraf, L50, M|100/100\n|turn|4\n|\n|t:|1745994295\n|-terastallize|p1a: Rayquaza|Normal\n|move|p1b: Farigiraf|Helping Hand|p1a: Rayquaza\n|-singleturn|p1a: Rayquaza|Helping Hand|[of] p1b: Farigiraf\n|move|p2a: Zamazenta|Protect|p2a: Zamazenta\n|-singleturn|p2a: Zamazenta|Protect\n|move|p1a: Rayquaza|Extreme Speed|p2b: Miraidon\n|-damage|p2b: Miraidon|0 fnt\n|faint|p2b: Miraidon\n|\n|-sideend|p1: alteraltaltaccount|move: Tailwind\n|-sideend|p2: INexon|move: Tailwind\n|upkeep\n|\n|t:|1745994306\n|switch|p2b: Ditto|Ditto, L50|100/100\n|-transform|p2b: Ditto|p1a: Rayquaza|[from] ability: Imposter\n|-start|p2b: Ditto|typechange|Dragon/Flying|[silent]\n|turn|5\n|\n|t:|1745994315\n|switch|p2a: Whimsicott|Whimsicott, L50, F|100/100\n|move|p1b: Farigiraf|Helping Hand|p1a: Rayquaza\n|-singleturn|p1a: Rayquaza|Helping Hand|[of] p1b: Farigiraf\n|move|p1a: Rayquaza|Extreme Speed|p2b: Ditto\n|-damage|p2b: Ditto|0 fnt\n|faint|p2b: Ditto\n|\n|-fieldend|move: Electric Terrain\n|upkeep\n|\n|t:|1745994322\n|switch|p2b: Zamazenta|Zamazenta-Crowned, L50|80/100\n|turn|6\n|\n|t:|1745994328\n|move|p1b: Farigiraf|Helping Hand|p1a: Rayquaza\n|-singleturn|p1a: Rayquaza|Helping Hand|[of] p1b: Farigiraf\n|move|p2b: Zamazenta|Protect|p2b: Zamazenta\n|-singleturn|p2b: Zamazenta|Protect\n|move|p1a: Rayquaza|Extreme Speed|p2a: Whimsicott\n|-enditem|p2a: Whimsicott|Focus Sash\n|-damage|p2a: Whimsicott|1/100\n|move|p2a: Whimsicott|Moonblast|p1a: Rayquaza\n|-damage|p1a: Rayquaza|64/100\n|\n|upkeep\n|turn|7\n|\n|t:|1745994346\n|move|p1a: Rayquaza|Protect|p1a: Rayquaza\n|-singleturn|p1a: Rayquaza|Protect\n|move|p2a: Whimsicott|Moonblast|p1a: Rayquaza\n|-activate|p1a: Rayquaza|move: Protect\n|move|p2b: Zamazenta|Behemoth Bash|p1a: Rayquaza\n|-activate|p1a: Rayquaza|move: Protect\n|move|p1b: Farigiraf|Trick Room|p1b: Farigiraf\n|-fieldstart|move: Trick Room|[of] p1b: Farigiraf\n|\n|upkeep\n|turn|8\n|\n|t:|1745994353\n|move|p1b: Farigiraf|Helping Hand|p1a: Rayquaza\n|-singleturn|p1a: Rayquaza|Helping Hand|[of] p1b: Farigiraf\n|move|p1a: Rayquaza|Dragon Ascent|p2b: Zamazenta\n|-damage|p2b: Zamazenta|0 fnt\n|-unboost|p1a: Rayquaza|def|1\n|-unboost|p1a: Rayquaza|spd|1\n|faint|p2b: Zamazenta\n|move|p2a: Whimsicott|Moonblast|p1a: Rayquaza\n|-damage|p1a: Rayquaza|13/100\n|\n|upkeep\n|turn|9\n|\n|t:|1745994365\n|move|p1b: Farigiraf|Helping Hand|p1a: Rayquaza\n|-singleturn|p1a: Rayquaza|Helping Hand|[of] p1b: Farigiraf\n|move|p1a: Rayquaza|Extreme Speed|p2a: Whimsicott\n|-damage|p2a: Whimsicott|0 fnt\n|faint|p2a: Whimsicott\n|\n|win|alteraltaltaccount\n|raw|alteraltaltaccount's rating: 1106 &rarr; <strong>1127</strong><br />(+21 for winning)\n|raw|INexon's rating: 1050 &rarr; <strong>1035</strong><br />(-15 for losing)\n|l|\u2606INexon\n|player|p2|\n", "uploadtime": 1745994400, "views": 44, "formatid": "gen9vgc2025regibo3", "rating": 1035, "private": 0, "password": null}