{"id": "gen9vgc2025regibo3-2354920164", "format": "[Gen 9] VGC 2025 Reg I (Bo3)", "players": ["georgie.Young", "Playest010"], "log": "|j|\u2606georgie.Young\n|j|\u2606Playest010\n|html|<table width=\"100%\"><tr><td align=\"left\">georgie.Young</td><td align=\"right\">Playest010</tr><tr><td align=\"left\"><i class=\"fa fa-circle-o\"></i> <i class=\"fa fa-circle-o\"></i> </td><td align=\"right\"><i class=\"fa fa-circle-o\"></i> <i class=\"fa fa-circle-o\"></i> </tr></table>\n|uhtml|bestof|<h2><strong>Game 1</strong> of <a href=\"/game-bestof3-gen9vgc2025regibo3-2354920163\">a best-of-3</a></h2>\n|t:|1746131829\n|gametype|doubles\n|player|p1|georgie.Young|caitlin|1155\n|player|p2|Playest010|infielder|1097\n|teamsize|p1|6\n|teamsize|p2|6\n|gen|9\n|tier|[Gen 9] VGC 2025 Reg I (Bo3)\n|rated|\n|rule|Species Clause: Limit one of each Pok\u00e9mon\n|rule|Item Clause: Limit 1 of each item\n|clearpoke\n|poke|p1|Calyrex-Shadow, L50|\n|poke|p1|Kyogre, L50|\n|poke|p1|Tornadus, L50, M|\n|poke|p1|Brute Bonnet, L50|\n|poke|p1|Farigiraf, L50, M|\n|poke|p1|Raging Bolt, L50|\n|poke|p2|Zacian-*, L50|\n|poke|p2|Amoonguss, L50, M|\n|poke|p2|Calyrex-Ice, L50|\n|poke|p2|Pelipper, L50, F|\n|poke|p2|Urshifu-*, L50, M|\n|poke|p2|Raging Bolt, L50|\n|teampreview|4\n|showteam|p1|Calyrex-Shadow||LifeOrb|AsOneSpectrier|AstralBarrage,Psychic,Encore,Protect||||||50|,,,,,Dark]Kyogre||MysticWater|Drizzle|WaterSpout,OriginPulse,IceBeam,Protect||||||50|,,,,,Grass]Tornadus||FocusSash|Prankster|Taunt,Tailwind,BleakwindStorm,RainDance|||M|||50|,,,,,Flying]Brute Bonnet||CovertCloak|Protosynthesis|SeedBomb,SuckerPunch,Spore,RagePowder||||||50|,,,,,Water]Farigiraf||SafetyGoggles|ArmorTail|Psychic,FoulPlay,HelpingHand,TrickRoom|||M|||50|,,,,,Dark]Raging Bolt||AssaultVest|Protosynthesis|Thunderbolt,DracoMeteor,Thunderclap,Snarl||||||50|,,,,,Fairy\n|showteam|p2|Zacian-Crowned||RustedSword|IntrepidSword|Protect,PlayRough,SacredSword,behemothblade||||||50|,,,,,Water]Amoonguss||RockyHelmet|Regenerator|Protect,RagePowder,Spore,PollenPuff|||M|||50|,,,,,Dark]Calyrex-Ice||ClearAmulet|AsOneGlastrier|Protect,TrickRoom,HighHorsepower,GlacialLance||||||50|,,,,,Water]Pelipper||FocusSash|Drizzle|Protect,Hurricane,WeatherBall,WideGuard|||F|||50|,,,,,Ghost]Urshifu-Rapid-Strike||ChoiceScarf|UnseenFist|SurgingStrikes,CloseCombat,Coaching,Uturn|||M|||50|,,,,,Ghost]Raging Bolt||BoosterEnergy|Protosynthesis|Protect,Thunderbolt,Thunderclap,DracoMeteor||||||50|,,,,,Fairy\n|inactive|Battle timer is ON: inactive players will automatically lose when time's up. (requested by Playest010)\n|c|\u2606georgie.Young|glhf\n|c|\u2606Playest010|u2\n|inactive|georgie.Young has 60 seconds left.\n|inactive|Playest010 has 60 seconds left.\n|inactive|georgie.Young has 30 seconds left.\n|inactive|georgie.Young has 20 seconds left.\n|inactive|georgie.Young has 15 seconds left.\n|inactive|georgie.Young has 10 seconds left.\n|\n|t:|1746131913\n|start\n|switch|p1a: Brute Bonnet|Brute Bonnet, L50|100/100\n|switch|p1b: Calyrex|Calyrex-Shadow, L50|100/100\n|switch|p2a: Urshifu|Urshifu-Rapid-Strike, L50, M|100/100\n|switch|p2b: Calyrex|Calyrex-Ice, L50|100/100\n|-ability|p1b: Calyrex|As One\n|-ability|p1b: Calyrex|Unnerve\n|-ability|p2b: Calyrex|As One\n|-ability|p2b: Calyrex|Unnerve\n|turn|1\n|inactive|Playest010 has 30 seconds left.\n|inactive|Playest010 has 20 seconds left.\n|\n|t:|1746131950\n|switch|p2b: Pelipper|Pelipper, L50, F|100/100\n|-weather|RainDance|[from] ability: Drizzle|[of] p2b: Pelipper\n|move|p1a: Brute Bonnet|Rage Powder|p1a: Brute Bonnet\n|-singleturn|p1a: Brute Bonnet|move: Rage Powder\n|move|p2a: Urshifu|Surging Strikes|p1a: Brute Bonnet\n|-resisted|p1a: Brute Bonnet\n|-crit|p1a: Brute Bonnet\n|-damage|p1a: Brute Bonnet|90/100\n|-resisted|p1a: Brute Bonnet\n|-crit|p1a: Brute Bonnet\n|-damage|p1a: Brute Bonnet|79/100\n|-resisted|p1a: Brute Bonnet\n|-crit|p1a: Brute Bonnet\n|-damage|p1a: Brute Bonnet|69/100\n|-hitcount|p1a: Brute Bonnet|3\n|move|p1b: Calyrex|Astral Barrage|p2a: Urshifu|[spread] p2a,p2b\n|-damage|p2a: Urshifu|8/100\n|-enditem|p2b: Pelipper|Focus Sash\n|-damage|p2b: Pelipper|1/100\n|-damage|p1b: Calyrex|91/100|[from] item: Life Orb\n|\n|-weather|RainDance|[upkeep]\n|upkeep\n|turn|2\n|inactive|georgie.Young has 30 seconds left.\n|inactive|georgie.Young has 20 seconds left.\n|inactive|georgie.Young has 15 seconds left.\n|\n|t:|1746131991\n|switch|p2a: Calyrex|Calyrex-Ice, L50|100/100\n|-ability|p2a: Calyrex|As One\n|-ability|p2a: Calyrex|Unnerve\n|move|p2b: Pelipper|Wide Guard|p2b: Pelipper\n|-singleturn|p2b: Pelipper|Wide Guard\n|move|p1a: Brute Bonnet|Sucker Punch||[still]\n|-fail|p1a: Brute Bonnet\n|move|p1b: Calyrex|Psychic|p2b: Pelipper\n|-damage|p2b: Pelipper|0 fnt\n|faint|p2b: Pelipper\n|-ability|p1b: Calyrex|Grim Neigh|boost\n|-boost|p1b: Calyrex|spa|1\n|-damage|p1b: Calyrex|81/100|[from] item: Life Orb\n|\n|-weather|RainDance|[upkeep]\n|upkeep\n|\n|t:|1746132008\n|switch|p2b: Urshifu|Urshifu-Rapid-Strike, L50, M|8/100\n|turn|3\n|\n|t:|1746132023\n|-terastallize|p2a: Calyrex|Water\n|move|p1a: Brute Bonnet|Sucker Punch|p2b: Urshifu\n|-resisted|p2b: Urshifu\n|-damage|p2b: Urshifu|0 fnt\n|faint|p2b: Urshifu\n|move|p1b: Calyrex|Astral Barrage|p2a: Calyrex\n|-damage|p2a: Calyrex|12/100\n|-damage|p1b: Calyrex|72/100|[from] item: Life Orb\n|move|p2a: Calyrex|Glacial Lance|p1a: Brute Bonnet|[spread] p1a,p1b\n|-supereffective|p1a: Brute Bonnet\n|-crit|p1a: Brute Bonnet\n|-damage|p1a: Brute Bonnet|0 fnt\n|-damage|p1b: Calyrex|0 fnt\n|faint|p1a: Brute Bonnet\n|-end|p1a: Brute Bonnet|Protosynthesis|[silent]\n|faint|p1b: Calyrex\n|-ability|p2a: Calyrex|Chilling Neigh|boost\n|-boost|p2a: Calyrex|atk|2\n|\n|-weather|RainDance|[upkeep]\n|upkeep\n|\n|t:|1746132035\n|switch|p1b: Tornadus|Tornadus, L50, M|100/100\n|switch|p2b: Raging Bolt|Raging Bolt, L50|100/100\n|switch|p1a: Kyogre|Kyogre, L50|100/100\n|-enditem|p2b: Raging Bolt|Booster Energy\n|-activate|p2b: Raging Bolt|ability: Protosynthesis|[fromitem]\n|-start|p2b: Raging Bolt|protosynthesisspa\n|turn|4\n|\n|t:|1746132046\n|-terastallize|p1a: Kyogre|Grass\n|move|p2a: Calyrex|Protect|p2a: Calyrex\n|-singleturn|p2a: Calyrex|Protect\n|move|p1b: Tornadus|Bleakwind Storm|p2b: Raging Bolt|[spread] p2b\n|-activate|p2a: Calyrex|move: Protect\n|-resisted|p2b: Raging Bolt\n|-damage|p2b: Raging Bolt|84/100\n|-unboost|p2b: Raging Bolt|spe|1\n|move|p1a: Kyogre|Ice Beam|p2a: Calyrex\n|-activate|p2a: Calyrex|move: Protect\n|move|p2b: Raging Bolt|Thunderbolt|p1b: Tornadus\n|-supereffective|p1b: Tornadus\n|-enditem|p1b: Tornadus|Focus Sash\n|-damage|p1b: Tornadus|1/100\n|\n|-weather|RainDance|[upkeep]\n|upkeep\n|turn|5\n|\n|t:|1746132068\n|move|p1b: Tornadus|Bleakwind Storm|p2a: Calyrex|[spread] p2a,p2b\n|-resisted|p2b: Raging Bolt\n|-damage|p2a: Calyrex|0 fnt\n|-damage|p2b: Raging Bolt|65/100\n|faint|p2a: Calyrex\n|move|p1a: Kyogre|Water Spout|p2b: Raging Bolt\n|-resisted|p2b: Raging Bolt\n|-damage|p2b: Raging Bolt|0 fnt\n|faint|p2b: Raging Bolt\n|-end|p2b: Raging Bolt|Protosynthesis|[silent]\n|\n|win|georgie.Young\n||georgie.Young is ready for game 2.\n||Playest010 is ready for game 2.\n|uhtml|next|Next: <a href=\"/battle-gen9vgc2025regibo3-2354922631\"><strong>Game 2 of 3</strong></a>\n", "uploadtime": 1746132210, "views": 5, "formatid": "gen9vgc2025regibo3", "rating": null, "private": 0, "password": null}