{"id": "gen9vgc2025regibo3-2354304259", "format": "[Gen 9] VGC 2025 Reg I (Bo3)", "players": ["AUBrigade", "is_katabo"], "log": "|j|\u2606AUBrigade\n|j|\u2606is_katabo\n|html|<table width=\"100%\"><tr><td align=\"left\">AUBrigade</td><td align=\"right\">is_katabo</tr><tr><td align=\"left\"><i class=\"fa fa-circle\"></i> <i class=\"fa fa-circle-o\"></i> </td><td align=\"right\"><i class=\"fa fa-circle-o\"></i> <i class=\"fa fa-circle-o\"></i> </tr></table>\n|uhtml|bestof|<h2><strong>Game 2</strong> of <a href=\"/game-bestof3-gen9vgc2025regibo3-2354301378\">a best-of-3</a></h2>\n|t:|1746055109\n|gametype|doubles\n|player|p1|AUBrigade|102|1145\n|player|p2|is_katabo|caitlin|1154\n|teamsize|p1|6\n|teamsize|p2|6\n|gen|9\n|tier|[Gen 9] VGC 2025 Reg I (Bo3)\n|rated|\n|rule|Species Clause: Limit one of each Pok\u00e9mon\n|rule|Item Clause: Limit 1 of each item\n|clearpoke\n|poke|p1|Miraidon, L50|\n|poke|p1|Incineroar, L50, M|\n|poke|p1|Farigiraf, L50, F|\n|poke|p1|Iron Hands, L50|\n|poke|p1|Ho-Oh, L50|\n|poke|p1|Urshifu-*, L50, F|\n|poke|p2|Koraidon, L50|\n|poke|p2|Calyrex-Shadow, L50|\n|poke|p2|Incineroar, L50, F|\n|poke|p2|Indeedee-F, L50, F|\n|poke|p2|Brute Bonnet, L50|\n|poke|p2|Flutter Mane, L50|\n|teampreview|4\n|showteam|p1|Miraidon||ChoiceSpecs|HadronEngine|VoltSwitch,ElectroDrift,DracoMeteor,DazzlingGleam||||||50|,,,,,Fairy]Incineroar||RockyHelmet|Intimidate|PartingShot,FakeOut,KnockOff,Taunt|||M|||50|,,,,,Bug]Farigiraf||ElectricSeed|ArmorTail|FoulPlay,Protect,TrickRoom,HelpingHand|||F|||50|,,,,,Water]Iron Hands||AssaultVest|QuarkDrive|LowKick,WildCharge,FakeOut,DrainPunch||||||50|,,,,,Bug]Ho-Oh||ClearAmulet|Regenerator|SacredFire,BraveBird,Tailwind,Protect||||||50|,,,,,Grass]Urshifu-Rapid-Strike||ChoiceScarf|UnseenFist|SurgingStrikes,Uturn,CloseCombat,AquaJet|||F|||50|,,,,,Water\n|showteam|p2|Koraidon||LifeOrb|OrichalcumPulse|CloseCombat,FlameCharge,FlareBlitz,Protect||||||50|,,,,,Fire]Calyrex-Shadow||FocusSash|AsOneSpectrier|AstralBarrage,ExpandingForce,Psychic,Protect||||||50|,,,,,Ghost]Incineroar||SafetyGoggles|Intimidate|FakeOut,KnockOff,PartingShot,Taunt|||F|||50|,,,,,Bug]Indeedee-F||RockyHelmet|PsychicSurge|Psychic,FollowMe,HelpingHand,TrickRoom|||F|||50|,,,,,Water]Brute Bonnet||CovertCloak|Protosynthesis|SeedBomb,SuckerPunch,RagePowder,Spore||||||50|,,,,,Fairy]Flutter Mane||BoosterEnergy|Protosynthesis|Moonblast,IcyWind,Taunt,Protect||||||50|,,,,,Water\n|\n|t:|1746055162\n|start\n|switch|p1a: Ho-Oh|Ho-Oh, L50|100/100\n|switch|p1b: Incineroar|Incineroar, L50, M|100/100\n|switch|p2a: Jockey|Calyrex-Shadow, L50|100/100\n|switch|p2b: Steve|Incineroar, L50, F|100/100\n|-ability|p2a: Jockey|As One\n|-ability|p2a: Jockey|Unnerve\n|-ability|p2b: Steve|Intimidate|boost\n|-fail|p1a: Ho-Oh|unboost|[from] item: Clear Amulet|[of] p1a: Ho-Oh\n|-unboost|p1b: Incineroar|atk|1\n|-ability|p1b: Incineroar|Intimidate|boost\n|-unboost|p2a: Jockey|atk|1\n|-unboost|p2b: Steve|atk|1\n|turn|1\n|\n|t:|1746055182\n|move|p2b: Steve|Fake Out|p1b: Incineroar\n|-damage|p1b: Incineroar|96/100\n|-damage|p2b: Steve|84/100|[from] item: Rocky Helmet|[of] p1b: Incineroar\n|move|p2a: Jockey|Astral Barrage|p1a: Ho-Oh|[spread] p1a,p1b\n|-resisted|p1b: Incineroar\n|-damage|p1a: Ho-Oh|76/100\n|-damage|p1b: Incineroar|69/100\n|move|p1a: Ho-Oh|Tailwind|p1a: Ho-Oh\n|-sidestart|p1: AUBrigade|move: Tailwind\n|cant|p1b: Incineroar|flinch\n|\n|upkeep\n|turn|2\n|\n|t:|1746055202\n|move|p2a: Jockey|Protect|p2a: Jockey\n|-singleturn|p2a: Jockey|Protect\n|move|p1a: Ho-Oh|Sacred Fire|p2a: Jockey\n|-activate|p2a: Jockey|move: Protect\n|move|p1b: Incineroar|Parting Shot|p2b: Steve\n|-unboost|p2b: Steve|atk|1\n|-unboost|p2b: Steve|spa|1\n|\n|t:|1746055214\n|switch|p1b: Miraidon|Miraidon, L50|100/100|[from] Parting Shot\n|-fieldstart|move: Electric Terrain|[from] ability: Hadron Engine|[of] p1b: Miraidon\n|move|p2b: Steve|Parting Shot|p1b: Miraidon\n|-unboost|p1b: Miraidon|atk|1\n|-unboost|p1b: Miraidon|spa|1\n|\n|t:|1746055223\n|switch|p2b: Ghast|Flutter Mane, L50|100/100|[from] Parting Shot\n|-enditem|p2b: Ghast|Booster Energy\n|-activate|p2b: Ghast|ability: Protosynthesis|[fromitem]\n|-start|p2b: Ghast|protosynthesisspe\n|\n|upkeep\n|turn|3\n|\n|t:|1746055250\n|move|p1b: Miraidon|Volt Switch|p2b: Ghast\n|-damage|p2b: Ghast|42/100\n|\n|t:|1746055254\n|switch|p1b: Incineroar|Incineroar, L50, M|69/100|[from] Volt Switch\n|-ability|p1b: Incineroar|Intimidate|boost\n|-unboost|p2a: Jockey|atk|1\n|-unboost|p2b: Ghast|atk|1\n|move|p2b: Ghast|Icy Wind|p1a: Ho-Oh|[spread] p1a,p1b\n|-resisted|p1b: Incineroar\n|-damage|p1a: Ho-Oh|70/100\n|-damage|p1b: Incineroar|63/100\n|-unboost|p1b: Incineroar|spe|1\n|move|p1a: Ho-Oh|Brave Bird|p2a: Jockey\n|-damage|p2a: Jockey|39/100\n|-damage|p1a: Ho-Oh|53/100|[from] Recoil\n|move|p2a: Jockey|Astral Barrage|p1b: Incineroar|[spread] p1a,p1b\n|-resisted|p1b: Incineroar\n|-damage|p1a: Ho-Oh|25/100\n|-damage|p1b: Incineroar|38/100\n|\n|upkeep\n|turn|4\n|\n|t:|1746055282\n|-end|p2b: Ghast|Protosynthesis|[silent]\n|switch|p2b: Steve|Incineroar, L50, F|84/100\n|-ability|p2b: Steve|Intimidate|boost\n|-fail|p1a: Ho-Oh|unboost|[from] item: Clear Amulet|[of] p1a: Ho-Oh\n|-unboost|p1b: Incineroar|atk|1\n|switch|p1a: Iron Hands|Iron Hands, L50|100/100\n|-activate|p1a: Iron Hands|ability: Quark Drive\n|-start|p1a: Iron Hands|quarkdriveatk\n|move|p2a: Jockey|Protect|p2a: Jockey\n|-singleturn|p2a: Jockey|Protect\n|move|p1b: Incineroar|Knock Off|p2a: Jockey\n|-activate|p2a: Jockey|move: Protect\n|\n|-sideend|p1: AUBrigade|move: Tailwind\n|upkeep\n|turn|5\n|\n|t:|1746055330\n|move|p2b: Steve|Fake Out|p1b: Incineroar\n|-crit|p1b: Incineroar\n|-damage|p1b: Incineroar|25/100\n|-damage|p2b: Steve|68/100|[from] item: Rocky Helmet|[of] p1b: Incineroar\n|move|p2a: Jockey|Astral Barrage|p1b: Incineroar|[spread] p1a,p1b\n|-resisted|p1b: Incineroar\n|-damage|p1a: Iron Hands|70/100\n|-damage|p1b: Incineroar|0 fnt\n|faint|p1b: Incineroar\n|-ability|p2a: Jockey|Grim Neigh|boost\n|-boost|p2a: Jockey|spa|1\n|move|p1a: Iron Hands|Wild Charge|p2a: Jockey\n|-damage|p2a: Jockey|0 fnt\n|faint|p2a: Jockey\n|-damage|p1a: Iron Hands|64/100|[from] Recoil\n|\n|upkeep\n|\n|t:|1746055355\n|switch|p2a: Ghast|Flutter Mane, L50|42/100\n|switch|p1b: Ho-Oh|Ho-Oh, L50|58/100\n|turn|6\n|\n|t:|1746055372\n|move|p2a: Ghast|Taunt|p1b: Ho-Oh\n|-start|p1b: Ho-Oh|move: Taunt\n|cant|p1b: Ho-Oh|move: Taunt|Tailwind\n|move|p2b: Steve|Parting Shot|p1a: Iron Hands\n|-unboost|p1a: Iron Hands|atk|1\n|-unboost|p1a: Iron Hands|spa|1\n|\n|t:|1746055378\n|switch|p2b: Chicken|Koraidon, L50|100/100|[from] Parting Shot\n|-weather|SunnyDay|[from] ability: Orichalcum Pulse|[of] p2b: Chicken\n|-activate|p2a: Ghast|ability: Protosynthesis\n|-start|p2a: Ghast|protosynthesisspe\n|-activate|p2b: Chicken|Orichalcum Pulse|[source]\n|move|p1a: Iron Hands|Drain Punch|p2b: Chicken\n|-damage|p2b: Chicken|64/100\n|-heal|p1a: Iron Hands|76/100|[from] drain|[of] p2b: Chicken\n|\n|-weather|SunnyDay|[upkeep]\n|-fieldend|move: Electric Terrain\n|-end|p1a: Iron Hands|Quark Drive\n|upkeep\n|turn|7\n|\n|t:|1746055405\n|-terastallize|p2b: Chicken|Fire\n|move|p2a: Ghast|Moonblast|p1a: Iron Hands\n|-supereffective|p1a: Iron Hands\n|-damage|p1a: Iron Hands|31/100\n|move|p2b: Chicken|Flare Blitz|p1b: Ho-Oh\n|-resisted|p1b: Ho-Oh\n|-damage|p1b: Ho-Oh|0 fnt\n|faint|p1b: Ho-Oh\n|-damage|p2b: Chicken|41/100|[from] Recoil\n|-damage|p2b: Chicken|31/100|[from] item: Life Orb\n|move|p1a: Iron Hands|Wild Charge|p2a: Ghast\n|-damage|p2a: Ghast|0 fnt\n|faint|p2a: Ghast\n|-end|p2a: Ghast|Protosynthesis|[silent]\n|-damage|p1a: Iron Hands|25/100|[from] Recoil\n|\n|-weather|SunnyDay|[upkeep]\n|upkeep\n|\n|t:|1746055419\n|switch|p2a: Steve|Incineroar, L50, F|68/100\n|switch|p1b: Miraidon|Miraidon, L50|100/100\n|-fieldstart|move: Electric Terrain|[from] ability: Hadron Engine|[of] p1b: Miraidon\n|-activate|p1a: Iron Hands|ability: Quark Drive\n|-start|p1a: Iron Hands|quarkdriveatk\n|-ability|p2a: Steve|Intimidate|boost\n|-unboost|p1a: Iron Hands|atk|1\n|-unboost|p1b: Miraidon|atk|1\n|turn|8\n|\n|t:|1746055448\n|move|p2a: Steve|Fake Out|p1a: Iron Hands\n|-damage|p1a: Iron Hands|19/100\n|move|p2b: Chicken|Flare Blitz|p1b: Miraidon\n|-resisted|p1b: Miraidon\n|-damage|p1b: Miraidon|19/100\n|-damage|p2b: Chicken|4/100|[from] Recoil\n|-damage|p2b: Chicken|0 fnt|[from] item: Life Orb\n|faint|p2b: Chicken\n|move|p1b: Miraidon|Dazzling Gleam|p2a: Steve\n|-damage|p2a: Steve|15/100\n|cant|p1a: Iron Hands|flinch\n|\n|-weather|SunnyDay|[upkeep]\n|upkeep\n|turn|9\n|-message|is_katabo forfeited.\n|\n|win|AUBrigade\n|raw|AUBrigade's rating: 1145 &rarr; <strong>1171</strong><br />(+26 for winning)\n|raw|is_katabo's rating: 1154 &rarr; <strong>1128</strong><br />(-26 for losing)\n", "uploadtime": 1746055464, "views": 6, "formatid": "gen9vgc2025regibo3", "rating": 1128, "private": 0, "password": null}