{"id": "gen9vgc2025regibo3-2355143970", "format": "[Gen 9] VGC 2025 Reg I (Bo3)", "players": ["ComfyTurty", "stotty"], "log": "|j|\u2606ComfyTurty\n|j|\u2606stotty\n|html|<table width=\"100%\"><tr><td align=\"left\">ComfyTurty</td><td align=\"right\">stotty</tr><tr><td align=\"left\"><i class=\"fa fa-circle-o\"></i> <i class=\"fa fa-circle-o\"></i> </td><td align=\"right\"><i class=\"fa fa-circle-o\"></i> <i class=\"fa fa-circle-o\"></i> </tr></table>\n|uhtml|bestof|<h2><strong>Game 1</strong> of <a href=\"/game-bestof3-gen9vgc2025regibo3-2355143969\">a best-of-3</a></h2>\n|t:|1746158204\n|gametype|doubles\n|player|p1|ComfyTurty|pokemonbreeder-gen4|1000\n|player|p2|stotty|266|1051\n|teamsize|p1|6\n|teamsize|p2|6\n|gen|9\n|tier|[Gen 9] VGC 2025 Reg I (Bo3)\n|rated|\n|rule|Species Clause: Limit one of each Pok\u00e9mon\n|rule|Item Clause: Limit 1 of each item\n|clearpoke\n|poke|p1|Koraidon, L50|\n|poke|p1|Terapagos, L50, M|\n|poke|p1|Incineroar, L50, F|\n|poke|p1|Rillaboom, L50, F|\n|poke|p1|Ogerpon-Cornerstone, L50, F|\n|poke|p1|Flutter Mane, L50|\n|poke|p2|Calyrex-Shadow, L50|\n|poke|p2|Koraidon, L50|\n|poke|p2|Tinkaton, L50, F|\n|poke|p2|Whimsicott, L50, F|\n|poke|p2|Cresselia, L50, F|\n|poke|p2|Heatran, L50, F|\n|teampreview|4\n|showteam|p1|Koraidon||LifeOrb|OrichalcumPulse|CloseCombat,FlareBlitz,FlameCharge,Protect||||||50|,,,,,Fire]Terapagos||Leftovers|TeraShift|TeraStarstorm,EarthPower,CalmMind,Protect|||M|||50|,,,,,Stellar]Incineroar||RockyHelmet|Intimidate|FakeOut,KnockOff,WillOWisp,PartingShot|||F|||50|,,,,,Bug]Rillaboom||AssaultVest|GrassySurge|WoodHammer,GrassyGlide,Uturn,FakeOut|||F|||50|,,,,,Water]Ogerpon-Cornerstone||CornerstoneMask|Sturdy|IvyCudgel,PowerWhip,FollowMe,SpikyShield|||F|||50|,,,,,Rock]Flutter Mane||FocusSash|Protosynthesis|Moonblast,ShadowBall,IcyWind,Protect||||||50|,,,,,Normal\n|showteam|p2|Calyrex-Shadow||LifeOrb|AsOneSpectrier|AstralBarrage,Psychic,Protect,DarkPulse||||||50|,,,,,Ghost]Koraidon||ClearAmulet|OrichalcumPulse|CollisionCourse,Protect,DragonClaw,FlameCharge||||||50|,,,,,Fire]Tinkaton|||MoldBreaker|FakeOut,Thief,GigatonHammer,Protect|||F|||50|,,,,,Fairy]Whimsicott||CovertCloak|Prankster|HelpingHand,Tailwind,Taunt,Moonblast|||F|||50|,,,,,Dark]Cresselia||Leftovers|Levitate|SkillSwap,HelpingHand,LunarBlessing,Psychic|||F|||50|,,,,,Dark]Heatran||AssaultVest|FlameBody|MagmaStorm,FlashCannon,EarthPower,LavaPlume|||F|||50|,,,,,Grass\n|inactive|Battle timer is ON: inactive players will automatically lose when time's up. (requested by ComfyTurty)\n|inactive|ComfyTurty has 60 seconds left.\n|inactive|stotty has 60 seconds left.\n|inactive|ComfyTurty has 30 seconds left.\n|\n|t:|1746158271\n|start\n|switch|p1a: Terapagos|Terapagos, L50, M|100/100\n|switch|p1b: Incineroar|Incineroar, L50, F|100/100\n|switch|p2a: Whimsicott|Whimsicott, L50, F, shiny|100/100\n|switch|p2b: Calyrex|Calyrex-Shadow, L50|100/100\n|-activate|p1a: Terapagos|ability: Tera Shift\n|detailschange|p1a: Terapagos|Terapagos-Terastal, L50, M\n|-heal|p1a: Terapagos|100/100|[silent]\n|-ability|p2b: Calyrex|As One\n|-ability|p2b: Calyrex|Unnerve\n|-ability|p1b: Incineroar|Intimidate|boost\n|-unboost|p2a: Whimsicott|atk|1\n|-unboost|p2b: Calyrex|atk|1\n|turn|1\n|inactive|ComfyTurty has 30 seconds left.\n|inactive|stotty has 30 seconds left.\n|inactive|ComfyTurty has 20 seconds left.\n|inactive|stotty has 20 seconds left.\n|inactive|ComfyTurty has 15 seconds left.\n|inactive|stotty has 15 seconds left.\n|inactive|stotty has 10 seconds left.\n|inactive|ComfyTurty has 10 seconds left.\n|\n|t:|1746158322\n|move|p2a: Whimsicott|Tailwind|p2a: Whimsicott\n|-sidestart|p2: stotty|move: Tailwind\n|move|p2b: Calyrex|Psychic|p1a: Terapagos\n|-activate|p1a: Terapagos|ability: Tera Shell\n|-resisted|p1a: Terapagos\n|-damage|p1a: Terapagos|67/100\n|-damage|p2b: Calyrex|91/100|[from] item: Life Orb\n|move|p1a: Terapagos|Calm Mind|p1a: Terapagos\n|-boost|p1a: Terapagos|spa|1\n|-boost|p1a: Terapagos|spd|1\n|move|p1b: Incineroar|Knock Off|p2b: Calyrex\n|-supereffective|p2b: Calyrex\n|-damage|p2b: Calyrex|0 fnt\n|-enditem|p2b: Calyrex|Life Orb|[from] move: Knock Off|[of] p1b: Incineroar\n|faint|p2b: Calyrex\n|\n|-heal|p1a: Terapagos|73/100|[from] item: Leftovers\n|upkeep\n|\n|t:|1746158340\n|switch|p2b: Koraidon|Koraidon, L50|100/100\n|-weather|SunnyDay|[from] ability: Orichalcum Pulse|[of] p2b: Koraidon\n|-activate|p2b: Koraidon|Orichalcum Pulse|[source]\n|turn|2\n|\n|t:|1746158354\n|move|p2a: Whimsicott|Helping Hand|p2b: Koraidon\n|-singleturn|p2b: Koraidon|Helping Hand|[of] p2a: Whimsicott\n|move|p1a: Terapagos|Protect|p1a: Terapagos\n|-singleturn|p1a: Terapagos|Protect\n|move|p2b: Koraidon|Collision Course|p1a: Terapagos\n|-activate|p1a: Terapagos|move: Protect\n|move|p1b: Incineroar|Parting Shot|p2b: Koraidon\n|-fail|p2b: Koraidon|unboost|[from] item: Clear Amulet|[of] p2b: Koraidon\n|\n|-weather|SunnyDay|[upkeep]\n|-heal|p1a: Terapagos|80/100|[from] item: Leftovers\n|upkeep\n|turn|3\n|inactive|ComfyTurty has 30 seconds left.\n|c|\u2606ComfyTurty|Oof, mb for not reading the teamsheet\n|inactive|ComfyTurty has 20 seconds left.\n|c|\u2606ComfyTurty|Just started using this team and I'm sleepy lol\n|inactive|ComfyTurty has 15 seconds left.\n|inactive|ComfyTurty has 10 seconds left.\n|inactive|ComfyTurty has 5 seconds left.\n|\n|t:|1746158409\n|move|p1b: Incineroar|Fake Out||[still]\n|-hint|Fake Out only works on your first turn out.\n|-fail|p1b: Incineroar\n|move|p2b: Koraidon|Collision Course|p1b: Incineroar\n|-supereffective|p1b: Incineroar\n|-damage|p1b: Incineroar|0 fnt\n|-damage|p2b: Koraidon|84/100|[from] item: Rocky Helmet|[of] p1b: Incineroar\n|faint|p1b: Incineroar\n|move|p2a: Whimsicott|Moonblast|p1a: Terapagos\n|-damage|p1a: Terapagos|66/100\n|move|p1a: Terapagos|Tera Starstorm|p2b: Koraidon\n|-damage|p2b: Koraidon|17/100\n|\n|-weather|SunnyDay|[upkeep]\n|-heal|p1a: Terapagos|72/100|[from] item: Leftovers\n|upkeep\n|\n|t:|1746158413\n|switch|p1b: Ogerpon|Ogerpon-Cornerstone, L50, F|100/100\n|turn|4\n|\n|t:|1746158435\n|-terastallize|p1a: Terapagos|Stellar\n|detailschange|p1a: Terapagos|Terapagos-Stellar, L50, M, tera:Stellar\n|-heal|p1a: Terapagos|79/100|[silent]\n|-ability|p1a: Terapagos|Teraform Zero\n|-weather|none\n|move|p2a: Whimsicott|Helping Hand|p2b: Koraidon\n|-singleturn|p2b: Koraidon|Helping Hand|[of] p2a: Whimsicott\n|move|p1b: Ogerpon|Follow Me|p1b: Ogerpon\n|-singleturn|p1b: Ogerpon|move: Follow Me\n|move|p2b: Koraidon|Collision Course|p1b: Ogerpon\n|-supereffective|p1b: Ogerpon\n|-ability|p1b: Ogerpon|Sturdy\n|-damage|p1b: Ogerpon|1/100\n|move|p1a: Terapagos|Tera Starstorm|p2a: Whimsicott|[spread] p2a,p2b\n|-damage|p2a: Whimsicott|32/100\n|-damage|p2b: Koraidon|0 fnt\n|faint|p2b: Koraidon\n|\n|-heal|p1a: Terapagos|85/100|[from] item: Leftovers\n|-sideend|p2: stotty|move: Tailwind\n|upkeep\n|\n|t:|1746158454\n|switch|p2b: Heatran|Heatran, L50, F|100/100\n|turn|5\n|\n|t:|1746158471\n|-terastallize|p2a: Whimsicott|Dark\n|move|p1b: Ogerpon|Follow Me|p1b: Ogerpon\n|-singleturn|p1b: Ogerpon|move: Follow Me\n|move|p2a: Whimsicott|Tailwind|p2a: Whimsicott\n|-sidestart|p2: stotty|move: Tailwind\n|move|p2b: Heatran|Lava Plume|p1b: Ogerpon|[spread] p2a,p1a,p1b\n|-damage|p2a: Whimsicott|0 fnt\n|-damage|p1a: Terapagos|70/100\n|-damage|p1b: Ogerpon|0 fnt\n|faint|p2a: Whimsicott\n|faint|p1b: Ogerpon\n|move|p1a: Terapagos|Tera Starstorm|p2b: Heatran\n|-damage|p2b: Heatran|65/100\n|\n|-heal|p1a: Terapagos|76/100|[from] item: Leftovers\n|upkeep\n|\n|t:|1746158483\n|switch|p1b: Koraidon|Koraidon, L50|100/100\n|-weather|SunnyDay|[from] ability: Orichalcum Pulse|[of] p1b: Koraidon\n|-activate|p1b: Koraidon|Orichalcum Pulse|[source]\n|turn|6\n|\n|t:|1746158493\n|move|p1b: Koraidon|Close Combat|p2b: Heatran\n|-supereffective|p2b: Heatran\n|-damage|p2b: Heatran|0 fnt\n|-unboost|p1b: Koraidon|def|1\n|-unboost|p1b: Koraidon|spd|1\n|-status|p1b: Koraidon|brn|[from] ability: Flame Body|[of] p2b: Heatran\n|faint|p2b: Heatran\n|-damage|p1b: Koraidon|91/100 brn|[from] item: Life Orb\n|\n|win|ComfyTurty\n", "uploadtime": 1746158497, "views": 2, "formatid": "gen9vgc2025regibo3", "rating": null, "private": 0, "password": null}