{"id": "gen9vgc2025regibo3-2353865480", "format": "[Gen 9] VGC 2025 Reg I (Bo3)", "players": ["MuccaSupinaVGC", "Le P VGC"], "log": "|j|\u2606MuccaSupinaVGC\n|j|\u2606Le P VGC\n|html|<table width=\"100%\"><tr><td align=\"left\">MuccaSupinaVGC</td><td align=\"right\">Le P VGC</tr><tr><td align=\"left\"><i class=\"fa fa-circle-o\"></i> <i class=\"fa fa-circle-o\"></i> </td><td align=\"right\"><i class=\"fa fa-circle-o\"></i> <i class=\"fa fa-circle-o\"></i> </tr></table>\n|uhtml|bestof|<h2><strong>Game 1</strong> of <a href=\"/game-bestof3-gen9vgc2025regibo3-2353865479\">a best-of-3</a></h2>\n|t:|1746012289\n|gametype|doubles\n|player|p1|MuccaSupinaVGC|169|1386\n|player|p2|Le P VGC|drayden|1333\n|teamsize|p1|6\n|teamsize|p2|6\n|gen|9\n|tier|[Gen 9] VGC 2025 Reg I (Bo3)\n|rated|\n|rule|Species Clause: Limit one of each Pok\u00e9mon\n|rule|Item Clause: Limit 1 of each item\n|clearpoke\n|poke|p1|Koraidon, L50|\n|poke|p1|Calyrex-Shadow, L50|\n|poke|p1|Chi-Yu, L50|\n|poke|p1|Whimsicott, L50, M|\n|poke|p1|Brute Bonnet, L50|\n|poke|p1|Ditto, L50|\n|poke|p2|Zacian-*, L50|\n|poke|p2|Urshifu-*, L50, M|\n|poke|p2|Incineroar, L50, M|\n|poke|p2|Eternatus, L50|\n|poke|p2|Rillaboom, L50, M|\n|poke|p2|Pelipper, L50, F|\n|teampreview|4\n|showteam|p1|Koraidon||ClearAmulet|OrichalcumPulse|CollisionCourse,FlareBlitz,FlameCharge,Protect||||||50|,,,,,Fire]Calyrex-Shadow||LifeOrb|AsOneSpectrier|Psychic,AstralBarrage,Substitute,Protect||||||50|,,,,,Dark]Chi-Yu||ChoiceScarf|BeadsofRuin|DarkPulse,Overheat,HeatWave,Snarl||||||50|,,,,,Ghost]Whimsicott||CovertCloak|Prankster|Moonblast,Encore,HelpingHand,Tailwind|||M|||50|,,,,,Dark]Brute Bonnet||RockyHelmet|Protosynthesis|SeedBomb,SuckerPunch,Spore,RagePowder||||||50|,,,,,Water]Ditto||FocusSash|Imposter|Transform||||||50|,,,,,Normal\n|showteam|p2|Zacian-Crowned||RustedSword|IntrepidSword|behemothblade,Protect,PlayRough,SacredSword||||||50|,,,,,Water]Urshifu-Rapid-Strike||ChoiceScarf|UnseenFist|SurgingStrikes,AquaJet,CloseCombat,Uturn|||M|||50|,,,,,Ghost]Incineroar||SafetyGoggles|Intimidate|FakeOut,KnockOff,FlareBlitz,PartingShot|||M|||50|,,,,,Bug]Eternatus||LifeOrb|Pressure|DynamaxCannon,SludgeBomb,Flamethrower,Protect||||||50|,,,,,Water]Rillaboom||AssaultVest|Overgrow|FakeOut,WoodHammer,Uturn,GrassyGlide|||M|||50|,,,,,Fire]Pelipper||CovertCloak|Drizzle|WeatherBall,WideGuard,Hurricane,Tailwind|||F|||50|,,,,,Stellar\n|inactive|Battle timer is ON: inactive players will automatically lose when time's up. (requested by MuccaSupinaVGC)\n|\n|t:|1746012329\n|start\n|switch|p1a: Whimsicott|Whimsicott, L50, M|100/100\n|switch|p1b: Calyrex|Calyrex-Shadow, L50|100/100\n|switch|p2a: Zacian|Zacian-Crowned, L50|100/100\n|switch|p2b: Incineroar|Incineroar, L50, M|100/100\n|-ability|p1b: Calyrex|As One\n|-ability|p1b: Calyrex|Unnerve\n|-ability|p2a: Zacian|Intrepid Sword|boost\n|-boost|p2a: Zacian|atk|1\n|-ability|p2b: Incineroar|Intimidate|boost\n|-unboost|p1a: Whimsicott|atk|1\n|-unboost|p1b: Calyrex|atk|1\n|turn|1\n|\n|t:|1746012344\n|switch|p1a: Ditto|Ditto, L50|100/100\n|-transform|p1a: Ditto|p2b: Incineroar|[from] ability: Imposter\n|-ability|p1a: Ditto|Intimidate|boost\n|-unboost|p2a: Zacian|atk|1\n|-unboost|p2b: Incineroar|atk|1\n|move|p1b: Calyrex|Protect|p1b: Calyrex\n|-singleturn|p1b: Calyrex|Protect\n|move|p2a: Zacian|Behemoth Blade|p1b: Calyrex\n|-activate|p1b: Calyrex|move: Protect\n|move|p2b: Incineroar|Flare Blitz|p1a: Ditto\n|-resisted|p1a: Ditto\n|-damage|p1a: Ditto|85/100\n|-damage|p2b: Incineroar|97/100|[from] Recoil\n|\n|upkeep\n|turn|2\n|inactive|MuccaSupinaVGC has 30 seconds left.\n|inactive|MuccaSupinaVGC has 20 seconds left.\n|inactive|MuccaSupinaVGC has 15 seconds left.\n|\n|t:|1746012386\n|switch|p1a: Whimsicott|Whimsicott, L50, M|100/100\n|-terastallize|p1b: Calyrex|Dark\n|move|p1b: Calyrex|Astral Barrage|p2b: Incineroar|[spread] p2a,p2b\n|-resisted|p2b: Incineroar\n|-damage|p2a: Zacian|40/100\n|-damage|p2b: Incineroar|63/100\n|-damage|p1b: Calyrex|91/100|[from] item: Life Orb\n|move|p2a: Zacian|Behemoth Blade|p1b: Calyrex\n|-damage|p1b: Calyrex|27/100\n|move|p2b: Incineroar|Knock Off|p1b: Calyrex\n|-resisted|p1b: Calyrex\n|-damage|p1b: Calyrex|12/100\n|-enditem|p1b: Calyrex|Life Orb|[from] move: Knock Off|[of] p2b: Incineroar\n|\n|upkeep\n|turn|3\n|\n|t:|1746012409\n|move|p1b: Calyrex|Astral Barrage|p2a: Zacian|[spread] p2a,p2b\n|-resisted|p2b: Incineroar\n|-damage|p2a: Zacian|0 fnt\n|-damage|p2b: Incineroar|36/100\n|faint|p2a: Zacian\n|-ability|p1b: Calyrex|Grim Neigh|boost\n|-boost|p1b: Calyrex|spa|1\n|move|p1a: Whimsicott|Moonblast|p2b: Incineroar\n|-crit|p2b: Incineroar\n|-damage|p2b: Incineroar|0 fnt\n|faint|p2b: Incineroar\n|\n|upkeep\n|\n|t:|1746012417\n|switch|p2a: Pelipper|Pelipper, L50, F|100/100\n|switch|p2b: Eternatus|Eternatus, L50|100/100\n|-ability|p2b: Eternatus|Pressure\n|-weather|RainDance|[from] ability: Drizzle|[of] p2a: Pelipper\n|turn|4\n|\n|t:|1746012442\n|-terastallize|p2b: Eternatus|Water\n|move|p1a: Whimsicott|Tailwind|p1a: Whimsicott\n|-sidestart|p1: MuccaSupinaVGC|move: Tailwind\n|move|p1b: Calyrex|Psychic|p2a: Pelipper\n|-damage|p2a: Pelipper|0 fnt\n|faint|p2a: Pelipper\n|-ability|p1b: Calyrex|Grim Neigh|boost\n|-boost|p1b: Calyrex|spa|1\n|move|p2b: Eternatus|Dynamax Cannon|p1b: Calyrex\n|-damage|p1b: Calyrex|0 fnt\n|faint|p1b: Calyrex\n|-damage|p2b: Eternatus|91/100|[from] item: Life Orb\n|\n|-weather|RainDance|[upkeep]\n|upkeep\n|\n|t:|1746012455\n|switch|p1b: Koraidon|Koraidon, L50|100/100\n|-weather|SunnyDay|[from] ability: Orichalcum Pulse|[of] p1b: Koraidon\n|-activate|p1b: Koraidon|Orichalcum Pulse|[source]\n|turn|5\n|\n|t:|1746012465\n|switch|p1a: Ditto|Ditto, L50|85/100\n|-transform|p1a: Ditto|p2b: Eternatus|[from] ability: Imposter\n|-ability|p1a: Ditto|Pressure\n|move|p1b: Koraidon|Collision Course|p2b: Eternatus\n|-damage|p2b: Eternatus|39/100\n|move|p2b: Eternatus|Dynamax Cannon|p1b: Koraidon\n|-supereffective|p1b: Koraidon\n|-damage|p1b: Koraidon|0 fnt\n|faint|p1b: Koraidon\n|-damage|p2b: Eternatus|29/100|[from] item: Life Orb\n|\n|-weather|SunnyDay|[upkeep]\n|upkeep\n|\n|t:|1746012476\n|switch|p1b: Whimsicott|Whimsicott, L50, M|100/100\n|-start|p1a: Ditto|typechange|Poison/Dragon|[silent]\n|turn|6\n|\n|t:|1746012482\n|move|p1b: Whimsicott|Helping Hand|p1a: Ditto\n|-singleturn|p1a: Ditto|Helping Hand|[of] p1b: Whimsicott\n|move|p1a: Ditto|Dynamax Cannon|p2b: Eternatus\n|-damage|p2b: Eternatus|0 fnt\n|faint|p2b: Eternatus\n|\n|win|MuccaSupinaVGC\n||MuccaSupinaVGC is ready for game 2.\n||Le P VGC is ready for game 2.\n|uhtml|next|Next: <a href=\"/battle-gen9vgc2025regibo3-2353866945\"><strong>Game 2 of 3</strong></a>\n", "uploadtime": 1746012760, "views": 6, "formatid": "gen9vgc2025regibo3", "rating": null, "private": 0, "password": null}