{"id": "gen9vgc2025regibo3-2354195591", "format": "[Gen 9] VGC 2025 Reg I (Bo3)", "players": ["aieee force a toi", "LittleBig18"], "log": "|j|\u2606aieee force a toi\n|j|\u2606LittleBig18\n|html|<table width=\"100%\"><tr><td align=\"left\">aieee force a toi</td><td align=\"right\">LittleBig18</tr><tr><td align=\"left\"><i class=\"fa fa-circle-o\"></i> <i class=\"fa fa-circle-o\"></i> </td><td align=\"right\"><i class=\"fa fa-circle-o\"></i> <i class=\"fa fa-circle-o\"></i> </tr></table>\n|uhtml|bestof|<h2><strong>Game 1</strong> of <a href=\"/game-bestof3-gen9vgc2025regibo3-2354195590\">a best-of-3</a></h2>\n|t:|1746043512\n|gametype|doubles\n|player|p1|aieee force a toi|swimmer|1143\n|player|p2|LittleBig18|buck|1119\n|teamsize|p1|6\n|teamsize|p2|6\n|gen|9\n|tier|[Gen 9] VGC 2025 Reg I (Bo3)\n|rated|\n|rule|Species Clause: Limit one of each Pok\u00e9mon\n|rule|Item Clause: Limit 1 of each item\n|clearpoke\n|poke|p1|Calyrex-Shadow, L50|\n|poke|p1|Terapagos, L50, M|\n|poke|p1|Rillaboom, L50, M|\n|poke|p1|Dragapult, L50, F|\n|poke|p1|Volcarona, L50, F|\n|poke|p1|Farigiraf, L50, M|\n|poke|p2|Koraidon, L50|\n|poke|p2|Lunala, L50|\n|poke|p2|Indeedee-F, L50, F|\n|poke|p2|Brute Bonnet, L50|\n|poke|p2|Flutter Mane, L50|\n|poke|p2|Chi-Yu, L50|\n|teampreview|4\n|showteam|p1|Calyrex-Shadow||FocusSash|AsOneSpectrier|AstralBarrage,Encore,Protect,Psychic||||||50|,,,,,Ghost]Terapagos||Leftovers|TeraShift|CalmMind,TeraStarstorm,Protect,EarthPower|||M|||50|,,,,,Stellar]Rillaboom||AssaultVest|GrassySurge|FakeOut,GrassyGlide,WoodHammer,LowKick|||M|||50|,,,,,Grass]Dragapult||ChoiceBand|Infiltrator|DragonDarts,PhantomForce,Outrage,Uturn|||F|||50|,,,,,Dragon]Volcarona||SafetyGoggles|FlameBody|RagePowder,StruggleBug,Tailwind,WillOWisp|||F|||50|,,,,,Water]Farigiraf||RockyHelmet|ArmorTail|HelpingHand,FoulPlay,Psychic,Imprison|||M|||50|,,,,,Water\n|showteam|p2|Koraidon||LifeOrb|OrichalcumPulse|CloseCombat,FlareBlitz,FlameCharge,Protect||||||50|,,,,,Fire]Lunala||CovertCloak|ShadowShield|MoongeistBeam,ExpandingForce,TrickRoom,WideGuard||||||50|,,,,,Fairy]Indeedee-F||PsychicSeed|PsychicSurge|FollowMe,HelpingHand,TrickRoom,AlluringVoice|||F|||50|,,,,,Fairy]Brute Bonnet||RockyHelmet|Protosynthesis|RagePowder,Spore,SuckerPunch,SeedBomb||||||50|,,,,,Water]Flutter Mane||FocusSash|Protosynthesis|Moonblast,ShadowBall,IcyWind,Protect||||||50|,,,,,Normal]Chi-Yu||ChoiceScarf|BeadsofRuin|Overheat,HeatWave,Flamethrower,DarkPulse||||||50|,,,,,Fire\n|inactive|Battle timer is ON: inactive players will automatically lose when time's up. (requested by LittleBig18)\n|inactive|aieee force a toi has 60 seconds left.\n|\n|t:|1746043552\n|start\n|switch|p1a: Terapagos|Terapagos, L50, M|100/100\n|switch|p1b: Volcarona|Volcarona, L50, F|100/100\n|switch|p2a: Koraidon|Koraidon, L50|100/100\n|switch|p2b: Flutter Mane|Flutter Mane, L50|100/100\n|-activate|p1a: Terapagos|ability: Tera Shift\n|detailschange|p1a: Terapagos|Terapagos-Terastal, L50, M\n|-heal|p1a: Terapagos|100/100|[silent]\n|-weather|SunnyDay|[from] ability: Orichalcum Pulse|[of] p2a: Koraidon\n|-activate|p2b: Flutter Mane|ability: Protosynthesis\n|-start|p2b: Flutter Mane|protosynthesisspe\n|-activate|p2a: Koraidon|Orichalcum Pulse|[source]\n|turn|1\n|\n|t:|1746043577\n|-terastallize|p2a: Koraidon|Fire\n|move|p1b: Volcarona|Rage Powder|p1b: Volcarona\n|-singleturn|p1b: Volcarona|move: Rage Powder\n|move|p2b: Flutter Mane|Shadow Ball|p1b: Volcarona\n|-damage|p1b: Volcarona|69/100\n|move|p2a: Koraidon|Flare Blitz|p1b: Volcarona\n|-damage|p1b: Volcarona|0 fnt\n|faint|p1b: Volcarona\n|-damage|p2a: Koraidon|76/100|[from] Recoil\n|-damage|p2a: Koraidon|66/100|[from] item: Life Orb\n|move|p1a: Terapagos|Calm Mind|p1a: Terapagos\n|-boost|p1a: Terapagos|spa|1\n|-boost|p1a: Terapagos|spd|1\n|\n|-weather|SunnyDay|[upkeep]\n|upkeep\n|\n|t:|1746043596\n|switch|p1b: Rillaboom|Rillaboom, L50, M|100/100\n|-fieldstart|move: Grassy Terrain|[from] ability: Grassy Surge|[of] p1b: Rillaboom\n|turn|2\n|\n|t:|1746043612\n|move|p2a: Koraidon|Protect|p2a: Koraidon\n|-singleturn|p2a: Koraidon|Protect\n|move|p1b: Rillaboom|Fake Out|p2a: Koraidon\n|-activate|p2a: Koraidon|move: Protect\n|move|p2b: Flutter Mane|Moonblast|p1a: Terapagos\n|-activate|p1a: Terapagos|ability: Tera Shell\n|-resisted|p1a: Terapagos\n|-damage|p1a: Terapagos|87/100\n|move|p1a: Terapagos|Calm Mind|p1a: Terapagos\n|-boost|p1a: Terapagos|spa|1\n|-boost|p1a: Terapagos|spd|1\n|\n|-weather|SunnyDay|[upkeep]\n|-heal|p2a: Koraidon|72/100|[from] Grassy Terrain\n|-heal|p1a: Terapagos|93/100|[from] Grassy Terrain\n|-heal|p1a: Terapagos|99/100|[from] item: Leftovers\n|upkeep\n|turn|3\n|inactive|LittleBig18 has 30 seconds left.\n|inactive|LittleBig18 has 20 seconds left.\n|\n|t:|1746043652\n|move|p1a: Terapagos|Protect|p1a: Terapagos\n|-singleturn|p1a: Terapagos|Protect\n|move|p1b: Rillaboom|Grassy Glide|p2b: Flutter Mane\n|-damage|p2b: Flutter Mane|31/100\n|move|p2b: Flutter Mane|Moonblast|p1b: Rillaboom\n|-damage|p1b: Rillaboom|69/100\n|move|p2a: Koraidon|Flame Charge|p1b: Rillaboom\n|-supereffective|p1b: Rillaboom\n|-damage|p1b: Rillaboom|0 fnt\n|-boost|p2a: Koraidon|spe|1\n|faint|p1b: Rillaboom\n|-damage|p2a: Koraidon|62/100|[from] item: Life Orb\n|\n|-weather|SunnyDay|[upkeep]\n|-heal|p2a: Koraidon|68/100|[from] Grassy Terrain\n|-heal|p2b: Flutter Mane|37/100|[from] Grassy Terrain\n|-heal|p1a: Terapagos|100/100|[from] Grassy Terrain\n|upkeep\n|\n|t:|1746043661\n|switch|p1b: Calyrex|Calyrex-Shadow, L50|100/100\n|-ability|p1b: Calyrex|As One\n|-ability|p1b: Calyrex|Unnerve\n|turn|4\n|\n|t:|1746043681\n|-terastallize|p1a: Terapagos|Stellar\n|detailschange|p1a: Terapagos|Terapagos-Stellar, L50, M, tera:Stellar\n|-heal|p1a: Terapagos|100/100|[silent]\n|-ability|p1a: Terapagos|Teraform Zero\n|-weather|none\n|-end|p2b: Flutter Mane|Protosynthesis\n|-fieldend|move: Grassy Terrain\n|move|p2a: Koraidon|Close Combat|p1a: Terapagos\n|-supereffective|p1a: Terapagos\n|-damage|p1a: Terapagos|0 fnt\n|-unboost|p2a: Koraidon|def|1\n|-unboost|p2a: Koraidon|spd|1\n|faint|p1a: Terapagos\n|-damage|p2a: Koraidon|58/100|[from] item: Life Orb\n|move|p1b: Calyrex|Astral Barrage|p2b: Flutter Mane|[spread] p2a,p2b\n|-supereffective|p2b: Flutter Mane\n|-damage|p2a: Koraidon|0 fnt\n|-damage|p2b: Flutter Mane|0 fnt\n|faint|p2a: Koraidon\n|faint|p2b: Flutter Mane\n|-end|p2b: Flutter Mane|Protosynthesis|[silent]\n|-ability|p1b: Calyrex|Grim Neigh|boost\n|-boost|p1b: Calyrex|spa|2\n|\n|upkeep\n|\n|t:|1746043700\n|switch|p2b: Chi-Yu|Chi-Yu, L50|100/100\n|switch|p2a: Brute Bonnet|Brute Bonnet, L50|100/100\n|-ability|p2b: Chi-Yu|Beads of Ruin\n|turn|5\n|\n|t:|1746043713\n|move|p2b: Chi-Yu|Dark Pulse|p1b: Calyrex\n|-supereffective|p1b: Calyrex\n|-enditem|p1b: Calyrex|Focus Sash\n|-damage|p1b: Calyrex|1/100\n|move|p1b: Calyrex|Astral Barrage|p2b: Chi-Yu|[spread] p2a,p2b\n|-resisted|p2a: Brute Bonnet\n|-resisted|p2b: Chi-Yu\n|-damage|p2a: Brute Bonnet|45/100\n|-damage|p2b: Chi-Yu|31/100\n|move|p2a: Brute Bonnet|Seed Bomb|p1b: Calyrex\n|-damage|p1b: Calyrex|0 fnt\n|faint|p1b: Calyrex\n|\n|win|LittleBig18\n||LittleBig18 is ready for game 2.\n||aieee force a toi is ready for game 2.\n|uhtml|next|Next: <a href=\"/battle-gen9vgc2025regibo3-2354197743\"><strong>Game 2 of 3</strong></a>\n|l|\u2606aieee force a toi\n|player|p1|\n|l|\u2606LittleBig18\n|player|p2|\n", "uploadtime": 1746044101, "views": 6, "formatid": "gen9vgc2025regibo3", "rating": null, "private": 0, "password": null}