{"id": "gen9vgc2025regibo3-2354770004", "format": "[Gen 9] VGC 2025 Reg I (Bo3)", "players": ["Jerm626", "ExtremeSpeedAddict"], "log": "|j|\u2606Jerm626\n|j|\u2606ExtremeSpeedAddict\n|html|<table width=\"100%\"><tr><td align=\"left\">Jerm626</td><td align=\"right\">ExtremeSpeedAddict</tr><tr><td align=\"left\"><i class=\"fa fa-circle\"></i> <i class=\"fa fa-circle-o\"></i> </td><td align=\"right\"><i class=\"fa fa-circle-o\"></i> <i class=\"fa fa-circle\"></i> </tr></table>\n|uhtml|bestof|<h2><strong>Game 3</strong> of <a href=\"/game-bestof3-gen9vgc2025regibo3-2354765092\">a best-of-3</a></h2>\n|t:|1746118232\n|gametype|doubles\n|player|p1|Jerm626|102|1293\n|player|p2|ExtremeSpeedAddict|lance|1374\n|teamsize|p1|6\n|teamsize|p2|6\n|gen|9\n|tier|[Gen 9] VGC 2025 Reg I (Bo3)\n|rated|\n|rule|Species Clause: Limit one of each Pok\u00e9mon\n|rule|Item Clause: Limit 1 of each item\n|clearpoke\n|poke|p1|Koraidon, L50|\n|poke|p1|Lunala, L50|\n|poke|p1|Indeedee-F, L50, F|\n|poke|p1|Ursaluna, L50, F|\n|poke|p1|Flutter Mane, L50|\n|poke|p1|Ogerpon-Cornerstone, L50, F|\n|poke|p2|Koraidon, L50|\n|poke|p2|Chi-Yu, L50|\n|poke|p2|Calyrex-Ice, L50|\n|poke|p2|Flutter Mane, L50|\n|poke|p2|Indeedee-F, L50, F|\n|poke|p2|Raging Bolt, L50|\n|teampreview|4\n|showteam|p1|Koraidon||ClearAmulet|OrichalcumPulse|CloseCombat,FlameCharge,FlareBlitz,Protect||||||50|,,,,,Fire]Lunala||PowerHerb|ShadowShield|ExpandingForce,MeteorBeam,WideGuard,MoongeistBeam||||||50|,,,,,Water]Indeedee-F||RockyHelmet|PsychicSurge|TrickRoom,FollowMe,Psychic,HealPulse|||F|||50|,,,,,Water]Ursaluna||FlameOrb|Guts|Facade,HeadlongRush,Protect,Earthquake|||F|||50|,,,,,Ghost]Flutter Mane||FocusSash|Protosynthesis|IcyWind,Moonblast,Protect,Taunt||||||50|,,,,,Normal]Ogerpon-Cornerstone||CornerstoneMask|Sturdy|IvyCudgel,SpikyShield,FollowMe,PowerWhip|||F|||50|,,,,,Rock\n|showteam|p2|Koraidon||LoadedDice|OrichalcumPulse|CollisionCourse,FlareBlitz,Protect,ScaleShot||||||50|,,,,,Fire]Chi-Yu||ChoiceScarf|BeadsofRuin|DarkPulse,HeatWave,Flamethrower,Snarl||||||50|,,,,,Ghost]Calyrex-Ice||ClearAmulet|AsOneGlastrier|HighHorsepower,GlacialLance,Protect,TrickRoom||||||50|,,,,,Water]Flutter Mane||FocusSash|Protosynthesis|ShadowBall,Moonblast,Protect,IcyWind||||||50|,,,,,Fairy]Indeedee-F||PsychicSeed|PsychicSurge|HelpingHand,Psychic,TrickRoom,FollowMe|||F|||50|,,,,,Water]Raging Bolt||AssaultVest|Protosynthesis|Thunderclap,Thunderbolt,Electroweb,DragonPulse||||||50|,,,,,Electric\n|\n|t:|1746118255\n|start\n|switch|p1a: Koraidon|Koraidon, L50|100/100\n|switch|p1b: Flutter Mane|Flutter Mane, L50|100/100\n|switch|p2a: Koraidon|Koraidon, L50|100/100\n|switch|p2b: Flutter Mane|Flutter Mane, L50, shiny|100/100\n|-weather|SunnyDay|[from] ability: Orichalcum Pulse|[of] p1a: Koraidon\n|-activate|p1b: Flutter Mane|ability: Protosynthesis\n|-start|p1b: Flutter Mane|protosynthesisspe\n|-activate|p2b: Flutter Mane|ability: Protosynthesis\n|-start|p2b: Flutter Mane|protosynthesisspe\n|-activate|p1a: Koraidon|Orichalcum Pulse|[source]\n|-activate|p2a: Koraidon|ability: Orichalcum Pulse\n|turn|1\n|inactive|Battle timer is ON: inactive players will automatically lose when time's up. (requested by Jerm626)\n|\n|t:|1746118272\n|-terastallize|p2a: Koraidon|Fire\n|-terastallize|p1a: Koraidon|Fire\n|move|p2b: Flutter Mane|Icy Wind|p1a: Koraidon|[spread] p1a,p1b\n|-resisted|p1a: Koraidon\n|-damage|p1a: Koraidon|93/100\n|-damage|p1b: Flutter Mane|85/100\n|-unboost|p1b: Flutter Mane|spe|1\n|move|p1a: Koraidon|Flame Charge|p2b: Flutter Mane\n|-enditem|p2b: Flutter Mane|Focus Sash\n|-damage|p2b: Flutter Mane|1/100\n|-boost|p1a: Koraidon|spe|1\n|move|p2a: Koraidon|Scale Shot|p1a: Koraidon\n|-damage|p1a: Koraidon|78/100\n|-damage|p1a: Koraidon|60/100\n|-damage|p1a: Koraidon|44/100\n|-damage|p1a: Koraidon|28/100\n|-damage|p1a: Koraidon|12/100\n|-hitcount|p1a: Koraidon|5\n|-unboost|p2a: Koraidon|def|1\n|-boost|p2a: Koraidon|spe|1\n|move|p1b: Flutter Mane|Icy Wind|p2b: Flutter Mane|[spread] p2a,p2b\n|-resisted|p2a: Koraidon\n|-damage|p2a: Koraidon|94/100\n|-damage|p2b: Flutter Mane|0 fnt\n|-unboost|p2a: Koraidon|spe|1\n|faint|p2b: Flutter Mane\n|-end|p2b: Flutter Mane|Protosynthesis|[silent]\n|\n|-weather|SunnyDay|[upkeep]\n|upkeep\n|inactive|ExtremeSpeedAddict has 30 seconds left.\n|\n|t:|1746118297\n|switch|p2b: Raging Bolt|Raging Bolt, L50|100/100\n|-activate|p2b: Raging Bolt|ability: Protosynthesis\n|-start|p2b: Raging Bolt|protosynthesisspa\n|turn|2\n|\n|t:|1746118311\n|-end|p1b: Flutter Mane|Protosynthesis|[silent]\n|switch|p1b: Ogerpon|Ogerpon-Cornerstone, L50, F|100/100\n|move|p1a: Koraidon|Protect|p1a: Koraidon\n|-singleturn|p1a: Koraidon|Protect\n|move|p2b: Raging Bolt|Thunderclap||[still]\n|-fail|p2b: Raging Bolt\n|move|p2a: Koraidon|Flare Blitz|p1b: Ogerpon\n|-ability|p1b: Ogerpon|Sturdy\n|-damage|p1b: Ogerpon|1/100\n|-damage|p2a: Koraidon|64/100|[from] Recoil\n|\n|-weather|SunnyDay|[upkeep]\n|upkeep\n|turn|3\n|\n|t:|1746118321\n|move|p2a: Koraidon|Protect|p2a: Koraidon\n|-singleturn|p2a: Koraidon|Protect\n|move|p1b: Ogerpon|Follow Me|p1b: Ogerpon\n|-singleturn|p1b: Ogerpon|move: Follow Me\n|move|p1a: Koraidon|Close Combat|p2a: Koraidon\n|-activate|p2a: Koraidon|move: Protect\n|move|p2b: Raging Bolt|Electroweb|p1a: Koraidon|[spread] p1a,p1b\n|-resisted|p1b: Ogerpon\n|-damage|p1a: Koraidon|0 fnt\n|-damage|p1b: Ogerpon|0 fnt\n|faint|p1a: Koraidon\n|faint|p1b: Ogerpon\n|\n|-weather|SunnyDay|[upkeep]\n|upkeep\n|\n|t:|1746118329\n|switch|p1a: Flutter Mane|Flutter Mane, L50|85/100\n|switch|p1b: Lunala|Lunala, L50, shiny|100/100\n|-activate|p1a: Flutter Mane|ability: Protosynthesis\n|-start|p1a: Flutter Mane|protosynthesisspe\n|turn|4\n|inactive|ExtremeSpeedAddict has 30 seconds left.\n|\n|t:|1746118357\n|move|p1a: Flutter Mane|Protect|p1a: Flutter Mane\n|-singleturn|p1a: Flutter Mane|Protect\n|move|p2a: Koraidon|Protect|p2a: Koraidon\n|-singleturn|p2a: Koraidon|Protect\n|move|p1b: Lunala|Meteor Beam||[still]\n|-prepare|p1b: Lunala|Meteor Beam\n|-boost|p1b: Lunala|spa|1\n|-enditem|p1b: Lunala|Power Herb\n|-anim|p1b: Lunala|Meteor Beam|p2a: Koraidon\n|-activate|p2a: Koraidon|move: Protect\n|move|p2b: Raging Bolt|Thunderbolt|p1a: Flutter Mane\n|-activate|p1a: Flutter Mane|move: Protect\n|\n|-weather|SunnyDay|[upkeep]\n|upkeep\n|turn|5\n|inactive|Jerm626 has 30 seconds left.\n|inactive|ExtremeSpeedAddict has 30 seconds left.\n|\n|t:|1746118387\n|switch|p2a: Calyrex|Calyrex-Ice, L50|100/100\n|-ability|p2a: Calyrex|As One\n|-ability|p2a: Calyrex|Unnerve\n|move|p1a: Flutter Mane|Moonblast|p2b: Raging Bolt\n|-supereffective|p2b: Raging Bolt\n|-damage|p2b: Raging Bolt|42/100\n|move|p1b: Lunala|Moongeist Beam|p2a: Calyrex\n|-supereffective|p2a: Calyrex\n|-damage|p2a: Calyrex|0 fnt\n|faint|p2a: Calyrex\n|move|p2b: Raging Bolt|Electroweb|p1b: Lunala|[spread] p1a,p1b\n|-damage|p1a: Flutter Mane|50/100\n|-damage|p1b: Lunala|89/100\n|-unboost|p1a: Flutter Mane|spe|1\n|-unboost|p1b: Lunala|spe|1\n|\n|-weather|none\n|-end|p1a: Flutter Mane|Protosynthesis\n|-end|p2b: Raging Bolt|Protosynthesis\n|upkeep\n|\n|t:|1746118400\n|switch|p2a: Koraidon|Koraidon, L50, tera:Fire|64/100\n|-weather|SunnyDay|[from] ability: Orichalcum Pulse|[of] p2a: Koraidon\n|-activate|p1a: Flutter Mane|ability: Protosynthesis\n|-start|p1a: Flutter Mane|protosynthesisspa\n|-activate|p2b: Raging Bolt|ability: Protosynthesis\n|-start|p2b: Raging Bolt|protosynthesisspa\n|-activate|p2a: Koraidon|Orichalcum Pulse|[source]\n|turn|6\n|\n|t:|1746118425\n|move|p2b: Raging Bolt|Thunderclap|p1a: Flutter Mane\n|-damage|p1a: Flutter Mane|0 fnt\n|faint|p1a: Flutter Mane\n|-end|p1a: Flutter Mane|Protosynthesis|[silent]\n|move|p2a: Koraidon|Flare Blitz|p1b: Lunala\n|-damage|p1b: Lunala|6/100\n|-status|p1b: Lunala|brn\n|-damage|p2a: Koraidon|29/100|[from] Recoil\n|move|p1b: Lunala|Moongeist Beam|p2a: Koraidon\n|-damage|p2a: Koraidon|0 fnt\n|faint|p2a: Koraidon\n|\n|-weather|SunnyDay|[upkeep]\n|-damage|p1b: Lunala|0 fnt|[from] brn\n|faint|p1b: Lunala\n|\n|win|ExtremeSpeedAddict\n|raw|Jerm626's rating: 1293 &rarr; <strong>1274</strong><br />(-19 for losing)\n|raw|ExtremeSpeedAddict's rating: 1374 &rarr; <strong>1389</strong><br />(+15 for winning)\n", "uploadtime": 1746118438, "views": 10, "formatid": "gen9vgc2025regibo3", "rating": 1274, "private": 0, "password": null}