{"id": "gen9vgc2025regibo3-2354317662", "format": "[Gen 9] VGC 2025 Reg I (Bo3)", "players": ["PizzaSanwitch", "tzarii"], "log": "|j|\u2606PizzaSanwitch\n|j|\u2606tzarii\n|html|<table width=\"100%\"><tr><td align=\"left\">PizzaSanwitch</td><td align=\"right\">tzarii</tr><tr><td align=\"left\"><i class=\"fa fa-circle\"></i> <i class=\"fa fa-circle-o\"></i> </td><td align=\"right\"><i class=\"fa fa-circle-o\"></i> <i class=\"fa fa-circle\"></i> </tr></table>\n|uhtml|bestof|<h2><strong>Game 3</strong> of <a href=\"/game-bestof3-gen9vgc2025regibo3-2354311840\">a best-of-3</a></h2>\n|t:|1746056659\n|gametype|doubles\n|player|p1|PizzaSanwitch|pokemaniac|1125\n|player|p2|tzarii|lady-gen4|1133\n|teamsize|p1|6\n|teamsize|p2|6\n|gen|9\n|tier|[Gen 9] VGC 2025 Reg I (Bo3)\n|rated|\n|rule|Species Clause: Limit one of each Pok\u00e9mon\n|rule|Item Clause: Limit 1 of each item\n|clearpoke\n|poke|p1|Calyrex-Ice, L50|\n|poke|p1|Miraidon, L50|\n|poke|p1|Ogerpon-Hearthflame, L50, F|\n|poke|p1|Grimmsnarl, L50, M|\n|poke|p1|Iron Hands, L50|\n|poke|p1|Landorus, L50, M|\n|poke|p2|Koraidon, L50|\n|poke|p2|Groudon, L50|\n|poke|p2|Flutter Mane, L50|\n|poke|p2|Scovillain, L50, M|\n|poke|p2|Rillaboom, L50, F|\n|poke|p2|Scream Tail, L50|\n|teampreview|4\n|showteam|p1|Calyrex-Ice||ClearAmulet|AsOneGlastrier|GlacialLance,HighHorsepower,TrickRoom,Protect||||||50|,,,,,Water]Miraidon||ChoiceSpecs|HadronEngine|VoltSwitch,DracoMeteor,ElectroDrift,DazzlingGleam||||||50|,,,,,Fairy]Ogerpon-Hearthflame||HearthflameMask|MoldBreaker|IvyCudgel,WoodHammer,FollowMe,SpikyShield|||F|||50|,,,,,Fire]Grimmsnarl||LightClay|Prankster|FoulPlay,LightScreen,Reflect,ScaryFace|||M|||50|,,,,,Ghost]Iron Hands||AssaultVest|QuarkDrive|LowKick,WildCharge,HeavySlam,FakeOut||||||50|,,,,,Bug]Landorus||LifeOrb|SheerForce|EarthPower,SludgeBomb,SandsearStorm,Protect|||M|||50|,,,,,Steel\n|showteam|p2|Koraidon||ClearAmulet|OrichalcumPulse|FlameCharge,CloseCombat,FlareBlitz,Protect||||||50|,,,,,Fire]Groudon||AssaultVest|Drought|PrecipiceBlades,HeatCrash,RockSlide,HighHorsepower||||||50|,,,,,Water]Flutter Mane||FocusSash|Protosynthesis|Moonblast,IcyWind,ShadowBall,Protect||||||50|,,,,,Fairy]Scovillain||CovertCloak|Chlorophyll|Overheat,SpicyExtract,WillOWisp,ScaryFace|||M|||50|,,,,,Fire]Rillaboom||MiracleSeed|GrassySurge|FakeOut,GrassyGlide,WoodHammer,Protect|||F|||50|,,,,,Water]Scream Tail||RedCard|Protosynthesis|StealthRock,Encore,Disable,Protect||||||50|,,,,,Dark\n|inactive|Battle timer is ON: inactive players will automatically lose when time's up. (requested by tzarii)\n|\n|t:|1746056700\n|start\n|switch|p1a: Calyrex|Calyrex-Ice, L50|100/100\n|switch|p1b: Ogerpon|Ogerpon-Hearthflame, L50, F|100/100\n|switch|p2a: Scream Tail|Scream Tail, L50|100/100\n|switch|p2b: Groudon|Groudon, L50|100/100\n|-ability|p1a: Calyrex|As One\n|-ability|p1a: Calyrex|Unnerve\n|-ability|p1b: Ogerpon|Mold Breaker\n|-weather|SunnyDay|[from] ability: Drought|[of] p2b: Groudon\n|-activate|p2a: Scream Tail|ability: Protosynthesis\n|-start|p2a: Scream Tail|protosynthesisspe\n|turn|1\n|inactive|tzarii has 30 seconds left.\n|inactive|tzarii has 20 seconds left.\n|inactive|tzarii has 15 seconds left.\n|\n|t:|1746056744\n|switch|p2b: Scovillain|Scovillain, L50, M|100/100\n|-terastallize|p1a: Calyrex|Water\n|move|p2a: Scream Tail|Stealth Rock|p1b: Ogerpon\n|-sidestart|p1: PizzaSanwitch|move: Stealth Rock\n|move|p1b: Ogerpon|Wood Hammer|p2b: Scovillain\n|-resisted|p2b: Scovillain\n|-damage|p2b: Scovillain|74/100\n|-damage|p1b: Ogerpon|93/100|[from] Recoil\n|move|p1a: Calyrex|Glacial Lance|p2b: Scovillain|[spread] p2a,p2b\n|-damage|p2a: Scream Tail|55/100\n|-damage|p2b: Scovillain|0 fnt\n|faint|p2b: Scovillain\n|-ability|p1a: Calyrex|Chilling Neigh|boost\n|-boost|p1a: Calyrex|atk|1\n|-enditem|p2a: Scream Tail|Red Card|[of] p1a: Calyrex\n|drag|p1a: Miraidon|Miraidon, L50|100/100\n|-damage|p1a: Miraidon|88/100|[from] Stealth Rock\n|-fieldstart|move: Electric Terrain|[from] ability: Hadron Engine|[of] p1a: Miraidon\n|\n|-weather|SunnyDay|[upkeep]\n|upkeep\n|inactive|tzarii has 30 seconds left.\n|inactive|tzarii has 20 seconds left.\n|\n|t:|1746056782\n|switch|p2b: Koraidon|Koraidon, L50|100/100\n|-activate|p2b: Koraidon|ability: Orichalcum Pulse\n|turn|2\n|\n|t:|1746056804\n|move|p2a: Scream Tail|Protect|p2a: Scream Tail\n|-singleturn|p2a: Scream Tail|Protect\n|move|p2b: Koraidon|Protect|p2b: Koraidon\n|-singleturn|p2b: Koraidon|Protect\n|move|p1b: Ogerpon|Follow Me|p1b: Ogerpon\n|-singleturn|p1b: Ogerpon|move: Follow Me\n|move|p1a: Miraidon|Volt Switch|p2b: Koraidon\n|-activate|p2b: Koraidon|move: Protect\n|\n|-weather|SunnyDay|[upkeep]\n|upkeep\n|turn|3\n|inactive|tzarii has 30 seconds left.\n|\n|t:|1746056832\n|-end|p2a: Scream Tail|Protosynthesis|[silent]\n|switch|p2a: Groudon|Groudon, L50|100/100\n|move|p1b: Ogerpon|Follow Me|p1b: Ogerpon\n|-singleturn|p1b: Ogerpon|move: Follow Me\n|move|p2b: Koraidon|Flare Blitz|p1b: Ogerpon\n|-damage|p1b: Ogerpon|22/100\n|-damage|p2b: Koraidon|76/100|[from] Recoil\n|move|p1a: Miraidon|Volt Switch|p2a: Groudon\n|-immune|p2a: Groudon\n|\n|-weather|SunnyDay|[upkeep]\n|upkeep\n|turn|4\n|inactive|tzarii has 30 seconds left.\n|inactive|tzarii has 20 seconds left.\n|inactive|tzarii has 15 seconds left.\n|\n|t:|1746056874\n|move|p2b: Koraidon|Flare Blitz|p1b: Ogerpon\n|-damage|p1b: Ogerpon|0 fnt\n|faint|p1b: Ogerpon\n|-damage|p2b: Koraidon|69/100|[from] Recoil\n|move|p1a: Miraidon|Volt Switch|p2b: Koraidon\n|-resisted|p2b: Koraidon\n|-damage|p2b: Koraidon|20/100\n|\n|t:|1746056882\n|switch|p1a: Landorus|Landorus, L50, M|100/100|[from] Volt Switch\n|-damage|p1a: Landorus|88/100|[from] Stealth Rock\n|move|p2a: Groudon|Precipice Blades|p1a: Landorus\n|-immune|p1a: Landorus\n|\n|-weather|SunnyDay|[upkeep]\n|upkeep\n|\n|t:|1746056890\n|switch|p1b: Calyrex|Calyrex-Ice, L50, tera:Water|100/100\n|-ability|p1b: Calyrex|As One\n|-ability|p1b: Calyrex|Unnerve\n|-damage|p1b: Calyrex|88/100|[from] Stealth Rock\n|turn|5\n|inactive|PizzaSanwitch has 30 seconds left.\n|inactive|tzarii has 30 seconds left.\n|inactive|PizzaSanwitch has 20 seconds left.\n|inactive|tzarii has 20 seconds left.\n|inactive|PizzaSanwitch has 15 seconds left.\n|inactive|PizzaSanwitch has 10 seconds left.\n|\n|t:|1746056935\n|-terastallize|p2a: Groudon|Water\n|move|p1b: Calyrex|Protect|p1b: Calyrex\n|-singleturn|p1b: Calyrex|Protect\n|move|p2b: Koraidon|Close Combat|p1b: Calyrex\n|-activate|p1b: Calyrex|move: Protect\n|move|p1a: Landorus|Earth Power|p2b: Koraidon\n|-damage|p2b: Koraidon|0 fnt\n|faint|p2b: Koraidon\n|move|p2a: Groudon|High Horsepower|p1b: Calyrex\n|-activate|p1b: Calyrex|move: Protect\n|\n|-weather|none\n|-fieldend|move: Electric Terrain\n|upkeep\n|\n|t:|1746056939\n|switch|p2b: Scream Tail|Scream Tail, L50|55/100\n|turn|6\n|inactive|tzarii has 30 seconds left.\n|inactive|tzarii has 20 seconds left.\n|\n|t:|1746056977\n|move|p2b: Scream Tail|Encore|p1b: Calyrex\n|-start|p1b: Calyrex|Encore\n|move|p1a: Landorus|Sludge Bomb|p2b: Scream Tail\n|-supereffective|p2b: Scream Tail\n|-damage|p2b: Scream Tail|0 fnt\n|faint|p2b: Scream Tail\n|-end|p2b: Scream Tail|Protosynthesis|[silent]\n|move|p2a: Groudon|High Horsepower|p1b: Calyrex\n|-damage|p1b: Calyrex|59/100\n|move|p1b: Calyrex|Protect||[still]\n|-fail|p1b: Calyrex\n|\n|upkeep\n|turn|7\n|\n|t:|1746056996\n|move|p1b: Calyrex|Protect|p1b: Calyrex\n|-singleturn|p1b: Calyrex|Protect\n|move|p1a: Landorus|Earth Power|p2a: Groudon\n|-damage|p2a: Groudon|65/100\n|move|p2a: Groudon|High Horsepower|p1a: Landorus\n|-immune|p1a: Landorus\n|\n|upkeep\n|turn|8\n|\n|t:|1746057010\n|move|p1b: Calyrex|Protect||[still]\n|-fail|p1b: Calyrex\n|move|p1a: Landorus|Earth Power|p2a: Groudon\n|-damage|p2a: Groudon|29/100\n|move|p2a: Groudon|High Horsepower|p1b: Calyrex\n|-damage|p1b: Calyrex|29/100\n|\n|-end|p1b: Calyrex|Encore\n|upkeep\n|turn|9\n|\n|t:|1746057020\n|move|p1a: Landorus|Earth Power|p2a: Groudon\n|-damage|p2a: Groudon|0 fnt\n|faint|p2a: Groudon\n|\n|win|PizzaSanwitch\n|raw|PizzaSanwitch's rating: 1125 &rarr; <strong>1151</strong><br />(+26 for winning)\n|raw|tzarii's rating: 1133 &rarr; <strong>1107</strong><br />(-26 for losing)\n|l|\u2606tzarii\n|player|p2|\n", "uploadtime": 1746057056, "views": 7, "formatid": "gen9vgc2025regibo3", "rating": 1107, "private": 0, "password": null}