{"id": "gen9vgc2025regibo3-2353596374", "format": "[Gen 9] VGC 2025 Reg I (Bo3)", "players": ["zozordy", "miraidons the goat"], "log": "|j|\u2606zozordy\n|j|\u2606miraidons the goat\n|html|<table width=\"100%\"><tr><td align=\"left\">zozordy</td><td align=\"right\">miraidons the goat</tr><tr><td align=\"left\"><i class=\"fa fa-circle\"></i> <i class=\"fa fa-circle-o\"></i> </td><td align=\"right\"><i class=\"fa fa-circle-o\"></i> <i class=\"fa fa-circle\"></i> </tr></table>\n|uhtml|bestof|<h2><strong>Game 3</strong> of <a href=\"/game-bestof3-gen9vgc2025regibo3-2353586461\">a best-of-3</a></h2>\n|t:|1745972585\n|gametype|doubles\n|player|p1|zozordy|cyclistf|\n|player|p2|miraidons the goat|lillie-masters|\n|teamsize|p1|6\n|teamsize|p2|6\n|gen|9\n|tier|[Gen 9] VGC 2025 Reg I (Bo3)\n|rule|Species Clause: Limit one of each Pok\u00e9mon\n|rule|Item Clause: Limit 1 of each item\n|clearpoke\n|poke|p1|Calyrex-Shadow, L50|\n|poke|p1|Zamazenta-*, L50|\n|poke|p1|Incineroar, L50, M|\n|poke|p1|Rillaboom, L50, F|\n|poke|p1|Tornadus, L50, M|\n|poke|p1|Urshifu-*, L50, F|\n|poke|p2|Calyrex-Shadow, L50|\n|poke|p2|Koraidon, L50|\n|poke|p2|Chi-Yu, L50|\n|poke|p2|Indeedee-F, L50, F|\n|poke|p2|Whimsicott, L50, F|\n|poke|p2|Ditto, L50|\n|teampreview|4\n|showteam|p1|Calyrex-Shadow||LifeOrb|AsOneSpectrier|AstralBarrage,Psychic,NastyPlot,Protect||||||50|,,,,,Dark]Zamazenta-Crowned||RustedShield|DauntlessShield|BodyPress,WideGuard,behemothbash,Protect||||||50|,,,,,Dragon]Incineroar||RockyHelmet|Intimidate|FakeOut,HelpingHand,KnockOff,PartingShot|||M|||50|,,,,,Ghost]Rillaboom||AssaultVest|GrassySurge|FakeOut,WoodHammer,GrassyGlide,Uturn|||F|||50|,,,,,Fire]Tornadus||CovertCloak|Prankster|BleakwindStorm,Taunt,Tailwind,RainDance|||M|||50|,,,,,Dark]Urshifu-Rapid-Strike||ChoiceScarf|UnseenFist|SurgingStrikes,Uturn,CloseCombat,AquaJet|||F|||50|,,,,,Water\n|showteam|p2|Calyrex-Shadow||ChoiceSpecs|AsOneSpectrier|AstralBarrage,ExpandingForce,PollenPuff,Psyshock||||||50|,,,,,Dark]Koraidon||LifeOrb|OrichalcumPulse|CloseCombat,FlareBlitz,DragonClaw,Protect||||||50|,,,,,Fire]Chi-Yu||ChoiceScarf|BeadsofRuin|Snarl,DarkPulse,HeatWave,Overheat||||||50|,,,,,Fire]Indeedee-F||PsychicSeed|PsychicSurge|FollowMe,TrickRoom,HelpingHand,ShadowBall|||F|||50|,,,,,Steel]Whimsicott||CovertCloak|Prankster|Tailwind,Encore,Moonblast,SunnyDay|||F|||50|,,,,,Dark]Ditto||FocusSash|Imposter|Transform||||||50|,,,,,Ghost\n|\n|t:|1745972624\n|start\n|switch|p1a: Zamazenta|Zamazenta-Crowned, L50|100/100\n|switch|p1b: Tornadus|Tornadus, L50, M|100/100\n|switch|p2a: cott|Whimsicott, L50, F, shiny|100/100\n|switch|p2b: better bike|Koraidon, L50|100/100\n|-weather|SunnyDay|[from] ability: Orichalcum Pulse|[of] p2b: better bike\n|-activate|p2b: better bike|Orichalcum Pulse|[source]\n|-ability|p1a: Zamazenta|Dauntless Shield|boost\n|-boost|p1a: Zamazenta|def|1\n|turn|1\n|\n|t:|1745972767\n|move|p2b: better bike|Protect|p2b: better bike\n|-singleturn|p2b: better bike|Protect\n|move|p1b: Tornadus|Rain Dance|p1b: Tornadus\n|-weather|RainDance\n|move|p2a: cott|Tailwind|p2a: cott\n|-sidestart|p2: miraidons the goat|move: Tailwind\n|move|p1a: Zamazenta|Behemoth Bash|p2a: cott\n|-supereffective|p2a: cott\n|-damage|p2a: cott|0 fnt\n|faint|p2a: cott\n|\n|-weather|RainDance|[upkeep]\n|upkeep\n|\n|t:|1745972780\n|switch|p2a: mental trauma|Calyrex-Shadow, L50|100/100\n|-ability|p2a: mental trauma|As One\n|-ability|p2a: mental trauma|Unnerve\n|turn|2\n|\n|t:|1745972810\n|move|p1a: Zamazenta|Wide Guard|p1a: Zamazenta\n|-singleturn|p1a: Zamazenta|Wide Guard\n|move|p1b: Tornadus|Tailwind|p1b: Tornadus\n|-sidestart|p1: zozordy|move: Tailwind\n|move|p2a: mental trauma|Astral Barrage|p1b: Tornadus|[spread] \n|-activate|p1a: Zamazenta|move: Wide Guard\n|-activate|p1b: Tornadus|move: Wide Guard\n|move|p2b: better bike|Dragon Claw|p1b: Tornadus\n|-damage|p1b: Tornadus|38/100\n|-damage|p2b: better bike|91/100|[from] item: Life Orb\n|\n|-weather|RainDance|[upkeep]\n|upkeep\n|turn|3\n|\n|t:|1745972839\n|move|p2a: mental trauma|Astral Barrage|p1b: Tornadus|[spread] p1a,p1b\n|-damage|p1a: Zamazenta|32/100\n|-damage|p1b: Tornadus|0 fnt\n|faint|p1b: Tornadus\n|-ability|p2a: mental trauma|Grim Neigh|boost\n|-boost|p2a: mental trauma|spa|1\n|move|p2b: better bike|Dragon Claw|p1a: Zamazenta\n|-resisted|p1a: Zamazenta\n|-crit|p1a: Zamazenta\n|-damage|p1a: Zamazenta|5/100\n|-damage|p2b: better bike|81/100|[from] item: Life Orb\n|move|p1a: Zamazenta|Behemoth Bash|p2a: mental trauma\n|-damage|p2a: mental trauma|49/100\n|\n|-weather|RainDance|[upkeep]\n|upkeep\n|\n|t:|1745972864\n|switch|p1b: Calyrex|Calyrex-Shadow, L50|100/100\n|-ability|p1b: Calyrex|As One\n|-ability|p1b: Calyrex|Unnerve\n|turn|4\n|\n|t:|1745972883\n|-terastallize|p2a: mental trauma|Dark\n|move|p1b: Calyrex|Protect|p1b: Calyrex\n|-singleturn|p1b: Calyrex|Protect\n|move|p1a: Zamazenta|Protect|p1a: Zamazenta\n|-singleturn|p1a: Zamazenta|Protect\n|move|p2a: mental trauma|Astral Barrage|p1a: Zamazenta|[spread] \n|-activate|p1a: Zamazenta|move: Protect\n|-activate|p1b: Calyrex|move: Protect\n|move|p2b: better bike|Dragon Claw|p1b: Calyrex\n|-activate|p1b: Calyrex|move: Protect\n|\n|-weather|RainDance|[upkeep]\n|-sideend|p2: miraidons the goat|move: Tailwind\n|upkeep\n|turn|5\n|\n|t:|1745972909\n|switch|p2a: copycat|Ditto, L50, shiny|100/100\n|-transform|p2a: copycat|p1b: Calyrex|[from] ability: Imposter\n|-ability|p2a: copycat|As One\n|-ability|p2a: copycat|Unnerve\n|move|p2b: better bike|Protect|p2b: better bike\n|-singleturn|p2b: better bike|Protect\n|move|p1b: Calyrex|Astral Barrage|p2b: better bike|[spread] p2a\n|-activate|p2b: better bike|move: Protect\n|-supereffective|p2a: copycat\n|-enditem|p2a: copycat|Focus Sash\n|-damage|p2a: copycat|1/100\n|-damage|p1b: Calyrex|91/100|[from] item: Life Orb\n|move|p1a: Zamazenta|Body Press|p2a: copycat\n|-immune|p2a: copycat\n|\n|-weather|none\n|-sideend|p1: zozordy|move: Tailwind\n|upkeep\n|turn|6\n|\n|t:|1745972935\n|move|p2a: copycat|Astral Barrage|p1a: Zamazenta|[spread] p1a,p1b\n|-supereffective|p1b: Calyrex\n|-damage|p1a: Zamazenta|0 fnt\n|-damage|p1b: Calyrex|0 fnt\n|faint|p1a: Zamazenta\n|faint|p1b: Calyrex\n|-ability|p2a: copycat|Grim Neigh|boost\n|-boost|p2a: copycat|spa|2\n|move|p2b: better bike|Flare Blitz|p1: Zamazenta|[notarget]\n|-fail|p2b: better bike\n|\n|upkeep\n|\n|t:|1745972946\n|switch|p1a: Incineroar|Incineroar, L50, M|100/100\n|-ability|p1a: Incineroar|Intimidate|boost\n|-unboost|p2a: copycat|atk|1\n|-unboost|p2b: better bike|atk|1\n|turn|7\n|\n|t:|1745973018\n|move|p2a: copycat|Astral Barrage|p1a: Incineroar\n|-resisted|p1a: Incineroar\n|-damage|p1a: Incineroar|27/100\n|move|p2b: better bike|Close Combat|p1a: Incineroar\n|-supereffective|p1a: Incineroar\n|-damage|p1a: Incineroar|0 fnt\n|-unboost|p2b: better bike|def|1\n|-unboost|p2b: better bike|spd|1\n|-damage|p2b: better bike|64/100|[from] item: Rocky Helmet|[of] p1a: Incineroar\n|faint|p1a: Incineroar\n|-damage|p2b: better bike|55/100|[from] item: Life Orb\n|\n|win|miraidons the goat\n|c|\u2606zozordy|Gg\n|c|\u2606miraidons the goat|gg\n", "uploadtime": 1745973033, "views": 7, "formatid": "gen9vgc2025regibo3", "rating": null, "private": 0, "password": null}