{"id": "gen9vgc2025regibo3-2354259063", "format": "[Gen 9] VGC 2025 Reg I (Bo3)", "players": ["pixelfx", "orophin7"], "log": "|j|\u2606pixelfx\n|j|\u2606orophin7\n|html|<table width=\"100%\"><tr><td align=\"left\">pixelfx</td><td align=\"right\">orophin7</tr><tr><td align=\"left\"><i class=\"fa fa-circle-o\"></i> <i class=\"fa fa-circle-o\"></i> </td><td align=\"right\"><i class=\"fa fa-circle-o\"></i> <i class=\"fa fa-circle-o\"></i> </tr></table>\n|uhtml|bestof|<h2><strong>Game 1</strong> of <a href=\"/game-bestof3-gen9vgc2025regibo3-2354259060\">a best-of-3</a></h2>\n|t:|1746050003\n|gametype|doubles\n|player|p1|pixelfx|shauntal|1064\n|player|p2|orophin7|1|1120\n|teamsize|p1|6\n|teamsize|p2|6\n|gen|9\n|tier|[Gen 9] VGC 2025 Reg I (Bo3)\n|rated|\n|rule|Species Clause: Limit one of each Pok\u00e9mon\n|rule|Item Clause: Limit 1 of each item\n|clearpoke\n|poke|p1|Koraidon, L50|\n|poke|p1|Lunala, L50|\n|poke|p1|Rillaboom, L50, F|\n|poke|p1|Scream Tail, L50|\n|poke|p1|Ogerpon-Cornerstone, L50, F|\n|poke|p1|Chi-Yu, L50|\n|poke|p2|Koraidon, L50|\n|poke|p2|Flutter Mane, L50|\n|poke|p2|Brute Bonnet, L50|\n|poke|p2|Raging Bolt, L50|\n|poke|p2|Incineroar, L50, F|\n|poke|p2|Ho-Oh, L50|\n|teampreview|4\n|showteam|p1|Koraidon||LifeOrb|OrichalcumPulse|CollisionCourse,FlareBlitz,FlameCharge,Protect||||||50|,,,,,Fire]Lunala||Leftovers|ShadowShield|MoongeistBeam,DazzlingGleam,CalmMind,Protect||||||50|,,,,,Fairy]Rillaboom||AssaultVest|GrassySurge|FakeOut,WoodHammer,GrassyGlide,Uturn|||F|||50|,,,,,Water]Scream Tail||MentalHerb|Protosynthesis|ThunderWave,Encore,Disable,Protect||||||50|,,,,,Ghost]Ogerpon-Cornerstone||CornerstoneMask|Sturdy|IvyCudgel,PowerWhip,FollowMe,SpikyShield|||F|||50|,,,,,Rock]Chi-Yu||ChoiceScarf|BeadsofRuin|HeatWave,Overheat,Snarl,DarkPulse||||||50|,,,,,Ghost\n|showteam|p2|Koraidon||LifeOrb|OrichalcumPulse|FlameCharge,CloseCombat,FlareBlitz,Protect||||||50|,,,,,Fire]Flutter Mane||FocusSash|Protosynthesis|Moonblast,ShadowBall,IcyWind,Protect||||||50|,,,,,Normal]Brute Bonnet||CovertCloak|Protosynthesis|Spore,RagePowder,SuckerPunch,SeedBomb||||||50|,,,,,Water]Raging Bolt||AssaultVest|Protosynthesis|Electroweb,DracoMeteor,Thunderclap,VoltSwitch||||||50|,,,,,Electric]Incineroar||SafetyGoggles|Intimidate|KnockOff,FakeOut,PartingShot,Taunt|||F|||50|,,,,,Ghost]Ho-Oh||ClearAmulet|Regenerator|SacredFire,BraveBird,Protect,Tailwind||||||50|,,,,,Grass\n|inactive|Battle timer is ON: inactive players will automatically lose when time's up. (requested by orophin7)\n|inactive|pixelfx has 60 seconds left.\n|inactive|orophin7 has 60 seconds left.\n|inactive|orophin7 has 30 seconds left.\n|inactive|orophin7 has 20 seconds left.\n|inactive|orophin7 has 15 seconds left.\n|inactive|orophin7 has 10 seconds left.\n|inactive|orophin7 has 5 seconds left.\n|\n|t:|1746050094\n|start\n|switch|p1a: Koraidon|Koraidon, L50|100/100\n|switch|p1b: Chi-Yu|Chi-Yu, L50|100/100\n|switch|p2a: Koraidon|Koraidon, L50|100/100\n|switch|p2b: Raging Bolt|Raging Bolt, L50|100/100\n|-ability|p1b: Chi-Yu|Beads of Ruin\n|-weather|SunnyDay|[from] ability: Orichalcum Pulse|[of] p1a: Koraidon\n|-activate|p2b: Raging Bolt|ability: Protosynthesis\n|-start|p2b: Raging Bolt|protosynthesisspa\n|-activate|p1a: Koraidon|Orichalcum Pulse|[source]\n|-activate|p2a: Koraidon|ability: Orichalcum Pulse\n|turn|1\n|inactive|pixelfx has 30 seconds left.\n|inactive|orophin7 has 30 seconds left.\n|inactive|orophin7 has 20 seconds left.\n|inactive|orophin7 has 15 seconds left.\n|inactive|orophin7 has 10 seconds left.\n|inactive|orophin7 has 5 seconds left.\n|\n|t:|1746050145\n|switch|p2a: Incineroar|Incineroar, L50, F, shiny|100/100\n|-ability|p2a: Incineroar|Intimidate|boost\n|-unboost|p1a: Koraidon|atk|1\n|-unboost|p1b: Chi-Yu|atk|1\n|move|p1b: Chi-Yu|Heat Wave|p2b: Raging Bolt|[spread] p2a,p2b\n|-resisted|p2a: Incineroar\n|-resisted|p2b: Raging Bolt\n|-damage|p2a: Incineroar|70/100\n|-damage|p2b: Raging Bolt|79/100\n|move|p1a: Koraidon|Collision Course|p2a: Incineroar\n|-supereffective|p2a: Incineroar\n|-damage|p2a: Incineroar|0 fnt\n|faint|p2a: Incineroar\n|-damage|p1a: Koraidon|91/100|[from] item: Life Orb\n|move|p2b: Raging Bolt|Draco Meteor|p1a: Koraidon|[miss]\n|-miss|p2b: Raging Bolt|p1a: Koraidon\n|\n|-weather|SunnyDay|[upkeep]\n|upkeep\n|\n|t:|1746050164\n|switch|p2a: Koraidon|Koraidon, L50|100/100\n|-activate|p2a: Koraidon|ability: Orichalcum Pulse\n|turn|2\n|\n|t:|1746050181\n|switch|p1a: Scream Tail|Scream Tail, L50|100/100\n|-activate|p1a: Scream Tail|ability: Protosynthesis\n|-start|p1a: Scream Tail|protosynthesisspe\n|move|p1b: Chi-Yu|Heat Wave|p2b: Raging Bolt|[spread] p2a,p2b\n|-resisted|p2a: Koraidon\n|-resisted|p2b: Raging Bolt\n|-damage|p2a: Koraidon|60/100\n|-damage|p2b: Raging Bolt|55/100\n|-status|p2b: Raging Bolt|brn\n|move|p2a: Koraidon|Close Combat|p1b: Chi-Yu\n|-supereffective|p1b: Chi-Yu\n|-crit|p1b: Chi-Yu\n|-damage|p1b: Chi-Yu|0 fnt\n|-unboost|p2a: Koraidon|def|1\n|-unboost|p2a: Koraidon|spd|1\n|faint|p1b: Chi-Yu\n|-damage|p2a: Koraidon|50/100|[from] item: Life Orb\n|move|p2b: Raging Bolt|Draco Meteor|p1a: Scream Tail\n|-immune|p1a: Scream Tail\n|\n|-weather|SunnyDay|[upkeep]\n|-damage|p2b: Raging Bolt|48/100 brn|[from] brn\n|upkeep\n|\n|t:|1746050200\n|switch|p1b: Koraidon|Koraidon, L50|91/100\n|-activate|p1b: Koraidon|ability: Orichalcum Pulse\n|turn|3\n|inactive|orophin7 has 30 seconds left.\n|inactive|orophin7 has 20 seconds left.\n|inactive|orophin7 has 15 seconds left.\n|inactive|orophin7 has 10 seconds left.\n|inactive|orophin7 has 5 seconds left.\n|\n|t:|1746050254\n|move|p1a: Scream Tail|Disable|p2b: Raging Bolt\n|-start|p2b: Raging Bolt|Disable|Draco Meteor\n|move|p2a: Koraidon|Close Combat|p1b: Koraidon\n|-damage|p1b: Koraidon|0 fnt\n|-unboost|p2a: Koraidon|def|1\n|-unboost|p2a: Koraidon|spd|1\n|faint|p1b: Koraidon\n|-damage|p2a: Koraidon|40/100|[from] item: Life Orb\n|move|p2b: Raging Bolt|Volt Switch|p1a: Scream Tail\n|-damage|p1a: Scream Tail|64/100\n|\n|t:|1746050266\n|-end|p2b: Raging Bolt|Protosynthesis|[silent]\n|switch|p2b: Ho-Oh|Ho-Oh, L50, shiny|100/100|[from] Volt Switch\n|\n|-weather|SunnyDay|[upkeep]\n|upkeep\n|\n|t:|1746050267\n|switch|p1b: Ogerpon|Ogerpon-Cornerstone, L50, F|100/100\n|turn|4\n|\n|t:|1746050290\n|-terastallize|p1b: Ogerpon|Rock\n|detailschange|p1b: Ogerpon|Ogerpon-Cornerstone-Tera, L50, F, tera:Rock\n|-ability|p1b: Ogerpon|Embody Aspect (Cornerstone)|boost\n|-boost|p1b: Ogerpon|def|1\n|-terastallize|p2b: Ho-Oh|Grass\n|move|p2a: Koraidon|Protect|p2a: Koraidon\n|-singleturn|p2a: Koraidon|Protect\n|move|p1a: Scream Tail|Thunder Wave|p2a: Koraidon\n|-activate|p2a: Koraidon|move: Protect\n|move|p1b: Ogerpon|Ivy Cudgel|p2a: Koraidon|[anim] Ivy Cudgel Rock\n|-activate|p2a: Koraidon|move: Protect\n|move|p2b: Ho-Oh|Tailwind|p2b: Ho-Oh\n|-sidestart|p2: orophin7|move: Tailwind\n|\n|-weather|SunnyDay|[upkeep]\n|upkeep\n|turn|5\n|inactive|orophin7 has 30 seconds left.\n|inactive|orophin7 has 20 seconds left.\n|inactive|orophin7 has 15 seconds left.\n|inactive|orophin7 has 10 seconds left.\n|inactive|orophin7 has 5 seconds left.\n|\n|t:|1746050344\n|move|p1b: Ogerpon|Spiky Shield|p1b: Ogerpon\n|-singleturn|p1b: Ogerpon|move: Protect\n|move|p2a: Koraidon|Close Combat|p1b: Ogerpon\n|-activate|p1b: Ogerpon|move: Protect\n|-damage|p2a: Koraidon|28/100|[from] Spiky Shield|[of] p1b: Ogerpon\n|move|p1a: Scream Tail|Thunder Wave|p2a: Koraidon\n|-status|p2a: Koraidon|par\n|move|p2b: Ho-Oh|Sacred Fire|p1b: Ogerpon\n|-activate|p1b: Ogerpon|move: Protect\n|\n|-weather|none\n|-end|p1a: Scream Tail|Protosynthesis\n|upkeep\n|turn|6\n|\n|t:|1746050368\n|switch|p2a: Raging Bolt|Raging Bolt, L50|48/100 brn\n|move|p2b: Ho-Oh|Sacred Fire|p1b: Ogerpon\n|-resisted|p1b: Ogerpon\n|-damage|p1b: Ogerpon|73/100\n|move|p1a: Scream Tail|Thunder Wave|p2b: Ho-Oh\n|-status|p2b: Ho-Oh|par\n|move|p1b: Ogerpon|Ivy Cudgel|p2a: Raging Bolt|[anim] Ivy Cudgel Rock\n|-damage|p2a: Raging Bolt|0 fnt\n|faint|p2a: Raging Bolt\n|-end|p2a: Raging Bolt|Protosynthesis|[silent]\n|\n|upkeep\n|\n|t:|1746050379\n|switch|p2a: Koraidon|Koraidon, L50|28/100 par\n|-weather|SunnyDay|[from] ability: Orichalcum Pulse|[of] p2a: Koraidon\n|-activate|p1a: Scream Tail|ability: Protosynthesis\n|-start|p1a: Scream Tail|protosynthesisspe\n|-activate|p2a: Koraidon|Orichalcum Pulse|[source]\n|turn|7\n|\n|t:|1746050399\n|move|p1a: Scream Tail|Disable|p2b: Ho-Oh\n|-start|p2b: Ho-Oh|Disable|Sacred Fire\n|move|p2a: Koraidon|Close Combat|p1b: Ogerpon\n|-supereffective|p1b: Ogerpon\n|-damage|p1b: Ogerpon|0 fnt\n|-unboost|p2a: Koraidon|def|1\n|-unboost|p2a: Koraidon|spd|1\n|faint|p1b: Ogerpon\n|-damage|p2a: Koraidon|18/100 par|[from] item: Life Orb\n|cant|p2b: Ho-Oh|Disable|Sacred Fire\n|\n|-weather|SunnyDay|[upkeep]\n|-sideend|p2: orophin7|move: Tailwind\n|upkeep\n|turn|8\n|-message|pixelfx forfeited.\n|\n|win|orophin7\n||pixelfx is ready for game 2.\n||orophin7 is ready for game 2.\n|uhtml|next|Next: <a href=\"/battle-gen9vgc2025regibo3-2354262814\"><strong>Game 2 of 3</strong></a>\n", "uploadtime": 1746050798, "views": 6, "formatid": "gen9vgc2025regibo3", "rating": null, "private": 0, "password": null}