{"id": "gen9vgc2025regibo3-2354583816", "format": "[Gen 9] VGC 2025 Reg I (Bo3)", "players": ["Bellsproutfanwill", "snakke001"], "log": "|j|\u2606Bellsproutfanwill\n|j|\u2606snakke001\n|html|<table width=\"100%\"><tr><td align=\"left\">Bellsproutfanwill</td><td align=\"right\">snakke001</tr><tr><td align=\"left\"><i class=\"fa fa-circle\"></i> <i class=\"fa fa-circle-o\"></i> </td><td align=\"right\"><i class=\"fa fa-circle-o\"></i> <i class=\"fa fa-circle-o\"></i> </tr></table>\n|uhtml|bestof|<h2><strong>Game 2</strong> of <a href=\"/game-bestof3-gen9vgc2025regibo3-2354582497\">a best-of-3</a></h2>\n|t:|1746098624\n|gametype|doubles\n|player|p1|Bellsproutfanwill|169|1187\n|player|p2|snakke001|hiker-gen4|1217\n|teamsize|p1|6\n|teamsize|p2|6\n|gen|9\n|tier|[Gen 9] VGC 2025 Reg I (Bo3)\n|rated|\n|rule|Species Clause: Limit one of each Pok\u00e9mon\n|rule|Item Clause: Limit 1 of each item\n|clearpoke\n|poke|p1|Calyrex-Ice, L50|\n|poke|p1|Oranguru, L50, M|\n|poke|p1|Iron Hands, L50|\n|poke|p1|Sinistcha-Masterpiece, L50|\n|poke|p1|Annihilape, L50, F|\n|poke|p1|Miraidon, L50|\n|poke|p2|Zamazenta-*, L50|\n|poke|p2|Iron Hands, L50|\n|poke|p2|Volcarona, L50, F|\n|poke|p2|Miraidon, L50|\n|poke|p2|Grimmsnarl, L50, M|\n|poke|p2|Ditto, L50|\n|teampreview|4\n|showteam|p1|Calyrex-Ice||ClearAmulet|AsOneGlastrier|GlacialLance,HighHorsepower,Protect,TrickRoom||||||50|,,,,,Water]Oranguru||MentalHerb|InnerFocus|Instruct,TrickRoom,Encore,TeraBlast|||M|||50|,,,,,Fairy]Iron Hands||SitrusBerry|QuarkDrive|DrainPunch,ThunderPunch,SwordsDance,FakeOut||||||50|,,,,,Grass]Sinistcha-Masterpiece||FocusSash|Hospitality|MatchaGotcha,ShadowBall,RagePowder,TrickRoom||||||50|,,,,,Normal]Annihilape||ChoiceScarf|Defiant|ShadowClaw,FinalGambit,Uturn,Coaching|||F|||50|,,,,,Grass]Miraidon||LifeOrb|HadronEngine|ElectroDrift,DracoMeteor,VoltSwitch,Protect||||||50|,,,,,Electric\n|showteam|p2|Zamazenta-Crowned||RustedShield|DauntlessShield|BodyPress,behemothbash,WideGuard,Protect||||||50|,,,,,Dragon]Iron Hands||AssaultVest|QuarkDrive|DrainPunch,WildCharge,VoltSwitch,FakeOut||||||50|,,,,,Water]Volcarona||SitrusBerry|FlameBody|FieryDance,QuiverDance,GigaDrain,Protect|||F|||50|,,,,,Grass]Miraidon||ChoiceSpecs|HadronEngine|ElectroDrift,DracoMeteor,DazzlingGleam,VoltSwitch||||||50|,,,,,Fairy]Grimmsnarl||LightClay|Prankster|FoulPlay,ThunderWave,LightScreen,Reflect|||M|||50|,,,,,Ghost]Ditto||FocusSash|Imposter|Transform||||||50|,,,,,Normal\n|\n|t:|1746098646\n|start\n|switch|p1a: Annihilape|Annihilape, L50, F|100/100\n|switch|p1b: Calyrex|Calyrex-Ice, L50|100/100\n|switch|p2a: Zamazenta|Zamazenta-Crowned, L50|100/100\n|switch|p2b: Volcarona|Volcarona, L50, F|100/100\n|-ability|p1b: Calyrex|As One\n|-ability|p1b: Calyrex|Unnerve\n|-ability|p2a: Zamazenta|Dauntless Shield|boost\n|-boost|p2a: Zamazenta|def|1\n|turn|1\n|\n|t:|1746098667\n|-terastallize|p1b: Calyrex|Water\n|move|p1a: Annihilape|Coaching|p1b: Calyrex\n|-boost|p1b: Calyrex|atk|1\n|-boost|p1b: Calyrex|def|1\n|move|p2a: Zamazenta|Behemoth Bash|p1b: Calyrex\n|-resisted|p1b: Calyrex\n|-damage|p1b: Calyrex|92/100\n|move|p2b: Volcarona|Quiver Dance|p2b: Volcarona\n|-boost|p2b: Volcarona|spa|1\n|-boost|p2b: Volcarona|spd|1\n|-boost|p2b: Volcarona|spe|1\n|move|p1b: Calyrex|Trick Room|p1b: Calyrex\n|-fieldstart|move: Trick Room|[of] p1b: Calyrex\n|\n|upkeep\n|turn|2\n|inactive|Battle timer is ON: inactive players will automatically lose when time's up. (requested by Bellsproutfanwill)\n|\n|t:|1746098709\n|-terastallize|p2b: Volcarona|Grass\n|move|p2a: Zamazenta|Wide Guard|p2a: Zamazenta\n|-singleturn|p2a: Zamazenta|Wide Guard\n|move|p1b: Calyrex|High Horsepower|p2b: Volcarona\n|-resisted|p2b: Volcarona\n|-damage|p2b: Volcarona|63/100\n|move|p2b: Volcarona|Giga Drain|p1b: Calyrex\n|-supereffective|p1b: Calyrex\n|-damage|p1b: Calyrex|22/100\n|-heal|p2b: Volcarona|100/100|[from] drain|[of] p1b: Calyrex\n|move|p1a: Annihilape|Coaching|p1b: Calyrex\n|-boost|p1b: Calyrex|atk|1\n|-boost|p1b: Calyrex|def|1\n|\n|upkeep\n|turn|3\n|inactive|Bellsproutfanwill has 30 seconds left.\n|\n|t:|1746098734\n|switch|p1a: Iron Hands|Iron Hands, L50|100/100\n|move|p2a: Zamazenta|Wide Guard|p2a: Zamazenta\n|-singleturn|p2a: Zamazenta|Wide Guard\n|move|p1b: Calyrex|High Horsepower|p2a: Zamazenta\n|-supereffective|p2a: Zamazenta\n|-damage|p2a: Zamazenta|29/100\n|move|p2b: Volcarona|Giga Drain|p1b: Calyrex\n|-supereffective|p1b: Calyrex\n|-damage|p1b: Calyrex|0 fnt\n|faint|p1b: Calyrex\n|\n|upkeep\n|\n|t:|1746098748\n|switch|p1b: Annihilape|Annihilape, L50, F|100/100\n|turn|4\n|\n|t:|1746098767\n|move|p2b: Volcarona|Protect|p2b: Volcarona\n|-singleturn|p2b: Volcarona|Protect\n|move|p1a: Iron Hands|Drain Punch|p2a: Zamazenta\n|-supereffective|p2a: Zamazenta\n|-damage|p2a: Zamazenta|0 fnt\n|faint|p2a: Zamazenta\n|move|p1b: Annihilape|Final Gambit|p2b: Volcarona\n|-activate|p2b: Volcarona|move: Protect\n|\n|upkeep\n|\n|t:|1746098779\n|switch|p2a: Iron Hands|Iron Hands, L50|100/100\n|turn|5\n|\n|t:|1746098791\n|move|p1a: Iron Hands|Swords Dance|p1a: Iron Hands\n|-boost|p1a: Iron Hands|atk|2\n|move|p2a: Iron Hands|Wild Charge|p1b: Annihilape\n|-damage|p1b: Annihilape|48/100\n|-damage|p2a: Iron Hands|88/100|[from] Recoil\n|move|p2b: Volcarona|Fiery Dance|p1b: Annihilape\n|-damage|p1b: Annihilape|0 fnt\n|-boost|p2b: Volcarona|spa|1\n|faint|p1b: Annihilape\n|\n|-fieldend|move: Trick Room\n|upkeep\n|\n|t:|1746098805\n|switch|p1b: Miraidon|Miraidon, L50|100/100\n|-fieldstart|move: Electric Terrain|[from] ability: Hadron Engine|[of] p1b: Miraidon\n|-activate|p2a: Iron Hands|ability: Quark Drive\n|-start|p2a: Iron Hands|quarkdriveatk\n|-activate|p1a: Iron Hands|ability: Quark Drive\n|-start|p1a: Iron Hands|quarkdriveatk\n|turn|6\n|\n|t:|1746098829\n|move|p1b: Miraidon|Protect|p1b: Miraidon\n|-singleturn|p1b: Miraidon|Protect\n|move|p2b: Volcarona|Fiery Dance|p1a: Iron Hands\n|-damage|p1a: Iron Hands|37/100\n|-enditem|p1a: Iron Hands|Sitrus Berry|[eat]\n|-heal|p1a: Iron Hands|62/100|[from] item: Sitrus Berry\n|move|p2a: Iron Hands|Volt Switch|p1a: Iron Hands\n|-resisted|p1a: Iron Hands\n|-damage|p1a: Iron Hands|55/100\n|\n|t:|1746098839\n|-end|p2a: Iron Hands|Quark Drive|[silent]\n|switch|p2a: Miraidon|Miraidon, L50|100/100|[from] Volt Switch\n|-activate|p2a: Miraidon|ability: Hadron Engine\n|move|p1a: Iron Hands|Drain Punch|p2b: Volcarona\n|-damage|p2b: Volcarona|0 fnt\n|-heal|p1a: Iron Hands|90/100|[from] drain|[of] p2b: Volcarona\n|faint|p2b: Volcarona\n|\n|upkeep\n|\n|t:|1746098845\n|switch|p2b: Iron Hands|Iron Hands, L50|88/100\n|-activate|p2b: Iron Hands|ability: Quark Drive\n|-start|p2b: Iron Hands|quarkdriveatk\n|turn|7\n|\n|t:|1746098860\n|move|p2b: Iron Hands|Fake Out|p1b: Miraidon\n|-damage|p1b: Miraidon|81/100\n|move|p2a: Miraidon|Dazzling Gleam|p1a: Iron Hands|[spread] p1a,p1b\n|-supereffective|p1a: Iron Hands\n|-supereffective|p1b: Miraidon\n|-damage|p1a: Iron Hands|26/100\n|-damage|p1b: Miraidon|0 fnt\n|faint|p1b: Miraidon\n|move|p1a: Iron Hands|Drain Punch|p2a: Miraidon\n|-damage|p2a: Miraidon|0 fnt\n|-heal|p1a: Iron Hands|60/100|[from] drain|[of] p2a: Miraidon\n|faint|p2a: Miraidon\n|\n|upkeep\n|turn|8\n|\n|t:|1746098874\n|move|p2b: Iron Hands|Drain Punch|p1a: Iron Hands\n|-damage|p1a: Iron Hands|26/100\n|-heal|p2b: Iron Hands|100/100|[from] drain|[of] p1a: Iron Hands\n|move|p1a: Iron Hands|Drain Punch|p2b: Iron Hands\n|-damage|p2b: Iron Hands|26/100\n|-heal|p1a: Iron Hands|61/100|[from] drain|[of] p2b: Iron Hands\n|\n|upkeep\n|turn|9\n|\n|t:|1746098884\n|move|p2b: Iron Hands|Drain Punch|p1a: Iron Hands\n|-damage|p1a: Iron Hands|26/100\n|-heal|p2b: Iron Hands|44/100|[from] drain|[of] p1a: Iron Hands\n|move|p1a: Iron Hands|Drain Punch|p2b: Iron Hands\n|-damage|p2b: Iron Hands|0 fnt\n|-heal|p1a: Iron Hands|47/100|[from] drain|[of] p2b: Iron Hands\n|faint|p2b: Iron Hands\n|-end|p2b: Iron Hands|Quark Drive|[silent]\n|\n|win|Bellsproutfanwill\n|raw|Bellsproutfanwill's rating: 1187 &rarr; <strong>1214</strong><br />(+27 for winning)\n|raw|snakke001's rating: 1217 &rarr; <strong>1190</strong><br />(-27 for losing)\n|l|\u2606Bellsproutfanwill\n|player|p1|\n|l|\u2606snakke001\n|player|p2|\n", "uploadtime": 1746099265, "views": 9, "formatid": "gen9vgc2025regibo3", "rating": 1190, "private": 0, "password": null}