{"id": "gen9vgc2025regibo3-2353443679", "format": "[Gen 9] VGC 2025 Reg I (Bo3)", "players": ["grindrextremist", "bagarreSinge"], "log": "|j|\u2606grindrextremist\n|j|\u2606bagarreSinge\n|html|<table width=\"100%\"><tr><td align=\"left\">grindrextremist</td><td align=\"right\">bagarreSinge</tr><tr><td align=\"left\"><i class=\"fa fa-circle-o\"></i> <i class=\"fa fa-circle-o\"></i> </td><td align=\"right\"><i class=\"fa fa-circle-o\"></i> <i class=\"fa fa-circle\"></i> </tr></table>\n|uhtml|bestof|<h2><strong>Game 2</strong> of <a href=\"/game-bestof3-gen9vgc2025regibo3-2353439070\">a best-of-3</a></h2>\n|t:|1745956453\n|gametype|doubles\n|player|p1|grindrextremist|101|1153\n|player|p2|bagarreSinge|harlequin|1078\n|teamsize|p1|6\n|teamsize|p2|6\n|gen|9\n|tier|[Gen 9] VGC 2025 Reg I (Bo3)\n|rated|\n|rule|Species Clause: Limit one of each Pok\u00e9mon\n|rule|Item Clause: Limit 1 of each item\n|clearpoke\n|poke|p1|Calyrex-Ice, L50|\n|poke|p1|Ursaluna-Bloodmoon, L50, M|\n|poke|p1|Smeargle, L50, M|\n|poke|p1|Lunala, L50|\n|poke|p1|Urshifu-*, L50, M|\n|poke|p1|Indeedee-F, L50, F|\n|poke|p2|Calyrex-Ice, L50|\n|poke|p2|Ogerpon-Cornerstone, L50, F|\n|poke|p2|Landorus, L50, M|\n|poke|p2|Kyogre, L50|\n|poke|p2|Iron Jugulis, L50|\n|poke|p2|Iron Hands, L50|\n|teampreview|4\n|showteam|p1|Calyrex-Ice||ClearAmulet|AsOneGlastrier|GlacialLance,HighHorsepower,Protect,TrickRoom||||||50|,,,,,Fire]Ursaluna-Bloodmoon||LifeOrb|MindsEye|EarthPower,HyperVoice,BloodMoon,Protect|||M|||50|,,,,,Normal]Smeargle||FocusSash|OwnTempo|FollowMe,FakeOut,Decorate,Spore|||M|||50|,,,,,Grass]Lunala||PowerHerb|ShadowShield|TrickRoom,ExpandingForce,MoongeistBeam,MeteorBeam||||||50|,,,,,Grass]Urshifu||ChoiceBand|UnseenFist|WickedBlow,SuckerPunch,CloseCombat,IronHead|||M|||50|,,,,,Grass]Indeedee-F||RockyHelmet|PsychicSurge|Psychic,TrickRoom,FollowMe,HelpingHand|||F|||50|,,,,,Fairy\n|showteam|p2|Calyrex-Ice||ClearAmulet|AsOneGlastrier|GlacialLance,HighHorsepower,TrickRoom,Protect||||||50|,,,,,Grass]Ogerpon-Cornerstone||CornerstoneMask|Sturdy|FollowMe,PowerWhip,IvyCudgel,SpikyShield|||F|||50|,,,,,Rock]Landorus||LifeOrb|SheerForce|EarthPower,SludgeBomb,SandsearStorm,Protect|||M|||50|,,,,,Water]Kyogre||MysticWater|Drizzle|WaterSpout,HydroPump,IceBeam,Protect||||||50|,,,,,Grass]Iron Jugulis||BoosterEnergy|QuarkDrive|Hurricane,Tailwind,Snarl,Protect||||||50|,,,,,Water]Iron Hands||AssaultVest|QuarkDrive|WildCharge,DrainPunch,LowKick,FakeOut||||||50|,,,,,Bug\n|\n|t:|1745956494\n|start\n|switch|p1a: Lunala|Lunala, L50, shiny|100/100\n|switch|p1b: Smeargle|Smeargle, L50, M, shiny|100/100\n|switch|p2a: Iron Jugulis|Iron Jugulis, L50|100/100\n|switch|p2b: Ogerpon|Ogerpon-Cornerstone, L50, F|100/100\n|-enditem|p2a: Iron Jugulis|Booster Energy\n|-activate|p2a: Iron Jugulis|ability: Quark Drive|[fromitem]\n|-start|p2a: Iron Jugulis|quarkdrivespe\n|turn|1\n|\n|t:|1745956520\n|move|p2b: Ogerpon|Spiky Shield|p2b: Ogerpon\n|-singleturn|p2b: Ogerpon|move: Protect\n|move|p1b: Smeargle|Fake Out|p2b: Ogerpon\n|-activate|p2b: Ogerpon|move: Protect\n|-damage|p1b: Smeargle|88/100|[from] Spiky Shield|[of] p2b: Ogerpon\n|move|p2a: Iron Jugulis|Snarl|p1a: Lunala|[spread] p1a,p1b\n|-supereffective|p1a: Lunala\n|-damage|p1a: Lunala|75/100\n|-damage|p1b: Smeargle|57/100\n|-unboost|p1a: Lunala|spa|1\n|-unboost|p1b: Smeargle|spa|1\n|move|p1a: Lunala|Meteor Beam||[still]\n|-prepare|p1a: Lunala|Meteor Beam\n|-boost|p1a: Lunala|spa|1\n|-enditem|p1a: Lunala|Power Herb\n|-anim|p1a: Lunala|Meteor Beam|p2a: Iron Jugulis\n|-supereffective|p2a: Iron Jugulis\n|-damage|p2a: Iron Jugulis|14/100\n|\n|upkeep\n|turn|2\n|\n|t:|1745956555\n|move|p1b: Smeargle|Follow Me|p1b: Smeargle\n|-singleturn|p1b: Smeargle|move: Follow Me\n|move|p2a: Iron Jugulis|Snarl|p1b: Smeargle|[spread] p1a,p1b\n|-supereffective|p1a: Lunala\n|-damage|p1a: Lunala|25/100\n|-damage|p1b: Smeargle|25/100\n|-unboost|p1a: Lunala|spa|1\n|-unboost|p1b: Smeargle|spa|1\n|move|p2b: Ogerpon|Ivy Cudgel|p1b: Smeargle|[anim] Ivy Cudgel Rock\n|-damage|p1b: Smeargle|0 fnt\n|faint|p1b: Smeargle\n|move|p1a: Lunala|Trick Room|p1a: Lunala\n|-fieldstart|move: Trick Room|[of] p1a: Lunala\n|\n|upkeep\n|\n|t:|1745956563\n|switch|p1b: Calyrex|Calyrex-Ice, L50|100/100\n|-ability|p1b: Calyrex|As One\n|-ability|p1b: Calyrex|Unnerve\n|turn|3\n|\n|t:|1745956587\n|switch|p2b: Kyogre|Kyogre, L50|100/100\n|-weather|RainDance|[from] ability: Drizzle|[of] p2b: Kyogre\n|-end|p2a: Iron Jugulis|Quark Drive|[silent]\n|switch|p2a: Calyrex|Calyrex-Ice, L50|100/100\n|-ability|p2a: Calyrex|As One\n|-ability|p2a: Calyrex|Unnerve\n|move|p1b: Calyrex|Glacial Lance|p2a: Calyrex|[spread] p2a,p2b\n|-resisted|p2a: Calyrex\n|-crit|p2a: Calyrex\n|-resisted|p2b: Kyogre\n|-damage|p2a: Calyrex|74/100\n|-damage|p2b: Kyogre|73/100\n|move|p1a: Lunala|Moongeist Beam|p2b: Kyogre\n|-damage|p2b: Kyogre|47/100\n|\n|-weather|RainDance|[upkeep]\n|upkeep\n|turn|4\n|\n|t:|1745956626\n|move|p2a: Calyrex|Protect|p2a: Calyrex\n|-singleturn|p2a: Calyrex|Protect\n|move|p2b: Kyogre|Protect|p2b: Kyogre\n|-singleturn|p2b: Kyogre|Protect\n|move|p1b: Calyrex|Glacial Lance|p2b: Kyogre|[spread] \n|-activate|p2a: Calyrex|move: Protect\n|-activate|p2b: Kyogre|move: Protect\n|move|p1a: Lunala|Moongeist Beam|p2a: Calyrex\n|-activate|p2a: Calyrex|move: Protect\n|\n|-weather|RainDance|[upkeep]\n|upkeep\n|turn|5\n|\n|t:|1745956642\n|move|p1b: Calyrex|Glacial Lance|p2a: Calyrex|[spread] p2a,p2b\n|-resisted|p2a: Calyrex\n|-resisted|p2b: Kyogre\n|-damage|p2a: Calyrex|56/100\n|-damage|p2b: Kyogre|19/100\n|move|p2a: Calyrex|Glacial Lance|p1b: Calyrex|[spread] p1a,p1b\n|-resisted|p1b: Calyrex\n|-damage|p1a: Lunala|0 fnt\n|-damage|p1b: Calyrex|85/100\n|faint|p1a: Lunala\n|-ability|p2a: Calyrex|Chilling Neigh|boost\n|-boost|p2a: Calyrex|atk|1\n|move|p2b: Kyogre|Hydro Pump|p1b: Calyrex\n|-damage|p1b: Calyrex|3/100\n|\n|-weather|RainDance|[upkeep]\n|upkeep\n|\n|t:|1745956653\n|switch|p1a: mijo|Urshifu, L50, M|100/100\n|turn|6\n|\n|t:|1745956677\n|-terastallize|p2a: Calyrex|Grass\n|move|p2b: Kyogre|Protect|p2b: Kyogre\n|-singleturn|p2b: Kyogre|Protect\n|move|p1b: Calyrex|Glacial Lance|p2a: Calyrex|[spread] p2a\n|-activate|p2b: Kyogre|move: Protect\n|-supereffective|p2a: Calyrex\n|-damage|p2a: Calyrex|0 fnt\n|faint|p2a: Calyrex\n|-ability|p1b: Calyrex|Chilling Neigh|boost\n|-boost|p1b: Calyrex|atk|1\n|move|p1a: mijo|Wicked Blow|p2b: Kyogre\n|-crit|p2b: Kyogre\n|-damage|p2b: Kyogre|0 fnt\n|faint|p2b: Kyogre\n|\n|-weather|RainDance|[upkeep]\n|-fieldend|move: Trick Room\n|upkeep\n|\n|t:|1745956685\n|switch|p2b: Iron Jugulis|Iron Jugulis, L50|14/100\n|switch|p2a: Ogerpon|Ogerpon-Cornerstone, L50, F|100/100\n|turn|7\n|\n|t:|1745956717\n|move|p1b: Calyrex|Protect|p1b: Calyrex\n|-singleturn|p1b: Calyrex|Protect\n|move|p2a: Ogerpon|Power Whip|p1b: Calyrex\n|-activate|p1b: Calyrex|move: Protect\n|move|p2b: Iron Jugulis|Hurricane|p1a: mijo\n|-supereffective|p1a: mijo\n|-damage|p1a: mijo|0 fnt\n|faint|p1a: mijo\n|\n|-weather|none\n|upkeep\n|turn|8\n|-message|grindrextremist forfeited.\n|\n|win|bagarreSinge\n|raw|grindrextremist's rating: 1153 &rarr; <strong>1123</strong><br />(-30 for losing)\n|raw|bagarreSinge's rating: 1078 &rarr; <strong>1112</strong><br />(+34 for winning)\n|l|\u2606grindrextremist\n|player|p1|\n|j|\u2606grindrextremist\n|player|p1|grindrextremist|101|\n", "uploadtime": 1745956737, "views": 23, "formatid": "gen9vgc2025regibo3", "rating": 1112, "private": 0, "password": null}