{"id": "gen9vgc2025regibo3-2353707672", "format": "[Gen 9] VGC 2025 Reg I (Bo3)", "players": ["atomia", "Ultima Kamari"], "log": "|j|\u2606atomia\n|j|\u2606Ultima Kamari\n|html|<table width=\"100%\"><tr><td align=\"left\">atomia</td><td align=\"right\">Ultima Kamari</tr><tr><td align=\"left\"><i class=\"fa fa-circle\"></i> <i class=\"fa fa-circle-o\"></i> </td><td align=\"right\"><i class=\"fa fa-circle-o\"></i> <i class=\"fa fa-circle-o\"></i> </tr></table>\n|uhtml|bestof|<h2><strong>Game 2</strong> of <a href=\"/game-bestof3-gen9vgc2025regibo3-2353705746\">a best-of-3</a></h2>\n|t:|1745986502\n|gametype|doubles\n|player|p1|atomia|marley|1030\n|player|p2|Ultima Kamari|psychic-lgpe|1016\n|teamsize|p1|6\n|teamsize|p2|6\n|gen|9\n|tier|[Gen 9] VGC 2025 Reg I (Bo3)\n|rated|\n|rule|Species Clause: Limit one of each Pok\u00e9mon\n|rule|Item Clause: Limit 1 of each item\n|clearpoke\n|poke|p1|Dialga-Origin, L50|\n|poke|p1|Ursaluna, L50, F|\n|poke|p1|Miraidon, L50|\n|poke|p1|Farigiraf, L50, M|\n|poke|p1|Urshifu-*, L50, M|\n|poke|p1|Tornadus, L50, M|\n|poke|p2|Kyurem-White, L50|\n|poke|p2|Koraidon, L50|\n|poke|p2|Iron Hands, L50|\n|poke|p2|Chien-Pao, L50|\n|poke|p2|Tornadus, L50, M|\n|poke|p2|Gothitelle, L50, M|\n|teampreview|4\n|showteam|p1|Dialga-Origin||AdamantCrystal|Telepathy|FlashCannon,DragonPulse,TrickRoom,Protect||||||50|,,,,,Dragon]Ursaluna||FlameOrb|Guts|Facade,HeadlongRush,Earthquake,Protect|||F|||50|,,,,,Fairy]Miraidon||ChoiceSpecs|HadronEngine|ElectroDrift,DracoMeteor,Discharge,VoltSwitch||||||50|,,,,,Fairy]Farigiraf||ElectricSeed|ArmorTail|FoulPlay,HelpingHand,TrickRoom,Protect|||M|||50|,,,,,Flying]Urshifu-Rapid-Strike||ChoiceScarf|UnseenFist|CloseCombat,Uturn,SurgingStrikes,IceSpinner|||M|||50|,,,,,Stellar]Tornadus||CovertCloak|Prankster|BleakwindStorm,Taunt,Tailwind,RainDance|||M|||50|,,,,,Dark\n|showteam|p2|Kyurem-White||ChoiceSpecs|Turboblaze|Blizzard,FreezeDry,EarthPower,DracoMeteor||||||50|,,,,,Ice]Koraidon||LifeOrb|OrichalcumPulse|Protect,Uturn,CloseCombat,FlareBlitz||||||50|,,,,,Fire]Iron Hands||AssaultVest|QuarkDrive|WildCharge,FakeOut,VoltSwitch,DrainPunch||||||50|,,,,,Flying]Chien-Pao||FocusSash|SwordofRuin|IceShard,SacredSword,Protect,Crunch||||||50|,,,,,Ghost]Tornadus||CovertCloak|Prankster|Snowscape,BleakwindStorm,Taunt,Tailwind|||M|||50|,,,,,Dark]Gothitelle||Leftovers|ShadowTag|FakeOut,Protect,TrickRoom,Psychic|||M|||50|,,,,,Dark\n|\n|t:|1745986527\n|start\n|switch|p1a: the weatherman|Tornadus, L50, M|100/100\n|switch|p1b: build a bear|Urshifu-Rapid-Strike, L50, M|100/100\n|switch|p2a: Koraidon|Koraidon, L50|100/100\n|switch|p2b: Tornadus|Tornadus, L50, M|100/100\n|-weather|SunnyDay|[from] ability: Orichalcum Pulse|[of] p2a: Koraidon\n|-activate|p2a: Koraidon|Orichalcum Pulse|[source]\n|turn|1\n|inactive|Battle timer is ON: inactive players will automatically lose when time's up. (requested by Ultima Kamari)\n|\n|t:|1745986605\n|-terastallize|p1a: the weatherman|Dark\n|move|p2b: Tornadus|Tailwind|p2b: Tornadus\n|-sidestart|p2: Ultima Kamari|move: Tailwind\n|move|p1a: the weatherman|Rain Dance|p1a: the weatherman\n|-weather|RainDance\n|move|p2a: Koraidon|U-turn|p1a: the weatherman\n|-supereffective|p1a: the weatherman\n|-damage|p1a: the weatherman|28/100\n|-damage|p2a: Koraidon|91/100|[from] item: Life Orb\n|\n|t:|1745986615\n|switch|p2a: Gothitelle|Gothitelle, L50, M|100/100|[from] U-turn\n|move|p1b: build a bear|Surging Strikes|p2b: Tornadus\n|-crit|p2b: Tornadus\n|-damage|p2b: Tornadus|47/100\n|-crit|p2b: Tornadus\n|-damage|p2b: Tornadus|0 fnt\n|faint|p2b: Tornadus\n|-hitcount|p2: Tornadus|2\n|\n|-weather|RainDance|[upkeep]\n|upkeep\n|\n|t:|1745986622\n|switch|p2b: Koraidon|Koraidon, L50|91/100\n|-weather|SunnyDay|[from] ability: Orichalcum Pulse|[of] p2b: Koraidon\n|-activate|p2b: Koraidon|Orichalcum Pulse|[source]\n|turn|2\n|\n|t:|1745986637\n|move|p1a: the weatherman|Rain Dance|p1a: the weatherman\n|-weather|RainDance\n|move|p2b: Koraidon|U-turn|p1a: the weatherman\n|-supereffective|p1a: the weatherman\n|-damage|p1a: the weatherman|0 fnt\n|faint|p1a: the weatherman\n|-damage|p2b: Koraidon|81/100|[from] item: Life Orb\n|\n|t:|1745986643\n|switch|p2b: Kyurem|Kyurem-White, L50|100/100|[from] U-turn\n|-ability|p2b: Kyurem|Turboblaze\n|move|p1b: build a bear|Surging Strikes|p2b: Kyurem\n|-resisted|p2b: Kyurem\n|-crit|p2b: Kyurem\n|-damage|p2b: Kyurem|86/100\n|-resisted|p2b: Kyurem\n|-crit|p2b: Kyurem\n|-damage|p2b: Kyurem|71/100\n|-resisted|p2b: Kyurem\n|-crit|p2b: Kyurem\n|-damage|p2b: Kyurem|54/100\n|-hitcount|p2b: Kyurem|3\n|move|p2a: Gothitelle|Psychic|p1b: build a bear\n|-supereffective|p1b: build a bear\n|-damage|p1b: build a bear|0 fnt\n|faint|p1b: build a bear\n|\n|-weather|RainDance|[upkeep]\n|upkeep\n|\n|t:|1745986659\n|switch|p1a: Miraidon|Miraidon, L50|100/100\n|switch|p1b: two giraffes|Farigiraf, L50, M, shiny|100/100\n|-fieldstart|move: Electric Terrain|[from] ability: Hadron Engine|[of] p1a: Miraidon\n|-enditem|p1b: two giraffes|Electric Seed\n|-boost|p1b: two giraffes|def|1|[from] item: Electric Seed\n|turn|3\n|inactive|atomia has 30 seconds left.\n|inactive|atomia has 20 seconds left.\n|inactive|atomia has 15 seconds left.\n|inactive|atomia has 10 seconds left.\n|inactive|atomia has 5 seconds left.\n|\n|t:|1745986714\n|-terastallize|p2b: Kyurem|Ice\n|move|p2b: Kyurem|Freeze-Dry|p1a: Miraidon\n|-supereffective|p1a: Miraidon\n|-damage|p1a: Miraidon|0 fnt\n|faint|p1a: Miraidon\n|move|p2a: Gothitelle|Psychic|p1b: two giraffes\n|-resisted|p1b: two giraffes\n|-damage|p1b: two giraffes|87/100\n|move|p1b: two giraffes|Foul Play|p2a: Gothitelle\n|-supereffective|p2a: Gothitelle\n|-damage|p2a: Gothitelle|75/100\n|\n|-weather|RainDance|[upkeep]\n|-heal|p2a: Gothitelle|81/100|[from] item: Leftovers\n|upkeep\n|turn|4\n|\n|t:|1745986729\n|switch|p2a: Koraidon|Koraidon, L50|81/100\n|-weather|SunnyDay|[from] ability: Orichalcum Pulse|[of] p2a: Koraidon\n|-activate|p2a: Koraidon|Orichalcum Pulse|[source]\n|move|p2b: Kyurem|Freeze-Dry|p1b: two giraffes\n|-damage|p1b: two giraffes|12/100\n|move|p1b: two giraffes|Trick Room|p1b: two giraffes\n|-fieldstart|move: Trick Room|[of] p1b: two giraffes\n|\n|-weather|SunnyDay|[upkeep]\n|-sideend|p2: Ultima Kamari|move: Tailwind\n|upkeep\n|turn|5\n|\n|t:|1745986740\n|move|p1b: two giraffes|Foul Play|p2a: Koraidon\n|-resisted|p2a: Koraidon\n|-damage|p2a: Koraidon|67/100\n|move|p2b: Kyurem|Freeze-Dry|p1b: two giraffes\n|-damage|p1b: two giraffes|0 fnt\n|faint|p1b: two giraffes\n|\n|win|Ultima Kamari\n||Ultima Kamari is ready for game 3.\n||atomia is ready for game 3.\n|uhtml|next|Next: <a href=\"/battle-gen9vgc2025regibo3-2353709319\"><strong>Game 3 of 3</strong></a>\n|l|\u2606Ultima Kamari\n|player|p2|\n", "uploadtime": 1745987140, "views": 6, "formatid": "gen9vgc2025regibo3", "rating": null, "private": 0, "password": null}