{"id": "gen9vgc2025regibo3-2354309712", "format": "[Gen 9] VGC 2025 Reg I (Bo3)", "players": ["juacox300", "atrixmj"], "log": "|j|\u2606juacox300\n|j|\u2606atrixmj\n|html|<table width=\"100%\"><tr><td align=\"left\">juacox300</td><td align=\"right\">atrixmj</tr><tr><td align=\"left\"><i class=\"fa fa-circle-o\"></i> <i class=\"fa fa-circle-o\"></i> </td><td align=\"right\"><i class=\"fa fa-circle-o\"></i> <i class=\"fa fa-circle-o\"></i> </tr></table>\n|uhtml|bestof|<h2><strong>Game 1</strong> of <a href=\"/game-bestof3-gen9vgc2025regibo3-2354309711\">a best-of-3</a></h2>\n|t:|1746055734\n|gametype|doubles\n|player|p1|juacox300|unknown|1356\n|player|p2|atrixmj|265|1390\n|teamsize|p1|6\n|teamsize|p2|6\n|gen|9\n|tier|[Gen 9] VGC 2025 Reg I (Bo3)\n|rated|\n|rule|Species Clause: Limit one of each Pok\u00e9mon\n|rule|Item Clause: Limit 1 of each item\n|clearpoke\n|poke|p1|Miraidon, L50|\n|poke|p1|Iron Hands, L50|\n|poke|p1|Calyrex-Ice, L50|\n|poke|p1|Incineroar, L50, M|\n|poke|p1|Chi-Yu, L50|\n|poke|p1|Alcremie-Salted-Cream, L50, F|\n|poke|p2|Lunala, L50|\n|poke|p2|Koraidon, L50|\n|poke|p2|Chi-Yu, L50|\n|poke|p2|Ursaluna, L50, M|\n|poke|p2|Flutter Mane, L50|\n|poke|p2|Indeedee-F, L50, F|\n|teampreview|4\n|showteam|p1|Miraidon||LifeOrb|HadronEngine|ElectroDrift,DracoMeteor,Protect,DazzlingGleam||||||50|,,,,,Fairy]Iron Hands||AssaultVest|QuarkDrive|WildCharge,LowKick,FakeOut,HeavySlam||||||50|,,,,,Fire]Calyrex-Ice||ClearAmulet|AsOneGlastrier|GlacialLance,HighHorsepower,Protect,TrickRoom||||||50|,,,,,Dragon]Incineroar||RockyHelmet|Intimidate|KnockOff,FlareBlitz,FakeOut,Taunt|||M|||50|,,,,,Poison]Chi-Yu||ChoiceScarf|BeadsofRuin|HeatWave,Snarl,Overheat,DarkPulse||||||50|,,,,,Ghost]Alcremie-Salted-Cream||CovertCloak|AromaVeil|AlluringVoice,Decorate,Protect,Encore|||F|||50|,,,,,Grass\n|showteam|p2|Lunala||SafetyGoggles|ShadowShield|MoongeistBeam,ExpandingForce,WideGuard,TrickRoom||||||50|,,,,,Water]Koraidon||LifeOrb|OrichalcumPulse|CloseCombat,FlareBlitz,FlameCharge,Protect||||||50|,,,,,Fire]Chi-Yu||ChoiceScarf|BeadsofRuin|HeatWave,Flamethrower,DarkPulse,Snarl||||||50|,,,,,Fire]Ursaluna||FlameOrb|Guts|Facade,HeadlongRush,Earthquake,Protect|||M|||50|,,,,,Ghost]Flutter Mane||FocusSash|Protosynthesis|Moonblast,IcyWind,Taunt,Protect||||||50|,,,,,Fairy]Indeedee-F||RockyHelmet|PsychicSurge|Psychic,FollowMe,HelpingHand,TrickRoom|||F|||50|,,,,,Water\n|inactive|Battle timer is ON: inactive players will automatically lose when time's up. (requested by atrixmj)\n|inactive|juacox300 has 60 seconds left.\n|inactive|atrixmj has 60 seconds left.\n|\n|t:|1746055785\n|start\n|switch|p1a: FerroNalgada|Iron Hands, L50|100/100\n|switch|p1b: Chi-Yu|Chi-Yu, L50|100/100\n|switch|p2a: CANTSTANDIT|Flutter Mane, L50|100/100\n|switch|p2b: ULTRA TRAILER|Koraidon, L50|100/100\n|-ability|p1b: Chi-Yu|Beads of Ruin\n|-weather|SunnyDay|[from] ability: Orichalcum Pulse|[of] p2b: ULTRA TRAILER\n|-activate|p2a: CANTSTANDIT|ability: Protosynthesis\n|-start|p2a: CANTSTANDIT|protosynthesisspe\n|-activate|p2b: ULTRA TRAILER|Orichalcum Pulse|[source]\n|turn|1\n|inactive|juacox300 has 30 seconds left.\n|\n|t:|1746055812\n|switch|p1b: Miraidon|Miraidon, L50|100/100\n|-fieldstart|move: Electric Terrain|[from] ability: Hadron Engine|[of] p1b: Miraidon\n|-activate|p1a: FerroNalgada|ability: Quark Drive\n|-start|p1a: FerroNalgada|quarkdriveatk\n|-terastallize|p1a: FerroNalgada|Fire\n|move|p2a: CANTSTANDIT|Protect|p2a: CANTSTANDIT\n|-singleturn|p2a: CANTSTANDIT|Protect\n|move|p2b: ULTRA TRAILER|Protect|p2b: ULTRA TRAILER\n|-singleturn|p2b: ULTRA TRAILER|Protect\n|move|p1a: FerroNalgada|Heavy Slam|p2a: CANTSTANDIT\n|-activate|p2a: CANTSTANDIT|move: Protect\n|\n|-weather|SunnyDay|[upkeep]\n|upkeep\n|turn|2\n|\n|t:|1746055826\n|-terastallize|p2b: ULTRA TRAILER|Fire\n|move|p1b: Miraidon|Protect|p1b: Miraidon\n|-singleturn|p1b: Miraidon|Protect\n|move|p2a: CANTSTANDIT|Moonblast|p1b: Miraidon\n|-activate|p1b: Miraidon|move: Protect\n|move|p2b: ULTRA TRAILER|Flare Blitz|p1b: Miraidon\n|-activate|p1b: Miraidon|move: Protect\n|move|p1a: FerroNalgada|Low Kick|p2b: ULTRA TRAILER\n|-damage|p2b: ULTRA TRAILER|25/100\n|\n|-weather|SunnyDay|[upkeep]\n|upkeep\n|turn|3\n|\n|t:|1746055841\n|switch|p1b: Calyrex|Calyrex-Ice, L50|100/100\n|-ability|p1b: Calyrex|As One\n|-ability|p1b: Calyrex|Unnerve\n|move|p2a: CANTSTANDIT|Moonblast|p1b: Calyrex\n|-damage|p1b: Calyrex|65/100\n|move|p2b: ULTRA TRAILER|Flare Blitz|p1b: Calyrex\n|-supereffective|p1b: Calyrex\n|-damage|p1b: Calyrex|0 fnt\n|faint|p1b: Calyrex\n|-damage|p2b: ULTRA TRAILER|0 fnt|[from] Recoil\n|faint|p2b: ULTRA TRAILER\n|move|p1a: FerroNalgada|Low Kick|p2a: CANTSTANDIT\n|-immune|p2a: CANTSTANDIT\n|\n|-weather|SunnyDay|[upkeep]\n|upkeep\n|\n|t:|1746055855\n|switch|p2b: M. LOVE|Lunala, L50, shiny|100/100\n|switch|p1b: Miraidon|Miraidon, L50|100/100\n|-activate|p1b: Miraidon|ability: Hadron Engine\n|turn|4\n|\n|t:|1746055880\n|-end|p2a: CANTSTANDIT|Protosynthesis|[silent]\n|switch|p2a: TETOTETOTETO|Indeedee-F, L50, F|100/100\n|-fieldstart|move: Psychic Terrain|[from] ability: Psychic Surge|[of] p2a: TETOTETOTETO\n|-end|p1a: FerroNalgada|Quark Drive\n|move|p1b: Miraidon|Protect|p1b: Miraidon\n|-singleturn|p1b: Miraidon|Protect\n|move|p2b: M. LOVE|Expanding Force|p1b: Miraidon|[spread] p1a\n|-activate|p1b: Miraidon|move: Protect\n|-damage|p1a: FerroNalgada|60/100\n|move|p1a: FerroNalgada|Heavy Slam|p2a: TETOTETOTETO\n|-damage|p2a: TETOTETOTETO|58/100\n|-damage|p1a: FerroNalgada|44/100|[from] item: Rocky Helmet|[of] p2a: TETOTETOTETO\n|\n|-weather|SunnyDay|[upkeep]\n|upkeep\n|turn|5\n|\n|t:|1746055893\n|-end|p1a: FerroNalgada|Quark Drive|[silent]\n|switch|p1a: Chi-Yu|Chi-Yu, L50|100/100\n|-ability|p1a: Chi-Yu|Beads of Ruin\n|move|p2a: TETOTETOTETO|Helping Hand|p2b: M. LOVE\n|-singleturn|p2b: M. LOVE|Helping Hand|[of] p2a: TETOTETOTETO\n|move|p1b: Miraidon|Electro Drift|p2a: TETOTETOTETO\n|-damage|p2a: TETOTETOTETO|0 fnt\n|-damage|p1b: Miraidon|84/100|[from] item: Rocky Helmet|[of] p2a: TETOTETOTETO\n|faint|p2a: TETOTETOTETO\n|-damage|p1b: Miraidon|74/100|[from] item: Life Orb\n|move|p2b: M. LOVE|Expanding Force|p1a: Chi-Yu|[spread] p1b\n|-immune|p1a: Chi-Yu\n|-damage|p1b: Miraidon|0 fnt\n|faint|p1b: Miraidon\n|\n|-weather|none\n|upkeep\n|\n|t:|1746055899\n|switch|p1b: FerroNalgada|Iron Hands, L50, tera:Fire|44/100\n|switch|p2a: CANTSTANDIT|Flutter Mane, L50|100/100\n|turn|6\n|\n|t:|1746055910\n|move|p1a: Chi-Yu|Snarl|p2a: CANTSTANDIT|[spread] p2a,p2b\n|-supereffective|p2b: M. LOVE\n|-damage|p2a: CANTSTANDIT|65/100\n|-damage|p2b: M. LOVE|52/100\n|-unboost|p2a: CANTSTANDIT|spa|1\n|-unboost|p2b: M. LOVE|spa|1\n|move|p2a: CANTSTANDIT|Moonblast|p1a: Chi-Yu\n|-damage|p1a: Chi-Yu|60/100\n|move|p2b: M. LOVE|Expanding Force|p1a: Chi-Yu|[spread] p1b\n|-immune|p1a: Chi-Yu\n|-damage|p1b: FerroNalgada|14/100\n|move|p1b: FerroNalgada|Heavy Slam|p2a: CANTSTANDIT\n|-supereffective|p2a: CANTSTANDIT\n|-damage|p2a: CANTSTANDIT|0 fnt\n|faint|p2a: CANTSTANDIT\n|-end|p2a: CANTSTANDIT|Protosynthesis|[silent]\n|\n|upkeep\n|turn|7\n|-message|atrixmj forfeited.\n|\n|win|juacox300\n|l|\u2606atrixmj\n|player|p2|\n||atrixmj is ready for game 2.\n||juacox300 is ready for game 2.\n|uhtml|next|Next: <a href=\"/battle-gen9vgc2025regibo3-2354311374\"><strong>Game 2 of 3</strong></a>\n", "uploadtime": 1746055925, "views": 22, "formatid": "gen9vgc2025regibo3", "rating": null, "private": 0, "password": null}