{"id": "gen9vgc2025regibo3-2353995299", "format": "[Gen 9] VGC 2025 Reg I (Bo3)", "players": ["DrXJ13", "redrog1"], "log": "|j|\u2606DrXJ13\n|j|\u2606redrog1\n|html|<table width=\"100%\"><tr><td align=\"left\">DrXJ13</td><td align=\"right\">redrog1</tr><tr><td align=\"left\"><i class=\"fa fa-circle-o\"></i> <i class=\"fa fa-circle-o\"></i> </td><td align=\"right\"><i class=\"fa fa-circle-o\"></i> <i class=\"fa fa-circle-o\"></i> </tr></table>\n|uhtml|bestof|<h2><strong>Game 1</strong> of <a href=\"/game-bestof3-gen9vgc2025regibo3-2353995298\">a best-of-3</a></h2>\n|t:|1746025912\n|gametype|doubles\n|player|p1|DrXJ13|clair|1056\n|player|p2|redrog1|102|1025\n|teamsize|p1|6\n|teamsize|p2|6\n|gen|9\n|tier|[Gen 9] VGC 2025 Reg I (Bo3)\n|rated|\n|rule|Species Clause: Limit one of each Pok\u00e9mon\n|rule|Item Clause: Limit 1 of each item\n|clearpoke\n|poke|p1|Koraidon, L50|\n|poke|p1|Jumpluff, L50, M|\n|poke|p1|Porygon2, L50|\n|poke|p1|Ursaluna, L50, M|\n|poke|p1|Palkia, L50|\n|poke|p1|Incineroar, L50, F|\n|poke|p2|Pawmot, L50, M|\n|poke|p2|Calyrex-Ice, L50|\n|poke|p2|Miraidon, L50|\n|poke|p2|Incineroar, L50, F|\n|poke|p2|Whimsicott, L50, F|\n|poke|p2|Gastrodon-East, L50, M|\n|teampreview|4\n|showteam|p1|Koraidon||LifeOrb|OrichalcumPulse|FlameCharge,FlareBlitz,CloseCombat,Protect||||||50|,,,,,Fire]Jumpluff||CovertCloak|Chlorophyll|Tailwind,SleepPowder,SunnyDay,RagePowder|||M|||50|,,,,,Dark]Porygon2||Eviolite|Download|IceBeam,TeraBlast,TrickRoom,Recover||||||50|,,,,,Poison]Ursaluna||FlameOrb|Guts|Facade,HeadlongRush,Earthquake,Protect|||M|||50|,,,,,Ghost]Palkia||LustrousOrb|Telepathy|SpacialRend,Flamethrower,TrickRoom,Protect||||||50|,,,,,Fire]Incineroar||SafetyGoggles|Intimidate|FakeOut,FlareBlitz,KnockOff,PartingShot|||F|||50|,,,,,Ghost\n|showteam|p2|Pawmot||FocusSash|VoltAbsorb|FakeOut,CloseCombat,Electroweb,Nuzzle|||M|||50|,,,,,Water]Calyrex-Ice||ClearAmulet|AsOneGlastrier|GlacialLance,Protect,HighHorsepower,TrickRoom||||||50|,,,,,Ground]Miraidon||ChoiceSpecs|HadronEngine|ElectroDrift,DazzlingGleam,Overheat,VoltSwitch||||||50|,,,,,Fairy]Incineroar||RockyHelmet|Intimidate|Snarl,FlareBlitz,FakeOut,PartingShot|||F|||50|,,,,,Grass]Whimsicott||CovertCloak|Prankster|Tailwind,Taunt,DazzlingGleam,LightScreen|||F|||50|,,,,,Dark]Gastrodon-East||Leftovers|StormDrain|MuddyWater,Protect,ClearSmog,HelpingHand|||M|||50|,,,,,Grass\n|inactive|Battle timer is ON: inactive players will automatically lose when time's up. (requested by DrXJ13)\n|inactive|DrXJ13 has 60 seconds left.\n|inactive|redrog1 has 60 seconds left.\n|\n|t:|1746025948\n|start\n|switch|p1a: Mayonesa|Porygon2, L50|100/100\n|switch|p1b: Chorizo|Incineroar, L50, F|100/100\n|switch|p2a: Gastrodon|Gastrodon-East, L50, M|100/100\n|switch|p2b: Incineroar|Incineroar, L50, F|100/100\n|-ability|p1b: Chorizo|Intimidate|boost\n|-unboost|p2a: Gastrodon|atk|1\n|-unboost|p2b: Incineroar|atk|1\n|-ability|p2b: Incineroar|Intimidate|boost\n|-unboost|p1a: Mayonesa|atk|1\n|-unboost|p1b: Chorizo|atk|1\n|-ability|p1a: Mayonesa|Download|boost\n|-boost|p1a: Mayonesa|atk|1\n|turn|1\n|inactive|redrog1 has 30 seconds left.\n|inactive|DrXJ13 has 30 seconds left.\n|\n|t:|1746025986\n|move|p2a: Gastrodon|Protect|p2a: Gastrodon\n|-singleturn|p2a: Gastrodon|Protect\n|move|p1b: Chorizo|Parting Shot|p2a: Gastrodon\n|-activate|p2a: Gastrodon|move: Protect\n|move|p2b: Incineroar|Snarl|p1a: Mayonesa|[spread] p1a,p1b\n|-resisted|p1b: Chorizo\n|-damage|p1a: Mayonesa|93/100\n|-damage|p1b: Chorizo|96/100\n|-unboost|p1a: Mayonesa|spa|1\n|-unboost|p1b: Chorizo|spa|1\n|move|p1a: Mayonesa|Tera Blast|p2b: Incineroar\n|-damage|p2b: Incineroar|79/100\n|\n|upkeep\n|turn|2\n|\n|t:|1746026007\n|move|p1b: Chorizo|Parting Shot|p2a: Gastrodon\n|-unboost|p2a: Gastrodon|atk|1\n|-unboost|p2a: Gastrodon|spa|1\n|\n|t:|1746026011\n|switch|p1b: Butifarra|Ursaluna, L50, M|100/100|[from] Parting Shot\n|move|p2b: Incineroar|Parting Shot|p1a: Mayonesa\n|-unboost|p1a: Mayonesa|atk|1\n|-unboost|p1a: Mayonesa|spa|1\n|\n|t:|1746026018\n|switch|p2b: Calyrex|Calyrex-Ice, L50|100/100|[from] Parting Shot\n|-ability|p2b: Calyrex|As One\n|-ability|p2b: Calyrex|Unnerve\n|move|p2a: Gastrodon|Muddy Water|p1a: Mayonesa|[spread] p1a,p1b\n|-supereffective|p1b: Butifarra\n|-damage|p1a: Mayonesa|84/100\n|-damage|p1b: Butifarra|74/100\n|-unboost|p1a: Mayonesa|accuracy|1\n|move|p1a: Mayonesa|Tera Blast|p2a: Gastrodon\n|-damage|p2a: Gastrodon|88/100\n|\n|-heal|p2a: Gastrodon|94/100|[from] item: Leftovers\n|-status|p1b: Butifarra|brn|[from] item: Flame Orb\n|upkeep\n|turn|3\n|\n|t:|1746026040\n|switch|p1a: Palkia|Palkia, L50|100/100\n|-terastallize|p1b: Butifarra|Ghost\n|move|p1b: Butifarra|Earthquake|p2b: Calyrex|[spread] p2a,p2b\n|-activate|p1a: Palkia|ability: Telepathy\n|-damage|p2a: Gastrodon|30/100\n|-damage|p2b: Calyrex|56/100\n|move|p2a: Gastrodon|Muddy Water|p1b: Butifarra|[spread] p1a\n|-miss|p2a: Gastrodon|p1b: Butifarra\n|-resisted|p1a: Palkia\n|-damage|p1a: Palkia|98/100\n|move|p2b: Calyrex|Glacial Lance|p1b: Butifarra|[spread] p1a,p1b\n|-damage|p1a: Palkia|44/100\n|-damage|p1b: Butifarra|25/100 brn\n|\n|-heal|p2a: Gastrodon|36/100|[from] item: Leftovers\n|-damage|p1b: Butifarra|19/100 brn|[from] brn\n|upkeep\n|turn|4\n|\n|t:|1746026063\n|move|p2a: Gastrodon|Protect|p2a: Gastrodon\n|-singleturn|p2a: Gastrodon|Protect\n|move|p2b: Calyrex|Protect|p2b: Calyrex\n|-singleturn|p2b: Calyrex|Protect\n|move|p1a: Palkia|Flamethrower|p2b: Calyrex\n|-activate|p2b: Calyrex|move: Protect\n|move|p1b: Butifarra|Earthquake|p2a: Gastrodon|[spread] \n|-activate|p2a: Gastrodon|move: Protect\n|-activate|p2b: Calyrex|move: Protect\n|-activate|p1a: Palkia|ability: Telepathy\n|\n|-heal|p2a: Gastrodon|42/100|[from] item: Leftovers\n|-damage|p1b: Butifarra|13/100 brn|[from] brn\n|upkeep\n|turn|5\n|\n|t:|1746026082\n|switch|p2a: Incineroar|Incineroar, L50, F|79/100\n|-ability|p2a: Incineroar|Intimidate|boost\n|-unboost|p1a: Palkia|atk|1\n|-unboost|p1b: Butifarra|atk|1\n|move|p1a: Palkia|Flamethrower|p2b: Calyrex\n|-supereffective|p2b: Calyrex\n|-damage|p2b: Calyrex|1/100\n|-status|p2b: Calyrex|brn\n|move|p1b: Butifarra|Earthquake|p2a: Incineroar|[spread] p2a,p2b\n|-activate|p1a: Palkia|ability: Telepathy\n|-supereffective|p2a: Incineroar\n|-damage|p2a: Incineroar|4/100\n|-damage|p2b: Calyrex|0 fnt\n|faint|p2b: Calyrex\n|\n|-damage|p1b: Butifarra|7/100 brn|[from] brn\n|upkeep\n|\n|t:|1746026095\n|switch|p2b: Miraidon|Miraidon, L50|100/100\n|-fieldstart|move: Electric Terrain|[from] ability: Hadron Engine|[of] p2b: Miraidon\n|turn|6\n|\n|t:|1746026102\n|switch|p1b: Chorizo|Incineroar, L50, F|96/100\n|-ability|p1b: Chorizo|Intimidate|boost\n|-unboost|p2a: Incineroar|atk|1\n|-unboost|p2b: Miraidon|atk|1\n|-terastallize|p2b: Miraidon|Fairy\n|move|p1a: Palkia|Protect|p1a: Palkia\n|-singleturn|p1a: Palkia|Protect\n|move|p2a: Incineroar|Fake Out|p1a: Palkia\n|-activate|p1a: Palkia|move: Protect\n|move|p2b: Miraidon|Dazzling Gleam|p1a: Palkia|[spread] p1b\n|-activate|p1a: Palkia|move: Protect\n|-damage|p1b: Chorizo|47/100\n|\n|upkeep\n|turn|7\n|\n|t:|1746026119\n|switch|p2a: Gastrodon|Gastrodon-East, L50, M|42/100\n|move|p1b: Chorizo|Fake Out|p2b: Miraidon\n|-damage|p2b: Miraidon|90/100\n|cant|p2b: Miraidon|flinch\n|move|p1a: Palkia|Trick Room|p1a: Palkia\n|-fieldstart|move: Trick Room|[of] p1a: Palkia\n|\n|-heal|p2a: Gastrodon|48/100|[from] item: Leftovers\n|upkeep\n|turn|8\n|\n|t:|1746026135\n|move|p2a: Gastrodon|Muddy Water|p1b: Chorizo|[spread] p1a\n|-miss|p2a: Gastrodon|p1b: Chorizo\n|-resisted|p1a: Palkia\n|-damage|p1a: Palkia|39/100\n|-unboost|p1a: Palkia|accuracy|1\n|move|p1b: Chorizo|Parting Shot|p2b: Miraidon\n|-unboost|p2b: Miraidon|atk|1\n|-unboost|p2b: Miraidon|spa|1\n|\n|t:|1746026140\n|switch|p1b: Mayonesa|Porygon2, L50|84/100|[from] Parting Shot\n|-ability|p1b: Mayonesa|Download|boost\n|-boost|p1b: Mayonesa|atk|1\n|move|p1a: Palkia|Spacial Rend|p2a: Gastrodon\n|-damage|p2a: Gastrodon|0 fnt\n|faint|p2a: Gastrodon\n|move|p2b: Miraidon|Dazzling Gleam|p1a: Palkia|[spread] p1a,p1b\n|-supereffective|p1a: Palkia\n|-damage|p1a: Palkia|0 fnt\n|-damage|p1b: Mayonesa|59/100\n|faint|p1a: Palkia\n|\n|upkeep\n|\n|t:|1746026153\n|switch|p2a: Incineroar|Incineroar, L50, F|4/100\n|switch|p1a: Butifarra|Ursaluna, L50, M, tera:Ghost|7/100 brn\n|-ability|p2a: Incineroar|Intimidate|boost\n|-unboost|p1a: Butifarra|atk|1\n|-unboost|p1b: Mayonesa|atk|1\n|turn|9\n|\n|t:|1746026166\n|move|p1b: Mayonesa|Tera Blast|p2a: Incineroar\n|-damage|p2a: Incineroar|0 fnt\n|faint|p2a: Incineroar\n|move|p1a: Butifarra|Facade|p2b: Miraidon\n|-damage|p2b: Miraidon|3/100\n|move|p2b: Miraidon|Dazzling Gleam|p1b: Mayonesa|[spread] p1a,p1b\n|-damage|p1a: Butifarra|0 fnt\n|-damage|p1b: Mayonesa|32/100\n|faint|p1a: Butifarra\n|\n|upkeep\n|\n|t:|1746026173\n|switch|p1a: Chorizo|Incineroar, L50, F|47/100\n|-ability|p1a: Chorizo|Intimidate|boost\n|-unboost|p2b: Miraidon|atk|1\n|turn|10\n|-message|redrog1 forfeited.\n|\n|win|DrXJ13\n|l|\u2606redrog1\n|player|p2|\n|raw|DrXJ13's rating: 1056 &rarr; <strong>1085</strong><br />(+29 for winning)\n|raw|redrog1's rating: 1025 &rarr; <strong>1012</strong><br />(-13 for losing)\n", "uploadtime": 1746026180, "views": 12, "formatid": "gen9vgc2025regibo3", "rating": 1012, "private": 0, "password": null}