{"id": "gen9vgc2025regibo3-2353422257", "format": "[Gen 9] VGC 2025 Reg I (Bo3)", "players": ["MMcookiegamer", "AJ34"], "log": "|j|\u2606MMcookiegamer\n|j|\u2606AJ34\n|html|<table width=\"100%\"><tr><td align=\"left\">MMcookiegamer</td><td align=\"right\">AJ34</tr><tr><td align=\"left\"><i class=\"fa fa-circle\"></i> <i class=\"fa fa-circle-o\"></i> </td><td align=\"right\"><i class=\"fa fa-circle-o\"></i> <i class=\"fa fa-circle\"></i> </tr></table>\n|uhtml|bestof|<h2><strong>Game 3</strong> of <a href=\"/game-bestof3-gen9vgc2025regibo3-2353417078\">a best-of-3</a></h2>\n|t:|1745954561\n|gametype|doubles\n|player|p1|MMcookiegamer|yellow|1112\n|player|p2|AJ34|265|1221\n|teamsize|p1|6\n|teamsize|p2|6\n|gen|9\n|tier|[Gen 9] VGC 2025 Reg I (Bo3)\n|rated|\n|rule|Species Clause: Limit one of each Pok\u00e9mon\n|rule|Item Clause: Limit 1 of each item\n|clearpoke\n|poke|p1|Calyrex-Shadow, L50|\n|poke|p1|Chi-Yu, L50|\n|poke|p1|Miraidon, L50|\n|poke|p1|Whimsicott, L50, M|\n|poke|p1|Urshifu-*, L50, F|\n|poke|p1|Iron Hands, L50|\n|poke|p2|Terapagos, L50, M|\n|poke|p2|Incineroar, L50, M|\n|poke|p2|Rillaboom, L50, M|\n|poke|p2|Ogerpon-Cornerstone, L50, F|\n|poke|p2|Flutter Mane, L50|\n|poke|p2|Calyrex-Shadow, L50|\n|teampreview|4\n|showteam|p1|Calyrex-Shadow||FocusSash|AsOneSpectrier|AstralBarrage,Psychic,Protect,NastyPlot||||||50|,,,,,Water]Chi-Yu||ChoiceScarf|BeadsofRuin|Overheat,HeatWave,DarkPulse,Snarl||||||50|,,,,,Ghost]Miraidon||ChoiceSpecs|HadronEngine|DracoMeteor,ElectroDrift,DazzlingGleam,VoltSwitch||||||50|,,,,,Fairy]Whimsicott||CovertCloak|Prankster|Moonblast,Tailwind,Encore,LightScreen|||M|||50|,,,,,Dark]Urshifu-Rapid-Strike||MysticWater|UnseenFist|CloseCombat,AquaJet,SurgingStrikes,Detect|||F|||50|,,,,,Water]Iron Hands||AssaultVest|QuarkDrive|DrainPunch,LowKick,HeavySlam,FakeOut||||||50|,,,,,Water\n|showteam|p2|Terapagos||Leftovers|TeraShift|TeraStarstorm,Protect,CalmMind,EarthPower|||M|||50|,,,,,Stellar]Incineroar||RockyHelmet|Intimidate|KnockOff,FakeOut,PartingShot,WillOWisp|||M|||50|,,,,,Bug]Rillaboom||AssaultVest|GrassySurge|GrassyGlide,WoodHammer,FakeOut,Uturn|||M|||50|,,,,,Grass]Ogerpon-Cornerstone||CornerstoneMask|Sturdy|IvyCudgel,SpikyShield,FollowMe,PowerWhip|||F|||50|,,,,,Rock]Flutter Mane||BoosterEnergy|Protosynthesis|Moonblast,IcyWind,ThunderWave,Taunt||||||50|,,,,,Fairy]Calyrex-Shadow||FocusSash|AsOneSpectrier|AstralBarrage,Protect,Disable,PollenPuff||||||50|,,,,,Ghost\n|j| masterlee333\n|\n|t:|1745954573\n|start\n|switch|p1a: Pluisbal|Whimsicott, L50, M|100/100\n|switch|p1b: Vissie|Chi-Yu, L50|100/100\n|switch|p2a: Calyrex|Calyrex-Shadow, L50|100/100\n|switch|p2b: Incineroar|Incineroar, L50, M, shiny|100/100\n|-ability|p2a: Calyrex|As One\n|-ability|p2a: Calyrex|Unnerve\n|-ability|p1b: Vissie|Beads of Ruin\n|-ability|p2b: Incineroar|Intimidate|boost\n|-unboost|p1a: Pluisbal|atk|1\n|-unboost|p1b: Vissie|atk|1\n|turn|1\n|\n|t:|1745954626\n|-terastallize|p1b: Vissie|Ghost\n|move|p2b: Incineroar|Fake Out|p1b: Vissie\n|-immune|p1b: Vissie\n|move|p1a: Pluisbal|Tailwind|p1a: Pluisbal\n|-sidestart|p1: MMcookiegamer|move: Tailwind\n|move|p1b: Vissie|Snarl|p2a: Calyrex|[spread] p2a,p2b\n|-supereffective|p2a: Calyrex\n|-resisted|p2b: Incineroar\n|-enditem|p2a: Calyrex|Focus Sash\n|-damage|p2a: Calyrex|1/100\n|-damage|p2b: Incineroar|88/100\n|-unboost|p2a: Calyrex|spa|1\n|-unboost|p2b: Incineroar|spa|1\n|move|p2a: Calyrex|Astral Barrage|p1a: Pluisbal|[spread] p1a,p1b\n|-supereffective|p1b: Vissie\n|-damage|p1a: Pluisbal|49/100\n|-damage|p1b: Vissie|11/100\n|\n|upkeep\n|turn|2\n|\n|t:|1745954645\n|switch|p2a: Rillaboom|Rillaboom, L50, M, shiny|100/100\n|-fieldstart|move: Grassy Terrain|[from] ability: Grassy Surge|[of] p2a: Rillaboom\n|move|p1b: Vissie|Snarl|p2b: Incineroar|[spread] p2a,p2b\n|-resisted|p2b: Incineroar\n|-crit|p2b: Incineroar\n|-damage|p2a: Rillaboom|76/100\n|-damage|p2b: Incineroar|67/100\n|-unboost|p2a: Rillaboom|spa|1\n|-unboost|p2b: Incineroar|spa|1\n|move|p1a: Pluisbal|Moonblast|p2b: Incineroar\n|-damage|p2b: Incineroar|38/100\n|move|p2b: Incineroar|Knock Off|p1b: Vissie\n|-supereffective|p1b: Vissie\n|-damage|p1b: Vissie|0 fnt\n|-enditem|p1b: Vissie|Choice Scarf|[from] move: Knock Off|[of] p2b: Incineroar\n|faint|p1b: Vissie\n|\n|-heal|p1a: Pluisbal|56/100|[from] Grassy Terrain\n|-heal|p2a: Rillaboom|82/100|[from] Grassy Terrain\n|-heal|p2b: Incineroar|44/100|[from] Grassy Terrain\n|upkeep\n|\n|t:|1745954659\n|switch|p1b: Calyrex|Calyrex-Shadow, L50|100/100\n|-ability|p1b: Calyrex|As One\n|-ability|p1b: Calyrex|Unnerve\n|turn|3\n|\n|t:|1745954669\n|switch|p2b: Terapagos|Terapagos, L50, M|100/100\n|-activate|p2b: Terapagos|ability: Tera Shift\n|detailschange|p2b: Terapagos|Terapagos-Terastal, L50, M\n|-heal|p2b: Terapagos|100/100|[silent]\n|move|p1a: Pluisbal|Light Screen|p1a: Pluisbal\n|-sidestart|p1: MMcookiegamer|move: Light Screen\n|move|p1b: Calyrex|Astral Barrage|p2b: Terapagos|[spread] p2a\n|-immune|p2b: Terapagos\n|-damage|p2a: Rillaboom|33/100\n|move|p2a: Rillaboom|Wood Hammer|p1b: Calyrex\n|-enditem|p1b: Calyrex|Focus Sash\n|-damage|p1b: Calyrex|1/100\n|-damage|p2a: Rillaboom|5/100|[from] Recoil\n|\n|-heal|p1b: Calyrex|7/100|[from] Grassy Terrain\n|-heal|p1a: Pluisbal|62/100|[from] Grassy Terrain\n|-heal|p2a: Rillaboom|11/100|[from] Grassy Terrain\n|upkeep\n|turn|4\n|\n|t:|1745954735\n|switch|p2a: Incineroar|Incineroar, L50, M, shiny|44/100\n|-ability|p2a: Incineroar|Intimidate|boost\n|-unboost|p1a: Pluisbal|atk|1\n|-unboost|p1b: Calyrex|atk|1\n|move|p1b: Calyrex|Psychic|p2b: Terapagos\n|-activate|p2b: Terapagos|ability: Tera Shell\n|-resisted|p2b: Terapagos\n|-damage|p2b: Terapagos|74/100\n|move|p1a: Pluisbal|Moonblast|p2a: Incineroar\n|-damage|p2a: Incineroar|20/100\n|move|p2b: Terapagos|Tera Starstorm|p1a: Pluisbal\n|-damage|p1a: Pluisbal|25/100\n|\n|-heal|p1b: Calyrex|14/100|[from] Grassy Terrain\n|-heal|p1a: Pluisbal|32/100|[from] Grassy Terrain\n|-heal|p2b: Terapagos|80/100|[from] Grassy Terrain\n|-heal|p2b: Terapagos|86/100|[from] item: Leftovers\n|-heal|p2a: Incineroar|26/100|[from] Grassy Terrain\n|-sideend|p1: MMcookiegamer|move: Tailwind\n|upkeep\n|turn|5\n|\n|t:|1745954783\n|-terastallize|p2b: Terapagos|Stellar\n|detailschange|p2b: Terapagos|Terapagos-Stellar, L50, M, tera:Stellar\n|-heal|p2b: Terapagos|89/100|[silent]\n|-ability|p2b: Terapagos|Teraform Zero\n|-fieldend|move: Grassy Terrain\n|move|p2a: Incineroar|Fake Out|p1a: Pluisbal\n|-damage|p1a: Pluisbal|15/100\n|move|p1a: Pluisbal|Tailwind|p1a: Pluisbal\n|-sidestart|p1: MMcookiegamer|move: Tailwind\n|move|p1b: Calyrex|Psychic|p2b: Terapagos\n|-damage|p2b: Terapagos|50/100\n|move|p2b: Terapagos|Tera Starstorm|p1a: Pluisbal|[spread] p1a,p1b\n|-damage|p1a: Pluisbal|0 fnt\n|-damage|p1b: Calyrex|0 fnt\n|faint|p1a: Pluisbal\n|faint|p1b: Calyrex\n|\n|-heal|p2b: Terapagos|56/100|[from] item: Leftovers\n|upkeep\n|\n|t:|1745954794\n|switch|p1b: Vroem Vroem|Miraidon, L50|100/100\n|-fieldstart|move: Electric Terrain|[from] ability: Hadron Engine|[of] p1b: Vroem Vroem\n|turn|6\n|\n|t:|1745954804\n|switch|p2a: Rillaboom|Rillaboom, L50, M, shiny|11/100\n|-fieldstart|move: Grassy Terrain|[from] ability: Grassy Surge|[of] p2a: Rillaboom\n|move|p2b: Terapagos|Protect|p2b: Terapagos\n|-singleturn|p2b: Terapagos|Protect\n|move|p1b: Vroem Vroem|Dazzling Gleam|p2a: Rillaboom|[spread] p2a\n|-activate|p2b: Terapagos|move: Protect\n|-damage|p2a: Rillaboom|0 fnt\n|faint|p2a: Rillaboom\n|\n|-heal|p2b: Terapagos|62/100|[from] Grassy Terrain\n|-heal|p2b: Terapagos|68/100|[from] item: Leftovers\n|upkeep\n|l| masterlee333\n|\n|t:|1745954813\n|switch|p2a: Incineroar|Incineroar, L50, M, shiny|26/100\n|-ability|p2a: Incineroar|Intimidate|boost\n|-unboost|p1b: Vroem Vroem|atk|1\n|turn|7\n|\n|t:|1745954818\n|move|p2a: Incineroar|Fake Out|p1b: Vroem Vroem\n|-damage|p1b: Vroem Vroem|88/100\n|cant|p1b: Vroem Vroem|flinch\n|move|p2b: Terapagos|Calm Mind|p2b: Terapagos\n|-boost|p2b: Terapagos|spa|1\n|-boost|p2b: Terapagos|spd|1\n|\n|-heal|p1b: Vroem Vroem|94/100|[from] Grassy Terrain\n|-heal|p2b: Terapagos|74/100|[from] Grassy Terrain\n|-heal|p2b: Terapagos|80/100|[from] item: Leftovers\n|-heal|p2a: Incineroar|32/100|[from] Grassy Terrain\n|-sideend|p1: MMcookiegamer|move: Light Screen\n|upkeep\n|turn|8\n|\n|t:|1745954830\n|switch|p2a: Calyrex|Calyrex-Shadow, L50|1/100\n|-ability|p2a: Calyrex|As One\n|-ability|p2a: Calyrex|Unnerve\n|move|p1b: Vroem Vroem|Dazzling Gleam|p2a: Calyrex|[spread] p2a,p2b\n|-damage|p2a: Calyrex|0 fnt\n|-damage|p2b: Terapagos|65/100\n|faint|p2a: Calyrex\n|move|p2b: Terapagos|Earth Power|p1b: Vroem Vroem\n|-supereffective|p1b: Vroem Vroem\n|-damage|p1b: Vroem Vroem|4/100\n|\n|-heal|p1b: Vroem Vroem|10/100|[from] Grassy Terrain\n|-heal|p2b: Terapagos|71/100|[from] Grassy Terrain\n|-heal|p2b: Terapagos|77/100|[from] item: Leftovers\n|-sideend|p1: MMcookiegamer|move: Tailwind\n|upkeep\n|\n|t:|1745954833\n|switch|p2a: Incineroar|Incineroar, L50, M, shiny|32/100\n|-ability|p2a: Incineroar|Intimidate|boost\n|-unboost|p1b: Vroem Vroem|atk|1\n|turn|9\n|\n|t:|1745954840\n|move|p2a: Incineroar|Fake Out|p1b: Vroem Vroem\n|-damage|p1b: Vroem Vroem|0 fnt\n|faint|p1b: Vroem Vroem\n|\n|win|AJ34\n|raw|MMcookiegamer's rating: 1112 &rarr; <strong>1095</strong><br />(-17 for losing)\n|raw|AJ34's rating: 1221 &rarr; <strong>1238</strong><br />(+17 for winning)\n", "uploadtime": 1745954843, "views": 10, "formatid": "gen9vgc2025regibo3", "rating": 1095, "private": 0, "password": null}