{"id": "gen9vgc2025regibo3-2354153819", "format": "[Gen 9] VGC 2025 Reg I (Bo3)", "players": ["Sala335", "angandi01"], "log": "|j|\u2606Sala335\n|j|\u2606angandi01\n|html|<table width=\"100%\"><tr><td align=\"left\">Sala335</td><td align=\"right\">angandi01</tr><tr><td align=\"left\"><i class=\"fa fa-circle\"></i> <i class=\"fa fa-circle-o\"></i> </td><td align=\"right\"><i class=\"fa fa-circle-o\"></i> <i class=\"fa fa-circle\"></i> </tr></table>\n|uhtml|bestof|<h2><strong>Game 3</strong> of <a href=\"/game-bestof3-gen9vgc2025regibo3-2354145141\">a best-of-3</a></h2>\n|t:|1746039512\n|gametype|doubles\n|player|p1|Sala335|gambler|\n|player|p2|angandi01|265|\n|teamsize|p1|6\n|teamsize|p2|6\n|gen|9\n|tier|[Gen 9] VGC 2025 Reg I (Bo3)\n|rule|Species Clause: Limit one of each Pok\u00e9mon\n|rule|Item Clause: Limit 1 of each item\n|clearpoke\n|poke|p1|Terapagos, L50, M|\n|poke|p1|Zacian-*, L50|\n|poke|p1|Incineroar, L50, M|\n|poke|p1|Grimmsnarl, L50, M|\n|poke|p1|Cresselia, L50, F|\n|poke|p1|Amoonguss, L50, M|\n|poke|p2|Miraidon, L50|\n|poke|p2|Ho-Oh, L50|\n|poke|p2|Iron Hands, L50|\n|poke|p2|Urshifu-*, L50, F|\n|poke|p2|Ursaluna, L50, M|\n|poke|p2|Farigiraf, L50, M|\n|teampreview|4\n|showteam|p1|Terapagos||Leftovers|TeraShift|TeraStarstorm,CalmMind,Protect,Flamethrower|||M|||50|,,,,,Stellar]Zacian-Crowned||RustedSword|IntrepidSword|Protect,SwordsDance,PlayRough,behemothblade||||||50|,,,,,Fire]Incineroar||SitrusBerry|Intimidate|WillOWisp,KnockOff,PartingShot,FakeOut|||M|||50|,,,,,Ghost]Grimmsnarl||LightClay|Prankster|Reflect,LightScreen,Taunt,SpiritBreak|||M|||50|,,,,,Ghost]Cresselia||SafetyGoggles|Levitate|TrickRoom,LunarBlessing,Moonblast,ThunderWave|||F|||50|,,,,,Fairy]Amoonguss||RockyHelmet|Regenerator|Spore,RagePowder,Protect,PollenPuff|||M|||50|,,,,,Fairy\n|showteam|p2|Miraidon||ChoiceSpecs|HadronEngine|ElectroDrift,DracoMeteor,DazzlingGleam,VoltSwitch||||||50|,,,,,Fairy]Ho-Oh||ClearAmulet|Regenerator|SacredFire,BraveBird,Tailwind,Protect||||||50|,,,,,Grass]Iron Hands||AssaultVest|QuarkDrive|FakeOut,WildCharge,DrainPunch,LowKick||||||50|,,,,,Grass]Urshifu||FocusSash|UnseenFist|WickedBlow,CloseCombat,SuckerPunch,Protect|||F|||50|,,,,,Stellar]Ursaluna||FlameOrb|Guts|Facade,Earthquake,HeadlongRush,Protect|||M|||50|,,,,,Fairy]Farigiraf||ElectricSeed|ArmorTail|HyperVoice,FoulPlay,TrickRoom,HelpingHand|||M|||50|,,,,,Water\n|\n|t:|1746039550\n|start\n|switch|p1a: Grimmsnarl|Grimmsnarl, L50, M|100/100\n|switch|p1b: Incineroar|Incineroar, L50, M, shiny|100/100\n|switch|p2a: Miraidon|Miraidon, L50|100/100\n|switch|p2b: Iron Hands|Iron Hands, L50|100/100\n|-fieldstart|move: Electric Terrain|[from] ability: Hadron Engine|[of] p2a: Miraidon\n|-activate|p2b: Iron Hands|ability: Quark Drive\n|-start|p2b: Iron Hands|quarkdriveatk\n|-ability|p1b: Incineroar|Intimidate|boost\n|-unboost|p2a: Miraidon|atk|1\n|-unboost|p2b: Iron Hands|atk|1\n|turn|1\n|\n|t:|1746039569\n|move|p1b: Incineroar|Fake Out|p2a: Miraidon\n|-damage|p2a: Miraidon|89/100\n|move|p2b: Iron Hands|Fake Out|p1a: Grimmsnarl\n|-damage|p1a: Grimmsnarl|85/100\n|cant|p1a: Grimmsnarl|flinch\n|cant|p2a: Miraidon|flinch\n|\n|upkeep\n|turn|2\n|\n|t:|1746039596\n|move|p1a: Grimmsnarl|Light Screen|p1a: Grimmsnarl\n|-sidestart|p1: Sala335|move: Light Screen\n|move|p2a: Miraidon|Electro Drift|p1b: Incineroar\n|-crit|p1b: Incineroar\n|-damage|p1b: Incineroar|0 fnt\n|faint|p1b: Incineroar\n|move|p2b: Iron Hands|Drain Punch|p1a: Grimmsnarl\n|-damage|p1a: Grimmsnarl|43/100\n|\n|upkeep\n|\n|t:|1746039605\n|switch|p1b: Zacian|Zacian-Crowned, L50|100/100\n|-ability|p1b: Zacian|Intrepid Sword|boost\n|-boost|p1b: Zacian|atk|1\n|turn|3\n|\n|t:|1746039631\n|switch|p2a: Ho-Oh|Ho-Oh, L50|100/100\n|-terastallize|p2b: Iron Hands|Grass\n|move|p1a: Grimmsnarl|Reflect|p1a: Grimmsnarl\n|-sidestart|p1: Sala335|Reflect\n|move|p1b: Zacian|Play Rough|p2b: Iron Hands\n|-damage|p2b: Iron Hands|47/100\n|move|p2b: Iron Hands|Drain Punch|p1a: Grimmsnarl\n|-damage|p1a: Grimmsnarl|16/100\n|-heal|p2b: Iron Hands|59/100|[from] drain|[of] p1a: Grimmsnarl\n|\n|upkeep\n|turn|4\n|\n|t:|1746039685\n|move|p1a: Grimmsnarl|Taunt|p2a: Ho-Oh\n|-start|p2a: Ho-Oh|move: Taunt\n|move|p1b: Zacian|Behemoth Blade|p2b: Iron Hands\n|-damage|p2b: Iron Hands|1/100\n|cant|p2a: Ho-Oh|move: Taunt|Tailwind\n|move|p2b: Iron Hands|Drain Punch|p1a: Grimmsnarl\n|-damage|p1a: Grimmsnarl|0 fnt\n|-heal|p2b: Iron Hands|8/100|[from] drain|[of] p1a: Grimmsnarl\n|faint|p1a: Grimmsnarl\n|\n|upkeep\n|\n|t:|1746039693\n|switch|p1a: Terapagos|Terapagos, L50, M|100/100\n|-activate|p1a: Terapagos|ability: Tera Shift\n|detailschange|p1a: Terapagos|Terapagos-Terastal, L50, M\n|-heal|p1a: Terapagos|100/100|[silent]\n|turn|5\n|\n|t:|1746039714\n|move|p1b: Zacian|Behemoth Blade|p2b: Iron Hands\n|-damage|p2b: Iron Hands|0 fnt\n|faint|p2b: Iron Hands\n|-end|p2b: Iron Hands|Quark Drive|[silent]\n|move|p2a: Ho-Oh|Sacred Fire|p1b: Zacian\n|-supereffective|p1b: Zacian\n|-damage|p1b: Zacian|43/100\n|move|p1a: Terapagos|Calm Mind|p1a: Terapagos\n|-boost|p1a: Terapagos|spa|1\n|-boost|p1a: Terapagos|spd|1\n|\n|-fieldend|move: Electric Terrain\n|upkeep\n|\n|t:|1746039739\n|switch|p2b: Urshifu|Urshifu, L50, F|100/100\n|turn|6\n|\n|t:|1746039754\n|-terastallize|p1a: Terapagos|Stellar\n|detailschange|p1a: Terapagos|Terapagos-Stellar, L50, M, tera:Stellar\n|-heal|p1a: Terapagos|100/100|[silent]\n|move|p1b: Zacian|Protect|p1b: Zacian\n|-singleturn|p1b: Zacian|Protect\n|move|p2b: Urshifu|Close Combat|p1a: Terapagos\n|-supereffective|p1a: Terapagos\n|-damage|p1a: Terapagos|44/100\n|-unboost|p2b: Urshifu|def|1\n|-unboost|p2b: Urshifu|spd|1\n|move|p2a: Ho-Oh|Sacred Fire|p1b: Zacian\n|-activate|p1b: Zacian|move: Protect\n|move|p1a: Terapagos|Tera Starstorm|p2b: Urshifu|[spread] p2a,p2b\n|-crit|p2b: Urshifu\n|-damage|p2a: Ho-Oh|69/100\n|-enditem|p2b: Urshifu|Focus Sash\n|-damage|p2b: Urshifu|1/100\n|\n|-heal|p1a: Terapagos|50/100|[from] item: Leftovers\n|-end|p2a: Ho-Oh|move: Taunt\n|upkeep\n|turn|7\n|\n|t:|1746039787\n|move|p2b: Urshifu|Sucker Punch|p1a: Terapagos\n|-damage|p1a: Terapagos|32/100\n|move|p1b: Zacian|Behemoth Blade|p2a: Ho-Oh\n|-resisted|p2a: Ho-Oh\n|-damage|p2a: Ho-Oh|30/100\n|move|p2a: Ho-Oh|Tailwind|p2a: Ho-Oh\n|-sidestart|p2: angandi01|move: Tailwind\n|move|p1a: Terapagos|Tera Starstorm|p2a: Ho-Oh|[spread] p2a,p2b\n|-damage|p2a: Ho-Oh|0 fnt\n|-damage|p2b: Urshifu|0 fnt\n|faint|p2a: Ho-Oh\n|faint|p2b: Urshifu\n|\n|-heal|p1a: Terapagos|38/100|[from] item: Leftovers\n|upkeep\n|\n|t:|1746039804\n|switch|p2b: Miraidon|Miraidon, L50|89/100\n|-fieldstart|move: Electric Terrain|[from] ability: Hadron Engine|[of] p2b: Miraidon\n|turn|8\n|\n|t:|1746039856\n|move|p2b: Miraidon|Electro Drift|p1b: Zacian\n|-damage|p1b: Zacian|0 fnt\n|faint|p1b: Zacian\n|move|p1a: Terapagos|Tera Starstorm|p2b: Miraidon\n|-damage|p2b: Miraidon|14/100\n|\n|-heal|p1a: Terapagos|44/100|[from] item: Leftovers\n|upkeep\n|turn|9\n|\n|t:|1746039865\n|move|p1a: Terapagos|Protect|p1a: Terapagos\n|-singleturn|p1a: Terapagos|Protect\n|move|p2b: Miraidon|Electro Drift|p1a: Terapagos\n|-activate|p1a: Terapagos|move: Protect\n|\n|-heal|p1a: Terapagos|50/100|[from] item: Leftovers\n|-sideend|p1: Sala335|move: Light Screen\n|upkeep\n|turn|10\n|\n|t:|1746039884\n|move|p2b: Miraidon|Electro Drift|p1a: Terapagos\n|-damage|p1a: Terapagos|0 fnt\n|faint|p1a: Terapagos\n|\n|win|angandi01\n", "uploadtime": 1746039919, "views": 8, "formatid": "gen9vgc2025regibo3", "rating": null, "private": 0, "password": null}