{"id": "gen9vgc2025regibo3-2353983083", "format": "[Gen 9] VGC 2025 Reg I (Bo3)", "players": ["BigE3L", "mikumikumikubeam"], "log": "|j|\u2606BigE3L\n|j|\u2606mikumikumikubeam\n|html|<table width=\"100%\"><tr><td align=\"left\">BigE3L</td><td align=\"right\">mikumikumikubeam</tr><tr><td align=\"left\"><i class=\"fa fa-circle\"></i> <i class=\"fa fa-circle-o\"></i> </td><td align=\"right\"><i class=\"fa fa-circle-o\"></i> <i class=\"fa fa-circle-o\"></i> </tr></table>\n|uhtml|bestof|<h2><strong>Game 2</strong> of <a href=\"/game-bestof3-gen9vgc2025regibo3-2353979935\">a best-of-3</a></h2>\n|t:|1746024835\n|gametype|doubles\n|player|p1|BigE3L|crasherwake|1246\n|player|p2|mikumikumikubeam|170|1245\n|teamsize|p1|6\n|teamsize|p2|6\n|gen|9\n|tier|[Gen 9] VGC 2025 Reg I (Bo3)\n|rated|\n|rule|Species Clause: Limit one of each Pok\u00e9mon\n|rule|Item Clause: Limit 1 of each item\n|clearpoke\n|poke|p1|Miraidon, L50|\n|poke|p1|Calyrex-Ice, L50|\n|poke|p1|Iron Hands, L50|\n|poke|p1|Farigiraf, L50, M|\n|poke|p1|Whimsicott, L50, M|\n|poke|p1|Pelipper, L50, F|\n|poke|p2|Miraidon, L50|\n|poke|p2|Lunala, L50|\n|poke|p2|Chi-Yu, L50|\n|poke|p2|Grimmsnarl, L50, M|\n|poke|p2|Ursaluna, L50, M|\n|poke|p2|Iron Hands, L50|\n|teampreview|4\n|showteam|p1|Miraidon||ChoiceSpecs|HadronEngine|ElectroDrift,VoltSwitch,DracoMeteor,DazzlingGleam||||||50|,,,,,Fairy]Calyrex-Ice||ClearAmulet|AsOneGlastrier|GlacialLance,HighHorsepower,TrickRoom,Protect||||||50|,,,,,Fire]Iron Hands||AssaultVest|QuarkDrive|DrainPunch,LowKick,WildCharge,FakeOut||||||50|,,,,,Bug]Farigiraf||ElectricSeed|ArmorTail|TrickRoom,Protect,FoulPlay,HelpingHand|||M|||50|,,,,,Water]Whimsicott||CovertCloak|Prankster|LightScreen,Moonblast,Tailwind,Encore|||M|||50|,,,,,Dark]Pelipper||FocusSash|Drizzle|WideGuard,WeatherBall,Hurricane,Protect|||F|||50|,,,,,Ground\n|showteam|p2|Miraidon||ChoiceSpecs|HadronEngine|ElectroDrift,DracoMeteor,VoltSwitch,DazzlingGleam||||||50|,,,,,Fairy]Lunala||ElectricSeed|ShadowShield|MoongeistBeam,Moonblast,WideGuard,TrickRoom||||||50|,,,,,Fairy]Chi-Yu||ChoiceScarf|BeadsofRuin|HeatWave,Snarl,Overheat,DarkPulse||||||50|,,,,,Ghost]Grimmsnarl||LightClay|Prankster|SpiritBreak,Reflect,LightScreen,ThunderWave|||M|||50|,,,,,Ghost]Ursaluna||FlameOrb|Guts|Facade,HeadlongRush,Substitute,Protect|||M|||50|,,,,,Poison]Iron Hands||AssaultVest|QuarkDrive|WildCharge,DrainPunch,LowKick,FakeOut||||||50|,,,,,Fire\n|\n|t:|1746024881\n|start\n|switch|p1a: Whimsicott|Whimsicott, L50, M|100/100\n|switch|p1b: Calyrex|Calyrex-Ice, L50|100/100\n|switch|p2a: Grimmsnarl|Grimmsnarl, L50, M|100/100\n|switch|p2b: Miraidon|Miraidon, L50|100/100\n|-ability|p1b: Calyrex|As One\n|-ability|p1b: Calyrex|Unnerve\n|-fieldstart|move: Electric Terrain|[from] ability: Hadron Engine|[of] p2b: Miraidon\n|turn|1\n|\n|t:|1746024901\n|-terastallize|p1b: Calyrex|Fire\n|move|p1a: Whimsicott|Light Screen|p1a: Whimsicott\n|-sidestart|p1: BigE3L|move: Light Screen\n|move|p2a: Grimmsnarl|Reflect|p2a: Grimmsnarl\n|-sidestart|p2: mikumikumikubeam|Reflect\n|move|p2b: Miraidon|Volt Switch|p1b: Calyrex\n|-damage|p1b: Calyrex|58/100\n|\n|t:|1746024908\n|switch|p2b: Lunala|Lunala, L50, shiny|100/100|[from] Volt Switch\n|-enditem|p2b: Lunala|Electric Seed\n|-boost|p2b: Lunala|def|1|[from] item: Electric Seed\n|move|p1b: Calyrex|Glacial Lance|p2a: Grimmsnarl|[spread] p2a,p2b\n|-damage|p2a: Grimmsnarl|56/100\n|-damage|p2b: Lunala|90/100\n|\n|upkeep\n|turn|2\n|\n|t:|1746024963\n|move|p2a: Grimmsnarl|Thunder Wave|p1b: Calyrex\n|-status|p1b: Calyrex|par\n|move|p1a: Whimsicott|Moonblast|p2a: Grimmsnarl\n|-supereffective|p2a: Grimmsnarl\n|-damage|p2a: Grimmsnarl|0 fnt\n|faint|p2a: Grimmsnarl\n|move|p2b: Lunala|Moongeist Beam|p1b: Calyrex\n|-damage|p1b: Calyrex|34/100 par\n|move|p1b: Calyrex|Glacial Lance|p2b: Lunala\n|-damage|p2b: Lunala|62/100\n|\n|upkeep\n|\n|t:|1746024973\n|switch|p2a: Miraidon|Miraidon, L50|100/100\n|-activate|p2a: Miraidon|ability: Hadron Engine\n|turn|3\n|\n|t:|1746024989\n|-terastallize|p2a: Miraidon|Fairy\n|move|p1a: Whimsicott|Encore|p2b: Lunala\n|-start|p2b: Lunala|Encore\n|move|p2a: Miraidon|Dazzling Gleam|p1b: Calyrex|[spread] p1a,p1b\n|-resisted|p1b: Calyrex\n|-damage|p1a: Whimsicott|38/100\n|-damage|p1b: Calyrex|20/100 par\n|move|p2b: Lunala|Moongeist Beam|p1a: Whimsicott\n|-damage|p1a: Whimsicott|0 fnt\n|faint|p1a: Whimsicott\n|cant|p1b: Calyrex|par\n|\n|upkeep\n|\n|t:|1746025011\n|switch|p1a: Iron Hands|Iron Hands, L50|100/100\n|-activate|p1a: Iron Hands|ability: Quark Drive\n|-start|p1a: Iron Hands|quarkdrivedef\n|turn|4\n|\n|t:|1746025019\n|move|p1a: Iron Hands|Fake Out|p2a: Miraidon\n|-damage|p2a: Miraidon|92/100\n|cant|p2a: Miraidon|flinch\n|move|p2b: Lunala|Moongeist Beam|p1b: Calyrex\n|-damage|p1b: Calyrex|0 fnt\n|faint|p1b: Calyrex\n|\n|upkeep\n|\n|t:|1746025029\n|switch|p1b: Miraidon|Miraidon, L50|100/100\n|-activate|p1b: Miraidon|ability: Hadron Engine\n|turn|5\n|\n|t:|1746025044\n|move|p2a: Miraidon|Dazzling Gleam|p1a: Iron Hands|[spread] p1a,p1b\n|-supereffective|p1a: Iron Hands\n|-supereffective|p1b: Miraidon\n|-damage|p1a: Iron Hands|56/100\n|-damage|p1b: Miraidon|22/100\n|move|p1b: Miraidon|Electro Drift|p2a: Miraidon\n|-damage|p2a: Miraidon|0 fnt\n|faint|p2a: Miraidon\n|move|p2b: Lunala|Moongeist Beam|p1b: Miraidon\n|-damage|p1b: Miraidon|0 fnt\n|faint|p1b: Miraidon\n|move|p1a: Iron Hands|Wild Charge|p2b: Lunala\n|-damage|p2b: Lunala|42/100\n|-damage|p1a: Iron Hands|50/100|[from] Recoil\n|\n|-end|p2b: Lunala|Encore\n|-sideend|p1: BigE3L|move: Light Screen\n|-fieldend|move: Electric Terrain\n|-end|p1a: Iron Hands|Quark Drive\n|upkeep\n|\n|t:|1746025047\n|switch|p2a: Iron Hands|Iron Hands, L50|100/100\n|turn|6\n|\n|t:|1746025061\n|move|p2a: Iron Hands|Fake Out|p1a: Iron Hands\n|-damage|p1a: Iron Hands|43/100\n|move|p2b: Lunala|Moonblast|p1a: Iron Hands\n|-supereffective|p1a: Iron Hands\n|-damage|p1a: Iron Hands|4/100\n|cant|p1a: Iron Hands|flinch\n|\n|upkeep\n|turn|7\n|-message|BigE3L forfeited.\n|\n|win|mikumikumikubeam\n|l|\u2606BigE3L\n|player|p1|\n", "uploadtime": 1746025074, "views": 8, "formatid": "gen9vgc2025regibo3", "rating": null, "private": 0, "password": null}