{"id": "gen9vgc2025regibo3-2354620863", "format": "[Gen 9] VGC 2025 Reg I (Bo3)", "players": ["sayam1111", "Rege1"], "log": "|j|\u2606sayam1111\n|j|\u2606Rege1\n|html|<table width=\"100%\"><tr><td align=\"left\">sayam1111</td><td align=\"right\">Rege1</tr><tr><td align=\"left\"><i class=\"fa fa-circle\"></i> <i class=\"fa fa-circle-o\"></i> </td><td align=\"right\"><i class=\"fa fa-circle-o\"></i> <i class=\"fa fa-circle-o\"></i> </tr></table>\n|uhtml|bestof|<h2><strong>Game 2</strong> of <a href=\"/game-bestof3-gen9vgc2025regibo3-2354619278\">a best-of-3</a></h2>\n|t:|1746103820\n|gametype|doubles\n|player|p1|sayam1111|schoolkid-gen4dp|1212\n|player|p2|Rege1|psychic-gen4|1041\n|teamsize|p1|6\n|teamsize|p2|6\n|gen|9\n|tier|[Gen 9] VGC 2025 Reg I (Bo3)\n|rated|\n|rule|Species Clause: Limit one of each Pok\u00e9mon\n|rule|Item Clause: Limit 1 of each item\n|clearpoke\n|poke|p1|Miraidon, L50|\n|poke|p1|Calyrex-Ice, L50|\n|poke|p1|Iron Hands, L50|\n|poke|p1|Farigiraf, L50, F|\n|poke|p1|Whimsicott, L50, M|\n|poke|p1|Ogerpon-Hearthflame, L50, F|\n|poke|p2|Calyrex-Ice, L50|\n|poke|p2|Magmar, L50, M|\n|poke|p2|Giratina-Origin, L50|\n|poke|p2|Tornadus, L50, M|\n|poke|p2|Gothitelle, L50, M|\n|poke|p2|Primarina, L50, F|\n|teampreview|4\n|showteam|p1|Miraidon||ChoiceSpecs|HadronEngine|ElectroDrift,DracoMeteor,DazzlingGleam,VoltSwitch||||||50|,,,,,Fairy]Calyrex-Ice||ClearAmulet|AsOneGlastrier|GlacialLance,HighHorsepower,TrickRoom,Protect||||||50|,,,,,Fire]Iron Hands||AssaultVest|QuarkDrive|FakeOut,DrainPunch,LowKick,WildCharge||||||50|,,,,,Water]Farigiraf||ElectricSeed|ArmorTail|TrickRoom,HelpingHand,FoulPlay,Psychic|||F|||50|,,,,,Water]Whimsicott||CovertCloak|Prankster|Tailwind,Moonblast,Encore,FakeTears|||M|||50|,,,,,Dark]Ogerpon-Hearthflame||HearthflameMask|MoldBreaker|IvyCudgel,SpikyShield,FollowMe,WoodHammer|||F|||50|,,,,,Fire\n|showteam|p2|Calyrex-Ice||ClearAmulet|AsOneGlastrier|GlacialLance,HighHorsepower,TrickRoom,Protect||||||50|,,,,,Dark]Magmar||Eviolite|FlameBody|FollowMe,Protect,HelpingHand,Flamethrower|||M|||50|,,,,,Grass]Giratina-Origin||GriseousCore|Levitate|ShadowForce,DracoMeteor,ConfuseRay,Protect||||||50|,,,,,Fairy]Tornadus||CovertCloak|Prankster|Tailwind,Taunt,BleakwindStorm,Protect|||M|||50|,,,,,Grass]Gothitelle||Leftovers|ShadowTag|Protect,FakeOut,TrickRoom,Psychic|||M|||50|,,,,,Dark]Primarina||ThroatSpray|LiquidVoice|HyperVoice,Moonblast,PerishSong,Protect|||F|||50|,,,,,Water\n|inactive|Battle timer is ON: inactive players will automatically lose when time's up. (requested by sayam1111)\n|\n|t:|1746103837\n|start\n|switch|p1a: I Go Brrr|Miraidon, L50|100/100\n|switch|p1b: Long Neck Friend|Farigiraf, L50, F|100/100\n|switch|p2a: Giratina|Giratina-Origin, L50|100/100\n|switch|p2b: Tornadus|Tornadus, L50, M|100/100\n|-fieldstart|move: Electric Terrain|[from] ability: Hadron Engine|[of] p1a: I Go Brrr\n|-enditem|p1b: Long Neck Friend|Electric Seed\n|-boost|p1b: Long Neck Friend|def|1|[from] item: Electric Seed\n|turn|1\n|\n|t:|1746103857\n|-terastallize|p1a: I Go Brrr|Fairy\n|move|p1b: Long Neck Friend|Helping Hand|p1a: I Go Brrr\n|-singleturn|p1a: I Go Brrr|Helping Hand|[of] p1b: Long Neck Friend\n|move|p2b: Tornadus|Tailwind|p2b: Tornadus\n|-sidestart|p2: Rege1|move: Tailwind\n|move|p2a: Giratina|Shadow Force||[still]\n|-prepare|p2a: Giratina|Shadow Force\n|move|p1a: I Go Brrr|Dazzling Gleam|p2b: Tornadus|[spread] p2b\n|-miss|p1a: I Go Brrr|p2a: Giratina\n|-damage|p2b: Tornadus|0 fnt\n|faint|p2b: Tornadus\n|\n|upkeep\n|\n|t:|1746103870\n|switch|p2b: Magmar|Magmar, L50, M|100/100\n|turn|2\n|\n|t:|1746103890\n|switch|p1a: Suzuki|Iron Hands, L50|100/100\n|-activate|p1a: Suzuki|ability: Quark Drive\n|-start|p1a: Suzuki|quarkdriveatk\n|move|p2a: Giratina|Shadow Force|p1a: Suzuki|[from] lockedmove\n|-damage|p1a: Suzuki|50/100\n|move|p2b: Magmar|Flamethrower|p1a: Suzuki\n|-damage|p1a: Suzuki|35/100\n|move|p1b: Long Neck Friend|Foul Play|p2a: Giratina\n|-supereffective|p2a: Giratina\n|-damage|p2a: Giratina|51/100\n|\n|upkeep\n|turn|3\n|\n|t:|1746103909\n|move|p1b: Long Neck Friend|Helping Hand|p1a: Suzuki\n|-singleturn|p1a: Suzuki|Helping Hand|[of] p1b: Long Neck Friend\n|move|p2b: Magmar|Follow Me|p2b: Magmar\n|-singleturn|p2b: Magmar|move: Follow Me\n|move|p2a: Giratina|Confuse Ray|p1a: Suzuki\n|-start|p1a: Suzuki|confusion\n|-activate|p1a: Suzuki|confusion\n|move|p1a: Suzuki|Drain Punch|p2b: Magmar\n|-crit|p2b: Magmar\n|-damage|p2b: Magmar|0 fnt\n|-heal|p1a: Suzuki|65/100|[from] drain|[of] p2b: Magmar\n|-status|p1a: Suzuki|brn|[from] ability: Flame Body|[of] p2b: Magmar\n|faint|p2b: Magmar\n|\n|-damage|p1a: Suzuki|59/100 brn|[from] brn\n|upkeep\n|\n|t:|1746103924\n|switch|p2b: Calyrex|Calyrex-Ice, L50|100/100\n|-ability|p2b: Calyrex|As One\n|-ability|p2b: Calyrex|Unnerve\n|turn|4\n|c|\u2606sayam1111|Burnnn\n|inactive|Rege1 has 30 seconds left.\n|\n|t:|1746103952\n|move|p2a: Giratina|Shadow Force||[still]\n|-prepare|p2a: Giratina|Shadow Force\n|move|p1b: Long Neck Friend|Foul Play|p2b: Calyrex\n|-supereffective|p2b: Calyrex\n|-damage|p2b: Calyrex|40/100\n|-activate|p1a: Suzuki|confusion\n|move|p1a: Suzuki|Low Kick|p2b: Calyrex\n|-damage|p2b: Calyrex|10/100\n|move|p2b: Calyrex|Trick Room|p2b: Calyrex\n|-fieldstart|move: Trick Room|[of] p2b: Calyrex\n|\n|-damage|p1a: Suzuki|53/100 brn|[from] brn\n|-sideend|p2: Rege1|move: Tailwind\n|upkeep\n|turn|5\n|\n|t:|1746103968\n|-activate|p1a: Suzuki|confusion\n|-damage|p1a: Suzuki|42/100 brn|[from] confusion\n|move|p2b: Calyrex|Glacial Lance|p1a: Suzuki|[spread] p1a,p1b\n|-damage|p1a: Suzuki|0 fnt\n|-damage|p1b: Long Neck Friend|65/100\n|faint|p1a: Suzuki\n|-end|p1a: Suzuki|Quark Drive|[silent]\n|-ability|p2b: Calyrex|Chilling Neigh|boost\n|-boost|p2b: Calyrex|atk|1\n|move|p2a: Giratina|Shadow Force|p1b: Long Neck Friend|[from] lockedmove\n|-immune|p1b: Long Neck Friend\n|move|p1b: Long Neck Friend|Trick Room|p1b: Long Neck Friend\n|-fieldend|move: Trick Room\n|\n|-fieldend|move: Electric Terrain\n|upkeep\n|\n|t:|1746103974\n|switch|p1a: I Go Brrr|Miraidon, L50, tera:Fairy|100/100\n|-fieldstart|move: Electric Terrain|[from] ability: Hadron Engine|[of] p1a: I Go Brrr\n|turn|6\n|\n|t:|1746103992\n|move|p1b: Long Neck Friend|Helping Hand|p1a: I Go Brrr\n|-singleturn|p1a: I Go Brrr|Helping Hand|[of] p1b: Long Neck Friend\n|move|p1a: I Go Brrr|Dazzling Gleam|p2b: Calyrex|[spread] p2a,p2b\n|-supereffective|p2a: Giratina\n|-damage|p2a: Giratina|0 fnt\n|-damage|p2b: Calyrex|0 fnt\n|faint|p2a: Giratina\n|faint|p2b: Calyrex\n|\n|win|sayam1111\n|raw|sayam1111's rating: 1212 &rarr; <strong>1226</strong><br />(+14 for winning)\n|raw|Rege1's rating: 1041 &rarr; <strong>1032</strong><br />(-9 for losing)\n|l|\u2606Rege1\n|player|p2|\n", "uploadtime": 1746104389, "views": 7, "formatid": "gen9vgc2025regibo3", "rating": 1032, "private": 0, "password": null}