{"id": "gen9vgc2025regibo3-2353421851", "format": "[Gen 9] VGC 2025 Reg I (Bo3)", "players": ["8bitbidoof", "Fayzginger"], "log": "|j|\u26068bitbidoof\n|j|\u2606Fayzginger\n|html|<table width=\"100%\"><tr><td align=\"left\">8bitbidoof</td><td align=\"right\">Fayzginger</tr><tr><td align=\"left\"><i class=\"fa fa-circle-o\"></i> <i class=\"fa fa-circle-o\"></i> </td><td align=\"right\"><i class=\"fa fa-circle-o\"></i> <i class=\"fa fa-circle-o\"></i> </tr></table>\n|uhtml|bestof|<h2><strong>Game 1</strong> of <a href=\"/game-bestof3-gen9vgc2025regibo3-2353421850\">a best-of-3</a></h2>\n|t:|1745954523\n|gametype|doubles\n|player|p1|8bitbidoof|102|1140\n|player|p2|Fayzginger|265|1241\n|teamsize|p1|6\n|teamsize|p2|6\n|gen|9\n|tier|[Gen 9] VGC 2025 Reg I (Bo3)\n|rated|\n|rule|Species Clause: Limit one of each Pok\u00e9mon\n|rule|Item Clause: Limit 1 of each item\n|clearpoke\n|poke|p1|Koraidon, L50|\n|poke|p1|Flutter Mane, L50|\n|poke|p1|Brute Bonnet, L50|\n|poke|p1|Chi-Yu, L50|\n|poke|p1|Lunala, L50|\n|poke|p1|Ursaluna, L50, F|\n|poke|p2|Zacian-*, L50|\n|poke|p2|Kyogre, L50|\n|poke|p2|Tornadus, L50, M|\n|poke|p2|Landorus, L50, M|\n|poke|p2|Rillaboom, L50, F|\n|poke|p2|Urshifu-*, L50, M|\n|teampreview|4\n|showteam|p1|Koraidon||ClearAmulet|OrichalcumPulse|FlareBlitz,CollisionCourse,FlameCharge,Protect||||||50|,,,,,Fire]Flutter Mane||FocusSash|Protosynthesis|Moonblast,ShadowBall,IcyWind,Protect||||||50|,,,,,Normal]Brute Bonnet||CovertCloak|Protosynthesis|SeedBomb,SuckerPunch,Spore,RagePowder||||||50|,,,,,Water]Chi-Yu||ChoiceScarf|BeadsofRuin|HeatWave,DarkPulse,Overheat,Snarl||||||50|,,,,,Ghost]Lunala||PowerHerb|ShadowShield|MoongeistBeam,MeteorBeam,WideGuard,TrickRoom||||||50|,,,,,Normal]Ursaluna||FlameOrb|Guts|Facade,HeadlongRush,Earthquake,Protect|||F|||50|,,,,,Water\n|showteam|p2|Zacian-Crowned||RustedSword|IntrepidSword|Protect,behemothblade,PlayRough,SacredSword||||||50|,,,,,Ground]Kyogre||MysticWater|Drizzle|Protect,WaterSpout,OriginPulse,IceBeam||||||50|,,,,,Grass]Tornadus||CovertCloak|Prankster|BleakwindStorm,RainDance,Tailwind,Taunt|||M|||50|,,,,,Dark]Landorus||LifeOrb|SheerForce|Protect,SandsearStorm,EarthPower,SludgeBomb|||M|||50|,,,,,Water]Rillaboom||AssaultVest|GrassySurge|FakeOut,GrassyGlide,WoodHammer,Uturn|||F|||50|,,,,,Fire]Urshifu-Rapid-Strike||FocusSash|UnseenFist|Detect,SurgingStrikes,CloseCombat,AquaJet|||M|||50|,,,,,Stellar\n|inactive|Battle timer is ON: inactive players will automatically lose when time's up. (requested by 8bitbidoof)\n|inactive|8bitbidoof has 60 seconds left.\n|inactive|8bitbidoof has 30 seconds left.\n|inactive|8bitbidoof has 20 seconds left.\n|\n|t:|1745954594\n|start\n|switch|p1a: Lunala|Lunala, L50|100/100\n|switch|p1b: Brute Bonnet|Brute Bonnet, L50|100/100\n|switch|p2a: The Nether|Kyogre, L50|100/100\n|switch|p2b: Flint|Tornadus, L50, M|100/100\n|-weather|RainDance|[from] ability: Drizzle|[of] p2a: The Nether\n|turn|1\n|inactive|8bitbidoof has 30 seconds left.\n|\n|t:|1745954621\n|-end|p1b: Brute Bonnet|Protosynthesis|[silent]\n|switch|p1b: Koraidon|Koraidon, L50|100/100\n|-weather|SunnyDay|[from] ability: Orichalcum Pulse|[of] p1b: Koraidon\n|-activate|p1b: Koraidon|Orichalcum Pulse|[source]\n|-terastallize|p2b: Flint|Dark\n|move|p2b: Flint|Taunt|p1a: Lunala\n|-start|p1a: Lunala|move: Taunt\n|move|p1a: Lunala|Meteor Beam||[still]\n|-prepare|p1a: Lunala|Meteor Beam\n|-boost|p1a: Lunala|spa|1\n|-enditem|p1a: Lunala|Power Herb\n|-anim|p1a: Lunala|Meteor Beam|p2b: Flint\n|-damage|p2b: Flint|25/100\n|move|p2a: The Nether|Water Spout|p1b: Koraidon|[spread] p1a,p1b\n|-resisted|p1b: Koraidon\n|-damage|p1a: Lunala|87/100\n|-damage|p1b: Koraidon|80/100\n|\n|-weather|SunnyDay|[upkeep]\n|upkeep\n|turn|2\n|inactive|8bitbidoof has 30 seconds left.\n|inactive|8bitbidoof has 20 seconds left.\n|\n|t:|1745954660\n|switch|p1b: Brute Bonnet|Brute Bonnet, L50|100/100\n|-activate|p1b: Brute Bonnet|ability: Protosynthesis\n|-start|p1b: Brute Bonnet|protosynthesisdef\n|move|p2b: Flint|Rain Dance|p2b: Flint\n|-weather|RainDance\n|-end|p1b: Brute Bonnet|Protosynthesis\n|move|p1a: Lunala|Moongeist Beam|p2b: Flint\n|-resisted|p2b: Flint\n|-damage|p2b: Flint|0 fnt\n|faint|p2b: Flint\n|move|p2a: The Nether|Origin Pulse|p1b: Brute Bonnet|[spread] p1a\n|-miss|p2a: The Nether|p1b: Brute Bonnet\n|-damage|p1a: Lunala|28/100\n|\n|-weather|RainDance|[upkeep]\n|upkeep\n|\n|t:|1745954666\n|switch|p2b: Buck Chucket|Zacian-Crowned, L50|100/100\n|-ability|p2b: Buck Chucket|Intrepid Sword|boost\n|-boost|p2b: Buck Chucket|atk|1\n|turn|3\n|inactive|8bitbidoof has 30 seconds left.\n|inactive|8bitbidoof has 20 seconds left.\n|\n|t:|1745954701\n|move|p2b: Buck Chucket|Play Rough|p1b: Brute Bonnet\n|-supereffective|p1b: Brute Bonnet\n|-damage|p1b: Brute Bonnet|7/100\n|move|p1a: Lunala|Moongeist Beam|p2a: The Nether\n|-damage|p2a: The Nether|39/100\n|move|p2a: The Nether|Origin Pulse|p1a: Lunala|[spread] p1a\n|-miss|p2a: The Nether|p1b: Brute Bonnet\n|-damage|p1a: Lunala|0 fnt\n|faint|p1a: Lunala\n|move|p1b: Brute Bonnet|Spore|p2b: Buck Chucket\n|-status|p2b: Buck Chucket|slp|[from] move: Spore\n|\n|-weather|RainDance|[upkeep]\n|upkeep\n|\n|t:|1745954720\n|switch|p1a: Koraidon|Koraidon, L50|80/100\n|-weather|SunnyDay|[from] ability: Orichalcum Pulse|[of] p1a: Koraidon\n|-activate|p1b: Brute Bonnet|ability: Protosynthesis\n|-start|p1b: Brute Bonnet|protosynthesisdef\n|-activate|p1a: Koraidon|Orichalcum Pulse|[source]\n|turn|4\n|\n|t:|1745954739\n|switch|p2a: Steve|Rillaboom, L50, F, shiny|100/100\n|-fieldstart|move: Grassy Terrain|[from] ability: Grassy Surge|[of] p2a: Steve\n|cant|p2b: Buck Chucket|slp\n|move|p1a: Koraidon|Flare Blitz|p2b: Buck Chucket\n|-supereffective|p2b: Buck Chucket\n|-damage|p2b: Buck Chucket|0 fnt\n|faint|p2b: Buck Chucket\n|-damage|p1a: Koraidon|49/100|[from] Recoil\n|move|p1b: Brute Bonnet|Spore|p2a: Steve\n|-immune|p2a: Steve\n|\n|-weather|SunnyDay|[upkeep]\n|-heal|p1a: Koraidon|55/100|[from] Grassy Terrain\n|-heal|p1b: Brute Bonnet|13/100|[from] Grassy Terrain\n|upkeep\n|\n|t:|1745954743\n|switch|p2b: The Nether|Kyogre, L50|39/100\n|-weather|RainDance|[from] ability: Drizzle|[of] p2b: The Nether\n|-end|p1b: Brute Bonnet|Protosynthesis\n|turn|5\n|\n|t:|1745954760\n|switch|p1a: Flutter Mane|Flutter Mane, L50|100/100\n|move|p2a: Steve|Fake Out|p1a: Flutter Mane\n|-immune|p1a: Flutter Mane\n|move|p1b: Brute Bonnet|Sucker Punch|p2b: The Nether\n|-damage|p2b: The Nether|14/100\n|move|p2b: The Nether|Origin Pulse|p1a: Flutter Mane|[spread] p1a\n|-miss|p2b: The Nether|p1b: Brute Bonnet\n|-damage|p1a: Flutter Mane|9/100\n|\n|-weather|RainDance|[upkeep]\n|-heal|p1a: Flutter Mane|15/100|[from] Grassy Terrain\n|-heal|p2b: The Nether|20/100|[from] Grassy Terrain\n|-heal|p1b: Brute Bonnet|19/100|[from] Grassy Terrain\n|upkeep\n|turn|6\n|inactive|8bitbidoof has 30 seconds left.\n|\n|t:|1745954791\n|-end|p1b: Brute Bonnet|Protosynthesis|[silent]\n|switch|p1b: Koraidon|Koraidon, L50|55/100\n|-weather|SunnyDay|[from] ability: Orichalcum Pulse|[of] p1b: Koraidon\n|-activate|p1a: Flutter Mane|ability: Protosynthesis\n|-start|p1a: Flutter Mane|protosynthesisspe\n|-activate|p1b: Koraidon|Orichalcum Pulse|[source]\n|move|p1a: Flutter Mane|Protect|p1a: Flutter Mane\n|-singleturn|p1a: Flutter Mane|Protect\n|move|p2b: The Nether|Protect|p2b: The Nether\n|-singleturn|p2b: The Nether|Protect\n|move|p2a: Steve|U-turn|p1b: Koraidon\n|-resisted|p1b: Koraidon\n|-damage|p1b: Koraidon|45/100\n|\n|-weather|SunnyDay|[upkeep]\n|-heal|p1a: Flutter Mane|21/100|[from] Grassy Terrain\n|-heal|p1b: Koraidon|51/100|[from] Grassy Terrain\n|-heal|p2b: The Nether|26/100|[from] Grassy Terrain\n|upkeep\n|turn|7\n|\n|t:|1745954810\n|-end|p1a: Flutter Mane|Protosynthesis|[silent]\n|switch|p1a: Brute Bonnet|Brute Bonnet, L50|19/100\n|-activate|p1a: Brute Bonnet|ability: Protosynthesis\n|-start|p1a: Brute Bonnet|protosynthesisdef\n|-terastallize|p1b: Koraidon|Fire\n|move|p2a: Steve|Grassy Glide|p1a: Brute Bonnet\n|-resisted|p1a: Brute Bonnet\n|-damage|p1a: Brute Bonnet|10/100\n|move|p1b: Koraidon|Flame Charge|p2a: Steve\n|-supereffective|p2a: Steve\n|-damage|p2a: Steve|0 fnt\n|-boost|p1b: Koraidon|spe|1\n|faint|p2a: Steve\n|move|p2b: The Nether|Ice Beam|p1b: Koraidon\n|-resisted|p1b: Koraidon\n|-damage|p1b: Koraidon|33/100\n|\n|-weather|SunnyDay|[upkeep]\n|-heal|p1b: Koraidon|40/100|[from] Grassy Terrain\n|-heal|p2b: The Nether|32/100|[from] Grassy Terrain\n|-heal|p1a: Brute Bonnet|16/100|[from] Grassy Terrain\n|upkeep\n|turn|8\n|-message|Fayzginger forfeited.\n|\n|win|8bitbidoof\n", "uploadtime": 1745954817, "views": 40, "formatid": "gen9vgc2025regibo3", "rating": null, "private": 0, "password": null}