{"id": "gen9vgc2025regibo3-2355112406", "format": "[Gen 9] VGC 2025 Reg I (Bo3)", "players": ["yami1251", "Mirkovi"], "log": "|j|\u2606yami1251\n|j|\u2606Mirkovi\n|html|<table width=\"100%\"><tr><td align=\"left\">yami1251</td><td align=\"right\">Mirkovi</tr><tr><td align=\"left\"><i class=\"fa fa-circle\"></i> <i class=\"fa fa-circle-o\"></i> </td><td align=\"right\"><i class=\"fa fa-circle-o\"></i> <i class=\"fa fa-circle-o\"></i> </tr></table>\n|uhtml|bestof|<h2><strong>Game 2</strong> of <a href=\"/game-bestof3-gen9vgc2025regibo3-2355110108\">a best-of-3</a></h2>\n|t:|1746154019\n|gametype|doubles\n|player|p1|yami1251|lucas|1025\n|player|p2|Mirkovi|lucas|1105\n|teamsize|p1|6\n|teamsize|p2|6\n|gen|9\n|tier|[Gen 9] VGC 2025 Reg I (Bo3)\n|rated|\n|rule|Species Clause: Limit one of each Pok\u00e9mon\n|rule|Item Clause: Limit 1 of each item\n|clearpoke\n|poke|p1|Miraidon, L50|\n|poke|p1|Urshifu-*, L50, M|\n|poke|p1|Incineroar, L50, M|\n|poke|p1|Ursaluna-Bloodmoon, L50, M|\n|poke|p1|Farigiraf, L50, F|\n|poke|p1|Whimsicott, L50, M|\n|poke|p2|Zamazenta-*, L50|\n|poke|p2|Amoonguss, L50, M|\n|poke|p2|Chien-Pao, L50|\n|poke|p2|Urshifu-*, L50, F|\n|poke|p2|Tornadus, L50, M|\n|poke|p2|Kyogre, L50|\n|teampreview|4\n|showteam|p1|Miraidon||ChoiceSpecs|HadronEngine|ElectroDrift,DazzlingGleam,DracoMeteor,VoltSwitch||||||50|,,,,,Electric]Urshifu-Rapid-Strike||ChoiceScarf|UnseenFist|SurgingStrikes,AquaJet,CloseCombat,Uturn|||M|||50|,,,,,Water]Incineroar||AssaultVest|Intimidate|FlareBlitz,KnockOff,Uturn,FakeOut|||M|||50|,,,,,Grass]Ursaluna-Bloodmoon||LifeOrb|MindsEye|BloodMoon,EarthPower,HyperVoice,Protect|||M|||50|,,,,,Normal]Farigiraf||ElectricSeed|ArmorTail|HyperVoice,Protect,TrickRoom,HelpingHand|||F|||50|,,,,,Water]Whimsicott||FocusSash|Prankster|Tailwind,Moonblast,Encore,Protect|||M|||50|,,,,,Grass\n|showteam|p2|Zamazenta-Crowned||RustedShield|DauntlessShield|BodyPress,HeavySlam,WideGuard,Protect||||||50|,,,,,Dragon]Amoonguss||RockyHelmet|Regenerator|Spore,RagePowder,PollenPuff,Protect|||M|||50|,,,,,Water]Chien-Pao||FocusSash|SwordofRuin|IceSpinner,SuckerPunch,ThroatChop,Protect||||||50|,,,,,Ghost]Urshifu-Rapid-Strike||ChoiceScarf|UnseenFist|SurgingStrikes,CloseCombat,Uturn,RainDance|||F|||50|,,,,,Water]Tornadus||CovertCloak|Prankster|BleakwindStorm,Tailwind,Taunt,RainDance|||M|||50|,,,,,Steel]Kyogre||MysticWater|Drizzle|OriginPulse,IceBeam,WaterSpout,Protect||||||50|,,,,,Grass\n|\n|t:|1746154073\n|start\n|switch|p1a: funni number|Miraidon, L50|100/100\n|switch|p1b: Whimsicott|Whimsicott, L50, M|100/100\n|switch|p2a: Tree Among Shrubs|Amoonguss, L50, M|100/100\n|switch|p2b: I Come With Mud|Tornadus, L50, M|100/100\n|-fieldstart|move: Electric Terrain|[from] ability: Hadron Engine|[of] p1a: funni number\n|turn|1\n|\n|t:|1746154119\n|-terastallize|p2b: I Come With Mud|Steel\n|move|p1b: Whimsicott|Tailwind|p1b: Whimsicott\n|-sidestart|p1: yami1251|move: Tailwind\n|move|p2b: I Come With Mud|Taunt|p1b: Whimsicott\n|-start|p1b: Whimsicott|move: Taunt\n|move|p1a: funni number|Volt Switch|p2b: I Come With Mud\n|-crit|p2b: I Come With Mud\n|-damage|p2b: I Come With Mud|0 fnt\n|faint|p2b: I Come With Mud\n|\n|t:|1746154132\n|switch|p1a: Incineroar|Incineroar, L50, M|100/100|[from] Volt Switch\n|-ability|p1a: Incineroar|Intimidate|boost\n|-unboost|p2a: Tree Among Shrubs|atk|1\n|move|p2a: Tree Among Shrubs|Spore|p1a: Incineroar\n|-activate|p1a: Incineroar|move: Electric Terrain\n|\n|upkeep\n|\n|t:|1746154140\n|switch|p2b: Kyogre|Kyogre, L50|100/100\n|-weather|RainDance|[from] ability: Drizzle|[of] p2b: Kyogre\n|turn|2\n|\n|t:|1746154152\n|move|p2a: Tree Among Shrubs|Protect|p2a: Tree Among Shrubs\n|-singleturn|p2a: Tree Among Shrubs|Protect\n|move|p1a: Incineroar|Fake Out|p2b: Kyogre\n|-damage|p2b: Kyogre|91/100\n|move|p1b: Whimsicott|Moonblast|p2b: Kyogre\n|-damage|p2b: Kyogre|71/100\n|cant|p2b: Kyogre|flinch\n|\n|-weather|RainDance|[upkeep]\n|upkeep\n|turn|3\n|\n|t:|1746154204\n|switch|p1b: Ursaluna|Ursaluna-Bloodmoon, L50, M|100/100\n|move|p1a: Incineroar|Knock Off|p2b: Kyogre\n|-damage|p2b: Kyogre|36/100\n|-enditem|p2b: Kyogre|Mystic Water|[from] move: Knock Off|[of] p1a: Incineroar\n|move|p2b: Kyogre|Water Spout|p1b: Ursaluna|[spread] p1a,p1b\n|-supereffective|p1a: Incineroar\n|-supereffective|p1b: Ursaluna\n|-damage|p1a: Incineroar|67/100\n|-damage|p1b: Ursaluna|5/100\n|move|p2a: Tree Among Shrubs|Pollen Puff|p2b: Kyogre\n|-heal|p2b: Kyogre|86/100\n|\n|-weather|RainDance|[upkeep]\n|upkeep\n|turn|4\n|\n|t:|1746154246\n|move|p1b: Ursaluna|Blood Moon|p2a: Tree Among Shrubs\n|-damage|p2a: Tree Among Shrubs|6/100\n|-damage|p1b: Ursaluna|0 fnt|[from] item: Life Orb\n|faint|p1b: Ursaluna\n|move|p1a: Incineroar|Knock Off|p2b: Kyogre\n|-damage|p2b: Kyogre|60/100\n|move|p2b: Kyogre|Water Spout|p1a: Incineroar\n|-supereffective|p1a: Incineroar\n|-damage|p1a: Incineroar|0 fnt\n|faint|p1a: Incineroar\n|move|p2a: Tree Among Shrubs|Pollen Puff|p2b: Kyogre\n|-heal|p2b: Kyogre|100/100\n|\n|-weather|RainDance|[upkeep]\n|-sideend|p1: yami1251|move: Tailwind\n|upkeep\n|\n|t:|1746154262\n|switch|p1b: funni number|Miraidon, L50|100/100\n|switch|p1a: Whimsicott|Whimsicott, L50, M|100/100\n|-activate|p1b: funni number|ability: Hadron Engine\n|turn|5\n|\n|t:|1746154301\n|-terastallize|p1b: funni number|Electric\n|move|p2b: Kyogre|Protect|p2b: Kyogre\n|-singleturn|p2b: Kyogre|Protect\n|move|p1a: Whimsicott|Tailwind|p1a: Whimsicott\n|-sidestart|p1: yami1251|move: Tailwind\n|move|p1b: funni number|Dazzling Gleam|p2a: Tree Among Shrubs|[spread] p2a\n|-activate|p2b: Kyogre|move: Protect\n|-resisted|p2a: Tree Among Shrubs\n|-damage|p2a: Tree Among Shrubs|0 fnt\n|faint|p2a: Tree Among Shrubs\n|\n|-weather|RainDance|[upkeep]\n|-fieldend|move: Electric Terrain\n|upkeep\n|\n|t:|1746154312\n|switch|p2a: Show Me How|Zamazenta-Crowned, L50|100/100\n|-ability|p2a: Show Me How|Dauntless Shield|boost\n|-boost|p2a: Show Me How|def|1\n|turn|6\n|\n|t:|1746154322\n|move|p2a: Show Me How|Wide Guard|p2a: Show Me How\n|-singleturn|p2a: Show Me How|Wide Guard\n|move|p1b: funni number|Dazzling Gleam|p2b: Kyogre|[spread] \n|-activate|p2a: Show Me How|move: Wide Guard\n|-activate|p2b: Kyogre|move: Wide Guard\n|move|p1a: Whimsicott|Moonblast|p2b: Kyogre\n|-damage|p2b: Kyogre|81/100\n|-unboost|p2b: Kyogre|spa|1\n|move|p2b: Kyogre|Water Spout|p1a: Whimsicott|[spread] p1a,p1b\n|-resisted|p1a: Whimsicott\n|-damage|p1a: Whimsicott|60/100\n|-damage|p1b: funni number|51/100\n|\n|-weather|none\n|upkeep\n|turn|7\n|\n|t:|1746154341\n|move|p2a: Show Me How|Wide Guard|p2a: Show Me How\n|-singleturn|p2a: Show Me How|Wide Guard\n|move|p1b: funni number|Dazzling Gleam|p2b: Kyogre|[spread] \n|-activate|p2a: Show Me How|move: Wide Guard\n|-activate|p2b: Kyogre|move: Wide Guard\n|move|p1a: Whimsicott|Moonblast|p2a: Show Me How\n|-damage|p2a: Show Me How|74/100\n|move|p2b: Kyogre|Ice Beam|p1a: Whimsicott\n|-supereffective|p1a: Whimsicott\n|-damage|p1a: Whimsicott|0 fnt\n|faint|p1a: Whimsicott\n|\n|upkeep\n|turn|8\n|-message|yami1251 forfeited.\n|\n|win|Mirkovi\n||Mirkovi is ready for game 3.\n||yami1251 is ready for game 3.\n|uhtml|next|Next: <a href=\"/battle-gen9vgc2025regibo3-2355115047\"><strong>Game 3 of 3</strong></a>\n|l|\u2606yami1251\n|player|p1|\n", "uploadtime": 1746154909, "views": 4, "formatid": "gen9vgc2025regibo3", "rating": null, "private": 0, "password": null}