{"id": "gen9vgc2025regibo3-2353646493", "format": "[Gen 9] VGC 2025 Reg I (Bo3)", "players": ["wefgrjcnc", "puli95"], "log": "|j|\u2606wefgrjcnc\n|j|\u2606puli95\n|html|<table width=\"100%\"><tr><td align=\"left\">wefgrjcnc</td><td align=\"right\">puli95</tr><tr><td align=\"left\"><i class=\"fa fa-circle-o\"></i> <i class=\"fa fa-circle-o\"></i> </td><td align=\"right\"><i class=\"fa fa-circle-o\"></i> <i class=\"fa fa-circle-o\"></i> </tr></table>\n|uhtml|bestof|<h2><strong>Game 1</strong> of <a href=\"/game-bestof3-gen9vgc2025regibo3-2353646491\">a best-of-3</a></h2>\n|t:|1745978563\n|gametype|doubles\n|player|p1|wefgrjcnc|2|1052\n|player|p2|puli95|101|1157\n|teamsize|p1|6\n|teamsize|p2|6\n|gen|9\n|tier|[Gen 9] VGC 2025 Reg I (Bo3)\n|rated|\n|rule|Species Clause: Limit one of each Pok\u00e9mon\n|rule|Item Clause: Limit 1 of each item\n|clearpoke\n|poke|p1|Ting-Lu, L50|\n|poke|p1|Zamazenta-*, L50|\n|poke|p1|Iron Hands, L50|\n|poke|p1|Brute Bonnet, L50|\n|poke|p1|Ogerpon, L50, F|\n|poke|p1|Miraidon, L50|\n|poke|p2|Lunala, L50|\n|poke|p2|Amoonguss, L50, M|\n|poke|p2|Koraidon, L50|\n|poke|p2|Indeedee-F, L50, F|\n|poke|p2|Iron Crown, L50|\n|poke|p2|Iron Hands, L50|\n|teampreview|4\n|showteam|p1|Ting-Lu||RedCard|VesselofRuin|Whirlwind,Ruination,StompingTantrum,Protect||||||50|,,,,,Poison]Zamazenta-Crowned||RustedShield|DauntlessShield|WideGuard,HeavySlam,BodyPress,Protect||||||50|,,,,,Fairy]Iron Hands||AssaultVest|QuarkDrive|FakeOut,WildCharge,CloseCombat,HeavySlam||||||50|,,,,,Grass]Brute Bonnet||SitrusBerry|Protosynthesis|Spore,SuckerPunch,Protect,ZenHeadbutt||||||50|,,,,,Grass]Ogerpon||LifeOrb|Defiant|FollowMe,Protect,IvyCudgel,KnockOff|||F|||50|,,,,,Grass]Miraidon||ChoiceSpecs|HadronEngine|VoltSwitch,Discharge,ElectroDrift,DracoMeteor||||||50|,,,,,Electric\n|showteam|p2|Lunala||Leftovers|ShadowShield|MoongeistBeam,MeteorBeam,Hypnosis,Protect||||||50|,,,,,Fairy]Amoonguss||CovertCloak|EffectSpore|SludgeBomb,RagePowder,Spore,Protect|||M|||50|,,,,,Fairy]Koraidon||ClearAmulet|OrichalcumPulse|CloseCombat,FlareBlitz,FlameCharge,Protect||||||50|,,,,,Fire]Indeedee-F||PsychicSeed|PsychicSurge|AlluringVoice,FollowMe,TrickRoom,HelpingHand|||F|||50|,,,,,Fire]Iron Crown||BoosterEnergy|QuarkDrive|TachyonCutter,ExpandingForce,TeraBlast,Protect||||||50|,,,,,Water]Iron Hands||AssaultVest|QuarkDrive|DrainPunch,WildCharge,FakeOut,LowKick||||||50|,,,,,Water\n|\n|t:|1745978608\n|start\n|switch|p1a: Ting-Lu|Ting-Lu, L50|100/100\n|switch|p1b: Brute Bonnet|Brute Bonnet, L50|100/100\n|switch|p2a: Koraidon|Koraidon, L50|100/100\n|switch|p2b: Indeedee|Indeedee-F, L50, F|100/100\n|-weather|SunnyDay|[from] ability: Orichalcum Pulse|[of] p2a: Koraidon\n|-activate|p1b: Brute Bonnet|ability: Protosynthesis\n|-start|p1b: Brute Bonnet|protosynthesisdef\n|-activate|p2a: Koraidon|Orichalcum Pulse|[source]\n|-fieldstart|move: Psychic Terrain|[from] ability: Psychic Surge|[of] p2b: Indeedee\n|-enditem|p2b: Indeedee|Psychic Seed\n|-boost|p2b: Indeedee|spd|1|[from] item: Psychic Seed\n|-ability|p1a: Ting-Lu|Vessel of Ruin\n|turn|1\n|\n|t:|1745978649\n|move|p2b: Indeedee|Helping Hand|p2a: Koraidon\n|-singleturn|p2a: Koraidon|Helping Hand|[of] p2b: Indeedee\n|move|p2a: Koraidon|Flame Charge|p1b: Brute Bonnet\n|-supereffective|p1b: Brute Bonnet\n|-damage|p1b: Brute Bonnet|50/100\n|-boost|p2a: Koraidon|spe|1\n|-enditem|p1b: Brute Bonnet|Sitrus Berry|[eat]\n|-heal|p1b: Brute Bonnet|75/100|[from] item: Sitrus Berry\n|move|p1b: Brute Bonnet|Spore|p2a: Koraidon\n|-status|p2a: Koraidon|slp|[from] move: Spore\n|move|p1a: Ting-Lu|Whirlwind|p2b: Indeedee\n|drag|p2b: Iron Crown|Iron Crown, L50|100/100\n|-enditem|p2b: Iron Crown|Booster Energy\n|-activate|p2b: Iron Crown|ability: Quark Drive|[fromitem]\n|-start|p2b: Iron Crown|quarkdrivespe\n|\n|-weather|SunnyDay|[upkeep]\n|upkeep\n|turn|2\n|\n|t:|1745978676\n|switch|p2a: Indeedee|Indeedee-F, L50, F|100/100\n|move|p2b: Iron Crown|Protect|p2b: Iron Crown\n|-singleturn|p2b: Iron Crown|Protect\n|move|p1b: Brute Bonnet|Spore|p2b: Iron Crown\n|-activate|p2b: Iron Crown|move: Protect\n|move|p1a: Ting-Lu|Ruination|p2b: Iron Crown\n|-activate|p2b: Iron Crown|move: Protect\n|\n|-weather|SunnyDay|[upkeep]\n|upkeep\n|turn|3\n|\n|t:|1745978693\n|move|p2a: Indeedee|Follow Me|p2a: Indeedee\n|-singleturn|p2a: Indeedee|move: Follow Me\n|move|p2b: Iron Crown|Tachyon Cutter|p1b: Brute Bonnet\n|-crit|p1b: Brute Bonnet\n|-damage|p1b: Brute Bonnet|54/100\n|-damage|p1b: Brute Bonnet|41/100\n|-hitcount|p1b: Brute Bonnet|2\n|move|p1b: Brute Bonnet|Spore|p2a: Indeedee\n|-status|p2a: Indeedee|slp|[from] move: Spore\n|move|p1a: Ting-Lu|Stomping Tantrum|p2a: Indeedee\n|-damage|p2a: Indeedee|71/100 slp\n|\n|-weather|SunnyDay|[upkeep]\n|upkeep\n|turn|4\n|\n|t:|1745978715\n|-end|p2b: Iron Crown|Quark Drive|[silent]\n|switch|p2b: Koraidon|Koraidon, L50|100/100 slp\n|-activate|p2b: Koraidon|ability: Orichalcum Pulse\n|switch|p2a: Lunala|Lunala, L50|100/100\n|move|p1b: Brute Bonnet|Spore|p2b: Koraidon\n|-fail|p2b: Koraidon|slp\n|move|p1a: Ting-Lu|Ruination|p2b: Koraidon\n|-damage|p2b: Koraidon|50/100 slp\n|\n|-weather|SunnyDay|[upkeep]\n|upkeep\n|turn|5\n|\n|t:|1745978739\n|cant|p2b: Koraidon|slp\n|move|p2a: Lunala|Hypnosis|p1a: Ting-Lu\n|-status|p1a: Ting-Lu|slp|[from] move: Hypnosis\n|move|p1b: Brute Bonnet|Spore|p2a: Lunala\n|-status|p2a: Lunala|slp|[from] move: Spore\n|cant|p1a: Ting-Lu|slp\n|\n|-weather|none\n|-end|p1b: Brute Bonnet|Protosynthesis\n|-fieldend|move: Psychic Terrain\n|upkeep\n|turn|6\n|\n|t:|1745978758\n|switch|p2a: Indeedee|Indeedee-F, L50, F|71/100 slp\n|-fieldstart|move: Psychic Terrain|[from] ability: Psychic Surge|[of] p2a: Indeedee\n|-end|p1b: Brute Bonnet|Protosynthesis|[silent]\n|switch|p1b: Miraidon|Miraidon, L50|100/100\n|-fieldstart|move: Electric Terrain|[from] ability: Hadron Engine|[of] p1b: Miraidon\n|-curestatus|p2b: Koraidon|slp|[msg]\n|move|p2b: Koraidon|Flare Blitz|p1b: Miraidon\n|-resisted|p1b: Miraidon\n|-damage|p1b: Miraidon|82/100\n|-status|p1b: Miraidon|brn\n|-damage|p2b: Koraidon|45/100|[from] Recoil\n|-curestatus|p1a: Ting-Lu|slp|[msg]\n|move|p1a: Ting-Lu|Stomping Tantrum|p2b: Koraidon\n|-damage|p2b: Koraidon|0 fnt\n|faint|p2b: Koraidon\n|\n|-damage|p1b: Miraidon|76/100 brn|[from] brn\n|upkeep\n|\n|t:|1745978780\n|switch|p2b: Lunala|Lunala, L50|100/100 slp\n|turn|7\n|\n|t:|1745978789\n|switch|p2a: Iron Crown|Iron Crown, L50|100/100\n|-activate|p2a: Iron Crown|ability: Quark Drive\n|-start|p2a: Iron Crown|quarkdrivespe\n|move|p1b: Miraidon|Discharge|p2b: Lunala|[spread] p2a,p2b\n|-immune|p1a: Ting-Lu\n|-crit|p2b: Lunala\n|-damage|p2a: Iron Crown|41/100\n|-damage|p2b: Lunala|64/100 slp\n|-status|p2a: Iron Crown|par\n|cant|p2b: Lunala|slp\n|move|p1a: Ting-Lu|Ruination|p2b: Lunala\n|-damage|p2b: Lunala|32/100 slp\n|\n|-heal|p2b: Lunala|38/100 slp|[from] item: Leftovers\n|-damage|p1b: Miraidon|70/100 brn|[from] brn\n|upkeep\n|turn|8\n|\n|t:|1745978812\n|switch|p2b: Indeedee|Indeedee-F, L50, F|71/100 slp\n|-fieldstart|move: Psychic Terrain|[from] ability: Psychic Surge|[of] p2b: Indeedee\n|-end|p2a: Iron Crown|Quark Drive\n|move|p1b: Miraidon|Discharge|p2a: Iron Crown|[spread] p2a,p2b\n|-immune|p1a: Ting-Lu\n|-damage|p2a: Iron Crown|6/100 par\n|-damage|p2b: Indeedee|37/100 slp\n|move|p2a: Iron Crown|Expanding Force|p1a: Ting-Lu|[spread] p1b\n|-immune|p1a: Ting-Lu\n|-damage|p1b: Miraidon|32/100 brn\n|move|p1a: Ting-Lu|Stomping Tantrum|p2a: Iron Crown\n|-supereffective|p2a: Iron Crown\n|-damage|p2a: Iron Crown|0 fnt\n|faint|p2a: Iron Crown\n|-end|p2a: Iron Crown|Quark Drive|[silent]\n|\n|-damage|p1b: Miraidon|27/100 brn|[from] brn\n|upkeep\n|-message|puli95 forfeited.\n|\n|win|wefgrjcnc\n|l|\u2606puli95\n|player|p2|\n|raw|wefgrjcnc's rating: 1052 &rarr; <strong>1094</strong><br />(+42 for winning)\n|raw|puli95's rating: 1157 &rarr; <strong>1125</strong><br />(-32 for losing)\n", "uploadtime": 1745978832, "views": 13, "formatid": "gen9vgc2025regibo3", "rating": 1094, "private": 0, "password": null}