{"id": "gen9vgc2025regibo3-2354006874", "format": "[Gen 9] VGC 2025 Reg I (Bo3)", "players": ["jambro31", "mtgbb"], "log": "|j|\u2606jambro31\n|j|\u2606mtgbb\n|html|<table width=\"100%\"><tr><td align=\"left\">jambro31</td><td align=\"right\">mtgbb</tr><tr><td align=\"left\"><i class=\"fa fa-circle-o\"></i> <i class=\"fa fa-circle-o\"></i> </td><td align=\"right\"><i class=\"fa fa-circle-o\"></i> <i class=\"fa fa-circle-o\"></i> </tr></table>\n|uhtml|bestof|<h2><strong>Game 1</strong> of <a href=\"/game-bestof3-gen9vgc2025regibo3-2354006873\">a best-of-3</a></h2>\n|t:|1746026921\n|gametype|doubles\n|player|p1|jambro31|pokemonranger-gen4|1099\n|player|p2|mtgbb|1|1001\n|teamsize|p1|6\n|teamsize|p2|6\n|gen|9\n|tier|[Gen 9] VGC 2025 Reg I (Bo3)\n|rated|\n|rule|Species Clause: Limit one of each Pok\u00e9mon\n|rule|Item Clause: Limit 1 of each item\n|clearpoke\n|poke|p1|Rillaboom, L50, F|\n|poke|p1|Kyogre, L50|\n|poke|p1|Zacian-*, L50|\n|poke|p1|Tornadus, L50, M|\n|poke|p1|Farigiraf, L50, F|\n|poke|p1|Rhydon, L50, F|\n|poke|p2|Inteleon, L50, M|\n|poke|p2|Meowscarada, L50, M|\n|poke|p2|Amoonguss, L50, M|\n|poke|p2|Cresselia, L50, F|\n|poke|p2|Urshifu-*, L50, F|\n|poke|p2|Chi-Yu, L50|\n|teampreview|4\n|showteam|p1|Rillaboom||AssaultVest|GrassySurge|FakeOut,Uturn,GrassyGlide,HighHorsepower|||F|||50|,,,,,Water]Kyogre||ChoiceScarf|Drizzle|WaterSpout,IceBeam,Thunder,OriginPulse||||||50|,,,,,Water]Zacian-Crowned||RustedSword|IntrepidSword|behemothblade,PlayRough,Protect,SwordsDance||||||50|,,,,,Fairy]Tornadus||CovertCloak|Prankster|Tailwind,BleakwindStorm,Taunt,RainDance|||M|||50|,,,,,Dark]Farigiraf||ThroatSpray|ArmorTail|TrickRoom,PsychicNoise,HyperVoice,Protect|||F|||50|,,,,,Normal]Rhydon||Eviolite|LightningRod|DrillRun,HelpingHand,BodyPress,HeavySlam|||F|||50|,,,,,Grass\n|showteam|p2|Inteleon||FocusSash|Torrent|WaterPledge,IceBeam,Protect,ShadowBall|||M|||50|,,,,,Ghost]Meowscarada||LifeOrb|Overgrow|GrassPledge,KnockOff,SuckerPunch,Protect|||M|||50|,,,,,Grass]Amoonguss||RockyHelmet|Regenerator|Spore,RagePowder,PollenPuff,Protect|||M|||50|,,,,,Water]Cresselia||SafetyGoggles|Levitate|TrickRoom,HelpingHand,LunarBlessing,IceBeam|||F|||50|,,,,,Fairy]Urshifu-Rapid-Strike||ChoiceScarf|UnseenFist|SurgingStrikes,CloseCombat,AquaJet,Uturn|||F|||50|,,,,,Water]Chi-Yu||BoosterEnergy|BeadsofRuin|HeatWave,DarkPulse,Protect,TeraBlast||||||50|,,,,,Fire\n|inactive|Battle timer is ON: inactive players will automatically lose when time's up. (requested by mtgbb)\n|\n|t:|1746026947\n|start\n|switch|p1a: Kyogre|Kyogre, L50, shiny|100/100\n|switch|p1b: Rillaboom|Rillaboom, L50, F|100/100\n|switch|p2a: Inteleon|Inteleon, L50, M|100/100\n|switch|p2b: Meowscarada|Meowscarada, L50, M|100/100\n|-weather|RainDance|[from] ability: Drizzle|[of] p1a: Kyogre\n|-fieldstart|move: Grassy Terrain|[from] ability: Grassy Surge|[of] p1b: Rillaboom\n|turn|1\n|inactive|jambro31 has 30 seconds left.\n|\n|t:|1746026978\n|switch|p1b: Farigiraf|Farigiraf, L50, F|100/100\n|-terastallize|p1a: Kyogre|Water\n|move|p2b: Meowscarada|Protect|p2b: Meowscarada\n|-singleturn|p2b: Meowscarada|Protect\n|move|p2a: Inteleon|Protect|p2a: Inteleon\n|-singleturn|p2a: Inteleon|Protect\n|move|p1a: Kyogre|Water Spout|p2b: Meowscarada|[spread] \n|-activate|p2a: Inteleon|move: Protect\n|-activate|p2b: Meowscarada|move: Protect\n|\n|-weather|RainDance|[upkeep]\n|upkeep\n|turn|2\n|\n|t:|1746026994\n|move|p1a: Kyogre|Water Spout|p2a: Inteleon|[spread] p2a,p2b\n|-resisted|p2a: Inteleon\n|-resisted|p2b: Meowscarada\n|-enditem|p2a: Inteleon|Focus Sash\n|-damage|p2a: Inteleon|1/100\n|-damage|p2b: Meowscarada|0 fnt\n|faint|p2b: Meowscarada\n|move|p2a: Inteleon|Water Pledge|p1a: Kyogre\n|-resisted|p1a: Kyogre\n|-damage|p1a: Kyogre|65/100\n|move|p1b: Farigiraf|Hyper Voice|p2a: Inteleon\n|-damage|p2a: Inteleon|0 fnt\n|faint|p2a: Inteleon\n|-enditem|p1b: Farigiraf|Throat Spray\n|-boost|p1b: Farigiraf|spa|1|[from] item: Throat Spray\n|\n|-weather|RainDance|[upkeep]\n|-heal|p1a: Kyogre|71/100|[from] Grassy Terrain\n|upkeep\n|\n|t:|1746027010\n|switch|p2b: Urshifu|Urshifu-Rapid-Strike, L50, F|100/100\n|switch|p2a: Amoonguss|Amoonguss, L50, M|100/100\n|turn|3\n|\n|t:|1746027022\n|-terastallize|p2a: Amoonguss|Water\n|move|p1a: Kyogre|Water Spout|p2a: Amoonguss|[spread] p2a,p2b\n|-resisted|p2a: Amoonguss\n|-resisted|p2b: Urshifu\n|-damage|p2a: Amoonguss|62/100\n|-damage|p2b: Urshifu|34/100\n|move|p2b: Urshifu|Surging Strikes|p1b: Farigiraf\n|-crit|p1b: Farigiraf\n|-damage|p1b: Farigiraf|67/100\n|-crit|p1b: Farigiraf\n|-damage|p1b: Farigiraf|35/100\n|-crit|p1b: Farigiraf\n|-damage|p1b: Farigiraf|2/100\n|-hitcount|p1b: Farigiraf|3\n|move|p1b: Farigiraf|Psychic Noise|p2a: Amoonguss\n|-damage|p2a: Amoonguss|26/100\n|-start|p2a: Amoonguss|move: Heal Block\n|move|p2a: Amoonguss|Spore|p1a: Kyogre\n|-status|p1a: Kyogre|slp|[from] move: Spore\n|\n|-weather|RainDance|[upkeep]\n|-heal|p1a: Kyogre|78/100 slp|[from] Grassy Terrain\n|-heal|p2b: Urshifu|39/100|[from] Grassy Terrain\n|-heal|p1b: Farigiraf|8/100|[from] Grassy Terrain\n|upkeep\n|turn|4\n|inactive|mtgbb has 30 seconds left.\n|inactive|mtgbb has 20 seconds left.\n|inactive|mtgbb has 15 seconds left.\n|inactive|mtgbb has 10 seconds left.\n|\n|t:|1746027067\n|switch|p1a: Rillaboom|Rillaboom, L50, F|100/100\n|move|p2b: Urshifu|Surging Strikes|p1b: Farigiraf\n|-crit|p1b: Farigiraf\n|-damage|p1b: Farigiraf|0 fnt\n|faint|p1b: Farigiraf\n|-hitcount|p1: Farigiraf|1\n|move|p2a: Amoonguss|Pollen Puff|p1a: Rillaboom\n|-supereffective|p1a: Rillaboom\n|-damage|p1a: Rillaboom|64/100\n|\n|-weather|RainDance|[upkeep]\n|-heal|p2b: Urshifu|45/100|[from] Grassy Terrain\n|-heal|p1a: Rillaboom|70/100|[from] Grassy Terrain\n|-end|p2a: Amoonguss|move: Heal Block\n|upkeep\n|\n|t:|1746027081\n|switch|p1b: Kyogre|Kyogre, L50, shiny, tera:Water|78/100 slp\n|turn|5\n|\n|t:|1746027090\n|move|p1a: Rillaboom|Grassy Glide|p2b: Urshifu\n|-supereffective|p2b: Urshifu\n|-damage|p2b: Urshifu|0 fnt\n|faint|p2b: Urshifu\n|cant|p1b: Kyogre|slp\n|move|p2a: Amoonguss|Pollen Puff|p1a: Rillaboom\n|-supereffective|p1a: Rillaboom\n|-damage|p1a: Rillaboom|35/100\n|\n|-weather|none\n|-heal|p1b: Kyogre|84/100 slp|[from] Grassy Terrain\n|-heal|p1a: Rillaboom|41/100|[from] Grassy Terrain\n|-heal|p2a: Amoonguss|32/100|[from] Grassy Terrain\n|-fieldend|move: Grassy Terrain\n|upkeep\n|turn|6\n|-message|mtgbb forfeited.\n|\n|win|jambro31\n|l|\u2606mtgbb\n|player|p2|\n||jambro31 is ready for game 2.\n||mtgbb is ready for game 2.\n|uhtml|next|Next: <a href=\"/battle-gen9vgc2025regibo3-2354008950\"><strong>Game 2 of 3</strong></a>\n|l|\u2606jambro31\n|player|p1|\n", "uploadtime": 1746027376, "views": 7, "formatid": "gen9vgc2025regibo3", "rating": null, "private": 0, "password": null}