{"id": "gen9vgc2025regibo3-2353553317", "format": "[Gen 9] VGC 2025 Reg I (Bo3)", "players": ["Mentalsyndrome", "Chaoticfarmer"], "log": "|j|\u2606Mentalsyndrome\n|j|\u2606Chaoticfarmer\n|html|<table width=\"100%\"><tr><td align=\"left\">Mentalsyndrome</td><td align=\"right\">Chaoticfarmer</tr><tr><td align=\"left\"><i class=\"fa fa-circle-o\"></i> <i class=\"fa fa-circle-o\"></i> </td><td align=\"right\"><i class=\"fa fa-circle-o\"></i> <i class=\"fa fa-circle\"></i> </tr></table>\n|uhtml|bestof|<h2><strong>Game 2</strong> of <a href=\"/game-bestof3-gen9vgc2025regibo3-2353551632\">a best-of-3</a></h2>\n|t:|1745967587\n|gametype|doubles\n|player|p1|Mentalsyndrome|101|1275\n|player|p2|Chaoticfarmer|norman|1340\n|teamsize|p1|6\n|teamsize|p2|6\n|gen|9\n|tier|[Gen 9] VGC 2025 Reg I (Bo3)\n|rated|\n|rule|Species Clause: Limit one of each Pok\u00e9mon\n|rule|Item Clause: Limit 1 of each item\n|clearpoke\n|poke|p1|Bastiodon, L50, F|\n|poke|p1|Flutter Mane, L50|\n|poke|p1|Farigiraf, L50, M|\n|poke|p1|Koraidon, L50|\n|poke|p1|Groudon, L50|\n|poke|p1|Brute Bonnet, L50|\n|poke|p2|Tornadus, L50, M|\n|poke|p2|Zacian-*, L50|\n|poke|p2|Landorus, L50, M|\n|poke|p2|Kyogre, L50|\n|poke|p2|Incineroar, L50, F|\n|poke|p2|Farigiraf, L50, F|\n|teampreview|4\n|showteam|p1|Bastiodon||Leftovers|Sturdy|IronDefense,BodyPress,WideGuard,FoulPlay|||F|||50|,,,,,Water]Flutter Mane||FocusSash|Protosynthesis|IcyWind,Moonblast,Protect,Taunt||||||50|,,,,,Normal]Farigiraf||ThroatSpray|ArmorTail|HyperVoice,Psychic,SunnyDay,TrickRoom|||M|||50|,,,,,Grass]Koraidon||ClearAmulet|OrichalcumPulse|FlareBlitz,FlameCharge,CloseCombat,Protect||||||50|,,,,,Fire]Groudon||AssaultVest|Drought|PrecipiceBlades,HeatCrash,ThunderPunch,HighHorsepower||||||50|,,,,,Fire]Brute Bonnet||CovertCloak|Protosynthesis|SuckerPunch,Spore,RagePowder,SeedBomb||||||50|,,,,,Poison\n|showteam|p2|Tornadus||CovertCloak|Prankster|BleakwindStorm,Tailwind,RainDance,Taunt|||M|||50|,,,,,Electric]Zacian-Crowned||RustedSword|IntrepidSword|behemothblade,PlayRough,WildCharge,Protect||||||50|,,,,,Fairy]Landorus||LifeOrb|SheerForce|EarthPower,SandsearStorm,SludgeBomb,Protect|||M|||50|,,,,,Water]Kyogre||SitrusBerry|Drizzle|WaterSpout,OriginPulse,Thunder,IceBeam||||||50|,,,,,Grass]Incineroar||AssaultVest|Intimidate|FakeOut,Snarl,KnockOff,Uturn|||F|||50|,,,,,Bug]Farigiraf||SafetyGoggles|ArmorTail|FoulPlay,Psychic,HelpingHand,TrickRoom|||F|||50|,,,,,Fairy\n|inactive|Battle timer is ON: inactive players will automatically lose when time's up. (requested by Chaoticfarmer)\n|inactive|Mentalsyndrome also wants the timer to be on.\n|\n|t:|1745967612\n|start\n|switch|p1a: Don Steadman|Flutter Mane, L50|100/100\n|switch|p1b: Don Groo|Groudon, L50|100/100\n|switch|p2a: Tornadus|Tornadus, L50, M|100/100\n|switch|p2b: Zacian|Zacian-Crowned, L50|100/100\n|-ability|p2b: Zacian|Intrepid Sword|boost\n|-boost|p2b: Zacian|atk|1\n|-weather|SunnyDay|[from] ability: Drought|[of] p1b: Don Groo\n|-activate|p1a: Don Steadman|ability: Protosynthesis\n|-start|p1a: Don Steadman|protosynthesisspe\n|turn|1\n|inactive|Mentalsyndrome has 30 seconds left.\n|inactive|Chaoticfarmer has 30 seconds left.\n|\n|t:|1745967643\n|-terastallize|p2b: Zacian|Fairy\n|move|p1a: Don Steadman|Protect|p1a: Don Steadman\n|-singleturn|p1a: Don Steadman|Protect\n|move|p2a: Tornadus|Tailwind|p2a: Tornadus\n|-sidestart|p2: Chaoticfarmer|move: Tailwind\n|move|p2b: Zacian|Behemoth Blade|p1a: Don Steadman\n|-activate|p1a: Don Steadman|move: Protect\n|move|p1b: Don Groo|High Horsepower|p2b: Zacian\n|-damage|p2b: Zacian|54/100\n|\n|-weather|SunnyDay|[upkeep]\n|upkeep\n|turn|2\n|inactive|Mentalsyndrome has 30 seconds left.\n|\n|t:|1745967673\n|-terastallize|p1b: Don Groo|Fire\n|move|p2a: Tornadus|Rain Dance|p2a: Tornadus\n|-weather|RainDance\n|-end|p1a: Don Steadman|Protosynthesis\n|move|p2b: Zacian|Play Rough|p1b: Don Groo\n|-resisted|p1b: Don Groo\n|-damage|p1b: Don Groo|68/100\n|move|p1a: Don Steadman|Moonblast|p2b: Zacian\n|-damage|p2b: Zacian|12/100\n|move|p1b: Don Groo|High Horsepower|p2b: Zacian\n|-crit|p2b: Zacian\n|-damage|p2b: Zacian|0 fnt\n|faint|p2b: Zacian\n|\n|-weather|RainDance|[upkeep]\n|upkeep\n|\n|t:|1745967694\n|switch|p2b: Kyogre|Kyogre, L50|100/100\n|turn|3\n|\n|t:|1745967698\n|switch|p1b: Don Hotwheels|Koraidon, L50|100/100\n|-weather|SunnyDay|[from] ability: Orichalcum Pulse|[of] p1b: Don Hotwheels\n|-activate|p1a: Don Steadman|ability: Protosynthesis\n|-start|p1a: Don Steadman|protosynthesisspe\n|-activate|p1b: Don Hotwheels|Orichalcum Pulse|[source]\n|move|p2a: Tornadus|Rain Dance|p2a: Tornadus\n|-weather|RainDance\n|-end|p1a: Don Steadman|Protosynthesis\n|move|p2b: Kyogre|Water Spout|p1b: Don Hotwheels|[spread] p1a,p1b\n|-resisted|p1b: Don Hotwheels\n|-enditem|p1a: Don Steadman|Focus Sash\n|-damage|p1a: Don Steadman|1/100\n|-damage|p1b: Don Hotwheels|46/100\n|move|p1a: Don Steadman|Icy Wind|p2a: Tornadus|[spread] p2b\n|-miss|p1a: Don Steadman|p2a: Tornadus\n|-resisted|p2b: Kyogre\n|-damage|p2b: Kyogre|95/100\n|-unboost|p2b: Kyogre|spe|1\n|\n|-weather|RainDance|[upkeep]\n|upkeep\n|turn|4\n|\n|t:|1745967721\n|move|p1a: Don Steadman|Protect|p1a: Don Steadman\n|-singleturn|p1a: Don Steadman|Protect\n|move|p1b: Don Hotwheels|Protect|p1b: Don Hotwheels\n|-singleturn|p1b: Don Hotwheels|Protect\n|move|p2a: Tornadus|Bleakwind Storm|p1b: Don Hotwheels|[spread] \n|-activate|p1a: Don Steadman|move: Protect\n|-activate|p1b: Don Hotwheels|move: Protect\n|move|p2b: Kyogre|Ice Beam|p1a: Don Steadman\n|-activate|p1a: Don Steadman|move: Protect\n|\n|-weather|RainDance|[upkeep]\n|-sideend|p2: Chaoticfarmer|move: Tailwind\n|upkeep\n|turn|5\n|\n|t:|1745967727\n|switch|p1b: Don Groo|Groudon, L50, tera:Fire|68/100\n|-weather|SunnyDay|[from] ability: Drought|[of] p1b: Don Groo\n|-activate|p1a: Don Steadman|ability: Protosynthesis\n|-start|p1a: Don Steadman|protosynthesisspe\n|move|p2a: Tornadus|Tailwind|p2a: Tornadus\n|-sidestart|p2: Chaoticfarmer|move: Tailwind\n|move|p1a: Don Steadman|Icy Wind|p2a: Tornadus|[spread] p2a,p2b\n|-supereffective|p2a: Tornadus\n|-resisted|p2b: Kyogre\n|-damage|p2a: Tornadus|66/100\n|-damage|p2b: Kyogre|90/100\n|-unboost|p2b: Kyogre|spe|1\n|move|p2b: Kyogre|Ice Beam|p1b: Don Groo\n|-resisted|p1b: Don Groo\n|-damage|p1b: Don Groo|57/100\n|\n|-weather|SunnyDay|[upkeep]\n|upkeep\n|turn|6\n|\n|t:|1745967743\n|switch|p1b: Don Beignet|Brute Bonnet, L50|100/100\n|-activate|p1b: Don Beignet|ability: Protosynthesis\n|-start|p1b: Don Beignet|protosynthesisdef\n|move|p2a: Tornadus|Rain Dance|p2a: Tornadus\n|-weather|RainDance\n|-end|p1a: Don Steadman|Protosynthesis\n|-end|p1b: Don Beignet|Protosynthesis\n|move|p1a: Don Steadman|Moonblast|p2b: Kyogre\n|-damage|p2b: Kyogre|54/100\n|-unboost|p2b: Kyogre|spa|1\n|move|p2b: Kyogre|Water Spout|p1b: Don Beignet|[spread] p1a,p1b\n|-resisted|p1b: Don Beignet\n|-damage|p1a: Don Steadman|0 fnt\n|-damage|p1b: Don Beignet|85/100\n|faint|p1a: Don Steadman\n|-end|p1a: Don Steadman|Protosynthesis|[silent]\n|\n|-weather|RainDance|[upkeep]\n|upkeep\n|\n|t:|1745967750\n|switch|p1a: Don Hotwheels|Koraidon, L50|46/100\n|-weather|SunnyDay|[from] ability: Orichalcum Pulse|[of] p1a: Don Hotwheels\n|-activate|p1b: Don Beignet|ability: Protosynthesis\n|-start|p1b: Don Beignet|protosynthesisdef\n|-activate|p1a: Don Hotwheels|Orichalcum Pulse|[source]\n|turn|7\n|inactive|Chaoticfarmer has 30 seconds left.\n|inactive|Chaoticfarmer has 20 seconds left.\n|\n|t:|1745967789\n|move|p1a: Don Hotwheels|Protect|p1a: Don Hotwheels\n|-singleturn|p1a: Don Hotwheels|Protect\n|move|p2a: Tornadus|Rain Dance|p2a: Tornadus\n|-weather|RainDance\n|-end|p1b: Don Beignet|Protosynthesis\n|move|p2b: Kyogre|Ice Beam|p1a: Don Hotwheels\n|-activate|p1a: Don Hotwheels|move: Protect\n|move|p1b: Don Beignet|Seed Bomb|p2b: Kyogre\n|-supereffective|p2b: Kyogre\n|-damage|p2b: Kyogre|0 fnt\n|faint|p2b: Kyogre\n|\n|-weather|RainDance|[upkeep]\n|upkeep\n|\n|t:|1745967792\n|switch|p2b: Landorus|Landorus, L50, M|100/100\n|turn|8\n|\n|t:|1745967812\n|move|p2a: Tornadus|Bleakwind Storm|p1b: Don Beignet|[spread] p1a,p1b\n|-supereffective|p1a: Don Hotwheels\n|-supereffective|p1b: Don Beignet\n|-damage|p1a: Don Hotwheels|0 fnt\n|-damage|p1b: Don Beignet|30/100\n|faint|p1a: Don Hotwheels\n|move|p2b: Landorus|Sludge Bomb|p1b: Don Beignet\n|-supereffective|p1b: Don Beignet\n|-damage|p1b: Don Beignet|0 fnt\n|faint|p1b: Don Beignet\n|-end|p1b: Don Beignet|Protosynthesis|[silent]\n|\n|-weather|RainDance|[upkeep]\n|-sideend|p2: Chaoticfarmer|move: Tailwind\n|upkeep\n|\n|t:|1745967816\n|switch|p1b: Don Groo|Groudon, L50, tera:Fire|57/100\n|-weather|SunnyDay|[from] ability: Drought|[of] p1b: Don Groo\n|turn|9\n|-message|Mentalsyndrome forfeited.\n|\n|win|Chaoticfarmer\n|raw|Mentalsyndrome's rating: 1275 &rarr; <strong>1255</strong><br />(-20 for losing)\n|raw|Chaoticfarmer's rating: 1340 &rarr; <strong>1356</strong><br />(+16 for winning)\n|l|\u2606Mentalsyndrome\n|player|p1|\n", "uploadtime": 1745967829, "views": 7, "formatid": "gen9vgc2025regibo3", "rating": 1255, "private": 0, "password": null}