{"id": "gen9vgc2025regibo3-2354999042", "format": "[Gen 9] VGC 2025 Reg I (Bo3)", "players": ["speedyturtle87", "LunaSunChris"], "log": "|j|\u2606speedyturtle87\n|j|\u2606LunaSunChris\n|html|<table width=\"100%\"><tr><td align=\"left\">speedyturtle87</td><td align=\"right\">LunaSunChris</tr><tr><td align=\"left\"><i class=\"fa fa-circle-o\"></i> <i class=\"fa fa-circle-o\"></i> </td><td align=\"right\"><i class=\"fa fa-circle-o\"></i> <i class=\"fa fa-circle\"></i> </tr></table>\n|uhtml|bestof|<h2><strong>Game 2</strong> of <a href=\"/game-bestof3-gen9vgc2025regibo3-2354997203\">a best-of-3</a></h2>\n|t:|1746140351\n|gametype|doubles\n|player|p1|speedyturtle87|carmine|1257\n|player|p2|LunaSunChris|rood|1221\n|teamsize|p1|6\n|teamsize|p2|6\n|gen|9\n|tier|[Gen 9] VGC 2025 Reg I (Bo3)\n|rated|\n|rule|Species Clause: Limit one of each Pok\u00e9mon\n|rule|Item Clause: Limit 1 of each item\n|clearpoke\n|poke|p1|Miraidon, L50|\n|poke|p1|Chien-Pao, L50|\n|poke|p1|Iron Hands, L50|\n|poke|p1|Farigiraf, L50, M|\n|poke|p1|Kyogre, L50|\n|poke|p1|Landorus, L50, M|\n|poke|p2|Groudon, L50|\n|poke|p2|Lunala, L50|\n|poke|p2|Incineroar, L50, F|\n|poke|p2|Ribombee, L50, F|\n|poke|p2|Walking Wake, L50|\n|poke|p2|Rillaboom, L50, F|\n|teampreview|4\n|showteam|p1|Miraidon||ChoiceSpecs|HadronEngine|ElectroDrift,VoltSwitch,DracoMeteor,DazzlingGleam||||||50|,,,,,Fairy]Chien-Pao||FocusSash|SwordofRuin|SuckerPunch,ThroatChop,IcicleCrash,Protect||||||50|,,,,,Ghost]Iron Hands||AssaultVest|QuarkDrive|FakeOut,LowKick,WildCharge,HeavySlam||||||50|,,,,,Bug]Farigiraf||ThroatSpray|ArmorTail|HyperVoice,PsychicNoise,TrickRoom,Protect|||M|||50|,,,,,Fairy]Kyogre||ChoiceScarf|Drizzle|HydroPump,WaterSpout,IceBeam,Thunder||||||50|,,,,,Water]Landorus||LifeOrb|SheerForce|EarthPower,SandsearStorm,SludgeBomb,Protect|||M|||50|,,,,,Water\n|showteam|p2|Groudon||ClearAmulet|Drought|PrecipiceBlades,HeatCrash,StompingTantrum,Protect||||||50|,,,,,Fire]Lunala||PowerHerb|ShadowShield|MoongeistBeam,MeteorBeam,WideGuard,TrickRoom||||||50|,,,,,Fairy]Incineroar||SafetyGoggles|Intimidate|KnockOff,FakeOut,FlareBlitz,PartingShot|||F|||50|,,,,,Ghost]Ribombee||FocusSash|SweetVeil|Moonblast,Tailwind,SunnyDay,PollenPuff|||F|||50|,,,,,Ghost]Walking Wake||LifeOrb|Protosynthesis|WeatherBall,HydroSteam,DracoMeteor,Protect||||||50|,,,,,Fire]Rillaboom||AssaultVest|GrassySurge|FakeOut,GrassyGlide,Uturn,WoodHammer|||F|||50|,,,,,Fire\n|inactive|Battle timer is ON: inactive players will automatically lose when time's up. (requested by speedyturtle87)\n|c|\u2606speedyturtle87|glhf\n|c|\u2606LunaSunChris|glhf\n|inactive|speedyturtle87 has 60 seconds left.\n|\n|t:|1746140383\n|start\n|switch|p1a: Chien-Pao|Chien-Pao, L50|100/100\n|switch|p1b: Iron Hands|Iron Hands, L50|100/100\n|switch|p2a: Rillaboom|Rillaboom, L50, F|100/100\n|switch|p2b: Lunala|Lunala, L50|100/100\n|-ability|p1a: Chien-Pao|Sword of Ruin\n|-fieldstart|move: Grassy Terrain|[from] ability: Grassy Surge|[of] p2a: Rillaboom\n|turn|1\n|inactive|speedyturtle87 has 30 seconds left.\n|inactive|LunaSunChris has 30 seconds left.\n|inactive|LunaSunChris has 20 seconds left.\n|inactive|LunaSunChris has 15 seconds left.\n|inactive|LunaSunChris has 10 seconds left.\n|\n|t:|1746140431\n|-terastallize|p1a: Chien-Pao|Ghost\n|move|p2a: Rillaboom|Fake Out|p1a: Chien-Pao\n|-immune|p1a: Chien-Pao\n|move|p1b: Iron Hands|Fake Out|p2b: Lunala\n|-immune|p2b: Lunala\n|move|p1a: Chien-Pao|Throat Chop|p2b: Lunala\n|-supereffective|p2b: Lunala\n|-damage|p2b: Lunala|14/100\n|-start|p2b: Lunala|Throat Chop|[silent]\n|move|p2b: Lunala|Meteor Beam||[still]\n|-prepare|p2b: Lunala|Meteor Beam\n|-boost|p2b: Lunala|spa|1\n|-enditem|p2b: Lunala|Power Herb\n|-anim|p2b: Lunala|Meteor Beam|p1b: Iron Hands\n|-resisted|p1b: Iron Hands\n|-damage|p1b: Iron Hands|83/100\n|\n|-heal|p2b: Lunala|21/100|[from] Grassy Terrain\n|-heal|p1b: Iron Hands|89/100|[from] Grassy Terrain\n|upkeep\n|turn|2\n|inactive|speedyturtle87 has 30 seconds left.\n|inactive|LunaSunChris has 30 seconds left.\n|\n|t:|1746140459\n|move|p1a: Chien-Pao|Icicle Crash|p2b: Lunala\n|-damage|p2b: Lunala|0 fnt\n|faint|p2b: Lunala\n|move|p2a: Rillaboom|Wood Hammer|p1a: Chien-Pao\n|-enditem|p1a: Chien-Pao|Focus Sash\n|-damage|p1a: Chien-Pao|1/100\n|-damage|p2a: Rillaboom|75/100|[from] Recoil\n|move|p1b: Iron Hands|Low Kick|p2a: Rillaboom\n|-damage|p2a: Rillaboom|10/100\n|\n|-heal|p1a: Chien-Pao|7/100|[from] Grassy Terrain\n|-heal|p2a: Rillaboom|16/100|[from] Grassy Terrain\n|-heal|p1b: Iron Hands|95/100|[from] Grassy Terrain\n|upkeep\n|\n|t:|1746140472\n|switch|p2b: Groudon|Groudon, L50|100/100\n|-weather|SunnyDay|[from] ability: Drought|[of] p2b: Groudon\n|turn|3\n|\n|t:|1746140487\n|-end|p1b: Iron Hands|Quark Drive|[silent]\n|switch|p1b: Landorus|Landorus, L50, M|100/100\n|move|p1a: Chien-Pao|Protect|p1a: Chien-Pao\n|-singleturn|p1a: Chien-Pao|Protect\n|move|p2b: Groudon|Precipice Blades|p1a: Chien-Pao|[spread] \n|-activate|p1a: Chien-Pao|move: Protect\n|-immune|p1b: Landorus\n|move|p2a: Rillaboom|U-turn|p1b: Landorus\n|-resisted|p1b: Landorus\n|-damage|p1b: Landorus|82/100\n|\n|t:|1746140497\n|switch|p2a: Walking Wake|Walking Wake, L50|100/100|[from] U-turn\n|-activate|p2a: Walking Wake|ability: Protosynthesis\n|-start|p2a: Walking Wake|protosynthesisspe\n|\n|-weather|SunnyDay|[upkeep]\n|-heal|p1a: Chien-Pao|13/100|[from] Grassy Terrain\n|upkeep\n|turn|4\n|inactive|LunaSunChris has 30 seconds left.\n|inactive|LunaSunChris has 20 seconds left.\n|inactive|LunaSunChris has 15 seconds left.\n|\n|t:|1746140540\n|switch|p1b: Kyogre|Kyogre, L50|100/100\n|-weather|RainDance|[from] ability: Drizzle|[of] p1b: Kyogre\n|-end|p2a: Walking Wake|Protosynthesis\n|move|p1a: Chien-Pao|Icicle Crash|p2a: Walking Wake\n|-damage|p2a: Walking Wake|42/100\n|move|p2a: Walking Wake|Hydro Steam|p1b: Kyogre\n|-resisted|p1b: Kyogre\n|-damage|p1b: Kyogre|70/100\n|-damage|p2a: Walking Wake|32/100|[from] item: Life Orb\n|move|p2b: Groudon|Stomping Tantrum|p1a: Chien-Pao\n|-damage|p1a: Chien-Pao|0 fnt\n|faint|p1a: Chien-Pao\n|\n|-weather|RainDance|[upkeep]\n|-heal|p1b: Kyogre|76/100|[from] Grassy Terrain\n|-heal|p2a: Walking Wake|38/100|[from] Grassy Terrain\n|upkeep\n|\n|t:|1746140555\n|switch|p1a: Iron Hands|Iron Hands, L50|95/100\n|turn|5\n|\n|t:|1746140565\n|move|p2a: Walking Wake|Protect|p2a: Walking Wake\n|-singleturn|p2a: Walking Wake|Protect\n|move|p2b: Groudon|Protect|p2b: Groudon\n|-singleturn|p2b: Groudon|Protect\n|move|p1a: Iron Hands|Fake Out|p2a: Walking Wake\n|-activate|p2a: Walking Wake|move: Protect\n|move|p1b: Kyogre|Water Spout|p2b: Groudon|[spread] \n|-activate|p2a: Walking Wake|move: Protect\n|-activate|p2b: Groudon|move: Protect\n|\n|-weather|RainDance|[upkeep]\n|-heal|p1b: Kyogre|82/100|[from] Grassy Terrain\n|-heal|p2a: Walking Wake|43/100|[from] Grassy Terrain\n|-heal|p1a: Iron Hands|100/100|[from] Grassy Terrain\n|-fieldend|move: Grassy Terrain\n|upkeep\n|turn|6\n|inactive|LunaSunChris has 30 seconds left.\n|j| entei enthusiast\n|inactive|LunaSunChris has 20 seconds left.\n|\n|t:|1746140604\n|move|p1b: Kyogre|Water Spout|p2a: Walking Wake|[spread] p2a,p2b\n|-resisted|p2a: Walking Wake\n|-supereffective|p2b: Groudon\n|-damage|p2a: Walking Wake|22/100\n|-damage|p2b: Groudon|0 fnt\n|faint|p2b: Groudon\n|move|p2a: Walking Wake|Draco Meteor|p1b: Kyogre\n|-damage|p1b: Kyogre|16/100\n|-unboost|p2a: Walking Wake|spa|2\n|-damage|p2a: Walking Wake|12/100|[from] item: Life Orb\n|move|p1a: Iron Hands|Low Kick|p2a: Walking Wake\n|-damage|p2a: Walking Wake|0 fnt\n|faint|p2a: Walking Wake\n|-end|p2a: Walking Wake|Protosynthesis|[silent]\n|\n|-weather|RainDance|[upkeep]\n|upkeep\n|\n|t:|1746140612\n|switch|p2b: Rillaboom|Rillaboom, L50, F|16/100\n|-fieldstart|move: Grassy Terrain|[from] ability: Grassy Surge|[of] p2b: Rillaboom\n|turn|7\n|l| entei enthusiast\n|\n|t:|1746140624\n|move|p2b: Rillaboom|Grassy Glide|p1b: Kyogre\n|-supereffective|p1b: Kyogre\n|-damage|p1b: Kyogre|0 fnt\n|faint|p1b: Kyogre\n|move|p1a: Iron Hands|Low Kick|p2b: Rillaboom\n|-damage|p2b: Rillaboom|0 fnt\n|faint|p2b: Rillaboom\n|\n|win|speedyturtle87\n||speedyturtle87 is ready for game 3.\n||LunaSunChris is ready for game 3.\n|uhtml|next|Next: <a href=\"/battle-gen9vgc2025regibo3-2355001372\"><strong>Game 3 of 3</strong></a>\n|l|\u2606speedyturtle87\n|player|p1|\n|l|\u2606LunaSunChris\n|player|p2|\n", "uploadtime": 1746140627, "views": 5, "formatid": "gen9vgc2025regibo3", "rating": null, "private": 0, "password": null}