{"id": "gen9vgc2025regibo3-2354673847", "format": "[Gen 9] VGC 2025 Reg I (Bo3)", "players": ["OPNEW", "Hugepaiya"], "log": "|j|\u2606OPNEW\n|j|\u2606Hugepaiya\n|html|<table width=\"100%\"><tr><td align=\"left\">OPNEW</td><td align=\"right\">Hugepaiya</tr><tr><td align=\"left\"><i class=\"fa fa-circle-o\"></i> <i class=\"fa fa-circle-o\"></i> </td><td align=\"right\"><i class=\"fa fa-circle-o\"></i> <i class=\"fa fa-circle\"></i> </tr></table>\n|uhtml|bestof|<h2><strong>Game 2</strong> of <a href=\"/game-bestof3-gen9vgc2025regibo3-2354670421\">a best-of-3</a></h2>\n|t:|1746109471\n|gametype|doubles\n|player|p1|OPNEW|101|1080\n|player|p2|Hugepaiya|acetrainerf|1089\n|teamsize|p1|6\n|teamsize|p2|6\n|gen|9\n|tier|[Gen 9] VGC 2025 Reg I (Bo3)\n|rated|\n|rule|Species Clause: Limit one of each Pok\u00e9mon\n|rule|Item Clause: Limit 1 of each item\n|clearpoke\n|poke|p1|Calyrex-Shadow, L50|\n|poke|p1|Koraidon, L50|\n|poke|p1|Ogerpon-Cornerstone, L50, F|\n|poke|p1|Weezing-Galar, L50, M|\n|poke|p1|Farigiraf, L50, M|\n|poke|p1|Murkrow, L50, F|\n|poke|p2|Miraidon, L50|\n|poke|p2|Whimsicott, L50, M|\n|poke|p2|Farigiraf, L50, F|\n|poke|p2|Iron Hands, L50|\n|poke|p2|Calyrex-Shadow, L50|\n|poke|p2|Chi-Yu, L50|\n|teampreview|4\n|showteam|p1|Calyrex-Shadow||FocusSash|AsOneSpectrier|AstralBarrage,Psychic,NastyPlot,Protect||||||50|,,,,,Normal]Koraidon||AbilityShield|OrichalcumPulse|CollisionCourse,FlareBlitz,FlameCharge,Protect||||||50|,,,,,Fire]Ogerpon-Cornerstone||CornerstoneMask|Sturdy|IvyCudgel,SpikyShield,WoodHammer,FollowMe|||F|||50|,,,,,Rock]Weezing-Galar||CovertCloak|NeutralizingGas|Taunt,PoisonGas,Protect,DazzlingGleam|||M|||50|,,,,,Water]Farigiraf||SitrusBerry|ArmorTail|Psychic,FoulPlay,TrickRoom,HelpingHand|||M|||50|,,,,,Ground]Murkrow||Eviolite|Prankster|Tailwind,Haze,ThunderWave,FoulPlay|||F|||50|,,,,,Ghost\n|showteam|p2|Miraidon||ChoiceSpecs|HadronEngine|ElectroDrift,DracoMeteor,VoltSwitch,DazzlingGleam||||||50|,,,,,Fairy]Whimsicott||CovertCloak|Prankster|Tailwind,Encore,LightScreen,Moonblast|||M|||50|,,,,,Dark]Farigiraf||ElectricSeed|ArmorTail|Psychic,FoulPlay,HelpingHand,TrickRoom|||F|||50|,,,,,Dark]Iron Hands||AssaultVest|QuarkDrive|LowKick,DrainPunch,ThunderPunch,FakeOut||||||50|,,,,,Water]Calyrex-Shadow||FocusSash|AsOneSpectrier|AstralBarrage,Psychic,PollenPuff,Protect||||||50|,,,,,Normal]Chi-Yu||ChoiceScarf|BeadsofRuin|Snarl,Overheat,DarkPulse,HeatWave||||||50|,,,,,Ghost\n|\n|t:|1746109553\n|start\n|switch|p1a: Calyrex|Calyrex-Shadow, L50|100/100\n|switch|p1b: Ogerpon|Ogerpon-Cornerstone, L50, F|100/100\n|switch|p2a: Miraidon|Miraidon, L50|100/100\n|switch|p2b: Iron Hands|Iron Hands, L50|100/100\n|-ability|p1a: Calyrex|As One\n|-ability|p1a: Calyrex|Unnerve\n|-fieldstart|move: Electric Terrain|[from] ability: Hadron Engine|[of] p2a: Miraidon\n|-activate|p2b: Iron Hands|ability: Quark Drive\n|-start|p2b: Iron Hands|quarkdriveatk\n|turn|1\n|inactive|Battle timer is ON: inactive players will automatically lose when time's up. (requested by OPNEW)\n|\n|t:|1746109594\n|move|p1a: Calyrex|Protect|p1a: Calyrex\n|-singleturn|p1a: Calyrex|Protect\n|move|p1b: Ogerpon|Spiky Shield|p1b: Ogerpon\n|-singleturn|p1b: Ogerpon|move: Protect\n|move|p2b: Iron Hands|Fake Out|p1b: Ogerpon\n|-activate|p1b: Ogerpon|move: Protect\n|-damage|p2b: Iron Hands|88/100|[from] Spiky Shield|[of] p1b: Ogerpon\n|move|p2a: Miraidon|Volt Switch|p1a: Calyrex\n|-activate|p1a: Calyrex|move: Protect\n|\n|upkeep\n|turn|2\n|\n|t:|1746109613\n|-end|p2b: Iron Hands|Quark Drive|[silent]\n|switch|p2b: Whimsicott|Whimsicott, L50, M|100/100\n|move|p1b: Ogerpon|Follow Me|p1b: Ogerpon\n|-singleturn|p1b: Ogerpon|move: Follow Me\n|move|p1a: Calyrex|Nasty Plot|p1a: Calyrex\n|-boost|p1a: Calyrex|spa|2\n|move|p2a: Miraidon|Volt Switch|p1b: Ogerpon\n|-resisted|p1b: Ogerpon\n|-damage|p1b: Ogerpon|43/100\n|\n|t:|1746109622\n|switch|p2a: Calyrex|Calyrex-Shadow, L50|100/100|[from] Volt Switch\n|-ability|p2a: Calyrex|As One\n|-ability|p2a: Calyrex|Unnerve\n|\n|upkeep\n|turn|3\n|\n|t:|1746109640\n|-terastallize|p1a: Calyrex|Normal\n|move|p1b: Ogerpon|Follow Me|p1b: Ogerpon\n|-singleturn|p1b: Ogerpon|move: Follow Me\n|move|p2b: Whimsicott|Tailwind|p2b: Whimsicott\n|-sidestart|p2: Hugepaiya|move: Tailwind\n|move|p2a: Calyrex|Astral Barrage|p1b: Ogerpon|[spread] p1b\n|-immune|p1a: Calyrex\n|-damage|p1b: Ogerpon|0 fnt\n|faint|p1b: Ogerpon\n|-ability|p2a: Calyrex|Grim Neigh|boost\n|-boost|p2a: Calyrex|spa|1\n|move|p1a: Calyrex|Astral Barrage|p2b: Whimsicott|[spread] p2a,p2b\n|-supereffective|p2a: Calyrex\n|-enditem|p2a: Calyrex|Focus Sash\n|-damage|p2a: Calyrex|1/100\n|-damage|p2b: Whimsicott|0 fnt\n|faint|p2b: Whimsicott\n|-ability|p1a: Calyrex|Grim Neigh|boost\n|-boost|p1a: Calyrex|spa|1\n|\n|upkeep\n|\n|t:|1746109663\n|switch|p2b: Iron Hands|Iron Hands, L50|88/100\n|switch|p1b: Murkrow|Murkrow, L50, F|100/100\n|-activate|p2b: Iron Hands|ability: Quark Drive\n|-start|p2b: Iron Hands|quarkdriveatk\n|turn|4\n|inactive|Hugepaiya has 30 seconds left.\n|\n|t:|1746109690\n|move|p2b: Iron Hands|Fake Out|p1b: Murkrow\n|-damage|p1b: Murkrow|74/100\n|cant|p1b: Murkrow|flinch\n|move|p2a: Calyrex|Psychic|p1a: Calyrex\n|-damage|p1a: Calyrex|10/100\n|move|p1a: Calyrex|Astral Barrage|p2a: Calyrex|[spread] p2a,p2b\n|-supereffective|p2a: Calyrex\n|-damage|p2a: Calyrex|0 fnt\n|-damage|p2b: Iron Hands|6/100\n|faint|p2a: Calyrex\n|-ability|p1a: Calyrex|Grim Neigh|boost\n|-boost|p1a: Calyrex|spa|1\n|\n|upkeep\n|\n|t:|1746109700\n|switch|p2a: Miraidon|Miraidon, L50|100/100\n|-activate|p2a: Miraidon|ability: Hadron Engine\n|turn|5\n|\n|t:|1746109709\n|-terastallize|p2a: Miraidon|Fairy\n|move|p1b: Murkrow|Tailwind|p1b: Murkrow\n|-sidestart|p1: OPNEW|move: Tailwind\n|move|p1a: Calyrex|Astral Barrage|p2b: Iron Hands|[spread] p2a,p2b\n|-damage|p2a: Miraidon|0 fnt\n|-damage|p2b: Iron Hands|0 fnt\n|faint|p2a: Miraidon\n|faint|p2b: Iron Hands\n|-end|p2b: Iron Hands|Quark Drive|[silent]\n|\n|win|OPNEW\n||Hugepaiya is ready for game 3.\n||OPNEW is ready for game 3.\n|uhtml|next|Next: <a href=\"/battle-gen9vgc2025regibo3-2354676391\"><strong>Game 3 of 3</strong></a>\n", "uploadtime": 1746109950, "views": 5, "formatid": "gen9vgc2025regibo3", "rating": null, "private": 0, "password": null}