{"id": "gen9vgc2025regibo3-2354821087", "format": "[Gen 9] VGC 2025 Reg I (Bo3)", "players": ["kevsux", "Dix6"], "log": "|j|\u2606kevsux\n|j|\u2606Dix6\n|html|<table width=\"100%\"><tr><td align=\"left\">kevsux</td><td align=\"right\">Dix6</tr><tr><td align=\"left\"><i class=\"fa fa-circle-o\"></i> <i class=\"fa fa-circle-o\"></i> </td><td align=\"right\"><i class=\"fa fa-circle-o\"></i> <i class=\"fa fa-circle-o\"></i> </tr></table>\n|uhtml|bestof|<h2><strong>Game 1</strong> of <a href=\"/game-bestof3-gen9vgc2025regibo3-2354821086\">a best-of-3</a></h2>\n|t:|1746122644\n|gametype|doubles\n|player|p1|kevsux|brendan-gen3|1043\n|player|p2|Dix6|169|1110\n|teamsize|p1|6\n|teamsize|p2|6\n|gen|9\n|tier|[Gen 9] VGC 2025 Reg I (Bo3)\n|rated|\n|rule|Species Clause: Limit one of each Pok\u00e9mon\n|rule|Item Clause: Limit 1 of each item\n|clearpoke\n|poke|p1|Calyrex-Shadow, L50|\n|poke|p1|Terapagos, L50, M|\n|poke|p1|Incineroar, L50, M|\n|poke|p1|Ogerpon-Cornerstone, L50, F|\n|poke|p1|Urshifu-*, L50, F|\n|poke|p1|Rillaboom, L50, F|\n|poke|p2|Koraidon, L50|\n|poke|p2|Ho-Oh, L50|\n|poke|p2|Incineroar, L50, M|\n|poke|p2|Rillaboom, L50, F|\n|poke|p2|Walking Wake, L50|\n|poke|p2|Flutter Mane, L50|\n|teampreview|4\n|showteam|p1|Calyrex-Shadow||FocusSash|AsOneSpectrier|AstralBarrage,WillOWisp,Disable,Protect||||||50|,,,,,Ghost]Terapagos||Leftovers|TeraShift|TeraStarstorm,EarthPower,CalmMind,Protect|||M|||50|,,,,,Stellar]Incineroar||SitrusBerry|Intimidate|FakeOut,KnockOff,WillOWisp,PartingShot|||M|||50|,,,,,Water]Ogerpon-Cornerstone||CornerstoneMask|Sturdy|IvyCudgel,PowerWhip,FollowMe,SpikyShield|||F|||50|,,,,,Rock]Urshifu-Rapid-Strike||SplashPlate|UnseenFist|SurgingStrikes,CloseCombat,AquaJet,Detect|||F|||50|,,,,,Water]Rillaboom||AssaultVest|GrassySurge|FakeOut,WoodHammer,GrassyGlide,Uturn|||F|||50|,,,,,Fire\n|showteam|p2|Koraidon||LifeOrb|OrichalcumPulse|CloseCombat,FlareBlitz,DragonClaw,Protect||||||50|,,,,,Fire]Ho-Oh||ClearAmulet|Regenerator|BraveBird,SacredFire,Tailwind,Protect||||||50|,,,,,Electric]Incineroar||SafetyGoggles|Intimidate|KnockOff,WillOWisp,FakeOut,PartingShot|||M|||50|,,,,,Water]Rillaboom||AssaultVest|GrassySurge|WoodHammer,Uturn,GrassyGlide,FakeOut|||F|||50|,,,,,Fire]Walking Wake||CovertCloak|Protosynthesis|HydroSteam,DracoMeteor,Snarl,Protect||||||50|,,,,,Water]Flutter Mane||FocusSash|Protosynthesis|Moonblast,ShadowBall,IcyWind,Protect||||||50|,,,,,Normal\n|inactive|Battle timer is ON: inactive players will automatically lose when time's up. (requested by kevsux)\n|\n|t:|1746122666\n|start\n|switch|p1a: Ogerpon|Ogerpon-Cornerstone, L50, F|100/100\n|switch|p1b: Terapagos|Terapagos, L50, M|100/100\n|switch|p2a: Ho-Oh|Ho-Oh, L50|100/100\n|switch|p2b: Incineroar|Incineroar, L50, M|100/100\n|-activate|p1b: Terapagos|ability: Tera Shift\n|detailschange|p1b: Terapagos|Terapagos-Terastal, L50, M\n|-heal|p1b: Terapagos|100/100|[silent]\n|-ability|p2b: Incineroar|Intimidate|boost\n|-unboost|p1a: Ogerpon|atk|1\n|-unboost|p1b: Terapagos|atk|1\n|turn|1\n|\n|t:|1746122682\n|move|p2b: Incineroar|Fake Out|p1a: Ogerpon\n|-resisted|p1a: Ogerpon\n|-damage|p1a: Ogerpon|95/100\n|cant|p1a: Ogerpon|flinch\n|move|p2a: Ho-Oh|Tailwind|p2a: Ho-Oh\n|-sidestart|p2: Dix6|move: Tailwind\n|move|p1b: Terapagos|Calm Mind|p1b: Terapagos\n|-boost|p1b: Terapagos|spa|1\n|-boost|p1b: Terapagos|spd|1\n|\n|upkeep\n|turn|2\n|\n|t:|1746122696\n|move|p1a: Ogerpon|Spiky Shield|p1a: Ogerpon\n|-singleturn|p1a: Ogerpon|move: Protect\n|move|p2a: Ho-Oh|Brave Bird|p1a: Ogerpon\n|-activate|p1a: Ogerpon|move: Protect\n|-damage|p2a: Ho-Oh|88/100|[from] Spiky Shield|[of] p1a: Ogerpon\n|move|p2b: Incineroar|Knock Off|p1b: Terapagos\n|-activate|p1b: Terapagos|ability: Tera Shell\n|-resisted|p1b: Terapagos\n|-damage|p1b: Terapagos|89/100\n|-enditem|p1b: Terapagos|Leftovers|[from] move: Knock Off|[of] p2b: Incineroar\n|move|p1b: Terapagos|Calm Mind|p1b: Terapagos\n|-boost|p1b: Terapagos|spa|1\n|-boost|p1b: Terapagos|spd|1\n|\n|upkeep\n|turn|3\n|inactive|kevsux has 30 seconds left.\n|\n|t:|1746122725\n|move|p1a: Ogerpon|Follow Me|p1a: Ogerpon\n|-singleturn|p1a: Ogerpon|move: Follow Me\n|move|p2a: Ho-Oh|Brave Bird|p1a: Ogerpon\n|-damage|p1a: Ogerpon|35/100\n|-damage|p2a: Ho-Oh|73/100|[from] Recoil\n|move|p2b: Incineroar|Parting Shot|p1a: Ogerpon\n|-unboost|p1a: Ogerpon|atk|1\n|-unboost|p1a: Ogerpon|spa|1\n|\n|t:|1746122738\n|switch|p2b: Koraidon|Koraidon, L50|100/100|[from] Parting Shot\n|-weather|SunnyDay|[from] ability: Orichalcum Pulse|[of] p2b: Koraidon\n|-activate|p2b: Koraidon|Orichalcum Pulse|[source]\n|move|p1b: Terapagos|Tera Starstorm|p2b: Koraidon\n|-damage|p2b: Koraidon|7/100\n|\n|-weather|SunnyDay|[upkeep]\n|upkeep\n|turn|4\n|\n|t:|1746122752\n|move|p1a: Ogerpon|Spiky Shield|p1a: Ogerpon\n|-singleturn|p1a: Ogerpon|move: Protect\n|move|p1b: Terapagos|Protect|p1b: Terapagos\n|-singleturn|p1b: Terapagos|Protect\n|move|p2b: Koraidon|Close Combat|p1b: Terapagos\n|-activate|p1b: Terapagos|move: Protect\n|move|p2a: Ho-Oh|Sacred Fire|p1b: Terapagos\n|-activate|p1b: Terapagos|move: Protect\n|\n|-weather|SunnyDay|[upkeep]\n|-sideend|p2: Dix6|move: Tailwind\n|upkeep\n|turn|5\n|\n|t:|1746122767\n|-terastallize|p2a: Ho-Oh|Electric\n|-terastallize|p1b: Terapagos|Stellar\n|detailschange|p1b: Terapagos|Terapagos-Stellar, L50, M, tera:Stellar\n|-heal|p1b: Terapagos|91/100|[silent]\n|-ability|p1b: Terapagos|Teraform Zero\n|-weather|none\n|move|p2b: Koraidon|Protect|p2b: Koraidon\n|-singleturn|p2b: Koraidon|Protect\n|move|p1a: Ogerpon|Follow Me|p1a: Ogerpon\n|-singleturn|p1a: Ogerpon|move: Follow Me\n|move|p2a: Ho-Oh|Tailwind|p2a: Ho-Oh\n|-sidestart|p2: Dix6|move: Tailwind\n|move|p1b: Terapagos|Tera Starstorm|p2a: Ho-Oh|[spread] p2a\n|-activate|p2b: Koraidon|move: Protect\n|-supereffective|p2a: Ho-Oh\n|-damage|p2a: Ho-Oh|0 fnt\n|faint|p2a: Ho-Oh\n|\n|upkeep\n|\n|t:|1746122787\n|switch|p2a: Flutter Mane|Flutter Mane, L50|100/100\n|turn|6\n|\n|t:|1746122798\n|move|p1a: Ogerpon|Spiky Shield|p1a: Ogerpon\n|-singleturn|p1a: Ogerpon|move: Protect\n|move|p1b: Terapagos|Protect|p1b: Terapagos\n|-singleturn|p1b: Terapagos|Protect\n|move|p2a: Flutter Mane|Moonblast|p1b: Terapagos\n|-activate|p1b: Terapagos|move: Protect\n|move|p2b: Koraidon|Close Combat|p1b: Terapagos\n|-activate|p1b: Terapagos|move: Protect\n|\n|upkeep\n|turn|7\n|inactive|kevsux has 30 seconds left.\n|\n|t:|1746122825\n|move|p1a: Ogerpon|Follow Me|p1a: Ogerpon\n|-singleturn|p1a: Ogerpon|move: Follow Me\n|move|p2a: Flutter Mane|Shadow Ball|p1a: Ogerpon\n|-damage|p1a: Ogerpon|0 fnt\n|faint|p1a: Ogerpon\n|move|p2b: Koraidon|Close Combat|p1b: Terapagos\n|-supereffective|p1b: Terapagos\n|-damage|p1b: Terapagos|7/100\n|-unboost|p2b: Koraidon|def|1\n|-unboost|p2b: Koraidon|spd|1\n|-damage|p2b: Koraidon|0 fnt|[from] item: Life Orb\n|faint|p2b: Koraidon\n|move|p1b: Terapagos|Tera Starstorm|p2a: Flutter Mane\n|-damage|p2a: Flutter Mane|13/100\n|\n|upkeep\n|\n|t:|1746122843\n|switch|p2b: Incineroar|Incineroar, L50, M|100/100\n|switch|p1a: Calyrex|Calyrex-Shadow, L50|100/100\n|-ability|p1a: Calyrex|As One\n|-ability|p1a: Calyrex|Unnerve\n|-ability|p2b: Incineroar|Intimidate|boost\n|-unboost|p1a: Calyrex|atk|1\n|-unboost|p1b: Terapagos|atk|1\n|turn|8\n|\n|t:|1746122857\n|move|p1a: Calyrex|Protect|p1a: Calyrex\n|-singleturn|p1a: Calyrex|Protect\n|move|p1b: Terapagos|Protect|p1b: Terapagos\n|-singleturn|p1b: Terapagos|Protect\n|move|p2b: Incineroar|Fake Out|p1b: Terapagos\n|-activate|p1b: Terapagos|move: Protect\n|move|p2a: Flutter Mane|Shadow Ball|p1a: Calyrex\n|-activate|p1a: Calyrex|move: Protect\n|\n|-sideend|p2: Dix6|move: Tailwind\n|upkeep\n|turn|9\n|\n|t:|1746122877\n|move|p2a: Flutter Mane|Protect|p2a: Flutter Mane\n|-singleturn|p2a: Flutter Mane|Protect\n|move|p1a: Calyrex|Astral Barrage|p2b: Incineroar|[spread] p2b\n|-activate|p2a: Flutter Mane|move: Protect\n|-resisted|p2b: Incineroar\n|-damage|p2b: Incineroar|80/100\n|move|p1b: Terapagos|Tera Starstorm|p2a: Flutter Mane|[spread] p2b\n|-activate|p2a: Flutter Mane|move: Protect\n|-damage|p2b: Incineroar|34/100\n|move|p2b: Incineroar|Knock Off|p1a: Calyrex\n|-supereffective|p1a: Calyrex\n|-enditem|p1a: Calyrex|Focus Sash\n|-damage|p1a: Calyrex|1/100\n|\n|upkeep\n|turn|10\n|\n|t:|1746122899\n|move|p1a: Calyrex|Astral Barrage|p2a: Flutter Mane|[spread] p2a,p2b\n|-supereffective|p2a: Flutter Mane\n|-resisted|p2b: Incineroar\n|-damage|p2a: Flutter Mane|0 fnt\n|-damage|p2b: Incineroar|14/100\n|faint|p2a: Flutter Mane\n|-end|p2a: Flutter Mane|Protosynthesis|[silent]\n|-ability|p1a: Calyrex|Grim Neigh|boost\n|-boost|p1a: Calyrex|spa|1\n|move|p1b: Terapagos|Tera Starstorm|p2b: Incineroar\n|-damage|p2b: Incineroar|0 fnt\n|faint|p2b: Incineroar\n|\n|win|kevsux\n||kevsux is ready for game 2.\n|l|\u2606Dix6\n|player|p2|\n||Dix6 is ready for game 2.\n|uhtml|next|Next: <a href=\"/battle-gen9vgc2025regibo3-2354824144\"><strong>Game 2 of 3</strong></a>\n", "uploadtime": 1746123488, "views": 10, "formatid": "gen9vgc2025regibo3", "rating": null, "private": 0, "password": null}