{"id": "gen9vgc2025regibo3-2354411742", "format": "[Gen 9] VGC 2025 Reg I (Bo3)", "players": ["Fabricio19jr", "MolluskVGC"], "log": "|j|\u2606Fabricio19jr\n|j|\u2606MolluskVGC\n|html|<table width=\"100%\"><tr><td align=\"left\">Fabricio19jr</td><td align=\"right\">MolluskVGC</tr><tr><td align=\"left\"><i class=\"fa fa-circle-o\"></i> <i class=\"fa fa-circle-o\"></i> </td><td align=\"right\"><i class=\"fa fa-circle-o\"></i> <i class=\"fa fa-circle-o\"></i> </tr></table>\n|uhtml|bestof|<h2><strong>Game 1</strong> of <a href=\"/game-bestof3-gen9vgc2025regibo3-2354411741\">a best-of-3</a></h2>\n|t:|1746068142\n|gametype|doubles\n|player|p1|Fabricio19jr|102|\n|player|p2|MolluskVGC|hiker-gen4|\n|teamsize|p1|6\n|teamsize|p2|6\n|gen|9\n|tier|[Gen 9] VGC 2025 Reg I (Bo3)\n|rule|Species Clause: Limit one of each Pok\u00e9mon\n|rule|Item Clause: Limit 1 of each item\n|clearpoke\n|poke|p1|Calyrex-Shadow, L50|\n|poke|p1|Koraidon, L50|\n|poke|p1|Ogerpon-Cornerstone, L50, F|\n|poke|p1|Brute Bonnet, L50|\n|poke|p1|Chi-Yu, L50|\n|poke|p1|Whimsicott, L50, M|\n|poke|p2|Miraidon, L50|\n|poke|p2|Ho-Oh, L50|\n|poke|p2|Iron Hands, L50|\n|poke|p2|Farigiraf, L50, F|\n|poke|p2|Grimmsnarl, L50, M|\n|poke|p2|Urshifu-*, L50, M|\n|teampreview|4\n|showteam|p1|Calyrex-Shadow||FocusSash|AsOneSpectrier|AstralBarrage,DrainingKiss,NastyPlot,Protect||||||50|,,,,,Fairy]Koraidon||LifeOrb|OrichalcumPulse|FlareBlitz,CloseCombat,FlameCharge,Protect||||||50|,,,,,Fire]Ogerpon-Cornerstone||CornerstoneMask|Sturdy|IvyCudgel,PowerWhip,FollowMe,SpikyShield|||F|||50|,,,,,Rock]Brute Bonnet||RockyHelmet|Protosynthesis|SeedBomb,SuckerPunch,Spore,RagePowder||||||50|,,,,,Water]Chi-Yu||ChoiceScarf|BeadsofRuin|DarkPulse,Snarl,HeatWave,Overheat||||||50|,,,,,Ghost]Whimsicott||CovertCloak|Prankster|Tailwind,Encore,Moonblast,LightScreen|||M|||50|,,,,,Dark\n|showteam|p2|Miraidon||ChoiceSpecs|HadronEngine|ElectroDrift,DracoMeteor,VoltSwitch,DazzlingGleam||||||50|,,,,,Fairy]Ho-Oh||ClearAmulet|Regenerator|Protect,BraveBird,SacredFire,Tailwind||||||50|,,,,,Grass]Iron Hands||AssaultVest|QuarkDrive|FakeOut,DrainPunch,WildCharge,LowKick||||||50|,,,,,Water]Farigiraf||ElectricSeed|ArmorTail|FoulPlay,PsychicNoise,HelpingHand,TrickRoom|||F|||50|,,,,,Water]Grimmsnarl||LightClay|Prankster|SpiritBreak,LightScreen,Reflect,SuckerPunch|||M|||50|,,,,,Ghost]Urshifu-Rapid-Strike||MysticWater|UnseenFist|Detect,SurgingStrikes,CloseCombat,AquaJet|||M|||50|,,,,,Water\n|c|\u2606MolluskVGC|glhf\n|\n|t:|1746068172\n|start\n|switch|p1a: Ogerpon|Ogerpon-Cornerstone, L50, F|100/100\n|switch|p1b: Whimsicott|Whimsicott, L50, M|100/100\n|switch|p2a: Ho-Oh|Ho-Oh, L50|100/100\n|switch|p2b: Iron Hands|Iron Hands, L50|100/100\n|turn|1\n|\n|t:|1746068191\n|move|p1a: Ogerpon|Spiky Shield|p1a: Ogerpon\n|-singleturn|p1a: Ogerpon|move: Protect\n|move|p2b: Iron Hands|Fake Out|p1a: Ogerpon\n|-activate|p1a: Ogerpon|move: Protect\n|-damage|p2b: Iron Hands|88/100|[from] Spiky Shield|[of] p1a: Ogerpon\n|move|p1b: Whimsicott|Tailwind|p1b: Whimsicott\n|-sidestart|p1: Fabricio19jr|move: Tailwind\n|move|p2a: Ho-Oh|Sacred Fire|p1b: Whimsicott\n|-supereffective|p1b: Whimsicott\n|-damage|p1b: Whimsicott|0 fnt\n|faint|p1b: Whimsicott\n|\n|upkeep\n|\n|t:|1746068212\n|switch|p1b: Koraidon|Koraidon, L50|100/100\n|-weather|SunnyDay|[from] ability: Orichalcum Pulse|[of] p1b: Koraidon\n|-activate|p1b: Koraidon|Orichalcum Pulse|[source]\n|turn|2\n|\n|t:|1746068235\n|switch|p2a: Grimmsnarl|Grimmsnarl, L50, M, shiny|100/100\n|move|p1b: Koraidon|Flame Charge|p2b: Iron Hands\n|-damage|p2b: Iron Hands|53/100\n|-boost|p1b: Koraidon|spe|1\n|-damage|p1b: Koraidon|91/100|[from] item: Life Orb\n|move|p1a: Ogerpon|Ivy Cudgel|p2a: Grimmsnarl|[anim] Ivy Cudgel Rock\n|-damage|p2a: Grimmsnarl|47/100\n|move|p2b: Iron Hands|Low Kick|p1b: Koraidon\n|-damage|p1b: Koraidon|36/100\n|\n|-weather|SunnyDay|[upkeep]\n|upkeep\n|turn|3\n|\n|t:|1746068270\n|-terastallize|p1a: Ogerpon|Rock\n|detailschange|p1a: Ogerpon|Ogerpon-Cornerstone-Tera, L50, F, tera:Rock\n|-ability|p1a: Ogerpon|Embody Aspect (Cornerstone)|boost\n|-boost|p1a: Ogerpon|def|1\n|move|p2a: Grimmsnarl|Reflect|p2a: Grimmsnarl\n|-sidestart|p2: MolluskVGC|Reflect\n|move|p1b: Koraidon|Close Combat|p2b: Iron Hands\n|-damage|p2b: Iron Hands|0 fnt\n|-unboost|p1b: Koraidon|def|1\n|-unboost|p1b: Koraidon|spd|1\n|faint|p2b: Iron Hands\n|-end|p2b: Iron Hands|Quark Drive|[silent]\n|-damage|p1b: Koraidon|26/100|[from] item: Life Orb\n|move|p1a: Ogerpon|Ivy Cudgel|p2a: Grimmsnarl|[anim] Ivy Cudgel Rock\n|-damage|p2a: Grimmsnarl|0 fnt\n|faint|p2a: Grimmsnarl\n|\n|-weather|SunnyDay|[upkeep]\n|upkeep\n|\n|t:|1746068285\n|switch|p2a: Ho-Oh|Ho-Oh, L50|100/100\n|switch|p2b: Miraidon|Miraidon, L50|100/100\n|-fieldstart|move: Electric Terrain|[from] ability: Hadron Engine|[of] p2b: Miraidon\n|turn|4\n|\n|t:|1746068322\n|move|p2a: Ho-Oh|Protect|p2a: Ho-Oh\n|-singleturn|p2a: Ho-Oh|Protect\n|move|p1b: Koraidon|Close Combat|p2b: Miraidon\n|-damage|p2b: Miraidon|27/100\n|-unboost|p1b: Koraidon|def|1\n|-unboost|p1b: Koraidon|spd|1\n|-damage|p1b: Koraidon|16/100|[from] item: Life Orb\n|move|p1a: Ogerpon|Ivy Cudgel|p2a: Ho-Oh|[anim] Ivy Cudgel Rock\n|-activate|p2a: Ho-Oh|move: Protect\n|move|p2b: Miraidon|Electro Drift|p1a: Ogerpon\n|-damage|p1a: Ogerpon|0 fnt\n|faint|p1a: Ogerpon\n|\n|-weather|SunnyDay|[upkeep]\n|-sideend|p1: Fabricio19jr|move: Tailwind\n|upkeep\n|\n|t:|1746068337\n|switch|p1a: Calyrex|Calyrex-Shadow, L50|100/100\n|-ability|p1a: Calyrex|As One\n|-ability|p1a: Calyrex|Unnerve\n|turn|5\n|\n|t:|1746068354\n|-terastallize|p2b: Miraidon|Fairy\n|move|p1b: Koraidon|Close Combat|p2a: Ho-Oh\n|-resisted|p2a: Ho-Oh\n|-damage|p2a: Ho-Oh|70/100\n|-unboost|p1b: Koraidon|def|1\n|-unboost|p1b: Koraidon|spd|1\n|-damage|p1b: Koraidon|6/100|[from] item: Life Orb\n|move|p1a: Calyrex|Astral Barrage|p2b: Miraidon|[spread] p2a,p2b\n|-damage|p2a: Ho-Oh|43/100\n|-damage|p2b: Miraidon|0 fnt\n|faint|p2b: Miraidon\n|-ability|p1a: Calyrex|Grim Neigh|boost\n|-boost|p1a: Calyrex|spa|1\n|move|p2a: Ho-Oh|Sacred Fire|p1a: Calyrex\n|-damage|p1a: Calyrex|25/100\n|-status|p1a: Calyrex|brn\n|\n|-weather|SunnyDay|[upkeep]\n|-damage|p1a: Calyrex|20/100 brn|[from] brn\n|upkeep\n|turn|6\n|\n|t:|1746068381\n|move|p2a: Ho-Oh|Protect|p2a: Ho-Oh\n|-singleturn|p2a: Ho-Oh|Protect\n|move|p1b: Koraidon|Close Combat|p2a: Ho-Oh\n|-activate|p2a: Ho-Oh|move: Protect\n|move|p1a: Calyrex|Astral Barrage|p2a: Ho-Oh\n|-activate|p2a: Ho-Oh|move: Protect\n|\n|-weather|none\n|-damage|p1a: Calyrex|14/100 brn|[from] brn\n|upkeep\n|turn|7\n|\n|t:|1746068393\n|move|p1b: Koraidon|Close Combat|p2a: Ho-Oh\n|-resisted|p2a: Ho-Oh\n|-crit|p2a: Ho-Oh\n|-damage|p2a: Ho-Oh|0 fnt\n|-unboost|p1b: Koraidon|def|1\n|-unboost|p1b: Koraidon|spd|1\n|faint|p2a: Ho-Oh\n|-damage|p1b: Koraidon|0 fnt|[from] item: Life Orb\n|faint|p1b: Koraidon\n|\n|win|Fabricio19jr\n||MolluskVGC is ready for game 2.\n", "uploadtime": 1746068402, "views": 9, "formatid": "gen9vgc2025regibo3", "rating": null, "private": 0, "password": null}