{"id": "gen9vgc2025regibo3-2354845903", "format": "[Gen 9] VGC 2025 Reg I (Bo3)", "players": ["Mimistew9094", "bagarreSinge"], "log": "|j|\u2606Mimistew9094\n|j|\u2606bagarreSinge\n|html|<table width=\"100%\"><tr><td align=\"left\">Mimistew9094</td><td align=\"right\">bagarreSinge</tr><tr><td align=\"left\"><i class=\"fa fa-circle-o\"></i> <i class=\"fa fa-circle-o\"></i> </td><td align=\"right\"><i class=\"fa fa-circle-o\"></i> <i class=\"fa fa-circle-o\"></i> </tr></table>\n|uhtml|bestof|<h2><strong>Game 1</strong> of <a href=\"/game-bestof3-gen9vgc2025regibo3-2354845902\">a best-of-3</a></h2>\n|t:|1746124811\n|gametype|doubles\n|player|p1|Mimistew9094|elesa|1058\n|player|p2|bagarreSinge|harlequin|1137\n|teamsize|p1|6\n|teamsize|p2|6\n|gen|9\n|tier|[Gen 9] VGC 2025 Reg I (Bo3)\n|rated|\n|rule|Species Clause: Limit one of each Pok\u00e9mon\n|rule|Item Clause: Limit 1 of each item\n|clearpoke\n|poke|p1|Koraidon, L50|\n|poke|p1|Rillaboom, L50, M|\n|poke|p1|Chi-Yu, L50|\n|poke|p1|Lunala, L50|\n|poke|p1|Sneasler, L50, F|\n|poke|p1|Walking Wake, L50|\n|poke|p2|Kyogre, L50|\n|poke|p2|Calyrex-Ice, L50|\n|poke|p2|Roaring Moon, L50|\n|poke|p2|Amoonguss, L50, M|\n|poke|p2|Landorus, L50, M|\n|poke|p2|Smeargle, L50, F|\n|teampreview|4\n|showteam|p1|Koraidon||ClearAmulet|OrichalcumPulse|FlareBlitz,CollisionCourse,FlameCharge,Protect||||||50|,,,,,Fire]Rillaboom||AssaultVest|GrassySurge|WoodHammer,GrassyGlide,FakeOut,HighHorsepower|||M|||50|,,,,,Water]Chi-Yu||ChoiceScarf|BeadsofRuin|HeatWave,DarkPulse,Snarl,Overheat||||||50|,,,,,Ghost]Lunala||PowerHerb|ShadowShield|WideGuard,MeteorBeam,MoongeistBeam,TrickRoom||||||50|,,,,,Water]Sneasler||GrassySeed|Unburden|DireClaw,Acrobatics,Protect,FakeOut|||F|||50|,,,,,Flying]Walking Wake||LifeOrb|Protosynthesis|HydroSteam,DracoMeteor,WeatherBall,Protect||||||50|,,,,,Stellar\n|showteam|p2|Kyogre||MysticWater|Drizzle|WaterSpout,HydroPump,Protect,Thunder||||||50|,,,,,Grass]Calyrex-Ice||ClearAmulet|AsOneGlastrier|GlacialLance,HighHorsepower,TrickRoom,Protect||||||50|,,,,,Fire]Roaring Moon||BoosterEnergy|Protosynthesis|KnockOff,Acrobatics,Tailwind,Protect||||||50|,,,,,Flying]Amoonguss||CovertCloak|Regenerator|RagePowder,Spore,SludgeBomb,Protect|||M|||50|,,,,,Water]Landorus||LifeOrb|SheerForce|EarthPower,SludgeBomb,SandsearStorm,Protect|||M|||50|,,,,,Water]Smeargle||FocusSash|Technician|FollowMe,FakeOut,WideGuard,Spore|||F|||50|,,,,,Grass\n|\n|t:|1746124866\n|start\n|switch|p1a: Lunala|Lunala, L50|100/100\n|switch|p1b: Walking Wake|Walking Wake, L50|100/100\n|switch|p2a: Landorus|Landorus, L50, M|100/100\n|switch|p2b: Roaring Moon|Roaring Moon, L50|100/100\n|-enditem|p2b: Roaring Moon|Booster Energy\n|-activate|p2b: Roaring Moon|ability: Protosynthesis|[fromitem]\n|-start|p2b: Roaring Moon|protosynthesisspe\n|turn|1\n|\n|t:|1746124919\n|-terastallize|p1b: Walking Wake|Stellar\n|-terastallize|p2a: Landorus|Water\n|move|p2b: Roaring Moon|Knock Off|p1a: Lunala\n|-supereffective|p1a: Lunala\n|-damage|p1a: Lunala|30/100\n|-enditem|p1a: Lunala|Power Herb|[from] move: Knock Off|[of] p2b: Roaring Moon\n|move|p1b: Walking Wake|Hydro Steam|p2a: Landorus\n|-resisted|p2a: Landorus\n|-crit|p2a: Landorus\n|-damage|p2a: Landorus|37/100\n|-damage|p1b: Walking Wake|91/100|[from] item: Life Orb\n|move|p2a: Landorus|Earth Power|p1b: Walking Wake\n|-damage|p1b: Walking Wake|11/100\n|move|p1a: Lunala|Meteor Beam||[still]\n|-prepare|p1a: Lunala|Meteor Beam\n|-boost|p1a: Lunala|spa|1\n|\n|upkeep\n|turn|2\n|\n|t:|1746124952\n|move|p1b: Walking Wake|Protect|p1b: Walking Wake\n|-singleturn|p1b: Walking Wake|Protect\n|move|p2b: Roaring Moon|Knock Off|p1b: Walking Wake\n|-activate|p1b: Walking Wake|move: Protect\n|move|p2a: Landorus|Earth Power|p1a: Lunala\n|-damage|p1a: Lunala|0 fnt\n|faint|p1a: Lunala\n|\n|upkeep\n|\n|t:|1746124960\n|switch|p1a: Koraidon|Koraidon, L50|100/100\n|-weather|SunnyDay|[from] ability: Orichalcum Pulse|[of] p1a: Koraidon\n|-activate|p1b: Walking Wake|ability: Protosynthesis\n|-start|p1b: Walking Wake|protosynthesisspe\n|-activate|p1a: Koraidon|Orichalcum Pulse|[source]\n|turn|3\n|\n|t:|1746124993\n|move|p2b: Roaring Moon|Tailwind|p2b: Roaring Moon\n|-sidestart|p2: bagarreSinge|move: Tailwind\n|move|p2a: Landorus|Earth Power|p1b: Walking Wake\n|-damage|p1b: Walking Wake|0 fnt\n|faint|p1b: Walking Wake\n|-end|p1b: Walking Wake|Protosynthesis|[silent]\n|move|p1a: Koraidon|Collision Course|p2b: Roaring Moon\n|-supereffective|p2b: Roaring Moon\n|-damage|p2b: Roaring Moon|0 fnt\n|faint|p2b: Roaring Moon\n|-end|p2b: Roaring Moon|Protosynthesis|[silent]\n|\n|-weather|SunnyDay|[upkeep]\n|upkeep\n|\n|t:|1746125004\n|switch|p2b: Kyogre|Kyogre, L50|100/100\n|switch|p1b: Rillaboom|Rillaboom, L50, M, shiny|100/100\n|-weather|RainDance|[from] ability: Drizzle|[of] p2b: Kyogre\n|-fieldstart|move: Grassy Terrain|[from] ability: Grassy Surge|[of] p1b: Rillaboom\n|turn|4\n|\n|t:|1746125020\n|move|p2a: Landorus|Protect|p2a: Landorus\n|-singleturn|p2a: Landorus|Protect\n|move|p2b: Kyogre|Protect|p2b: Kyogre\n|-singleturn|p2b: Kyogre|Protect\n|move|p1a: Koraidon|Collision Course|p2a: Landorus\n|-activate|p2a: Landorus|move: Protect\n|move|p1b: Rillaboom|Wood Hammer|p2b: Kyogre\n|-activate|p2b: Kyogre|move: Protect\n|\n|-weather|RainDance|[upkeep]\n|-heal|p2a: Landorus|43/100|[from] Grassy Terrain\n|upkeep\n|turn|5\n|\n|t:|1746125043\n|move|p1b: Rillaboom|Grassy Glide|p2a: Landorus\n|-supereffective|p2a: Landorus\n|-damage|p2a: Landorus|0 fnt\n|faint|p2a: Landorus\n|move|p2b: Kyogre|Water Spout|p1a: Koraidon|[spread] p1a,p1b\n|-resisted|p1a: Koraidon\n|-crit|p1a: Koraidon\n|-resisted|p1b: Rillaboom\n|-damage|p1a: Koraidon|14/100\n|-damage|p1b: Rillaboom|53/100\n|move|p1a: Koraidon|Collision Course|p2b: Kyogre\n|-damage|p2b: Kyogre|54/100\n|\n|-weather|RainDance|[upkeep]\n|-heal|p2b: Kyogre|60/100|[from] Grassy Terrain\n|-heal|p1a: Koraidon|20/100|[from] Grassy Terrain\n|-heal|p1b: Rillaboom|59/100|[from] Grassy Terrain\n|upkeep\n|\n|t:|1746125054\n|switch|p2a: Calyrex|Calyrex-Ice, L50|100/100\n|-ability|p2a: Calyrex|As One\n|-ability|p2a: Calyrex|Unnerve\n|turn|6\n|\n|t:|1746125064\n|move|p1a: Koraidon|Protect|p1a: Koraidon\n|-singleturn|p1a: Koraidon|Protect\n|move|p1b: Rillaboom|Grassy Glide|p2b: Kyogre\n|-supereffective|p2b: Kyogre\n|-damage|p2b: Kyogre|0 fnt\n|faint|p2b: Kyogre\n|move|p2a: Calyrex|Trick Room|p2a: Calyrex\n|-fieldstart|move: Trick Room|[of] p2a: Calyrex\n|\n|-weather|RainDance|[upkeep]\n|-heal|p1b: Rillaboom|65/100|[from] Grassy Terrain\n|-heal|p1a: Koraidon|26/100|[from] Grassy Terrain\n|-sideend|p2: bagarreSinge|move: Tailwind\n|upkeep\n|turn|7\n|\n|t:|1746125082\n|move|p1b: Rillaboom|Grassy Glide|p2a: Calyrex\n|-damage|p2a: Calyrex|79/100\n|move|p2a: Calyrex|Glacial Lance|p1a: Koraidon|[spread] p1a,p1b\n|-supereffective|p1a: Koraidon\n|-supereffective|p1b: Rillaboom\n|-damage|p1a: Koraidon|0 fnt\n|-damage|p1b: Rillaboom|0 fnt\n|faint|p1a: Koraidon\n|faint|p1b: Rillaboom\n|\n|win|bagarreSinge\n||Mimistew9094 is ready for game 2.\n|inactive|bagarreSinge has 30 seconds to confirm battle start!\n|inactive|bagarreSinge has 20 seconds to confirm battle start!\n|inactive|bagarreSinge has 10 seconds to confirm battle start!\n||bagarreSinge is ready for game 2.\n|uhtml|next|Next: <a href=\"/battle-gen9vgc2025regibo3-2354849385\"><strong>Game 2 of 3</strong></a>\n|l|\u2606Mimistew9094\n|player|p1|\n", "uploadtime": 1746125385, "views": 8, "formatid": "gen9vgc2025regibo3", "rating": null, "private": 0, "password": null}