{"id": "gen9vgc2025regibo3-2353812154", "format": "[Gen 9] VGC 2025 Reg I (Bo3)", "players": ["Gimbest", "ValentinBD"], "log": "|j|\u2606Gimbest\n|j|\u2606ValentinBD\n|html|<table width=\"100%\"><tr><td align=\"left\">Gimbest</td><td align=\"right\">ValentinBD</tr><tr><td align=\"left\"><i class=\"fa fa-circle-o\"></i> <i class=\"fa fa-circle-o\"></i> </td><td align=\"right\"><i class=\"fa fa-circle-o\"></i> <i class=\"fa fa-circle-o\"></i> </tr></table>\n|uhtml|bestof|<h2><strong>Game 1</strong> of <a href=\"/game-bestof3-gen9vgc2025regibo3-2353812153\">a best-of-3</a></h2>\n|t:|1746004085\n|gametype|doubles\n|player|p1|Gimbest|170|\n|player|p2|ValentinBD|lucas|\n|teamsize|p1|6\n|teamsize|p2|6\n|gen|9\n|tier|[Gen 9] VGC 2025 Reg I (Bo3)\n|rule|Species Clause: Limit one of each Pok\u00e9mon\n|rule|Item Clause: Limit 1 of each item\n|clearpoke\n|poke|p1|Zamazenta-*, L50|\n|poke|p1|Terapagos, L50, M|\n|poke|p1|Iron Crown, L50|\n|poke|p1|Indeedee-F, L50, F|\n|poke|p1|Incineroar, L50, F|\n|poke|p1|Urshifu-*, L50, M|\n|poke|p2|Miraidon, L50|\n|poke|p2|Lunala, L50|\n|poke|p2|Azumarill, L50, M|\n|poke|p2|Incineroar, L50, M|\n|poke|p2|Oranguru, L50, F|\n|poke|p2|Landorus, L50, M|\n|teampreview|4\n|showteam|p1|Zamazenta-Crowned||RustedShield|DauntlessShield|BodyPress,IronDefense,WideGuard,HeavySlam||||||50|,,,,,Grass]Terapagos||ChoiceSpecs|TeraShift|TeraStarstorm|||M|||50|,,,,,Stellar]Iron Crown||BoosterEnergy|QuarkDrive|TachyonCutter,Protect,VoltSwitch,ExpandingForce||||||50|,,,,,Psychic]Indeedee-F||RockyHelmet|PsychicSurge|TrickRoom,FollowMe,Protect,DrainingKiss|||F|||50|,,,,,Fairy]Incineroar||CovertCloak|Intimidate|FakeOut,PartingShot,KnockOff,FlareBlitz|||F|||50|,,,,,Poison]Urshifu-Rapid-Strike||FocusSash|UnseenFist|SurgingStrikes,AquaJet,CloseCombat,Detect|||M|||50|,,,,,Water\n|showteam|p2|Miraidon||ChoiceSpecs|HadronEngine|Discharge,DazzlingGleam,DracoMeteor,ElectroDrift||||||50|,,,,,Fairy]Lunala||PowerHerb|ShadowShield|MeteorBeam,MoongeistBeam,Psychic,Protect||||||50|,,,,,Grass]Azumarill||AssaultVest|HugePower|AquaJet,PlayRough,Liquidation,BrickBreak|||M|||50|,,,,,Water]Incineroar||RockyHelmet|Intimidate|FakeOut,PartingShot,KnockOff,WillOWisp|||M|||50|,,,,,Bug]Oranguru||SafetyGoggles|InnerFocus|Encore,LightScreen,TrickRoom,Taunt|||F|||50|,,,,,Psychic]Landorus||ChoiceScarf|SheerForce|SandsearStorm,GrassKnot,TeraBlast,FocusBlast|||M|||50|,,,,,Flying\n|\n|t:|1746004111\n|start\n|switch|p1a: Iron Crown|Iron Crown, L50|100/100\n|switch|p1b: Indeedee|Indeedee-F, L50, F|100/100\n|switch|p2a: Miraidon|Miraidon, L50|100/100\n|switch|p2b: Incineroar|Incineroar, L50, M|100/100\n|-fieldstart|move: Electric Terrain|[from] ability: Hadron Engine|[of] p2a: Miraidon\n|-activate|p1a: Iron Crown|ability: Quark Drive\n|-start|p1a: Iron Crown|quarkdrivespa\n|-fieldstart|move: Psychic Terrain|[from] ability: Psychic Surge|[of] p1b: Indeedee\n|-end|p1a: Iron Crown|Quark Drive\n|-ability|p2b: Incineroar|Intimidate|boost\n|-unboost|p1a: Iron Crown|atk|1\n|-unboost|p1b: Indeedee|atk|1\n|-enditem|p1a: Iron Crown|Booster Energy\n|-activate|p1a: Iron Crown|ability: Quark Drive|[fromitem]\n|-start|p1a: Iron Crown|quarkdrivespa\n|turn|1\n|\n|t:|1746004171\n|move|p2b: Incineroar|Fake Out|p1a: Iron Crown\n|-activate|p1a: Iron Crown|move: Psychic Terrain\n|move|p2a: Miraidon|Electro Drift|p1b: Indeedee\n|-damage|p1b: Indeedee|40/100\n|-damage|p2a: Miraidon|84/100|[from] item: Rocky Helmet|[of] p1b: Indeedee\n|move|p1a: Iron Crown|Volt Switch|p2b: Incineroar\n|-damage|p2b: Incineroar|71/100\n|\n|t:|1746004180\n|-end|p1a: Iron Crown|Quark Drive|[silent]\n|switch|p1a: Terapagos|Terapagos, L50, M|100/100|[from] Volt Switch\n|-activate|p1a: Terapagos|ability: Tera Shift\n|detailschange|p1a: Terapagos|Terapagos-Terastal, L50, M\n|-heal|p1a: Terapagos|100/100|[silent]\n|move|p1b: Indeedee|Trick Room|p1b: Indeedee\n|-fieldstart|move: Trick Room|[of] p1b: Indeedee\n|\n|upkeep\n|turn|2\n|\n|t:|1746004194\n|-terastallize|p1a: Terapagos|Stellar\n|detailschange|p1a: Terapagos|Terapagos-Stellar, L50, M, tera:Stellar\n|-heal|p1a: Terapagos|100/100|[silent]\n|-ability|p1a: Terapagos|Teraform Zero\n|-fieldend|move: Psychic Terrain\n|move|p2b: Incineroar|Parting Shot|p1a: Terapagos\n|-unboost|p1a: Terapagos|atk|1\n|-unboost|p1a: Terapagos|spa|1\n|\n|t:|1746004207\n|switch|p2b: Lunala|Lunala, L50|100/100|[from] Parting Shot\n|move|p1b: Indeedee|Draining Kiss|p2a: Miraidon\n|-supereffective|p2a: Miraidon\n|-damage|p2a: Miraidon|62/100\n|-heal|p1b: Indeedee|60/100|[from] drain|[of] p2a: Miraidon\n|move|p1a: Terapagos|Tera Starstorm|p2a: Miraidon|[spread] p2a,p2b\n|-damage|p2a: Miraidon|32/100\n|-damage|p2b: Lunala|89/100\n|move|p2a: Miraidon|Electro Drift|p1b: Indeedee\n|-damage|p1b: Indeedee|0 fnt\n|-damage|p2a: Miraidon|15/100|[from] item: Rocky Helmet|[of] p1b: Indeedee\n|faint|p1b: Indeedee\n|\n|upkeep\n|c|\u2606Gimbest|C'EST TOUT\n|\n|t:|1746004229\n|switch|p1b: Iron Crown|Iron Crown, L50|100/100\n|turn|3\n|\n|t:|1746004286\n|move|p2b: Lunala|Meteor Beam||[still]\n|-prepare|p2b: Lunala|Meteor Beam\n|-boost|p2b: Lunala|spa|1\n|-enditem|p2b: Lunala|Power Herb\n|-anim|p2b: Lunala|Meteor Beam|p1a: Terapagos\n|-damage|p1a: Terapagos|54/100\n|move|p1b: Iron Crown|Tachyon Cutter|p2b: Lunala\n|-damage|p2b: Lunala|70/100\n|-damage|p2b: Lunala|51/100\n|-hitcount|p2b: Lunala|2\n|move|p1a: Terapagos|Tera Starstorm|p2a: Miraidon|[spread] p2a,p2b\n|-damage|p2a: Miraidon|0 fnt\n|-damage|p2b: Lunala|28/100\n|faint|p2a: Miraidon\n|\n|upkeep\n|\n|t:|1746004306\n|switch|p2a: Incineroar|Incineroar, L50, M|71/100\n|-ability|p2a: Incineroar|Intimidate|boost\n|-unboost|p1a: Terapagos|atk|1\n|-unboost|p1b: Iron Crown|atk|1\n|turn|4\n|\n|t:|1746004318\n|move|p2a: Incineroar|Fake Out|p1a: Terapagos\n|-damage|p1a: Terapagos|47/100\n|move|p2b: Lunala|Moongeist Beam|p1b: Iron Crown\n|-supereffective|p1b: Iron Crown\n|-damage|p1b: Iron Crown|0 fnt\n|faint|p1b: Iron Crown\n|-end|p1b: Iron Crown|Quark Drive|[silent]\n|cant|p1a: Terapagos|flinch\n|\n|upkeep\n|\n|t:|1746004327\n|switch|p1b: Incineroar|Incineroar, L50, F|100/100\n|-ability|p1b: Incineroar|Intimidate|boost\n|-unboost|p2a: Incineroar|atk|1\n|-unboost|p2b: Lunala|atk|1\n|turn|5\n|\n|t:|1746004346\n|switch|p2a: Oranguru|Oranguru, L50, F|100/100\n|move|p2b: Lunala|Protect|p2b: Lunala\n|-singleturn|p2b: Lunala|Protect\n|move|p1b: Incineroar|Fake Out|p2a: Oranguru\n|-damage|p2a: Oranguru|87/100\n|move|p1a: Terapagos|Tera Starstorm|p2a: Oranguru|[spread] p2a\n|-activate|p2b: Lunala|move: Protect\n|-damage|p2a: Oranguru|65/100\n|\n|-fieldend|move: Trick Room\n|upkeep\n|turn|6\n|\n|t:|1746004387\n|move|p1a: Terapagos|Tera Starstorm|p2b: Lunala|[spread] p2a,p2b\n|-damage|p2a: Oranguru|44/100\n|-damage|p2b: Lunala|4/100\n|move|p2b: Lunala|Moongeist Beam|p1a: Terapagos\n|-immune|p1a: Terapagos\n|move|p1b: Incineroar|Parting Shot|p2b: Lunala\n|-unboost|p2b: Lunala|atk|1\n|-unboost|p2b: Lunala|spa|1\n|move|p2a: Oranguru|Trick Room|p2a: Oranguru\n|-fieldstart|move: Trick Room|[of] p2a: Oranguru\n|\n|upkeep\n|turn|7\n|c|\u2606Gimbest|je voulais faire sabotabe\n|c|\u2606Gimbest|sabotage\n|c|\u2606Gimbest|Je veux crever\n|c|\u2606Gimbest|AAAAAA\n|c|\u2606Gimbest|j'avais gagn\u00e9 x)\n|c|\u2606ValentinBD|comment ca lautre con de stellaire il est toujours imuniser au typr spectre\n|c|\u2606Gimbest|quand tu t\u00e9racristallises en stellaire tu gardes tes affinit\u00e9s de type\n|c|\u2606Gimbest|stellaire \u00e7a a pas de faiblesse ni de r\u00e9sistance\n|\n|t:|1746004497\n|move|p2a: Oranguru|Encore|p1b: Incineroar\n|-start|p1b: Incineroar|Encore\n|move|p1b: Incineroar|Parting Shot|p2b: Lunala\n|-unboost|p2b: Lunala|atk|1\n|-unboost|p2b: Lunala|spa|1\n|move|p2b: Lunala|Psychic|p1a: Terapagos\n|-damage|p1a: Terapagos|23/100\n|move|p1a: Terapagos|Tera Starstorm|p2b: Lunala|[spread] p2a,p2b\n|-damage|p2a: Oranguru|23/100\n|-damage|p2b: Lunala|0 fnt\n|faint|p2b: Lunala\n|\n|upkeep\n|c|\u2606Gimbest|Ah mais je suis encore c'est pour \u00e7a\n|c|\u2606Gimbest|J'avais pas vu mdrrrrr\n|\n|t:|1746004520\n|switch|p2b: Incineroar|Incineroar, L50, M|71/100\n|-ability|p2b: Incineroar|Intimidate|boost\n|-unboost|p1a: Terapagos|atk|1\n|-unboost|p1b: Incineroar|atk|1\n|turn|8\n|\n|t:|1746004540\n|move|p2a: Oranguru|Light Screen|p2a: Oranguru\n|-sidestart|p2: ValentinBD|move: Light Screen\n|move|p2b: Incineroar|Knock Off|p1a: Terapagos\n|-damage|p1a: Terapagos|0 fnt\n|-enditem|p1a: Terapagos|Choice Specs|[from] move: Knock Off|[of] p2b: Incineroar\n|faint|p1a: Terapagos\n|move|p1b: Incineroar|Parting Shot|p2b: Incineroar\n|-unboost|p2b: Incineroar|atk|1\n|-unboost|p2b: Incineroar|spa|1\n|\n|upkeep\n|turn|9\n|-message|Gimbest forfeited.\n|\n|win|ValentinBD\n||Gimbest is ready for game 2.\n|inactive|ValentinBD has 30 seconds to confirm battle start!\n||ValentinBD is ready for game 2.\n|uhtml|next|Next: <a href=\"/battle-gen9vgc2025regibo3-2353815071\"><strong>Game 2 of 3</strong></a>\n", "uploadtime": 1746004892, "views": 6, "formatid": "gen9vgc2025regibo3", "rating": null, "private": 0, "password": null}