{"id": "gen9vgc2025regibo3-2354682599", "format": "[Gen 9] VGC 2025 Reg I (Bo3)", "players": ["200dollarteam", "michael tester"], "log": "|j|\u2606200dollarteam\n|j|\u2606michael tester\n|html|<table width=\"100%\"><tr><td align=\"left\">200dollarteam</td><td align=\"right\">michael tester</tr><tr><td align=\"left\"><i class=\"fa fa-circle\"></i> <i class=\"fa fa-circle-o\"></i> </td><td align=\"right\"><i class=\"fa fa-circle-o\"></i> <i class=\"fa fa-circle\"></i> </tr></table>\n|uhtml|bestof|<h2><strong>Game 3</strong> of <a href=\"/game-bestof3-gen9vgc2025regibo3-2354670629\">a best-of-3</a></h2>\n|t:|1746110323\n|gametype|doubles\n|player|p1|200dollarteam|shauntal|1405\n|player|p2|michael tester|dancer|1417\n|teamsize|p1|6\n|teamsize|p2|6\n|gen|9\n|tier|[Gen 9] VGC 2025 Reg I (Bo3)\n|rated|\n|rule|Species Clause: Limit one of each Pok\u00e9mon\n|rule|Item Clause: Limit 1 of each item\n|clearpoke\n|poke|p1|Zamazenta-*, L50|\n|poke|p1|Miraidon, L50|\n|poke|p1|Farigiraf, L50, M|\n|poke|p1|Iron Bundle, L50|\n|poke|p1|Incineroar, L50, F|\n|poke|p1|Ursaluna, L50, F|\n|poke|p2|Terapagos, L50, M|\n|poke|p2|Rillaboom, L50, M|\n|poke|p2|Incineroar, L50, F|\n|poke|p2|Calyrex-Shadow, L50|\n|poke|p2|Urshifu-*, L50, F|\n|poke|p2|Amoonguss, L50, F|\n|teampreview|4\n|showteam|p1|Zamazenta-Crowned||RustedShield|DauntlessShield|BodyPress,HeavySlam,WideGuard,Protect||||||50|,,,,,Dragon]Miraidon||ChoiceSpecs|HadronEngine|ElectroDrift,DracoMeteor,VoltSwitch,DazzlingGleam||||||50|,,,,,Fairy]Farigiraf||ElectricSeed|ArmorTail|Psychic,FoulPlay,HelpingHand,TrickRoom|||M|||50|,,,,,Water]Iron Bundle||FocusSash|QuarkDrive|IcyWind,FreezeDry,Encore,Protect||||||50|,,,,,Ghost]Incineroar||AssaultVest|Intimidate|KnockOff,FlareBlitz,Uturn,FakeOut|||F|||50|,,,,,Bug]Ursaluna||FlameOrb|Guts|Facade,HeadlongRush,Substitute,Protect|||F|||50|,,,,,Poison\n|showteam|p2|Terapagos||Leftovers|TeraShift|TeraStarstorm,Protect,CalmMind,EarthPower|||M|||50|,,,,,Stellar]Rillaboom||AssaultVest|GrassySurge|FakeOut,GrassyGlide,WoodHammer,Uturn|||M|||50|,,,,,Water]Incineroar||SafetyGoggles|Intimidate|WillOWisp,KnockOff,FakeOut,PartingShot|||F|||50|,,,,,Bug]Calyrex-Shadow||FocusSash|AsOneSpectrier|AstralBarrage,Disable,Encore,Protect||||||50|,,,,,Ghost]Urshifu-Rapid-Strike||ChoiceScarf|UnseenFist|AquaJet,Uturn,CloseCombat,SurgingStrikes|||F|||50|,,,,,Water]Amoonguss||RockyHelmet|Regenerator|PollenPuff,Spore,RagePowder,Protect|||F|||50|,,,,,Water\n|inactive|Battle timer is ON: inactive players will automatically lose when time's up. (requested by 200dollarteam)\n|j| gaming daily\n|inactive|200dollarteam has 60 seconds left.\n|inactive|michael tester has 60 seconds left.\n|inactive|200dollarteam has 30 seconds left.\n|inactive|michael tester has 30 seconds left.\n|\n|t:|1746110392\n|start\n|switch|p1a: Incineroar|Incineroar, L50, F|100/100\n|switch|p1b: Ursaluna|Ursaluna, L50, F|100/100\n|switch|p2a: Incineroar|Incineroar, L50, F|100/100\n|switch|p2b: Amoonguss|Amoonguss, L50, F|100/100\n|-ability|p1a: Incineroar|Intimidate|boost\n|-unboost|p2a: Incineroar|atk|1\n|-unboost|p2b: Amoonguss|atk|1\n|-ability|p2a: Incineroar|Intimidate|boost\n|-unboost|p1a: Incineroar|atk|1\n|-unboost|p1b: Ursaluna|atk|1\n|turn|1\n|inactive|michael tester has 30 seconds left.\n|inactive|michael tester has 20 seconds left.\n|inactive|michael tester has 15 seconds left.\n|\n|t:|1746110437\n|move|p1a: Incineroar|Fake Out|p2a: Incineroar\n|-damage|p2a: Incineroar|95/100\n|cant|p2a: Incineroar|flinch\n|move|p1b: Ursaluna|Substitute|p1b: Ursaluna\n|-start|p1b: Ursaluna|Substitute\n|-damage|p1b: Ursaluna|76/100\n|move|p2b: Amoonguss|Spore|p1a: Incineroar\n|-status|p1a: Incineroar|slp|[from] move: Spore\n|\n|-status|p1b: Ursaluna|brn|[from] item: Flame Orb\n|upkeep\n|turn|2\n|inactive|200dollarteam has 30 seconds left.\n|inactive|200dollarteam has 20 seconds left.\n|inactive|200dollarteam has 15 seconds left.\n|inactive|200dollarteam has 10 seconds left.\n|\n|t:|1746110482\n|cant|p1a: Incineroar|slp\n|move|p2a: Incineroar|Parting Shot|p1b: Ursaluna\n|-unboost|p1b: Ursaluna|atk|1\n|-unboost|p1b: Ursaluna|spa|1\n|\n|t:|1746110489\n|switch|p2a: Terapagos|Terapagos, L50, M|100/100|[from] Parting Shot\n|-activate|p2a: Terapagos|ability: Tera Shift\n|detailschange|p2a: Terapagos|Terapagos-Terastal, L50, M\n|-heal|p2a: Terapagos|100/100|[silent]\n|move|p1b: Ursaluna|Facade|p2a: Terapagos\n|-activate|p2a: Terapagos|ability: Tera Shell\n|-resisted|p2a: Terapagos\n|-damage|p2a: Terapagos|80/100\n|move|p2b: Amoonguss|Pollen Puff|p2a: Terapagos\n|-heal|p2a: Terapagos|100/100\n|\n|-damage|p1b: Ursaluna|70/100 brn|[from] brn\n|upkeep\n|turn|3\n|inactive|michael tester has 30 seconds left.\n|inactive|michael tester has 20 seconds left.\n|inactive|michael tester has 15 seconds left.\n|inactive|michael tester has 10 seconds left.\n|\n|t:|1746110539\n|switch|p2b: Incineroar|Incineroar, L50, F|95/100\n|-ability|p2b: Incineroar|Intimidate|boost\n|-unboost|p1a: Incineroar|atk|1\n|-immune|p1b: Ursaluna\n|move|p2a: Terapagos|Calm Mind|p2a: Terapagos\n|-boost|p2a: Terapagos|spa|1\n|-boost|p2a: Terapagos|spd|1\n|-curestatus|p1a: Incineroar|slp|[msg]\n|move|p1a: Incineroar|Knock Off|p2a: Terapagos\n|-activate|p2a: Terapagos|ability: Tera Shell\n|-resisted|p2a: Terapagos\n|-crit|p2a: Terapagos\n|-damage|p2a: Terapagos|77/100\n|-enditem|p2a: Terapagos|Leftovers|[from] move: Knock Off|[of] p1a: Incineroar\n|move|p1b: Ursaluna|Facade|p2a: Terapagos\n|-damage|p2a: Terapagos|34/100\n|\n|-damage|p1b: Ursaluna|64/100 brn|[from] brn\n|upkeep\n|turn|4\n|inactive|200dollarteam has 30 seconds left.\n|inactive|michael tester has 30 seconds left.\n|inactive|michael tester has 20 seconds left.\n|inactive|michael tester has 15 seconds left.\n|inactive|michael tester has 10 seconds left.\n|inactive|michael tester has 5 seconds left.\n|\n|t:|1746110594\n|move|p2a: Terapagos|Protect|p2a: Terapagos\n|-singleturn|p2a: Terapagos|Protect\n|move|p1a: Incineroar|U-turn|p2b: Incineroar\n|-damage|p2b: Incineroar|86/100\n|\n|t:|1746110601\n|switch|p1a: Farigiraf|Farigiraf, L50, M|100/100|[from] U-turn\n|move|p2b: Incineroar|Parting Shot|p1b: Ursaluna\n|-unboost|p1b: Ursaluna|atk|1\n|-unboost|p1b: Ursaluna|spa|1\n|\n|t:|1746110620\n|switch|p2b: Amoonguss|Amoonguss, L50, F|100/100|[from] Parting Shot\n|move|p1b: Ursaluna|Headlong Rush|p2b: Amoonguss\n|-damage|p2b: Amoonguss|63/100\n|-unboost|p1b: Ursaluna|def|1\n|-unboost|p1b: Ursaluna|spd|1\n|-damage|p1b: Ursaluna|48/100 brn|[from] item: Rocky Helmet|[of] p2b: Amoonguss\n|\n|-damage|p1b: Ursaluna|42/100 brn|[from] brn\n|upkeep\n|turn|5\n|inactive|michael tester has 30 seconds left.\n|\n|t:|1746110654\n|switch|p2b: Incineroar|Incineroar, L50, F|86/100\n|-ability|p2b: Incineroar|Intimidate|boost\n|-unboost|p1a: Farigiraf|atk|1\n|-immune|p1b: Ursaluna\n|-terastallize|p2a: Terapagos|Stellar\n|detailschange|p2a: Terapagos|Terapagos-Stellar, L50, M, tera:Stellar\n|-heal|p2a: Terapagos|51/100|[silent]\n|move|p2a: Terapagos|Tera Starstorm|p1a: Farigiraf|[spread] p1a,p1b\n|-end|p1b: Ursaluna|Substitute\n|-damage|p1a: Farigiraf|57/100\n|move|p1a: Farigiraf|Psychic|p2b: Incineroar\n|-immune|p2b: Incineroar\n|move|p1b: Ursaluna|Headlong Rush|p2a: Terapagos\n|-damage|p2a: Terapagos|27/100\n|-unboost|p1b: Ursaluna|def|1\n|-unboost|p1b: Ursaluna|spd|1\n|\n|-damage|p1b: Ursaluna|36/100 brn|[from] brn\n|upkeep\n|turn|6\n|inactive|michael tester has 30 seconds left.\n|\n|t:|1746110686\n|switch|p1b: Incineroar|Incineroar, L50, F|100/100\n|-ability|p1b: Incineroar|Intimidate|boost\n|-unboost|p2a: Terapagos|atk|1\n|-unboost|p2b: Incineroar|atk|1\n|move|p2a: Terapagos|Tera Starstorm|p1b: Incineroar|[spread] p1a,p1b\n|-damage|p1a: Farigiraf|14/100\n|-damage|p1b: Incineroar|68/100\n|move|p2b: Incineroar|Knock Off|p1a: Farigiraf\n|-supereffective|p1a: Farigiraf\n|-damage|p1a: Farigiraf|0 fnt\n|-enditem|p1a: Farigiraf|Electric Seed|[from] move: Knock Off|[of] p2b: Incineroar\n|faint|p1a: Farigiraf\n|\n|upkeep\n|\n|t:|1746110701\n|switch|p1a: Zamazenta|Zamazenta-Crowned, L50|100/100\n|-ability|p1a: Zamazenta|Dauntless Shield|boost\n|-boost|p1a: Zamazenta|def|1\n|turn|7\n|inactive|michael tester has 30 seconds left.\n|inactive|michael tester has 20 seconds left.\n|inactive|200dollarteam has 30 seconds left.\n|inactive|michael tester has 15 seconds left.\n|inactive|michael tester has 10 seconds left.\n|inactive|200dollarteam has 20 seconds left.\n|inactive|200dollarteam has 15 seconds left.\n|inactive|200dollarteam has 10 seconds left.\n|inactive|200dollarteam has 5 seconds left.\n|\n|t:|1746110766\n|switch|p2b: Rillaboom|Rillaboom, L50, M|100/100\n|-fieldstart|move: Grassy Terrain|[from] ability: Grassy Surge|[of] p2b: Rillaboom\n|move|p2a: Terapagos|Protect|p2a: Terapagos\n|-singleturn|p2a: Terapagos|Protect\n|move|p1b: Incineroar|Fake Out|p2b: Rillaboom\n|-damage|p2b: Rillaboom|90/100\n|move|p1a: Zamazenta|Body Press|p2a: Terapagos\n|-activate|p2a: Terapagos|move: Protect\n|\n|-heal|p2a: Terapagos|34/100|[from] Grassy Terrain\n|-heal|p2b: Rillaboom|96/100|[from] Grassy Terrain\n|-heal|p1b: Incineroar|74/100|[from] Grassy Terrain\n|upkeep\n|turn|8\n|inactive|200dollarteam has 30 seconds left.\n|inactive|michael tester has 30 seconds left.\n|\n|t:|1746110793\n|-terastallize|p1b: Incineroar|Bug\n|move|p1a: Zamazenta|Wide Guard|p1a: Zamazenta\n|-singleturn|p1a: Zamazenta|Wide Guard\n|move|p2b: Rillaboom|Fake Out|p1a: Zamazenta\n|-resisted|p1a: Zamazenta\n|-damage|p1a: Zamazenta|98/100\n|move|p2a: Terapagos|Earth Power|p1b: Incineroar\n|-resisted|p1b: Incineroar\n|-damage|p1b: Incineroar|59/100\n|-unboost|p1b: Incineroar|spd|1\n|move|p1b: Incineroar|Flare Blitz|p2a: Terapagos\n|-damage|p2a: Terapagos|8/100\n|-damage|p1b: Incineroar|48/100|[from] Recoil\n|\n|-heal|p1a: Zamazenta|100/100|[from] Grassy Terrain\n|-heal|p2a: Terapagos|14/100|[from] Grassy Terrain\n|-heal|p2b: Rillaboom|100/100|[from] Grassy Terrain\n|-heal|p1b: Incineroar|54/100|[from] Grassy Terrain\n|upkeep\n|turn|9\n|inactive|michael tester has 30 seconds left.\n|\n|t:|1746110827\n|move|p2a: Terapagos|Protect|p2a: Terapagos\n|-singleturn|p2a: Terapagos|Protect\n|move|p1a: Zamazenta|Body Press|p2a: Terapagos\n|-activate|p2a: Terapagos|move: Protect\n|move|p2b: Rillaboom|U-turn|p1b: Incineroar\n|-damage|p1b: Incineroar|32/100\n|\n|t:|1746110836\n|switch|p2b: Incineroar|Incineroar, L50, F|86/100|[from] U-turn\n|-ability|p2b: Incineroar|Intimidate|boost\n|-unboost|p1a: Zamazenta|atk|1\n|-unboost|p1b: Incineroar|atk|1\n|move|p1b: Incineroar|Flare Blitz|p2b: Incineroar\n|-resisted|p2b: Incineroar\n|-damage|p2b: Incineroar|72/100\n|-damage|p1b: Incineroar|28/100|[from] Recoil\n|\n|-heal|p2a: Terapagos|20/100|[from] Grassy Terrain\n|-heal|p1b: Incineroar|34/100|[from] Grassy Terrain\n|-heal|p2b: Incineroar|78/100|[from] Grassy Terrain\n|upkeep\n|turn|10\n|inactive|michael tester has 30 seconds left.\n|inactive|michael tester has 20 seconds left.\n|\n|t:|1746110876\n|move|p1a: Zamazenta|Protect|p1a: Zamazenta\n|-singleturn|p1a: Zamazenta|Protect\n|move|p2b: Incineroar|Fake Out|p1a: Zamazenta\n|-activate|p1a: Zamazenta|move: Protect\n|move|p2a: Terapagos|Earth Power|p1b: Incineroar\n|-resisted|p1b: Incineroar\n|-damage|p1b: Incineroar|12/100\n|move|p1b: Incineroar|U-turn|p2a: Terapagos\n|-damage|p2a: Terapagos|8/100\n|\n|t:|1746110882\n|switch|p1b: Ursaluna|Ursaluna, L50, F|36/100 brn|[from] U-turn\n|\n|-heal|p2a: Terapagos|14/100|[from] Grassy Terrain\n|-heal|p2b: Incineroar|84/100|[from] Grassy Terrain\n|-heal|p1b: Ursaluna|42/100 brn|[from] Grassy Terrain\n|-damage|p1b: Ursaluna|36/100 brn|[from] brn\n|upkeep\n|turn|11\n|inactive|200dollarteam has 30 seconds left.\n|\n|t:|1746110908\n|switch|p2b: Rillaboom|Rillaboom, L50, M|100/100\n|move|p2a: Terapagos|Protect|p2a: Terapagos\n|-singleturn|p2a: Terapagos|Protect\n|move|p1a: Zamazenta|Body Press|p2a: Terapagos\n|-activate|p2a: Terapagos|move: Protect\n|move|p1b: Ursaluna|Facade|p2b: Rillaboom\n|-damage|p2b: Rillaboom|0 fnt\n|faint|p2b: Rillaboom\n|\n|-heal|p2a: Terapagos|20/100|[from] Grassy Terrain\n|-heal|p1b: Ursaluna|42/100 brn|[from] Grassy Terrain\n|-damage|p1b: Ursaluna|36/100 brn|[from] brn\n|-fieldend|move: Grassy Terrain\n|upkeep\n|inactive|michael tester has 30 seconds left.\n|\n|t:|1746110920\n|switch|p2b: Amoonguss|Amoonguss, L50, F|96/100\n|turn|12\n|inactive|michael tester has 30 seconds left this turn.\n|inactive|200dollarteam has 30 seconds left.\n|inactive|200dollarteam has 20 seconds left.\n|inactive|200dollarteam has 15 seconds left.\n|\n|t:|1746110961\n|move|p2b: Amoonguss|Rage Powder|p2b: Amoonguss\n|-singleturn|p2b: Amoonguss|move: Rage Powder\n|move|p1a: Zamazenta|Heavy Slam|p2b: Amoonguss\n|-damage|p2b: Amoonguss|72/100\n|-damage|p1a: Zamazenta|84/100|[from] item: Rocky Helmet|[of] p2b: Amoonguss\n|move|p2a: Terapagos|Earth Power|p1b: Ursaluna\n|-damage|p1b: Ursaluna|0 fnt\n|faint|p1b: Ursaluna\n|\n|upkeep\n|inactive|michael tester has 25 seconds left this turn.\n|\n|t:|1746110968\n|switch|p1b: Incineroar|Incineroar, L50, F, tera:Bug|12/100\n|-ability|p1b: Incineroar|Intimidate|boost\n|-unboost|p2a: Terapagos|atk|1\n|-unboost|p2b: Amoonguss|atk|1\n|turn|13\n|inactive|michael tester has 25 seconds left this turn.\n|\n|t:|1746110985\n|move|p2a: Terapagos|Protect|p2a: Terapagos\n|-singleturn|p2a: Terapagos|Protect\n|move|p2b: Amoonguss|Protect|p2b: Amoonguss\n|-singleturn|p2b: Amoonguss|Protect\n|move|p1b: Incineroar|Fake Out|p2b: Amoonguss\n|-activate|p2b: Amoonguss|move: Protect\n|move|p1a: Zamazenta|Body Press|p2a: Terapagos\n|-activate|p2a: Terapagos|move: Protect\n|\n|upkeep\n|turn|14\n|inactive|michael tester has 25 seconds left this turn.\n|inactive|michael tester has 20 seconds left.\n|\n|t:|1746111006\n|move|p2b: Amoonguss|Rage Powder|p2b: Amoonguss\n|-singleturn|p2b: Amoonguss|move: Rage Powder\n|move|p1a: Zamazenta|Body Press|p2b: Amoonguss\n|-resisted|p2b: Amoonguss\n|-damage|p2b: Amoonguss|43/100\n|-damage|p1a: Zamazenta|67/100|[from] item: Rocky Helmet|[of] p2b: Amoonguss\n|move|p2a: Terapagos|Earth Power|p1b: Incineroar\n|-resisted|p1b: Incineroar\n|-damage|p1b: Incineroar|0 fnt\n|faint|p1b: Incineroar\n|\n|upkeep\n|turn|15\n|inactive|michael tester has 20 seconds left this turn.\n|\n|t:|1746111016\n|move|p2b: Amoonguss|Rage Powder|p2b: Amoonguss\n|-singleturn|p2b: Amoonguss|move: Rage Powder\n|move|p1a: Zamazenta|Body Press|p2b: Amoonguss\n|-resisted|p2b: Amoonguss\n|-damage|p2b: Amoonguss|11/100\n|-damage|p1a: Zamazenta|50/100|[from] item: Rocky Helmet|[of] p2b: Amoonguss\n|move|p2a: Terapagos|Earth Power|p1a: Zamazenta\n|-supereffective|p1a: Zamazenta\n|-damage|p1a: Zamazenta|0 fnt\n|faint|p1a: Zamazenta\n|\n|win|michael tester\n|inactive|michael tester has 20 seconds left this turn.\n|raw|200dollarteam's rating: 1405 &rarr; <strong>1386</strong><br />(-19 for losing)\n|raw|michael tester's rating: 1417 &rarr; <strong>1436</strong><br />(+19 for winning)\n|l|\u2606200dollarteam\n|player|p1|\n", "uploadtime": 1746111093, "views": 46, "formatid": "gen9vgc2025regibo3", "rating": 1386, "private": 0, "password": null}