{"id": "gen9vgc2025regibo3-2354288862", "format": "[Gen 9] VGC 2025 Reg I (Bo3)", "players": ["MangoFurret", "Sawadaburner"], "log": "|j|\u2606MangoFurret\n|j|\u2606Sawadaburner\n|html|<table width=\"100%\"><tr><td align=\"left\">MangoFurret</td><td align=\"right\">Sawadaburner</tr><tr><td align=\"left\"><i class=\"fa fa-circle-o\"></i> <i class=\"fa fa-circle-o\"></i> </td><td align=\"right\"><i class=\"fa fa-circle-o\"></i> <i class=\"fa fa-circle\"></i> </tr></table>\n|uhtml|bestof|<h2><strong>Game 2</strong> of <a href=\"/game-bestof3-gen9vgc2025regibo3-2354285897\">a best-of-3</a></h2>\n|t:|1746053320\n|gametype|doubles\n|player|p1|MangoFurret|unknown|1298\n|player|p2|Sawadaburner|266|1307\n|teamsize|p1|6\n|teamsize|p2|6\n|gen|9\n|tier|[Gen 9] VGC 2025 Reg I (Bo3)\n|rated|\n|rule|Species Clause: Limit one of each Pok\u00e9mon\n|rule|Item Clause: Limit 1 of each item\n|clearpoke\n|poke|p1|Kyogre, L50|\n|poke|p1|Zamazenta-*, L50|\n|poke|p1|Amoonguss, L50, F|\n|poke|p1|Chien-Pao, L50|\n|poke|p1|Urshifu-*, L50, M|\n|poke|p1|Roaring Moon, L50|\n|poke|p2|Lunala, L50|\n|poke|p2|Koraidon, L50|\n|poke|p2|Jumpluff, L50, M|\n|poke|p2|Incineroar, L50, M|\n|poke|p2|Raging Bolt, L50|\n|poke|p2|Ursaluna, L50, M|\n|teampreview|4\n|showteam|p1|Kyogre||MysticWater|Drizzle|WaterSpout,HydroPump,IceBeam,Protect||||||50|,,,,,Grass]Zamazenta-Crowned||RustedShield|DauntlessShield|behemothbash,BodyPress,WideGuard,Protect||||||50|,,,,,Grass]Amoonguss||RockyHelmet|Regenerator|RagePowder,Spore,SludgeBomb,Protect|||F|||50|,,,,,Fairy]Chien-Pao||FocusSash|SwordofRuin|IceSpinner,SuckerPunch,ThroatChop,Protect||||||50|,,,,,Ghost]Urshifu-Rapid-Strike||ChoiceScarf|UnseenFist|SurgingStrikes,CloseCombat,Uturn,Coaching|||M|||50|,,,,,Ghost]Roaring Moon||BoosterEnergy|Protosynthesis|KnockOff,Acrobatics,Tailwind,Protect||||||50|,,,,,Flying\n|showteam|p2|Lunala||PowerHerb|ShadowShield|MeteorBeam,MoongeistBeam,WideGuard,TrickRoom||||||50|,,,,,Water]Koraidon||LifeOrb|OrichalcumPulse|CloseCombat,FlareBlitz,BreakingSwipe,Protect||||||50|,,,,,Fire]Jumpluff||CovertCloak|Chlorophyll|Tailwind,SleepPowder,RagePowder,Encore|||M|||50|,,,,,Dark]Incineroar||SafetyGoggles|Intimidate|KnockOff,PartingShot,FlareBlitz,FakeOut|||M|||50|,,,,,Water]Raging Bolt||AssaultVest|Protosynthesis|Thunderclap,Thunderbolt,Snarl,DracoMeteor||||||50|,,,,,Electric]Ursaluna||FlameOrb|Guts|HeadlongRush,Facade,Earthquake,Protect|||M|||50|,,,,,Ghost\n|\n|t:|1746053400\n|start\n|switch|p1a: BigFish|Kyogre, L50|100/100\n|switch|p1b: Storm|Roaring Moon, L50|100/100\n|switch|p2a: Koraidon|Koraidon, L50|100/100\n|switch|p2b: Incineroar|Incineroar, L50, M|100/100\n|-weather|SunnyDay|[from] ability: Orichalcum Pulse|[of] p2a: Koraidon\n|-activate|p1b: Storm|ability: Protosynthesis\n|-start|p1b: Storm|protosynthesisspe\n|-activate|p2a: Koraidon|Orichalcum Pulse|[source]\n|-weather|RainDance|[from] ability: Drizzle|[of] p1a: BigFish\n|-end|p1b: Storm|Protosynthesis\n|-ability|p2b: Incineroar|Intimidate|boost\n|-unboost|p1a: BigFish|atk|1\n|-unboost|p1b: Storm|atk|1\n|-enditem|p1b: Storm|Booster Energy\n|-activate|p1b: Storm|ability: Protosynthesis|[fromitem]\n|-start|p1b: Storm|protosynthesisspe\n|turn|1\n|\n|t:|1746053433\n|move|p1b: Storm|Protect|p1b: Storm\n|-singleturn|p1b: Storm|Protect\n|move|p1a: BigFish|Protect|p1a: BigFish\n|-singleturn|p1a: BigFish|Protect\n|move|p2b: Incineroar|Fake Out|p1a: BigFish\n|-activate|p1a: BigFish|move: Protect\n|move|p2a: Koraidon|Close Combat|p1b: Storm\n|-activate|p1b: Storm|move: Protect\n|\n|-weather|RainDance|[upkeep]\n|upkeep\n|turn|2\n|\n|t:|1746053460\n|switch|p2b: Raging Bolt|Raging Bolt, L50|100/100\n|move|p1b: Storm|Tailwind|p1b: Storm\n|-sidestart|p1: MangoFurret|move: Tailwind\n|move|p1a: BigFish|Water Spout|p2a: Koraidon|[spread] p2a,p2b\n|-resisted|p2a: Koraidon\n|-resisted|p2b: Raging Bolt\n|-damage|p2a: Koraidon|40/100\n|-damage|p2b: Raging Bolt|67/100\n|move|p2a: Koraidon|Close Combat|p1a: BigFish\n|-damage|p1a: BigFish|19/100\n|-unboost|p2a: Koraidon|def|1\n|-unboost|p2a: Koraidon|spd|1\n|-damage|p2a: Koraidon|30/100|[from] item: Life Orb\n|\n|-weather|RainDance|[upkeep]\n|upkeep\n|turn|3\n|\n|t:|1746053493\n|switch|p1a: IlDoggo|Zamazenta-Crowned, L50|100/100\n|-ability|p1a: IlDoggo|Dauntless Shield|boost\n|-boost|p1a: IlDoggo|def|1\n|switch|p2a: Incineroar|Incineroar, L50, M|100/100\n|-ability|p2a: Incineroar|Intimidate|boost\n|-unboost|p1a: IlDoggo|atk|1\n|-unboost|p1b: Storm|atk|1\n|move|p2b: Raging Bolt|Thunderclap||[still]\n|-fail|p2b: Raging Bolt\n|move|p1b: Storm|Acrobatics|p2a: Incineroar\n|-damage|p2a: Incineroar|84/100\n|\n|-weather|RainDance|[upkeep]\n|upkeep\n|turn|4\n|\n|t:|1746053550\n|move|p2a: Incineroar|Fake Out|p1a: IlDoggo\n|-resisted|p1a: IlDoggo\n|-damage|p1a: IlDoggo|98/100\n|move|p1b: Storm|Knock Off|p2b: Raging Bolt\n|-damage|p2b: Raging Bolt|48/100\n|-enditem|p2b: Raging Bolt|Assault Vest|[from] move: Knock Off|[of] p1b: Storm\n|cant|p1a: IlDoggo|flinch\n|move|p2b: Raging Bolt|Draco Meteor|p1b: Storm\n|-supereffective|p1b: Storm\n|-damage|p1b: Storm|0 fnt\n|-unboost|p2b: Raging Bolt|spa|2\n|faint|p1b: Storm\n|-end|p1b: Storm|Protosynthesis|[silent]\n|\n|-weather|RainDance|[upkeep]\n|upkeep\n|\n|t:|1746053573\n|switch|p1b: Ilgattopardo|Chien-Pao, L50|100/100\n|-ability|p1b: Ilgattopardo|Sword of Ruin\n|turn|5\n|\n|t:|1746053612\n|switch|p2a: Koraidon|Koraidon, L50|30/100\n|-weather|SunnyDay|[from] ability: Orichalcum Pulse|[of] p2a: Koraidon\n|-activate|p2b: Raging Bolt|ability: Protosynthesis\n|-start|p2b: Raging Bolt|protosynthesisdef\n|-activate|p2a: Koraidon|Orichalcum Pulse|[source]\n|move|p2b: Raging Bolt|Thunderclap|p1b: Ilgattopardo\n|-damage|p1b: Ilgattopardo|69/100\n|move|p1b: Ilgattopardo|Throat Chop|p2a: Koraidon\n|-resisted|p2a: Koraidon\n|-damage|p2a: Koraidon|7/100\n|-start|p2a: Koraidon|Throat Chop|[silent]\n|move|p1a: IlDoggo|Body Press|p2a: Koraidon\n|-damage|p2a: Koraidon|0 fnt\n|faint|p2a: Koraidon\n|\n|-weather|SunnyDay|[upkeep]\n|-sideend|p1: MangoFurret|move: Tailwind\n|upkeep\n|\n|t:|1746053627\n|switch|p2a: Lunala|Lunala, L50|100/100\n|turn|6\n|\n|t:|1746053655\n|-end|p2b: Raging Bolt|Protosynthesis|[silent]\n|switch|p2b: Incineroar|Incineroar, L50, M|84/100\n|-ability|p2b: Incineroar|Intimidate|boost\n|-unboost|p1a: IlDoggo|atk|1\n|-unboost|p1b: Ilgattopardo|atk|1\n|-terastallize|p2a: Lunala|Water\n|move|p1b: Ilgattopardo|Throat Chop|p2a: Lunala\n|-damage|p2a: Lunala|89/100\n|-start|p2a: Lunala|Throat Chop|[silent]\n|move|p1a: IlDoggo|Body Press|p2a: Lunala\n|-damage|p2a: Lunala|25/100\n|move|p2a: Lunala|Meteor Beam||[still]\n|-prepare|p2a: Lunala|Meteor Beam\n|-boost|p2a: Lunala|spa|1\n|-enditem|p2a: Lunala|Power Herb\n|-anim|p2a: Lunala|Meteor Beam|p1b: Ilgattopardo\n|-supereffective|p1b: Ilgattopardo\n|-damage|p1b: Ilgattopardo|0 fnt\n|faint|p1b: Ilgattopardo\n|\n|-weather|SunnyDay|[upkeep]\n|upkeep\n|\n|t:|1746053672\n|switch|p1b: BigFish|Kyogre, L50|19/100\n|-weather|RainDance|[from] ability: Drizzle|[of] p1b: BigFish\n|turn|7\n|\n|t:|1746053685\n|switch|p2b: Raging Bolt|Raging Bolt, L50|48/100\n|move|p1a: IlDoggo|Protect|p1a: IlDoggo\n|-singleturn|p1a: IlDoggo|Protect\n|move|p1b: BigFish|Protect|p1b: BigFish\n|-singleturn|p1b: BigFish|Protect\n|move|p2a: Lunala|Moongeist Beam|p1a: IlDoggo\n|-activate|p1a: IlDoggo|move: Protect\n|\n|-weather|RainDance|[upkeep]\n|-end|p2a: Lunala|Throat Chop|[silent]\n|upkeep\n|turn|8\n|\n|t:|1746053717\n|move|p1b: BigFish|Protect||[still]\n|-fail|p1b: BigFish\n|move|p2b: Raging Bolt|Thunderclap||[still]\n|-fail|p2b: Raging Bolt\n|move|p1a: IlDoggo|Body Press|p2b: Raging Bolt\n|-damage|p2b: Raging Bolt|0 fnt\n|faint|p2b: Raging Bolt\n|-end|p2b: Raging Bolt|Protosynthesis|[silent]\n|move|p2a: Lunala|Moongeist Beam|p1a: IlDoggo\n|-damage|p1a: IlDoggo|35/100\n|\n|-weather|RainDance|[upkeep]\n|upkeep\n|\n|t:|1746053720\n|switch|p2b: Incineroar|Incineroar, L50, M|84/100\n|-ability|p2b: Incineroar|Intimidate|boost\n|-unboost|p1a: IlDoggo|atk|1\n|-unboost|p1b: BigFish|atk|1\n|turn|9\n|\n|t:|1746053751\n|move|p2b: Incineroar|Fake Out|p1a: IlDoggo\n|-resisted|p1a: IlDoggo\n|-damage|p1a: IlDoggo|32/100\n|cant|p1a: IlDoggo|flinch\n|move|p1b: BigFish|Hydro Pump|p2a: Lunala\n|-resisted|p2a: Lunala\n|-damage|p2a: Lunala|0 fnt\n|faint|p2a: Lunala\n|\n|-weather|RainDance|[upkeep]\n|upkeep\n|turn|10\n|-message|Sawadaburner forfeited.\n|\n|win|MangoFurret\n||Sawadaburner is ready for game 3.\n||MangoFurret is ready for game 3.\n|uhtml|next|Next: <a href=\"/battle-gen9vgc2025regibo3-2354292734\"><strong>Game 3 of 3</strong></a>\n|l|\u2606MangoFurret\n|player|p1|\n", "uploadtime": 1746054193, "views": 14, "formatid": "gen9vgc2025regibo3", "rating": null, "private": 0, "password": null}