{"id": "gen9vgc2025regibo3-2353993522", "format": "[Gen 9] VGC 2025 Reg I (Bo3)", "players": ["rauliito_adh", "Black urshifu stan"], "log": "|j|\u2606rauliito_adh\n|j|\u2606Black urshifu stan\n|html|<table width=\"100%\"><tr><td align=\"left\">rauliito_adh</td><td align=\"right\">Black urshifu stan</tr><tr><td align=\"left\"><i class=\"fa fa-circle-o\"></i> <i class=\"fa fa-circle-o\"></i> </td><td align=\"right\"><i class=\"fa fa-circle-o\"></i> <i class=\"fa fa-circle\"></i> </tr></table>\n|uhtml|bestof|<h2><strong>Game 2</strong> of <a href=\"/game-bestof3-gen9vgc2025regibo3-2353990855\">a best-of-3</a></h2>\n|t:|1746025757\n|gametype|doubles\n|player|p1|rauliito_adh|hilbert|1287\n|player|p2|Black urshifu stan|1|1343\n|teamsize|p1|6\n|teamsize|p2|6\n|gen|9\n|tier|[Gen 9] VGC 2025 Reg I (Bo3)\n|rated|\n|rule|Species Clause: Limit one of each Pok\u00e9mon\n|rule|Item Clause: Limit 1 of each item\n|clearpoke\n|poke|p1|Calyrex-Shadow, L50|\n|poke|p1|Terapagos, L50, M|\n|poke|p1|Incineroar, L50, F|\n|poke|p1|Rillaboom, L50, M|\n|poke|p1|Amoonguss, L50, M|\n|poke|p1|Urshifu-*, L50, F|\n|poke|p2|Calyrex-Ice, L50|\n|poke|p2|Miraidon, L50|\n|poke|p2|Incineroar, L50, F|\n|poke|p2|Farigiraf, L50, M|\n|poke|p2|Urshifu-*, L50, F|\n|poke|p2|Iron Hands, L50|\n|teampreview|4\n|showteam|p1|Calyrex-Shadow||FocusSash|AsOneSpectrier|AstralBarrage,WillOWisp,Disable,Protect||||||50|,,,,,Ghost]Terapagos||Leftovers|TeraShift|TeraStarstorm,EarthPower,CalmMind,Protect|||M|||50|,,,,,Stellar]Incineroar||SafetyGoggles|Intimidate|WillOWisp,KnockOff,FakeOut,PartingShot|||F|||50|,,,,,Bug]Rillaboom||AssaultVest|GrassySurge|FakeOut,WoodHammer,Uturn,GrassyGlide|||M|||50|,,,,,Grass]Amoonguss||RockyHelmet|Regenerator|Protect,Spore,RagePowder,SludgeBomb|||M|||50|,,,,,Water]Urshifu-Rapid-Strike||ChoiceScarf|UnseenFist|RockTomb,SurgingStrikes,Uturn,CloseCombat|||F|||50|,,,,,Water\n|showteam|p2|Calyrex-Ice||ClearAmulet|AsOneGlastrier|GlacialLance,HighHorsepower,TrickRoom,Protect||||||50|,,,,,Water]Miraidon||ChoiceSpecs|HadronEngine|VoltSwitch,ElectroDrift,DracoMeteor,DazzlingGleam||||||50|,,,,,Fairy]Incineroar||CovertCloak|Intimidate|FakeOut,KnockOff,WillOWisp,PartingShot|||F|||50|,,,,,Fairy]Farigiraf||ElectricSeed|ArmorTail|FoulPlay,PsychicNoise,TrickRoom,HelpingHand|||M|||50|,,,,,Dark]Urshifu-Rapid-Strike||ChoiceScarf|UnseenFist|SurgingStrikes,CloseCombat,Uturn,AquaJet|||F|||50|,,,,,Water]Iron Hands||AssaultVest|QuarkDrive|FakeOut,DrainPunch,LowKick,WildCharge||||||50|,,,,,Water\n|inactive|Battle timer is ON: inactive players will automatically lose when time's up. (requested by Black urshifu stan)\n|\n|t:|1746025769\n|start\n|switch|p1a: Terapagos|Terapagos, L50, M|100/100\n|switch|p1b: Calyrex|Calyrex-Shadow, L50|100/100\n|switch|p2a: Miraidon|Miraidon, L50|100/100\n|switch|p2b: Urshifu|Urshifu-Rapid-Strike, L50, F|100/100\n|-activate|p1a: Terapagos|ability: Tera Shift\n|detailschange|p1a: Terapagos|Terapagos-Terastal, L50, M\n|-heal|p1a: Terapagos|100/100|[silent]\n|-ability|p1b: Calyrex|As One\n|-ability|p1b: Calyrex|Unnerve\n|-fieldstart|move: Electric Terrain|[from] ability: Hadron Engine|[of] p2a: Miraidon\n|turn|1\n|inactive|rauliito_adh has 30 seconds left.\n|inactive|Black urshifu stan has 30 seconds left.\n|\n|t:|1746025800\n|switch|p1a: Rillaboom|Rillaboom, L50, M|100/100\n|-fieldstart|move: Grassy Terrain|[from] ability: Grassy Surge|[of] p1a: Rillaboom\n|-terastallize|p2b: Urshifu|Water\n|move|p2b: Urshifu|Surging Strikes|p1b: Calyrex\n|-crit|p1b: Calyrex\n|-damage|p1b: Calyrex|71/100\n|-crit|p1b: Calyrex\n|-damage|p1b: Calyrex|39/100\n|-crit|p1b: Calyrex\n|-damage|p1b: Calyrex|10/100\n|-hitcount|p1b: Calyrex|3\n|move|p1b: Calyrex|Will-O-Wisp|p2b: Urshifu\n|-status|p2b: Urshifu|brn\n|move|p2a: Miraidon|Volt Switch|p1a: Rillaboom\n|-resisted|p1a: Rillaboom\n|-damage|p1a: Rillaboom|83/100\n|\n|t:|1746025815\n|switch|p2a: Calyrex|Calyrex-Ice, L50|100/100|[from] Volt Switch\n|-ability|p2a: Calyrex|As One\n|-ability|p2a: Calyrex|Unnerve\n|\n|-heal|p1b: Calyrex|16/100|[from] Grassy Terrain\n|-heal|p1a: Rillaboom|89/100|[from] Grassy Terrain\n|-damage|p2b: Urshifu|94/100 brn|[from] brn\n|upkeep\n|turn|2\n|inactive|rauliito_adh has 30 seconds left.\n|\n|t:|1746025840\n|move|p2a: Calyrex|Protect|p2a: Calyrex\n|-singleturn|p2a: Calyrex|Protect\n|move|p2b: Urshifu|Surging Strikes|p1b: Calyrex\n|-crit|p1b: Calyrex\n|-damage|p1b: Calyrex|0 fnt\n|faint|p1b: Calyrex\n|-hitcount|p1: Calyrex|1\n|move|p1a: Rillaboom|U-turn|p2b: Urshifu\n|-damage|p2b: Urshifu|75/100 brn\n|\n|t:|1746025848\n|switch|p1a: Terapagos|Terapagos-Terastal, L50, M|100/100|[from] U-turn\n|\n|-heal|p2b: Urshifu|81/100 brn|[from] Grassy Terrain\n|-damage|p2b: Urshifu|75/100 brn|[from] brn\n|upkeep\n|\n|t:|1746025851\n|switch|p1b: Amoonguss|Amoonguss, L50, M|100/100\n|turn|3\n|\n|t:|1746025864\n|switch|p2a: Miraidon|Miraidon, L50|100/100\n|-fieldstart|move: Electric Terrain|[from] ability: Hadron Engine|[of] p2a: Miraidon\n|-terastallize|p1a: Terapagos|Stellar\n|detailschange|p1a: Terapagos|Terapagos-Stellar, L50, M, tera:Stellar\n|-heal|p1a: Terapagos|100/100|[silent]\n|-ability|p1a: Terapagos|Teraform Zero\n|-fieldend|move: Electric Terrain\n|move|p2b: Urshifu|Surging Strikes|p1a: Terapagos\n|-crit|p1a: Terapagos\n|-damage|p1a: Terapagos|93/100\n|-crit|p1a: Terapagos\n|-damage|p1a: Terapagos|86/100\n|-crit|p1a: Terapagos\n|-damage|p1a: Terapagos|79/100\n|-hitcount|p1a: Terapagos|3\n|move|p1a: Terapagos|Tera Starstorm|p2b: Urshifu|[spread] p2a,p2b\n|-supereffective|p2b: Urshifu\n|-damage|p2a: Miraidon|71/100\n|-damage|p2b: Urshifu|0 fnt\n|faint|p2b: Urshifu\n|move|p1b: Amoonguss|Spore|p2a: Miraidon\n|-status|p2a: Miraidon|slp|[from] move: Spore\n|\n|-heal|p1a: Terapagos|85/100|[from] item: Leftovers\n|upkeep\n|\n|t:|1746025882\n|switch|p2b: Incineroar|Incineroar, L50, F|100/100\n|-ability|p2b: Incineroar|Intimidate|boost\n|-unboost|p1a: Terapagos|atk|1\n|-unboost|p1b: Amoonguss|atk|1\n|turn|4\n|\n|t:|1746025901\n|switch|p2a: Calyrex|Calyrex-Ice, L50|100/100\n|-ability|p2a: Calyrex|As One\n|-ability|p2a: Calyrex|Unnerve\n|move|p1a: Terapagos|Calm Mind|p1a: Terapagos\n|-boost|p1a: Terapagos|spa|1\n|-boost|p1a: Terapagos|spd|1\n|move|p2b: Incineroar|Parting Shot|p1a: Terapagos\n|-unboost|p1a: Terapagos|atk|1\n|-unboost|p1a: Terapagos|spa|1\n|\n|t:|1746025911\n|switch|p2b: Miraidon|Miraidon, L50|71/100 slp|[from] Parting Shot\n|-fieldstart|move: Electric Terrain|[from] ability: Hadron Engine|[of] p2b: Miraidon\n|move|p1b: Amoonguss|Spore|p2b: Miraidon\n|-fail|p2b: Miraidon|slp\n|\n|-heal|p1a: Terapagos|91/100|[from] item: Leftovers\n|upkeep\n|turn|5\n|\n|t:|1746025932\n|switch|p1a: Rillaboom|Rillaboom, L50, M|89/100\n|-fieldstart|move: Grassy Terrain|[from] ability: Grassy Surge|[of] p1a: Rillaboom\n|cant|p2b: Miraidon|slp\n|move|p2a: Calyrex|Glacial Lance|p1b: Amoonguss|[spread] p1a,p1b\n|-supereffective|p1a: Rillaboom\n|-supereffective|p1b: Amoonguss\n|-damage|p1a: Rillaboom|4/100\n|-damage|p1b: Amoonguss|5/100\n|move|p1b: Amoonguss|Spore|p2a: Calyrex\n|-status|p2a: Calyrex|slp|[from] move: Spore\n|\n|-heal|p2b: Miraidon|77/100 slp|[from] Grassy Terrain\n|-heal|p1a: Rillaboom|10/100|[from] Grassy Terrain\n|-heal|p1b: Amoonguss|11/100|[from] Grassy Terrain\n|upkeep\n|turn|6\n|\n|t:|1746025957\n|switch|p1b: Terapagos|Terapagos-Stellar, L50, M, tera:Stellar|91/100\n|cant|p2a: Calyrex|slp\n|cant|p2b: Miraidon|slp\n|move|p1a: Rillaboom|U-turn|p2a: Calyrex\n|-supereffective|p2a: Calyrex\n|-damage|p2a: Calyrex|74/100 slp\n|\n|t:|1746025965\n|switch|p1a: Amoonguss|Amoonguss, L50, M|44/100|[from] U-turn\n|\n|-heal|p2b: Miraidon|83/100 slp|[from] Grassy Terrain\n|-heal|p1b: Terapagos|97/100|[from] Grassy Terrain\n|-heal|p1b: Terapagos|100/100|[from] item: Leftovers\n|-heal|p2a: Calyrex|80/100 slp|[from] Grassy Terrain\n|-heal|p1a: Amoonguss|50/100|[from] Grassy Terrain\n|upkeep\n|turn|7\n|\n|t:|1746025981\n|-curestatus|p2b: Miraidon|slp|[msg]\n|move|p2b: Miraidon|Draco Meteor|p1a: Amoonguss\n|-damage|p1a: Amoonguss|0 fnt\n|-unboost|p2b: Miraidon|spa|2\n|faint|p1a: Amoonguss\n|move|p1b: Terapagos|Tera Starstorm|p2b: Miraidon|[spread] p2a,p2b\n|-damage|p2a: Calyrex|59/100 slp\n|-damage|p2b: Miraidon|54/100\n|-curestatus|p2a: Calyrex|slp|[msg]\n|move|p2a: Calyrex|Glacial Lance|p1b: Terapagos\n|-damage|p1b: Terapagos|64/100\n|\n|-heal|p2b: Miraidon|60/100|[from] Grassy Terrain\n|-heal|p1b: Terapagos|71/100|[from] Grassy Terrain\n|-heal|p1b: Terapagos|77/100|[from] item: Leftovers\n|-heal|p2a: Calyrex|65/100|[from] Grassy Terrain\n|upkeep\n|\n|t:|1746025987\n|switch|p1a: Rillaboom|Rillaboom, L50, M|10/100\n|turn|8\n|\n|t:|1746025996\n|move|p1a: Rillaboom|Fake Out|p2a: Calyrex\n|-crit|p2a: Calyrex\n|-damage|p2a: Calyrex|55/100\n|move|p2b: Miraidon|Draco Meteor|p1a: Rillaboom\n|-damage|p1a: Rillaboom|0 fnt\n|-unboost|p2b: Miraidon|spa|2\n|faint|p1a: Rillaboom\n|move|p1b: Terapagos|Calm Mind|p1b: Terapagos\n|-boost|p1b: Terapagos|spa|1\n|-boost|p1b: Terapagos|spd|1\n|cant|p2a: Calyrex|flinch\n|\n|-heal|p2b: Miraidon|66/100|[from] Grassy Terrain\n|-heal|p1b: Terapagos|83/100|[from] Grassy Terrain\n|-heal|p1b: Terapagos|89/100|[from] item: Leftovers\n|-heal|p2a: Calyrex|60/100|[from] Grassy Terrain\n|upkeep\n|turn|9\n|\n|t:|1746026015\n|switch|p2b: Incineroar|Incineroar, L50, F|100/100\n|-ability|p2b: Incineroar|Intimidate|boost\n|-unboost|p1b: Terapagos|atk|1\n|move|p2a: Calyrex|Protect|p2a: Calyrex\n|-singleturn|p2a: Calyrex|Protect\n|move|p1b: Terapagos|Tera Starstorm|p2b: Incineroar|[spread] p2b\n|-activate|p2a: Calyrex|move: Protect\n|-damage|p2b: Incineroar|50/100\n|\n|-heal|p1b: Terapagos|95/100|[from] Grassy Terrain\n|-heal|p1b: Terapagos|100/100|[from] item: Leftovers\n|-heal|p2b: Incineroar|56/100|[from] Grassy Terrain\n|-heal|p2a: Calyrex|66/100|[from] Grassy Terrain\n|-fieldend|move: Grassy Terrain\n|upkeep\n|turn|10\n|\n|t:|1746026028\n|move|p2b: Incineroar|Fake Out|p1b: Terapagos\n|-damage|p1b: Terapagos|95/100\n|cant|p1b: Terapagos|flinch\n|move|p2a: Calyrex|Trick Room|p2a: Calyrex\n|-fieldstart|move: Trick Room|[of] p2a: Calyrex\n|\n|-heal|p1b: Terapagos|100/100|[from] item: Leftovers\n|upkeep\n|turn|11\n|\n|t:|1746026043\n|move|p1b: Terapagos|Protect|p1b: Terapagos\n|-singleturn|p1b: Terapagos|Protect\n|move|p2a: Calyrex|Glacial Lance|p1b: Terapagos\n|-activate|p1b: Terapagos|move: Protect\n|move|p2b: Incineroar|Knock Off|p1b: Terapagos\n|-activate|p1b: Terapagos|move: Protect\n|\n|upkeep\n|turn|12\n|\n|t:|1746026050\n|move|p2a: Calyrex|Glacial Lance|p1b: Terapagos\n|-damage|p1b: Terapagos|60/100\n|move|p2b: Incineroar|Knock Off|p1b: Terapagos\n|-damage|p1b: Terapagos|43/100\n|-enditem|p1b: Terapagos|Leftovers|[from] move: Knock Off|[of] p2b: Incineroar\n|move|p1b: Terapagos|Tera Starstorm|p2a: Calyrex|[spread] p2a,p2b\n|-damage|p2a: Calyrex|34/100\n|-damage|p2b: Incineroar|5/100\n|\n|upkeep\n|turn|13\n|\n|t:|1746026067\n|move|p2a: Calyrex|Protect|p2a: Calyrex\n|-singleturn|p2a: Calyrex|Protect\n|move|p1b: Terapagos|Protect|p1b: Terapagos\n|-singleturn|p1b: Terapagos|Protect\n|move|p2b: Incineroar|Parting Shot|p1b: Terapagos\n|-activate|p1b: Terapagos|move: Protect\n|\n|upkeep\n|turn|14\n|\n|t:|1746026081\n|move|p1b: Terapagos|Protect||[still]\n|-fail|p1b: Terapagos\n|move|p2a: Calyrex|Glacial Lance|p1b: Terapagos\n|-damage|p1b: Terapagos|6/100\n|move|p2b: Incineroar|Knock Off|p1b: Terapagos\n|-damage|p1b: Terapagos|0 fnt\n|faint|p1b: Terapagos\n|\n|win|Black urshifu stan\n|raw|rauliito_adh's rating: 1287 &rarr; <strong>1266</strong><br />(-21 for losing)\n|raw|Black urshifu stan's rating: 1343 &rarr; <strong>1360</strong><br />(+17 for winning)\n|l|\u2606Black urshifu stan\n|player|p2|\n|l|\u2606rauliito_adh\n|player|p1|\n|j|\u2606Black urshifu stan\n|player|p2|Black urshifu stan|1|\n|l|\u2606Black urshifu stan\n|player|p2|\n|j|\u2606Black urshifu stan\n|player|p2|Black urshifu stan|1|\n", "uploadtime": 1746026089, "views": 25, "formatid": "gen9vgc2025regibo3", "rating": 1266, "private": 0, "password": null}