{"id": "gen9vgc2025regibo3-2354473602", "format": "[Gen 9] VGC 2025 Reg I (Bo3)", "players": ["mediocrememez", "Gworf"], "log": "|j|\u2606mediocrememez\n|j|\u2606Gworf\n|html|<table width=\"100%\"><tr><td align=\"left\">mediocrememez</td><td align=\"right\">Gworf</tr><tr><td align=\"left\"><i class=\"fa fa-circle-o\"></i> <i class=\"fa fa-circle-o\"></i> </td><td align=\"right\"><i class=\"fa fa-circle-o\"></i> <i class=\"fa fa-circle-o\"></i> </tr></table>\n|uhtml|bestof|<h2><strong>Game 1</strong> of <a href=\"/game-bestof3-gen9vgc2025regibo3-2354473601\">a best-of-3</a></h2>\n|t:|1746077351\n|gametype|doubles\n|player|p1|mediocrememez|dawn|1183\n|player|p2|Gworf|acetrainer-gen4dp|1115\n|teamsize|p1|6\n|teamsize|p2|6\n|gen|9\n|tier|[Gen 9] VGC 2025 Reg I (Bo3)\n|rated|\n|rule|Species Clause: Limit one of each Pok\u00e9mon\n|rule|Item Clause: Limit 1 of each item\n|clearpoke\n|poke|p1|Calyrex-Ice, L50|\n|poke|p1|Farigiraf, L50, M|\n|poke|p1|Incineroar, L50, M|\n|poke|p1|Miraidon, L50|\n|poke|p1|Ogerpon-Cornerstone, L50, F|\n|poke|p1|Urshifu-*, L50, F|\n|poke|p2|Zamazenta-*, L50|\n|poke|p2|Calyrex-Shadow, L50|\n|poke|p2|Rillaboom, L50, M|\n|poke|p2|Ogerpon-Cornerstone, L50, F|\n|poke|p2|Tornadus, L50, M|\n|poke|p2|Ninetales, L50, F|\n|teampreview|4\n|showteam|p1|Calyrex-Ice||ClearAmulet|AsOneGlastrier|Protect,TrickRoom,GlacialLance,HighHorsepower||||||50|,,,,,Fire]Farigiraf||ThroatSpray|ArmorTail|TrickRoom,Psychic,HyperVoice,HelpingHand|||M|||50|,,,,,Fairy]Incineroar||SafetyGoggles|Intimidate|FakeOut,WillOWisp,KnockOff,PartingShot|||M|||50|,,,,,Ghost]Miraidon||AssaultVest|HadronEngine|VoltSwitch,DracoMeteor,ElectroDrift,DazzlingGleam||||||50|,,,,,Fairy]Ogerpon-Cornerstone||CornerstoneMask|Sturdy|FollowMe,SpikyShield,IvyCudgel,HornLeech|||F|||50|,,,,,Rock]Urshifu-Rapid-Strike||FocusSash|UnseenFist|Detect,SurgingStrikes,CloseCombat,AquaJet|||F|||50|,,,,,Fighting\n|showteam|p2|Zamazenta-Crowned||RustedShield|DauntlessShield|behemothbash,BodyPress,WideGuard,Protect||||||50|,,,,,Water]Calyrex-Shadow||FocusSash|AsOneSpectrier|AstralBarrage,Disable,Encore,Protect||||||50|,,,,,Ghost]Rillaboom||AssaultVest|GrassySurge|FakeOut,GrassyGlide,WoodHammer,Uturn|||M|||50|,,,,,Grass]Ogerpon-Cornerstone||CornerstoneMask|Sturdy|IvyCudgel,GrassyGlide,FollowMe,SpikyShield|||F|||50|,,,,,Rock]Tornadus||MentalHerb|Prankster|Tailwind,BleakwindStorm,Taunt,Substitute|||M|||50|,,,,,Ghost]Ninetales||LifeOrb|Drought|HeatWave,FireBlast,HelpingHand,Protect|||F|||50|,,,,,Fire\n|inactive|Battle timer is ON: inactive players will automatically lose when time's up. (requested by mediocrememez)\n|c|\u2606mediocrememez|glhf\n|inactive|Gworf has 60 seconds left.\n|inactive|Gworf has 30 seconds left.\n|\n|t:|1746077416\n|start\n|switch|p1a: Miraidon|Miraidon, L50|100/100\n|switch|p1b: Farigiraf|Farigiraf, L50, M|100/100\n|switch|p2a: Ogerpon|Ogerpon-Cornerstone, L50, F|100/100\n|switch|p2b: Zamazenta|Zamazenta-Crowned, L50|100/100\n|-fieldstart|move: Electric Terrain|[from] ability: Hadron Engine|[of] p1a: Miraidon\n|-ability|p2b: Zamazenta|Dauntless Shield|boost\n|-boost|p2b: Zamazenta|def|1\n|turn|1\n|inactive|mediocrememez has 30 seconds left.\n|inactive|Gworf has 30 seconds left.\n|inactive|mediocrememez has 20 seconds left.\n|inactive|Gworf has 20 seconds left.\n|inactive|mediocrememez has 15 seconds left.\n|inactive|Gworf has 15 seconds left.\n|\n|t:|1746077461\n|switch|p2a: Rillaboom|Rillaboom, L50, M|100/100\n|-fieldstart|move: Grassy Terrain|[from] ability: Grassy Surge|[of] p2a: Rillaboom\n|move|p1a: Miraidon|Electro Drift|p2b: Zamazenta\n|-damage|p2b: Zamazenta|53/100\n|move|p2b: Zamazenta|Body Press|p1a: Miraidon\n|-damage|p1a: Miraidon|20/100\n|move|p1b: Farigiraf|Hyper Voice|p2b: Zamazenta|[spread] p2a,p2b\n|-resisted|p2b: Zamazenta\n|-damage|p2a: Rillaboom|74/100\n|-damage|p2b: Zamazenta|39/100\n|-enditem|p1b: Farigiraf|Throat Spray\n|-boost|p1b: Farigiraf|spa|1|[from] item: Throat Spray\n|\n|-heal|p1a: Miraidon|27/100|[from] Grassy Terrain\n|-heal|p2b: Zamazenta|45/100|[from] Grassy Terrain\n|-heal|p2a: Rillaboom|80/100|[from] Grassy Terrain\n|upkeep\n|turn|2\n|inactive|mediocrememez has 30 seconds left.\n|inactive|Gworf has 30 seconds left.\n|inactive|mediocrememez has 20 seconds left.\n|\n|t:|1746077496\n|move|p2b: Zamazenta|Protect|p2b: Zamazenta\n|-singleturn|p2b: Zamazenta|Protect\n|move|p1a: Miraidon|Volt Switch|p2a: Rillaboom\n|-resisted|p2a: Rillaboom\n|-damage|p2a: Rillaboom|66/100\n|\n|t:|1746077510\n|switch|p1a: Incineroar|Incineroar, L50, M|100/100|[from] Volt Switch\n|-ability|p1a: Incineroar|Intimidate|boost\n|-unboost|p2a: Rillaboom|atk|1\n|-unboost|p2b: Zamazenta|atk|1\n|move|p2a: Rillaboom|Wood Hammer|p1a: Incineroar\n|-resisted|p1a: Incineroar\n|-damage|p1a: Incineroar|79/100\n|-damage|p2a: Rillaboom|58/100|[from] Recoil\n|move|p1b: Farigiraf|Psychic|p2b: Zamazenta\n|-activate|p2b: Zamazenta|move: Protect\n|\n|-heal|p2b: Zamazenta|50/100|[from] Grassy Terrain\n|-heal|p2a: Rillaboom|64/100|[from] Grassy Terrain\n|-heal|p1a: Incineroar|85/100|[from] Grassy Terrain\n|upkeep\n|turn|3\n|inactive|mediocrememez has 30 seconds left.\n|inactive|Gworf has 30 seconds left.\n|inactive|Gworf has 20 seconds left.\n|inactive|Gworf has 15 seconds left.\n|\n|t:|1746077552\n|switch|p2a: Ogerpon|Ogerpon-Cornerstone, L50, F|100/100\n|-terastallize|p1a: Incineroar|Ghost\n|move|p1a: Incineroar|Fake Out|p2a: Ogerpon\n|-resisted|p2a: Ogerpon\n|-damage|p2a: Ogerpon|94/100\n|move|p2b: Zamazenta|Body Press|p1a: Incineroar\n|-immune|p1a: Incineroar\n|move|p1b: Farigiraf|Trick Room|p1b: Farigiraf\n|-fieldstart|move: Trick Room|[of] p1b: Farigiraf\n|\n|-heal|p1a: Incineroar|91/100|[from] Grassy Terrain\n|-heal|p2a: Ogerpon|100/100|[from] Grassy Terrain\n|-heal|p2b: Zamazenta|56/100|[from] Grassy Terrain\n|upkeep\n|turn|4\n|inactive|Gworf has 30 seconds left.\n|\n|t:|1746077585\n|move|p2a: Ogerpon|Spiky Shield|p2a: Ogerpon\n|-singleturn|p2a: Ogerpon|move: Protect\n|move|p1b: Farigiraf|Psychic|p2b: Zamazenta\n|-damage|p2b: Zamazenta|0 fnt\n|faint|p2b: Zamazenta\n|move|p1a: Incineroar|Will-O-Wisp|p2a: Ogerpon\n|-activate|p2a: Ogerpon|move: Protect\n|\n|-heal|p1a: Incineroar|97/100|[from] Grassy Terrain\n|upkeep\n|\n|t:|1746077596\n|switch|p2b: Calyrex|Calyrex-Shadow, L50|100/100\n|-ability|p2b: Calyrex|As One\n|-ability|p2b: Calyrex|Unnerve\n|turn|5\n|inactive|mediocrememez has 30 seconds left.\n|inactive|mediocrememez has 20 seconds left.\n|inactive|mediocrememez has 15 seconds left.\n|\n|t:|1746077637\n|move|p2a: Ogerpon|Follow Me|p2a: Ogerpon\n|-singleturn|p2a: Ogerpon|move: Follow Me\n|move|p1b: Farigiraf|Psychic|p2a: Ogerpon\n|-damage|p2a: Ogerpon|15/100\n|move|p1a: Incineroar|Parting Shot|p2a: Ogerpon\n|-unboost|p2a: Ogerpon|atk|1\n|-unboost|p2a: Ogerpon|spa|1\n|\n|t:|1746077648\n|switch|p1a: Calyrex|Calyrex-Ice, L50|100/100|[from] Parting Shot\n|-ability|p1a: Calyrex|As One\n|-ability|p1a: Calyrex|Unnerve\n|move|p2b: Calyrex|Astral Barrage|p1a: Calyrex|[spread] p1a\n|-immune|p1b: Farigiraf\n|-supereffective|p1a: Calyrex\n|-damage|p1a: Calyrex|21/100\n|\n|-heal|p1a: Calyrex|27/100|[from] Grassy Terrain\n|-heal|p2a: Ogerpon|21/100|[from] Grassy Terrain\n|-fieldend|move: Grassy Terrain\n|upkeep\n|turn|6\n|inactive|mediocrememez has 30 seconds left.\n|\n|t:|1746077679\n|move|p2a: Ogerpon|Spiky Shield|p2a: Ogerpon\n|-singleturn|p2a: Ogerpon|move: Protect\n|move|p2b: Calyrex|Protect|p2b: Calyrex\n|-singleturn|p2b: Calyrex|Protect\n|move|p1a: Calyrex|Glacial Lance|p2b: Calyrex|[spread] \n|-activate|p2a: Ogerpon|move: Protect\n|-activate|p2b: Calyrex|move: Protect\n|move|p1b: Farigiraf|Psychic|p2b: Calyrex\n|-activate|p2b: Calyrex|move: Protect\n|\n|upkeep\n|turn|7\n|inactive|mediocrememez has 30 seconds left.\n|\n|t:|1746077707\n|switch|p2b: Rillaboom|Rillaboom, L50, M|64/100\n|-fieldstart|move: Grassy Terrain|[from] ability: Grassy Surge|[of] p2b: Rillaboom\n|move|p2a: Ogerpon|Spiky Shield||[still]\n|-fail|p2a: Ogerpon\n|move|p1a: Calyrex|Glacial Lance|p2a: Ogerpon|[spread] p2a,p2b\n|-supereffective|p2a: Ogerpon\n|-supereffective|p2b: Rillaboom\n|-damage|p2a: Ogerpon|0 fnt\n|-damage|p2b: Rillaboom|0 fnt\n|faint|p2a: Ogerpon\n|faint|p2b: Rillaboom\n|-ability|p1a: Calyrex|Chilling Neigh|boost\n|-boost|p1a: Calyrex|atk|2\n|move|p1b: Farigiraf|Psychic|p2: Ogerpon|[notarget]\n|-fail|p1b: Farigiraf\n|\n|-heal|p1a: Calyrex|33/100|[from] Grassy Terrain\n|-fieldend|move: Trick Room\n|upkeep\n|\n|t:|1746077719\n|switch|p2b: Calyrex|Calyrex-Shadow, L50|100/100\n|-ability|p2b: Calyrex|As One\n|-ability|p2b: Calyrex|Unnerve\n|turn|8\n|\n|t:|1746077737\n|move|p2b: Calyrex|Disable|p1b: Farigiraf\n|-start|p1b: Farigiraf|Disable|Psychic\n|move|p1a: Calyrex|Glacial Lance|p2b: Calyrex\n|-enditem|p2b: Calyrex|Focus Sash\n|-damage|p2b: Calyrex|1/100\n|move|p1b: Farigiraf|Trick Room|p1b: Farigiraf\n|-fieldstart|move: Trick Room|[of] p1b: Farigiraf\n|\n|-heal|p1a: Calyrex|39/100|[from] Grassy Terrain\n|-heal|p2b: Calyrex|7/100|[from] Grassy Terrain\n|upkeep\n|turn|9\n|-message|Gworf forfeited.\n|\n|win|mediocrememez\n|l|\u2606Gworf\n|player|p2|\n||mediocrememez is ready for game 2.\n||Gworf is ready for game 2.\n|uhtml|next|Next: <a href=\"/battle-gen9vgc2025regibo3-2354475739\"><strong>Game 2 of 3</strong></a>\n", "uploadtime": 1746078008, "views": 7, "formatid": "gen9vgc2025regibo3", "rating": null, "private": 0, "password": null}