{"id": "gen9vgc2025regibo3-2354238091", "format": "[Gen 9] VGC 2025 Reg I (Bo3)", "players": ["SakeJ", "jackypoooh"], "log": "|j|\u2606SakeJ\n|j|\u2606jackypoooh\n|html|<table width=\"100%\"><tr><td align=\"left\">SakeJ</td><td align=\"right\">jackypoooh</tr><tr><td align=\"left\"><i class=\"fa fa-circle\"></i> <i class=\"fa fa-circle-o\"></i> </td><td align=\"right\"><i class=\"fa fa-circle-o\"></i> <i class=\"fa fa-circle-o\"></i> </tr></table>\n|uhtml|bestof|<h2><strong>Game 2</strong> of <a href=\"/game-bestof3-gen9vgc2025regibo3-2354235137\">a best-of-3</a></h2>\n|t:|1746047818\n|gametype|doubles\n|player|p1|SakeJ|101|\n|player|p2|jackypoooh|170|\n|teamsize|p1|6\n|teamsize|p2|6\n|gen|9\n|tier|[Gen 9] VGC 2025 Reg I (Bo3)\n|rule|Species Clause: Limit one of each Pok\u00e9mon\n|rule|Item Clause: Limit 1 of each item\n|clearpoke\n|poke|p1|Groudon, L50|\n|poke|p1|Whimsicott, L50, F|\n|poke|p1|Ho-Oh, L50|\n|poke|p1|Palafin, L50, F|\n|poke|p1|Flutter Mane, L50|\n|poke|p1|Raging Bolt, L50|\n|poke|p2|Kyogre, L50|\n|poke|p2|Kyurem-White, L50|\n|poke|p2|Amoonguss, L50, F|\n|poke|p2|Archaludon, L50, M|\n|poke|p2|Tornadus, L50, M|\n|poke|p2|Incineroar, L50, M|\n|teampreview|4\n|showteam|p1|Groudon||AssaultVest|Drought|PrecipiceBlades,HeatCrash,RockSlide,StompingTantrum||||||50|,,,,,Fire]Whimsicott||CovertCloak|Prankster|Tailwind,Encore,Moonblast,Taunt|||F|||50|,,,,,Dark]Ho-Oh||SitrusBerry|Regenerator|SacredFire,BraveBird,Recover,Whirlwind||||||50|,,,,,Flying]Palafin||ChoiceBand|ZerotoHero|JetPunch,FlipTurn,WaveCrash,ThroatChop|||F|||50|,,,,,Water]Flutter Mane||FocusSash|Protosynthesis|Moonblast,Taunt,IcyWind,Protect||||||50|,,,,,Fairy]Raging Bolt||LifeOrb|Protosynthesis|Thunderclap,DracoMeteor,Snarl,Protect||||||50|,,,,,Electric\n|showteam|p2|Kyogre||ChoiceScarf|Drizzle|WaterSpout,Thunder,IceBeam,OriginPulse||||||50|,,,,,Water]Kyurem-White||LifeOrb|Turboblaze|FreezeDry,EarthPower,DracoMeteor,WeatherBall||||||50|,,,,,Ice]Amoonguss||SitrusBerry|Regenerator|Spore,SludgeBomb,RagePowder,Protect|||F|||50|,,,,,Grass]Archaludon||Leftovers|Stalwart|BodyPress,ElectroShot,ThunderWave,FlashCannon|||M|||50|,,,,,Steel]Tornadus||RockyHelmet|Prankster|RainDance,Tailwind,BleakwindStorm,Uturn|||M|||50|,,,,,Flying]Incineroar||SafetyGoggles|Intimidate|FakeOut,KnockOff,PartingShot,HelpingHand|||M|||50|,,,,,Ghost\n|\n|t:|1746047849\n|start\n|switch|p1a: Raging Bolt|Raging Bolt, L50|100/100\n|switch|p1b: Ho-Oh|Ho-Oh, L50|100/100\n|switch|p2a: Kyurem|Kyurem-White, L50|100/100\n|switch|p2b: Tornadus|Tornadus, L50, M|100/100\n|-ability|p2a: Kyurem|Turboblaze\n|turn|1\n|\n|t:|1746047889\n|move|p2b: Tornadus|Tailwind|p2b: Tornadus\n|-sidestart|p2: jackypoooh|move: Tailwind\n|move|p2a: Kyurem|Draco Meteor|p1a: Raging Bolt\n|-supereffective|p1a: Raging Bolt\n|-damage|p1a: Raging Bolt|0 fnt\n|-unboost|p2a: Kyurem|spa|2\n|faint|p1a: Raging Bolt\n|-end|p1a: Raging Bolt|Protosynthesis|[silent]\n|-damage|p2a: Kyurem|91/100|[from] item: Life Orb\n|move|p1b: Ho-Oh|Sacred Fire|p2a: Kyurem\n|-damage|p2a: Kyurem|45/100\n|\n|upkeep\n|\n|t:|1746047915\n|switch|p1a: Whimsicott|Whimsicott, L50, F|100/100\n|turn|2\n|\n|t:|1746047938\n|switch|p2a: Amoonguss|Amoonguss, L50, F|100/100\n|move|p1a: Whimsicott|Encore|p2b: Tornadus\n|-start|p2b: Tornadus|Encore\n|move|p2b: Tornadus|Tailwind||[still]\n|-fail|p2b: Tornadus\n|move|p1b: Ho-Oh|Brave Bird|p2b: Tornadus\n|-damage|p2b: Tornadus|29/100\n|-damage|p1b: Ho-Oh|84/100|[from] item: Rocky Helmet|[of] p2b: Tornadus\n|-damage|p1b: Ho-Oh|62/100|[from] Recoil\n|\n|upkeep\n|turn|3\n|\n|t:|1746047978\n|switch|p2b: Kyogre|Kyogre, L50|100/100\n|-weather|RainDance|[from] ability: Drizzle|[of] p2b: Kyogre\n|move|p1a: Whimsicott|Tailwind|p1a: Whimsicott\n|-sidestart|p1: SakeJ|move: Tailwind\n|move|p1b: Ho-Oh|Brave Bird|p2a: Amoonguss\n|-supereffective|p2a: Amoonguss\n|-damage|p2a: Amoonguss|0 fnt\n|faint|p2a: Amoonguss\n|-damage|p1b: Ho-Oh|26/100|[from] Recoil\n|-enditem|p1b: Ho-Oh|Sitrus Berry|[eat]\n|-heal|p1b: Ho-Oh|51/100|[from] item: Sitrus Berry\n|\n|-weather|RainDance|[upkeep]\n|upkeep\n|\n|t:|1746047994\n|switch|p2a: Tornadus|Tornadus, L50, M|29/100\n|turn|4\n|\n|t:|1746048024\n|switch|p1b: Groudon|Groudon, L50|100/100\n|-weather|SunnyDay|[from] ability: Drought|[of] p1b: Groudon\n|move|p1a: Whimsicott|Taunt|p2a: Tornadus\n|-start|p2a: Tornadus|move: Taunt\n|move|p2b: Kyogre|Water Spout|p1b: Groudon|[spread] p1a,p1b\n|-resisted|p1a: Whimsicott\n|-supereffective|p1b: Groudon\n|-damage|p1a: Whimsicott|81/100\n|-damage|p1b: Groudon|64/100\n|move|p2a: Tornadus|U-turn|p1a: Whimsicott\n|-damage|p1a: Whimsicott|64/100\n|\n|t:|1746048038\n|switch|p2a: Kyurem|Kyurem-White, L50|45/100|[from] U-turn\n|-ability|p2a: Kyurem|Turboblaze\n|\n|-weather|SunnyDay|[upkeep]\n|-sideend|p2: jackypoooh|move: Tailwind\n|upkeep\n|turn|5\n|\n|t:|1746048080\n|move|p1a: Whimsicott|Moonblast|p2a: Kyurem\n|-supereffective|p2a: Kyurem\n|-crit|p2a: Kyurem\n|-damage|p2a: Kyurem|0 fnt\n|faint|p2a: Kyurem\n|move|p2b: Kyogre|Water Spout|p1b: Groudon|[spread] p1a,p1b\n|-resisted|p1a: Whimsicott\n|-supereffective|p1b: Groudon\n|-damage|p1a: Whimsicott|46/100\n|-damage|p1b: Groudon|25/100\n|move|p1b: Groudon|Rock Slide|p2b: Kyogre\n|-damage|p2b: Kyogre|64/100\n|\n|-weather|SunnyDay|[upkeep]\n|upkeep\n|\n|t:|1746048094\n|switch|p2a: Tornadus|Tornadus, L50, M|29/100\n|turn|6\n|\n|t:|1746048109\n|-terastallize|p2b: Kyogre|Water\n|move|p1a: Whimsicott|Taunt|p2a: Tornadus\n|-start|p2a: Tornadus|move: Taunt\n|cant|p2a: Tornadus|move: Taunt|Rain Dance\n|move|p2b: Kyogre|Water Spout|p1b: Groudon|[spread] p1a,p1b\n|-resisted|p1a: Whimsicott\n|-supereffective|p1b: Groudon\n|-damage|p1a: Whimsicott|28/100\n|-damage|p1b: Groudon|0 fnt\n|faint|p1b: Groudon\n|\n|-weather|SunnyDay|[upkeep]\n|-sideend|p1: SakeJ|move: Tailwind\n|upkeep\n|\n|t:|1746048130\n|switch|p1b: Ho-Oh|Ho-Oh, L50|85/100\n|turn|7\n|\n|t:|1746048140\n|-terastallize|p1b: Ho-Oh|Flying\n|move|p1a: Whimsicott|Tailwind|p1a: Whimsicott\n|-sidestart|p1: SakeJ|move: Tailwind\n|move|p2b: Kyogre|Water Spout|p1b: Ho-Oh|[spread] p1a,p1b\n|-resisted|p1a: Whimsicott\n|-damage|p1a: Whimsicott|12/100\n|-damage|p1b: Ho-Oh|70/100\n|move|p1b: Ho-Oh|Brave Bird|p2b: Kyogre\n|-damage|p2b: Kyogre|0 fnt\n|faint|p2b: Kyogre\n|-damage|p1b: Ho-Oh|52/100|[from] Recoil\n|move|p2a: Tornadus|Bleakwind Storm|p1b: Ho-Oh|[spread] p1a,p1b\n|-supereffective|p1a: Whimsicott\n|-damage|p1a: Whimsicott|0 fnt\n|-damage|p1b: Ho-Oh|35/100\n|faint|p1a: Whimsicott\n|\n|-weather|SunnyDay|[upkeep]\n|upkeep\n|turn|8\n|\n|t:|1746048160\n|move|p1b: Ho-Oh|Recover|p1b: Ho-Oh\n|-heal|p1b: Ho-Oh|85/100\n|move|p2a: Tornadus|Bleakwind Storm|p1b: Ho-Oh\n|-damage|p1b: Ho-Oh|63/100\n|\n|-weather|none\n|-end|p2a: Tornadus|move: Taunt\n|upkeep\n|turn|9\n|-message|jackypoooh forfeited.\n|\n|win|SakeJ\n|l|\u2606jackypoooh\n|player|p2|\n|l|\u2606SakeJ\n|player|p1|\n", "uploadtime": 1746048392, "views": 6, "formatid": "gen9vgc2025regibo3", "rating": null, "private": 0, "password": null}