{"id": "gen9vgc2025regibo3-2354957511", "format": "[Gen 9] VGC 2025 Reg I (Bo3)", "players": ["Cerebellibrarian", "dotKuro"], "log": "|j|\u2606Cerebellibrarian\n|j|\u2606dotKuro\n|html|<table width=\"100%\"><tr><td align=\"left\">Cerebellibrarian</td><td align=\"right\">dotKuro</tr><tr><td align=\"left\"><i class=\"fa fa-circle\"></i> <i class=\"fa fa-circle-o\"></i> </td><td align=\"right\"><i class=\"fa fa-circle-o\"></i> <i class=\"fa fa-circle-o\"></i> </tr></table>\n|uhtml|bestof|<h2><strong>Game 2</strong> of <a href=\"/game-bestof3-gen9vgc2025regibo3-2354956216\">a best-of-3</a></h2>\n|t:|1746135678\n|gametype|doubles\n|player|p1|Cerebellibrarian|2|1190\n|player|p2|dotKuro|265|1139\n|teamsize|p1|6\n|teamsize|p2|6\n|gen|9\n|tier|[Gen 9] VGC 2025 Reg I (Bo3)\n|rated|\n|rule|Species Clause: Limit one of each Pok\u00e9mon\n|rule|Item Clause: Limit 1 of each item\n|clearpoke\n|poke|p1|Koraidon, L50|\n|poke|p1|Flutter Mane, L50|\n|poke|p1|Walking Wake, L50|\n|poke|p1|Calyrex-Shadow, L50|\n|poke|p1|Indeedee-F, L50, F|\n|poke|p1|Ogerpon, L50, F|\n|poke|p2|Chien-Pao, L50|\n|poke|p2|Kyogre, L50|\n|poke|p2|Amoonguss, L50, F|\n|poke|p2|Archaludon, L50, F|\n|poke|p2|Rayquaza, L50|\n|poke|p2|Landorus, L50, M|\n|teampreview|4\n|showteam|p1|Koraidon||ChoiceScarf|OrichalcumPulse|CollisionCourse,FlareBlitz,Uturn,DragonClaw||||||50|,,,,,Fire]Flutter Mane||FocusSash|Protosynthesis|Protect,Moonblast,ShadowBall,IcyWind||||||50|,,,,,Fairy]Walking Wake||CovertCloak|Protosynthesis|Snarl,HydroSteam,DracoMeteor,Flamethrower||||||50|,,,,,Fire]Calyrex-Shadow||LifeOrb|AsOneSpectrier|Protect,AstralBarrage,Psychic,Disable||||||50|,,,,,Dark]Indeedee-F||PsychicSeed|PsychicSurge|Protect,FollowMe,HelpingHand,AlluringVoice|||F|||50|,,,,,Grass]Ogerpon||LoadedDice|Defiant|SpikyShield,BulletSeed,KnockOff,Superpower|||F|||50|,,,,,Grass\n|showteam|p2|Chien-Pao||FocusSash|SwordofRuin|IceSpinner,Crunch,SuckerPunch,Protect||||||50|,,,,,Ghost]Kyogre||MysticWater|Drizzle|IceBeam,OriginPulse,WaterSpout,Protect||||||50|,,,,,Grass]Amoonguss||RockyHelmet|Regenerator|Protect,Spore,RagePowder,SludgeBomb|||F|||50|,,,,,Fire]Archaludon||AssaultVest|Stamina|ElectroShot,FlashCannon,BodyPress,DracoMeteor|||F|||50|,,,,,Bug]Rayquaza||LifeOrb|AirLock|DragonAscent,ExtremeSpeed,SwordsDance,Protect||||||50|,,,,,Normal]Landorus||ChoiceScarf|SheerForce|EarthPower,SandsearStorm,Uturn,SludgeBomb|||M|||50|,,,,,Ghost\n|inactive|Battle timer is ON: inactive players will automatically lose when time's up. (requested by Cerebellibrarian)\n|\n|t:|1746135706\n|start\n|switch|p1a: Koraidon|Koraidon, L50|100/100\n|switch|p1b: Ogerpon|Ogerpon, L50, F|100/100\n|switch|p2a: Kellogg's|Kyogre, L50|100/100\n|switch|p2b: R\u00fchrei|Amoonguss, L50, F|100/100\n|-weather|SunnyDay|[from] ability: Orichalcum Pulse|[of] p1a: Koraidon\n|-activate|p1a: Koraidon|Orichalcum Pulse|[source]\n|-weather|RainDance|[from] ability: Drizzle|[of] p2a: Kellogg's\n|turn|1\n|\n|t:|1746135720\n|switch|p2a: Pancake|Archaludon, L50, F|100/100\n|move|p1a: Koraidon|U-turn|p2a: Pancake\n|-resisted|p2a: Pancake\n|-damage|p2a: Pancake|92/100\n|-ability|p2a: Pancake|Stamina|boost\n|-boost|p2a: Pancake|def|1\n|\n|t:|1746135727\n|switch|p1a: Indeedee|Indeedee-F, L50, F|100/100|[from] U-turn\n|-fieldstart|move: Psychic Terrain|[from] ability: Psychic Surge|[of] p1a: Indeedee\n|-enditem|p1a: Indeedee|Psychic Seed\n|-boost|p1a: Indeedee|spd|1|[from] item: Psychic Seed\n|move|p1b: Ogerpon|Bullet Seed|p2a: Pancake\n|-resisted|p2a: Pancake\n|-damage|p2a: Pancake|91/100\n|-ability|p2a: Pancake|Stamina|boost\n|-boost|p2a: Pancake|def|1\n|-resisted|p2a: Pancake\n|-damage|p2a: Pancake|90/100\n|-ability|p2a: Pancake|Stamina|boost\n|-boost|p2a: Pancake|def|1\n|-resisted|p2a: Pancake\n|-damage|p2a: Pancake|89/100\n|-ability|p2a: Pancake|Stamina|boost\n|-boost|p2a: Pancake|def|1\n|-resisted|p2a: Pancake\n|-damage|p2a: Pancake|89/100\n|-ability|p2a: Pancake|Stamina|boost\n|-boost|p2a: Pancake|def|1\n|-hitcount|p2a: Pancake|4\n|move|p2b: R\u00fchrei|Spore|p1a: Indeedee\n|-status|p1a: Indeedee|slp|[from] move: Spore\n|\n|-weather|RainDance|[upkeep]\n|upkeep\n|turn|2\n|inactive|dotKuro has 30 seconds left.\n|\n|t:|1746135757\n|move|p1b: Ogerpon|Knock Off|p2b: R\u00fchrei\n|-damage|p2b: R\u00fchrei|77/100\n|-damage|p1b: Ogerpon|84/100|[from] item: Rocky Helmet|[of] p2b: R\u00fchrei\n|-enditem|p2b: R\u00fchrei|Rocky Helmet|[from] move: Knock Off|[of] p1b: Ogerpon\n|move|p2a: Pancake|Body Press|p1a: Indeedee\n|-damage|p1a: Indeedee|24/100 slp\n|cant|p1a: Indeedee|slp\n|move|p2b: R\u00fchrei|Spore|p1b: Ogerpon\n|-immune|p1b: Ogerpon\n|\n|-weather|RainDance|[upkeep]\n|upkeep\n|turn|3\n|\n|t:|1746135775\n|move|p1b: Ogerpon|Knock Off|p2a: Pancake\n|-damage|p2a: Pancake|82/100\n|-ability|p2a: Pancake|Stamina|boost\n|-boost|p2a: Pancake|def|1\n|-enditem|p2a: Pancake|Assault Vest|[from] move: Knock Off|[of] p1b: Ogerpon\n|move|p2a: Pancake|Body Press|p1b: Ogerpon\n|-damage|p1b: Ogerpon|0 fnt\n|faint|p1b: Ogerpon\n|cant|p1a: Indeedee|slp\n|move|p2b: R\u00fchrei|Spore|p1a: Indeedee\n|-fail|p1a: Indeedee|slp\n|\n|-weather|RainDance|[upkeep]\n|upkeep\n|\n|t:|1746135789\n|switch|p1b: Calyrex|Calyrex-Shadow, L50|100/100\n|-ability|p1b: Calyrex|As One\n|-ability|p1b: Calyrex|Unnerve\n|turn|4\n|\n|t:|1746135802\n|cant|p1a: Indeedee|slp\n|move|p1b: Calyrex|Astral Barrage|p2a: Pancake|[spread] p2a,p2b\n|-damage|p2a: Pancake|10/100\n|-damage|p2b: R\u00fchrei|12/100\n|-damage|p1b: Calyrex|91/100|[from] item: Life Orb\n|move|p2a: Pancake|Electro Shot||[still]\n|-prepare|p2a: Pancake|Electro Shot\n|-boost|p2a: Pancake|spa|1\n|-anim|p2a: Pancake|Electro Shot|p1b: Calyrex\n|-crit|p1b: Calyrex\n|-damage|p1b: Calyrex|0 fnt\n|faint|p1b: Calyrex\n|move|p2b: R\u00fchrei|Spore|p1a: Indeedee\n|-fail|p1a: Indeedee|slp\n|\n|-weather|RainDance|[upkeep]\n|upkeep\n|\n|t:|1746135816\n|switch|p1b: Koraidon|Koraidon, L50|100/100\n|-weather|SunnyDay|[from] ability: Orichalcum Pulse|[of] p1b: Koraidon\n|-activate|p1b: Koraidon|Orichalcum Pulse|[source]\n|turn|5\n|\n|t:|1746135835\n|-terastallize|p1a: Indeedee|Grass\n|-curestatus|p1a: Indeedee|slp|[msg]\n|move|p1a: Indeedee|Follow Me|p1a: Indeedee\n|-singleturn|p1a: Indeedee|move: Follow Me\n|move|p2b: R\u00fchrei|Rage Powder|p2b: R\u00fchrei\n|-singleturn|p2b: R\u00fchrei|move: Rage Powder\n|move|p1b: Koraidon|Dragon Claw|p2b: R\u00fchrei\n|-damage|p2b: R\u00fchrei|0 fnt\n|faint|p2b: R\u00fchrei\n|move|p2a: Pancake|Body Press|p1a: Indeedee\n|-damage|p1a: Indeedee|0 fnt\n|faint|p1a: Indeedee\n|\n|-weather|SunnyDay|[upkeep]\n|-fieldend|move: Psychic Terrain\n|upkeep\n|\n|t:|1746135848\n|switch|p2b: Kellogg's|Kyogre, L50|100/100\n|-weather|RainDance|[from] ability: Drizzle|[of] p2b: Kellogg's\n|turn|6\n|\n|t:|1746135855\n|move|p1b: Koraidon|Dragon Claw|p2a: Pancake\n|-damage|p2a: Pancake|2/100\n|move|p2b: Kellogg's|Ice Beam|p1b: Koraidon\n|-supereffective|p1b: Koraidon\n|-damage|p1b: Koraidon|30/100\n|move|p2a: Pancake|Draco Meteor|p1b: Koraidon|[miss]\n|-miss|p2a: Pancake|p1b: Koraidon\n|\n|-weather|RainDance|[upkeep]\n|upkeep\n|turn|7\n|-message|Cerebellibrarian forfeited.\n|\n|win|dotKuro\n", "uploadtime": 1746135864, "views": 6, "formatid": "gen9vgc2025regibo3", "rating": null, "private": 0, "password": null}