{"id": "gen9vgc2025regibo3-2354122689", "format": "[Gen 9] VGC 2025 Reg I (Bo3)", "players": ["birdupsnaildown", "pokeomis"], "log": "|j|\u2606birdupsnaildown\n|j|\u2606pokeomis\n|html|<table width=\"100%\"><tr><td align=\"left\">birdupsnaildown</td><td align=\"right\">pokeomis</tr><tr><td align=\"left\"><i class=\"fa fa-circle\"></i> <i class=\"fa fa-circle-o\"></i> </td><td align=\"right\"><i class=\"fa fa-circle-o\"></i> <i class=\"fa fa-circle-o\"></i> </tr></table>\n|uhtml|bestof|<h2><strong>Game 2</strong> of <a href=\"/game-bestof3-gen9vgc2025regibo3-2354119837\">a best-of-3</a></h2>\n|t:|1746036788\n|gametype|doubles\n|player|p1|birdupsnaildown|169|1232\n|player|p2|pokeomis|rocketgrunt|1211\n|teamsize|p1|6\n|teamsize|p2|6\n|gen|9\n|tier|[Gen 9] VGC 2025 Reg I (Bo3)\n|rated|\n|rule|Species Clause: Limit one of each Pok\u00e9mon\n|rule|Item Clause: Limit 1 of each item\n|clearpoke\n|poke|p1|Koraidon, L50|\n|poke|p1|Flutter Mane, L50|\n|poke|p1|Incineroar, L50, M|\n|poke|p1|Raging Bolt, L50|\n|poke|p1|Lunala, L50|\n|poke|p1|Ursaluna, L50, F|\n|poke|p2|Calyrex-Shadow, L50|\n|poke|p2|Chi-Yu, L50|\n|poke|p2|Koraidon, L50|\n|poke|p2|Weezing-Galar, L50, F|\n|poke|p2|Brute Bonnet, L50|\n|poke|p2|Landorus-Therian, L50, M|\n|teampreview|4\n|showteam|p1|Koraidon||LifeOrb|OrichalcumPulse|FlareBlitz,CloseCombat,FlameCharge,Protect||||||50|,,,,,Fire]Flutter Mane||FocusSash|Protosynthesis|Moonblast,Protect,ShadowBall,IcyWind||||||50|,,,,,Fairy]Incineroar||SafetyGoggles|Intimidate|FlareBlitz,Taunt,PartingShot,FakeOut|||M|||50|,,,,,Dragon]Raging Bolt||AssaultVest|Protosynthesis|Thunderbolt,Electroweb,DracoMeteor,Thunderclap||||||50|,,,,,Electric]Lunala||PowerHerb|ShadowShield|MoongeistBeam,MeteorBeam,WideGuard,TrickRoom||||||50|,,,,,Water]Ursaluna||FlameOrb|Guts|Facade,HeadlongRush,Earthquake,Protect|||F|||50|,,,,,Normal\n|showteam|p2|Calyrex-Shadow||FocusSash|AsOneSpectrier|Protect,AstralBarrage,Psychic,Encore||||||50|,,,,,Ghost]Chi-Yu||ChoiceScarf|BeadsofRuin|Overheat,HeatWave,DarkPulse,Snarl||||||50|,,,,,Ghost]Koraidon||AbilityShield|OrichalcumPulse|Protect,CloseCombat,FlameCharge,FlareBlitz||||||50|,,,,,Fire]Weezing-Galar||SafetyGoggles|NeutralizingGas|Protect,StrangeSteam,PoisonGas,Taunt|||F|||50|,,,,,Water]Brute Bonnet||CovertCloak|Protosynthesis|Spore,SuckerPunch,RagePowder,SeedBomb||||||50|,,,,,Water]Landorus-Therian||AssaultVest|Intimidate|StompingTantrum,RockSlide,Uturn,TeraBlast|||M|||50|,,,,,Poison\n|\n|t:|1746036830\n|start\n|switch|p1a: Raging Bolt|Raging Bolt, L50|100/100\n|switch|p1b: Koraidon|Koraidon, L50|100/100\n|switch|p2a: Calyrex|Calyrex-Shadow, L50|100/100\n|switch|p2b: Weezing|Weezing-Galar, L50, F|100/100\n|-ability|p2b: Weezing|Neutralizing Gas\n|-ability|p2a: Calyrex|As One\n|-ability|p2a: Calyrex|Unnerve\n|turn|1\n|\n|t:|1746036880\n|move|p1b: Koraidon|Protect|p1b: Koraidon\n|-singleturn|p1b: Koraidon|Protect\n|move|p2a: Calyrex|Astral Barrage|p1a: Raging Bolt|[spread] p1a\n|-activate|p1b: Koraidon|move: Protect\n|-damage|p1a: Raging Bolt|66/100\n|move|p1a: Raging Bolt|Electroweb|p2b: Weezing|[spread] p2a,p2b\n|-damage|p2a: Calyrex|75/100\n|-damage|p2b: Weezing|75/100\n|-unboost|p2a: Calyrex|spe|1\n|-unboost|p2b: Weezing|spe|1\n|move|p2b: Weezing|Poison Gas|p1a: Raging Bolt|[spread] p1a\n|-activate|p1b: Koraidon|move: Protect\n|-status|p1a: Raging Bolt|psn\n|\n|-damage|p1a: Raging Bolt|54/100 psn|[from] psn\n|upkeep\n|turn|2\n|\n|t:|1746036913\n|switch|p2a: Landorus|Landorus-Therian, L50, M|100/100\n|move|p2b: Weezing|Protect|p2b: Weezing\n|-singleturn|p2b: Weezing|Protect\n|move|p1b: Koraidon|Flare Blitz|p2b: Weezing\n|-activate|p2b: Weezing|move: Protect\n|move|p1a: Raging Bolt|Electroweb|p2a: Landorus|[spread] \n|-activate|p2b: Weezing|move: Protect\n|-immune|p2a: Landorus\n|\n|-damage|p1a: Raging Bolt|41/100 psn|[from] psn\n|upkeep\n|turn|3\n|\n|t:|1746036950\n|-end|p1a: Raging Bolt|Protosynthesis|[silent]\n|switch|p1a: Flutter Mane|Flutter Mane, L50|100/100\n|-end|p2b: Weezing|ability: Neutralizing Gas\n|-weather|SunnyDay|[from] ability: Orichalcum Pulse|[of] p1b: Koraidon\n|-activate|p1a: Flutter Mane|ability: Protosynthesis\n|-start|p1a: Flutter Mane|protosynthesisspe\n|-activate|p1b: Koraidon|Orichalcum Pulse|[source]\n|-ability|p2a: Landorus|Intimidate|boost\n|-unboost|p1a: Flutter Mane|atk|1\n|-unboost|p1b: Koraidon|atk|1\n|switch|p2b: Koraidon|Koraidon, L50|100/100\n|-activate|p2b: Koraidon|ability: Orichalcum Pulse\n|move|p1b: Koraidon|Protect|p1b: Koraidon\n|-singleturn|p1b: Koraidon|Protect\n|move|p2a: Landorus|U-turn|p1b: Koraidon\n|-activate|p1b: Koraidon|move: Protect\n|\n|-weather|SunnyDay|[upkeep]\n|upkeep\n|turn|4\n|\n|t:|1746036977\n|move|p2b: Koraidon|Protect|p2b: Koraidon\n|-singleturn|p2b: Koraidon|Protect\n|move|p1a: Flutter Mane|Icy Wind|p2a: Landorus|[spread] p2a\n|-activate|p2b: Koraidon|move: Protect\n|-supereffective|p2a: Landorus\n|-crit|p2a: Landorus\n|-damage|p2a: Landorus|33/100\n|-unboost|p2a: Landorus|spe|1\n|move|p1b: Koraidon|Close Combat|p2b: Koraidon\n|-activate|p2b: Koraidon|move: Protect\n|move|p2a: Landorus|U-turn|p1a: Flutter Mane\n|-resisted|p1a: Flutter Mane\n|-damage|p1a: Flutter Mane|86/100\n|\n|t:|1746037008\n|switch|p2a: Calyrex|Calyrex-Shadow, L50|75/100|[from] U-turn\n|-ability|p2a: Calyrex|As One\n|-ability|p2a: Calyrex|Unnerve\n|\n|-weather|SunnyDay|[upkeep]\n|upkeep\n|turn|5\n|\n|t:|1746037025\n|-end|p1a: Flutter Mane|Protosynthesis|[silent]\n|switch|p1a: Incineroar|Incineroar, L50, M|100/100\n|-ability|p1a: Incineroar|Intimidate|boost\n|-unboost|p2a: Calyrex|atk|1\n|-unboost|p2b: Koraidon|atk|1\n|switch|p2b: Weezing|Weezing-Galar, L50, F|75/100\n|-ability|p2b: Weezing|Neutralizing Gas\n|-terastallize|p2a: Calyrex|Ghost\n|move|p2a: Calyrex|Astral Barrage|p1a: Incineroar|[spread] p1a,p1b\n|-resisted|p1a: Incineroar\n|-damage|p1a: Incineroar|72/100\n|-damage|p1b: Koraidon|22/100\n|move|p1b: Koraidon|Flare Blitz|p2a: Calyrex\n|-damage|p2a: Calyrex|6/100\n|-damage|p1b: Koraidon|0 fnt|[from] Recoil\n|faint|p1b: Koraidon\n|\n|-weather|SunnyDay|[upkeep]\n|upkeep\n|\n|t:|1746037046\n|switch|p1b: Raging Bolt|Raging Bolt, L50|41/100 psn\n|turn|6\n|\n|t:|1746037057\n|switch|p2a: Landorus|Landorus-Therian, L50, M|33/100\n|move|p1b: Raging Bolt|Thunderclap||[still]\n|-fail|p1b: Raging Bolt\n|move|p2b: Weezing|Poison Gas|p1b: Raging Bolt|[spread] \n|-miss|p2b: Weezing|p1a: Incineroar\n|-fail|p1b: Raging Bolt|psn\n|move|p1a: Incineroar|Flare Blitz|p2b: Weezing\n|-damage|p2b: Weezing|12/100\n|-damage|p1a: Incineroar|54/100|[from] Recoil\n|\n|-weather|SunnyDay|[upkeep]\n|-damage|p1b: Raging Bolt|29/100 psn|[from] psn\n|upkeep\n|turn|7\n|\n|t:|1746037075\n|switch|p1a: Flutter Mane|Flutter Mane, L50|86/100\n|move|p2b: Weezing|Protect|p2b: Weezing\n|-singleturn|p2b: Weezing|Protect\n|move|p2a: Landorus|Rock Slide|p1a: Flutter Mane|[spread] p1a,p1b\n|-crit|p1b: Raging Bolt\n|-damage|p1a: Flutter Mane|38/100\n|-damage|p1b: Raging Bolt|4/100 psn\n|move|p1b: Raging Bolt|Draco Meteor|p2a: Landorus\n|-damage|p2a: Landorus|0 fnt\n|-unboost|p1b: Raging Bolt|spa|2\n|faint|p2a: Landorus\n|\n|-weather|none\n|-damage|p1b: Raging Bolt|0 fnt|[from] psn\n|faint|p1b: Raging Bolt\n|-end|p1b: Raging Bolt|Protosynthesis|[silent]\n|upkeep\n|\n|t:|1746037100\n|switch|p2a: Calyrex|Calyrex-Shadow, L50, tera:Ghost|6/100\n|switch|p1b: Incineroar|Incineroar, L50, M|54/100\n|-ability|p2a: Calyrex|As One\n|-ability|p2a: Calyrex|Unnerve\n|turn|8\n|\n|t:|1746037118\n|move|p1a: Flutter Mane|Protect|p1a: Flutter Mane\n|-singleturn|p1a: Flutter Mane|Protect\n|move|p2a: Calyrex|Astral Barrage|p1a: Flutter Mane|[spread] p1b\n|-activate|p1a: Flutter Mane|move: Protect\n|-resisted|p1b: Incineroar\n|-damage|p1b: Incineroar|26/100\n|move|p2b: Weezing|Poison Gas|p1b: Incineroar|[spread] p1b\n|-activate|p1a: Flutter Mane|move: Protect\n|-status|p1b: Incineroar|psn\n|move|p1b: Incineroar|Flare Blitz|p2b: Weezing\n|-damage|p2b: Weezing|0 fnt\n|faint|p2b: Weezing\n|-end|p2b: Weezing|ability: Neutralizing Gas\n|-ability|p1b: Incineroar|Intimidate|boost\n|-unboost|p2a: Calyrex|atk|1\n|-damage|p1b: Incineroar|22/100 psn|[from] Recoil\n|\n|-damage|p1b: Incineroar|10/100 psn|[from] psn\n|upkeep\n|\n|t:|1746037128\n|switch|p2b: Koraidon|Koraidon, L50|100/100\n|-weather|SunnyDay|[from] ability: Orichalcum Pulse|[of] p2b: Koraidon\n|-activate|p1a: Flutter Mane|ability: Protosynthesis\n|-start|p1a: Flutter Mane|protosynthesisspe\n|-activate|p2b: Koraidon|Orichalcum Pulse|[source]\n|turn|9\n|\n|t:|1746037150\n|move|p2a: Calyrex|Protect|p2a: Calyrex\n|-singleturn|p2a: Calyrex|Protect\n|move|p2b: Koraidon|Protect|p2b: Koraidon\n|-singleturn|p2b: Koraidon|Protect\n|move|p1a: Flutter Mane|Icy Wind|p2a: Calyrex|[spread] \n|-activate|p2a: Calyrex|move: Protect\n|-activate|p2b: Koraidon|move: Protect\n|move|p1b: Incineroar|Flare Blitz|p2b: Koraidon\n|-activate|p2b: Koraidon|move: Protect\n|\n|-weather|SunnyDay|[upkeep]\n|-damage|p1b: Incineroar|0 fnt|[from] psn\n|faint|p1b: Incineroar\n|upkeep\n|turn|10\n|\n|t:|1746037169\n|move|p1a: Flutter Mane|Icy Wind|p2b: Koraidon|[spread] p2a,p2b\n|-supereffective|p2b: Koraidon\n|-crit|p2b: Koraidon\n|-damage|p2a: Calyrex|0 fnt\n|-damage|p2b: Koraidon|53/100\n|-unboost|p2b: Koraidon|spe|1\n|faint|p2a: Calyrex\n|move|p2b: Koraidon|Flare Blitz|p1a: Flutter Mane\n|-damage|p1a: Flutter Mane|0 fnt\n|faint|p1a: Flutter Mane\n|-end|p1a: Flutter Mane|Protosynthesis|[silent]\n|-damage|p2b: Koraidon|44/100|[from] Recoil\n|\n|win|pokeomis\n||birdupsnaildown is ready for game 3.\n|inactive|pokeomis has 30 seconds to confirm battle start!\n|inactive|pokeomis has 20 seconds to confirm battle start!\n||pokeomis is ready for game 3.\n|uhtml|next|Next: <a href=\"/battle-gen9vgc2025regibo3-2354127478\"><strong>Game 3 of 3</strong></a>\n", "uploadtime": 1746037427, "views": 7, "formatid": "gen9vgc2025regibo3", "rating": null, "private": 0, "password": null}