{"id": "gen9vgc2025regibo3-2355033548", "format": "[Gen 9] VGC 2025 Reg I (Bo3)", "players": ["TJP195", "TurquoiseYoshi"], "log": "|j|\u2606TJP195\n|j|\u2606TurquoiseYoshi\n|html|<table width=\"100%\"><tr><td align=\"left\">TJP195</td><td align=\"right\">TurquoiseYoshi</tr><tr><td align=\"left\"><i class=\"fa fa-circle-o\"></i> <i class=\"fa fa-circle-o\"></i> </td><td align=\"right\"><i class=\"fa fa-circle-o\"></i> <i class=\"fa fa-circle\"></i> </tr></table>\n|uhtml|bestof|<h2><strong>Game 2</strong> of <a href=\"/game-bestof3-gen9vgc2025regibo3-2355031315\">a best-of-3</a></h2>\n|t:|1746144394\n|gametype|doubles\n|player|p1|TJP195|rocketgrunt|1098\n|player|p2|TurquoiseYoshi|rika|1171\n|teamsize|p1|6\n|teamsize|p2|6\n|gen|9\n|tier|[Gen 9] VGC 2025 Reg I (Bo3)\n|rated|\n|rule|Species Clause: Limit one of each Pok\u00e9mon\n|rule|Item Clause: Limit 1 of each item\n|clearpoke\n|poke|p1|Rayquaza, L50|\n|poke|p1|Zacian-*, L50|\n|poke|p1|Chien-Pao, L50|\n|poke|p1|Whimsicott, L50, M|\n|poke|p1|Incineroar, L50, M|\n|poke|p1|Ogerpon-Wellspring, L50, F|\n|poke|p2|Kyurem-White, L50|\n|poke|p2|Tornadus, L50, M|\n|poke|p2|Calyrex-Shadow, L50|\n|poke|p2|Indeedee-F, L50, F|\n|poke|p2|Dondozo, L50, F|\n|poke|p2|Tatsugiri-Droopy, L50, M|\n|teampreview|4\n|showteam|p1|Rayquaza||EjectPack|AirLock|Overheat,DracoMeteor,AirSlash,Protect||||||50|,,,,,Fire]Zacian-Crowned||RustedSword|IntrepidSword|SacredSword,behemothblade,PlayRough,Protect||||||50|,,,,,Stellar]Chien-Pao||ChoiceScarf|SwordofRuin|IcyWind,IceSpinner,ThroatChop,Ruination||||||50|,,,,,Ghost]Whimsicott||CovertCloak|Prankster|Tailwind,Encore,TrickRoom,LightScreen|||M|||50|,,,,,Water]Incineroar||SafetyGoggles|Intimidate|FakeOut,FlareBlitz,KnockOff,PartingShot|||M|||50|,,,,,Bug]Ogerpon-Wellspring||WellspringMask|WaterAbsorb|FollowMe,WoodHammer,IvyCudgel,SpikyShield|||F|||50|,,,,,Water\n|showteam|p2|Kyurem-White||AssaultVest|Turboblaze|FreezeDry,EarthPower,ShadowBall,Blizzard||||||50|,,,,,Ground]Tornadus||CovertCloak|Prankster|BleakwindStorm,Tailwind,Snowscape,Taunt|||M|||50|,,,,,Dark]Calyrex-Shadow||LifeOrb|AsOneSpectrier|AstralBarrage,ExpandingForce,PollenPuff,Protect||||||50|,,,,,Normal]Indeedee-F||RockyHelmet|PsychicSurge|FollowMe,HelpingHand,TrickRoom,AlluringVoice|||F|||50|,,,,,Fairy]Dondozo||Leftovers|Unaware|BodyPress,OrderUp,Earthquake,Protect|||F|||50|,,,,,Grass]Tatsugiri-Droopy||ChoiceScarf|Commander|MuddyWater,DracoMeteor,IcyWind,SleepTalk|||M|||50|,,,,,Stellar\n|inactive|Battle timer is ON: inactive players will automatically lose when time's up. (requested by TurquoiseYoshi)\n|\n|t:|1746144423\n|start\n|switch|p1a: Whimsicott|Whimsicott, L50, M, shiny|100/100\n|switch|p1b: Rayquaza|Rayquaza, L50, shiny|100/100\n|switch|p2a: flameatron|Kyurem-White, L50|100/100\n|switch|p2b: corn|Tornadus, L50, M|100/100\n|-ability|p1b: Rayquaza|Air Lock\n|-ability|p2a: flameatron|Turboblaze\n|turn|1\n|inactive|TJP195 has 30 seconds left.\n|\n|t:|1746144449\n|-terastallize|p1b: Rayquaza|Fire\n|move|p2b: corn|Taunt|p1a: Whimsicott\n|-start|p1a: Whimsicott|move: Taunt\n|cant|p1a: Whimsicott|move: Taunt|Encore\n|move|p1b: Rayquaza|Overheat|p2b: corn\n|-damage|p2b: corn|0 fnt\n|-unboost|p1b: Rayquaza|spa|2\n|-enditem|p1b: Rayquaza|Eject Pack\n|faint|p2b: corn\n|\n|t:|1746144462\n|switch|p1b: Zacian|Zacian-Crowned, L50, shiny|100/100\n|-ability|p1b: Zacian|Intrepid Sword|boost\n|-boost|p1b: Zacian|atk|1\n|move|p2a: flameatron|Blizzard|p1b: Zacian|[spread] p1b\n|-miss|p2a: flameatron|p1a: Whimsicott\n|-resisted|p1b: Zacian\n|-damage|p1b: Zacian|74/100\n|\n|upkeep\n|\n|t:|1746144470\n|switch|p2b: Indeedee|Indeedee-F, L50, F|100/100\n|-fieldstart|move: Psychic Terrain|[from] ability: Psychic Surge|[of] p2b: Indeedee\n|turn|2\n|inactive|TurquoiseYoshi has 30 seconds left.\n|\n|t:|1746144496\n|switch|p1a: Chien-Pao|Chien-Pao, L50|100/100\n|-ability|p1a: Chien-Pao|Sword of Ruin\n|-terastallize|p2a: flameatron|Ground\n|move|p2b: Indeedee|Follow Me|p2b: Indeedee\n|-singleturn|p2b: Indeedee|move: Follow Me\n|move|p1b: Zacian|Behemoth Blade|p2b: Indeedee\n|-damage|p2b: Indeedee|0 fnt\n|-damage|p1b: Zacian|57/100|[from] item: Rocky Helmet|[of] p2b: Indeedee\n|faint|p2b: Indeedee\n|move|p2a: flameatron|Earth Power|p1b: Zacian\n|-supereffective|p1b: Zacian\n|-damage|p1b: Zacian|0 fnt\n|faint|p1b: Zacian\n|\n|upkeep\n|\n|t:|1746144514\n|switch|p1b: Whimsicott|Whimsicott, L50, M, shiny|100/100\n|switch|p2b: jovial|Calyrex-Shadow, L50|100/100\n|-ability|p2b: jovial|As One\n|-ability|p2b: jovial|Unnerve\n|turn|3\n|\n|t:|1746144527\n|move|p2b: jovial|Protect|p2b: jovial\n|-singleturn|p2b: jovial|Protect\n|move|p1b: Whimsicott|Light Screen|p1b: Whimsicott\n|-sidestart|p1: TJP195|move: Light Screen\n|move|p1a: Chien-Pao|Ice Spinner|p2a: flameatron\n|-supereffective|p2a: flameatron\n|-damage|p2a: flameatron|13/100\n|-fieldend|move: Psychic Terrain\n|move|p2a: flameatron|Earth Power|p1a: Chien-Pao\n|-damage|p1a: Chien-Pao|31/100\n|\n|upkeep\n|turn|4\n|inactive|TJP195 has 30 seconds left.\n|\n|t:|1746144553\n|move|p1b: Whimsicott|Encore|p2b: jovial\n|-start|p2b: jovial|Encore\n|move|p1a: Chien-Pao|Ice Spinner|p2a: flameatron\n|-supereffective|p2a: flameatron\n|-damage|p2a: flameatron|0 fnt\n|faint|p2a: flameatron\n|move|p2b: jovial|Protect||[still]\n|-fail|p2b: jovial\n|\n|upkeep\n|turn|5\n|\n|t:|1746144564\n|switch|p1a: Rayquaza|Rayquaza, L50, shiny, tera:Fire|100/100\n|-ability|p1a: Rayquaza|Air Lock\n|move|p2b: jovial|Protect|p2b: jovial\n|-singleturn|p2b: jovial|Protect\n|move|p1b: Whimsicott|Tailwind|p1b: Whimsicott\n|-sidestart|p1: TJP195|move: Tailwind\n|\n|upkeep\n|turn|6\n|\n|t:|1746144577\n|switch|p1b: Chien-Pao|Chien-Pao, L50|31/100\n|-ability|p1b: Chien-Pao|Sword of Ruin\n|move|p2b: jovial|Protect|p2b: jovial\n|-singleturn|p2b: jovial|Protect\n|move|p1a: Rayquaza|Overheat|p2b: jovial\n|-activate|p2b: jovial|move: Protect\n|\n|-end|p2b: jovial|Encore\n|upkeep\n|turn|7\n|\n|t:|1746144591\n|move|p1b: Chien-Pao|Throat Chop|p2b: jovial\n|-supereffective|p2b: jovial\n|-damage|p2b: jovial|0 fnt\n|faint|p2b: jovial\n|\n|win|TJP195\n", "uploadtime": 1746144593, "views": 20, "formatid": "gen9vgc2025regibo3", "rating": null, "private": 0, "password": null}