{"id": "gen9vgc2025regibo3-2354808384", "format": "[Gen 9] VGC 2025 Reg I (Bo3)", "players": ["jegabuagdy", "sixzzz"], "log": "|j|\u2606jegabuagdy\n|j|\u2606sixzzz\n|html|<table width=\"100%\"><tr><td align=\"left\">jegabuagdy</td><td align=\"right\">sixzzz</tr><tr><td align=\"left\"><i class=\"fa fa-circle\"></i> <i class=\"fa fa-circle-o\"></i> </td><td align=\"right\"><i class=\"fa fa-circle-o\"></i> <i class=\"fa fa-circle\"></i> </tr></table>\n|uhtml|bestof|<h2><strong>Game 3</strong> of <a href=\"/game-bestof3-gen9vgc2025regibo3-2354803078\">a best-of-3</a></h2>\n|t:|1746121560\n|gametype|doubles\n|player|p1|jegabuagdy|skier|1117\n|player|p2|sixzzz|170|1074\n|teamsize|p1|6\n|teamsize|p2|6\n|gen|9\n|tier|[Gen 9] VGC 2025 Reg I (Bo3)\n|rated|\n|rule|Species Clause: Limit one of each Pok\u00e9mon\n|rule|Item Clause: Limit 1 of each item\n|clearpoke\n|poke|p1|Dialga-Origin, L50|\n|poke|p1|Ho-Oh, L50|\n|poke|p1|Ursaluna, L50, M|\n|poke|p1|Porygon2, L50|\n|poke|p1|Incineroar, L50, M|\n|poke|p1|Gastrodon, L50, M|\n|poke|p2|Ho-Oh, L50|\n|poke|p2|Miraidon, L50|\n|poke|p2|Iron Hands, L50|\n|poke|p2|Incineroar, L50, M|\n|poke|p2|Urshifu-*, L50, M|\n|poke|p2|Sneasler, L50, M|\n|teampreview|4\n|showteam|p1|Dialga-Origin||AdamantCrystal|Telepathy|DracoMeteor,TrickRoom,FlashCannon,Protect||||||50|,,,,,Fairy]Ho-Oh||ClearAmulet|Regenerator|SacredFire,BraveBird,Protect,Recover||||||50|,,,,,Grass]Ursaluna||FlameOrb|Guts|Earthquake,Facade,HeadlongRush,Protect|||M|||50|,,,,,Ghost]Porygon2||Eviolite|Download|Recover,TeraBlast,TrickRoom,IceBeam||||||50|,,,,,Flying]Incineroar||SafetyGoggles|Intimidate|FakeOut,KnockOff,PartingShot,WillOWisp|||M|||50|,,,,,Ghost]Gastrodon||Leftovers|StormDrain|Earthquake,IcyWind,Recover,Yawn|||M|||50|,,,,,Fire\n|showteam|p2|Ho-Oh||ClearAmulet|Regenerator|Protect,SacredFire,BraveBird,Tailwind||||||50|,,,,,Grass]Miraidon||LifeOrb|HadronEngine|Protect,ElectroDrift,DracoMeteor,DazzlingGleam||||||50|,,,,,Fairy]Iron Hands||AssaultVest|QuarkDrive|FakeOut,WildCharge,DrainPunch,VoltSwitch||||||50|,,,,,Grass]Incineroar||SitrusBerry|Intimidate|FakeOut,FlareBlitz,KnockOff,PartingShot|||M|||50|,,,,,Fire]Urshifu-Rapid-Strike||ChoiceScarf|UnseenFist|SurgingStrikes,CloseCombat,AquaJet,Coaching|||M|||50|,,,,,Water]Sneasler||ElectricSeed|Unburden|FakeOut,CloseCombat,DireClaw,Acrobatics|||M|||50|,,,,,Flying\n|inactive|Battle timer is ON: inactive players will automatically lose when time's up. (requested by jegabuagdy)\n|inactive|sixzzz also wants the timer to be on.\n|j| awizotl\n|l| awizotl\n|inactive|sixzzz has 60 seconds left.\n|\n|t:|1746121599\n|start\n|switch|p1a: Dialga|Dialga-Origin, L50|100/100\n|switch|p1b: Ursaluna|Ursaluna, L50, M|100/100\n|switch|p2a: Miraidon|Miraidon, L50|100/100\n|switch|p2b: Ho-Oh|Ho-Oh, L50, shiny|100/100\n|-fieldstart|move: Electric Terrain|[from] ability: Hadron Engine|[of] p2a: Miraidon\n|turn|1\n|\n|t:|1746121622\n|-terastallize|p1a: Dialga|Fairy\n|move|p2a: Miraidon|Electro Drift|p1a: Dialga\n|-damage|p1a: Dialga|6/100\n|-damage|p2a: Miraidon|91/100|[from] item: Life Orb\n|move|p2b: Ho-Oh|Brave Bird|p1a: Dialga\n|-damage|p1a: Dialga|0 fnt\n|faint|p1a: Dialga\n|-damage|p2b: Ho-Oh|99/100|[from] Recoil\n|move|p1b: Ursaluna|Headlong Rush|p2a: Miraidon\n|-supereffective|p2a: Miraidon\n|-damage|p2a: Miraidon|0 fnt\n|-unboost|p1b: Ursaluna|def|1\n|-unboost|p1b: Ursaluna|spd|1\n|faint|p2a: Miraidon\n|\n|-status|p1b: Ursaluna|brn|[from] item: Flame Orb\n|upkeep\n|\n|t:|1746121641\n|switch|p2a: Iron Hands|Iron Hands, L50, shiny|100/100\n|switch|p1a: Incineroar|Incineroar, L50, M|100/100\n|-ability|p1a: Incineroar|Intimidate|boost\n|-unboost|p2a: Iron Hands|atk|1\n|-fail|p2b: Ho-Oh|unboost|[from] item: Clear Amulet|[of] p2b: Ho-Oh\n|-activate|p2a: Iron Hands|ability: Quark Drive\n|-start|p2a: Iron Hands|quarkdriveatk\n|turn|2\n|\n|t:|1746121655\n|move|p2a: Iron Hands|Fake Out|p1b: Ursaluna\n|-crit|p1b: Ursaluna\n|-damage|p1b: Ursaluna|68/100 brn\n|move|p1a: Incineroar|Fake Out|p2b: Ho-Oh\n|-damage|p2b: Ho-Oh|89/100\n|cant|p2b: Ho-Oh|flinch\n|cant|p1b: Ursaluna|flinch\n|\n|-damage|p1b: Ursaluna|62/100 brn|[from] brn\n|upkeep\n|turn|3\n|\n|t:|1746121669\n|move|p2b: Ho-Oh|Brave Bird|p1b: Ursaluna\n|-damage|p1b: Ursaluna|0 fnt\n|faint|p1b: Ursaluna\n|-damage|p2b: Ho-Oh|67/100|[from] Recoil\n|move|p2a: Iron Hands|Drain Punch|p1a: Incineroar\n|-supereffective|p1a: Incineroar\n|-damage|p1a: Incineroar|34/100\n|move|p1a: Incineroar|Will-O-Wisp|p2a: Iron Hands|[miss]\n|-miss|p1a: Incineroar|p2a: Iron Hands\n|\n|upkeep\n|\n|t:|1746121672\n|switch|p1b: Gastrodon|Gastrodon, L50, M|100/100\n|turn|4\n|inactive|sixzzz has 30 seconds left.\n|\n|t:|1746121703\n|-terastallize|p2a: Iron Hands|Grass\n|move|p2b: Ho-Oh|Brave Bird|p1a: Incineroar\n|-damage|p1a: Incineroar|0 fnt\n|faint|p1a: Incineroar\n|-damage|p2b: Ho-Oh|56/100|[from] Recoil\n|move|p2a: Iron Hands|Drain Punch|p1b: Gastrodon\n|-damage|p1b: Gastrodon|52/100\n|move|p1b: Gastrodon|Yawn|p2b: Ho-Oh\n|-start|p2b: Ho-Oh|move: Yawn|[of] p1b: Gastrodon\n|\n|-heal|p1b: Gastrodon|58/100|[from] item: Leftovers\n|upkeep\n|turn|5\n|\n|t:|1746121721\n|switch|p2b: Sneasler|Sneasler, L50, M, shiny|100/100\n|-enditem|p2b: Sneasler|Electric Seed\n|-boost|p2b: Sneasler|def|1|[from] item: Electric Seed\n|move|p2a: Iron Hands|Drain Punch|p1b: Gastrodon\n|-damage|p1b: Gastrodon|14/100\n|move|p1b: Gastrodon|Recover|p1b: Gastrodon\n|-heal|p1b: Gastrodon|64/100\n|\n|-heal|p1b: Gastrodon|70/100|[from] item: Leftovers\n|-fieldend|move: Electric Terrain\n|-end|p2a: Iron Hands|Quark Drive\n|upkeep\n|turn|6\n|\n|t:|1746121744\n|move|p2b: Sneasler|Dire Claw|p1b: Gastrodon\n|-resisted|p1b: Gastrodon\n|-damage|p1b: Gastrodon|45/100\n|-status|p1b: Gastrodon|psn\n|move|p2a: Iron Hands|Drain Punch|p1b: Gastrodon\n|-damage|p1b: Gastrodon|13/100 psn\n|move|p1b: Gastrodon|Recover|p1b: Gastrodon\n|-heal|p1b: Gastrodon|63/100 psn\n|\n|-heal|p1b: Gastrodon|69/100 psn|[from] item: Leftovers\n|-damage|p1b: Gastrodon|57/100 psn|[from] psn\n|upkeep\n|turn|7\n|\n|t:|1746121765\n|-end|p2a: Iron Hands|Quark Drive|[silent]\n|switch|p2a: Ho-Oh|Ho-Oh, L50, shiny|90/100\n|move|p2b: Sneasler|Close Combat|p1b: Gastrodon\n|-damage|p1b: Gastrodon|0 fnt\n|-unboost|p2b: Sneasler|def|1\n|-unboost|p2b: Sneasler|spd|1\n|faint|p1b: Gastrodon\n|\n|win|sixzzz\n|raw|jegabuagdy's rating: 1117 &rarr; <strong>1089</strong><br />(-28 for losing)\n|raw|sixzzz's rating: 1074 &rarr; <strong>1106</strong><br />(+32 for winning)\n|l|\u2606jegabuagdy\n|player|p1|\n", "uploadtime": 1746121779, "views": 5, "formatid": "gen9vgc2025regibo3", "rating": 1089, "private": 0, "password": null}