{"id": "gen9vgc2025regibo3-2353427554", "format": "[Gen 9] VGC 2025 Reg I (Bo3)", "players": ["dancerladyaqua", "Tusking Chusking"], "log": "|j|\u2606dancerladyaqua\n|j|\u2606Tusking Chusking\n|html|<table width=\"100%\"><tr><td align=\"left\">dancerladyaqua</td><td align=\"right\">Tusking Chusking</tr><tr><td align=\"left\"><i class=\"fa fa-circle-o\"></i> <i class=\"fa fa-circle-o\"></i> </td><td align=\"right\"><i class=\"fa fa-circle-o\"></i> <i class=\"fa fa-circle\"></i> </tr></table>\n|uhtml|bestof|<h2><strong>Game 2</strong> of <a href=\"/game-bestof3-gen9vgc2025regibo3-2353424030\">a best-of-3</a></h2>\n|t:|1745955029\n|gametype|doubles\n|player|p1|dancerladyaqua|dawn|1083\n|player|p2|Tusking Chusking|dahlia|1127\n|teamsize|p1|6\n|teamsize|p2|6\n|gen|9\n|tier|[Gen 9] VGC 2025 Reg I (Bo3)\n|rated|\n|rule|Species Clause: Limit one of each Pok\u00e9mon\n|rule|Item Clause: Limit 1 of each item\n|clearpoke\n|poke|p1|Eternatus, L50|\n|poke|p1|Tyranitar, L50, M|\n|poke|p1|Excadrill, L50, F|\n|poke|p1|Zamazenta-*, L50|\n|poke|p1|Whimsicott, L50, M|\n|poke|p1|Indeedee-F, L50, F|\n|poke|p2|Miraidon, L50|\n|poke|p2|Sneasler, L50, F|\n|poke|p2|Dondozo, L50, F|\n|poke|p2|Tatsugiri-Droopy, L50, M|\n|poke|p2|Chi-Yu, L50|\n|poke|p2|Calyrex-Shadow, L50|\n|teampreview|4\n|showteam|p1|Eternatus||LifeOrb|Pressure|SludgeBomb,Protect,DynamaxCannon,Flamethrower||||||50|,,,,,Dark]Tyranitar||AirBalloon|SandStream|ThunderPunch,RockSlide,KnockOff,Protect|||M|||50|,,,,,Grass]Excadrill||ChoiceBand|SandRush|Earthquake,HighHorsepower,IronHead,TeraBlast|||F|||50|,,,,,Water]Zamazenta-Crowned||RustedShield|DauntlessShield|behemothbash,WideGuard,Protect,BodyPress||||||50|,,,,,Ghost]Whimsicott||CovertCloak|Prankster|LightScreen,Moonblast,Tailwind,Tickle|||M|||50|,,,,,Steel]Indeedee-F||SafetyGoggles|PsychicSurge|HelpingHand,FollowMe,Psychic,TrickRoom|||F|||50|,,,,,Fairy\n|showteam|p2|Miraidon||AssaultVest|HadronEngine|ElectroDrift,VoltSwitch,DracoMeteor,DazzlingGleam||||||50|,,,,,Fairy]Sneasler||ElectricSeed|Unburden|FakeOut,ToxicSpikes,DireClaw,CloseCombat|||F|||50|,,,,,Ghost]Dondozo||Leftovers|Unaware|Protect,OrderUp,BodyPress,Earthquake|||F|||50|,,,,,Grass]Tatsugiri-Droopy||FocusSash|Commander|DracoMeteor,MuddyWater,HelpingHand,Protect|||M|||50|,,,,,Stellar]Chi-Yu||ChoiceScarf|BeadsofRuin|HeatWave,DarkPulse,Overheat,Snarl||||||50|,,,,,Ghost]Calyrex-Shadow||LifeOrb|AsOneSpectrier|AstralBarrage,Psychic,Encore,Protect||||||50|,,,,,Dark\n|\n|t:|1745955070\n|start\n|switch|p1a: Indeedee|Indeedee-F, L50, F|100/100\n|switch|p1b: Excadrill|Excadrill, L50, F|100/100\n|switch|p2a: Miraidon|Miraidon, L50|100/100\n|switch|p2b: Calyrex|Calyrex-Shadow, L50|100/100\n|-ability|p2b: Calyrex|As One\n|-ability|p2b: Calyrex|Unnerve\n|-fieldstart|move: Electric Terrain|[from] ability: Hadron Engine|[of] p2a: Miraidon\n|-fieldstart|move: Psychic Terrain|[from] ability: Psychic Surge|[of] p1a: Indeedee\n|turn|1\n|\n|t:|1745955101\n|switch|p1a: Tyranitar|Tyranitar, L50, M|100/100\n|-weather|Sandstorm|[from] ability: Sand Stream|[of] p1a: Tyranitar\n|-item|p1a: Tyranitar|Air Balloon\n|-terastallize|p2a: Miraidon|Fairy\n|move|p1b: Excadrill|Iron Head|p2a: Miraidon\n|-supereffective|p2a: Miraidon\n|-damage|p2a: Miraidon|0 fnt\n|faint|p2a: Miraidon\n|move|p2b: Calyrex|Astral Barrage|p1b: Excadrill|[spread] p1a,p1b\n|-resisted|p1a: Tyranitar\n|-damage|p1a: Tyranitar|78/100\n|-damage|p1b: Excadrill|16/100\n|-enditem|p1a: Tyranitar|Air Balloon\n|-damage|p2b: Calyrex|91/100|[from] item: Life Orb\n|\n|-weather|Sandstorm|[upkeep]\n|-damage|p2b: Calyrex|85/100|[from] Sandstorm\n|upkeep\n|\n|t:|1745955110\n|switch|p2a: Dondozo|Dondozo, L50, F|100/100\n|turn|2\n|\n|t:|1745955152\n|switch|p2b: Tatsugiri|Tatsugiri-Droopy, L50, M|100/100\n|-activate|p2b: Tatsugiri|ability: Commander|[of] p2a: Dondozo\n|-boost|p2a: Dondozo|atk|2\n|-boost|p2a: Dondozo|spa|2\n|-boost|p2a: Dondozo|spe|2\n|-boost|p2a: Dondozo|def|2\n|-boost|p2a: Dondozo|spd|2\n|switch|p1a: Eternatus|Eternatus, L50|100/100\n|-ability|p1a: Eternatus|Pressure\n|move|p1b: Excadrill|Iron Head|p2a: Dondozo\n|-resisted|p2a: Dondozo\n|-damage|p2a: Dondozo|91/100\n|move|p2a: Dondozo|Earthquake|p1a: Eternatus|[spread] p1a,p1b\n|-miss|p2a: Dondozo|p2b: Tatsugiri\n|-supereffective|p1a: Eternatus\n|-supereffective|p1b: Excadrill\n|-damage|p1a: Eternatus|50/100\n|-damage|p1b: Excadrill|0 fnt\n|faint|p1b: Excadrill\n|\n|-weather|Sandstorm|[upkeep]\n|-damage|p1a: Eternatus|44/100|[from] Sandstorm\n|-damage|p2a: Dondozo|85/100|[from] Sandstorm\n|-damage|p2b: Tatsugiri|95/100|[from] Sandstorm\n|-heal|p2a: Dondozo|91/100|[from] item: Leftovers\n|upkeep\n|\n|t:|1745955174\n|switch|p1b: Indeedee|Indeedee-F, L50, F|100/100\n|turn|3\n|\n|t:|1745955185\n|move|p1a: Eternatus|Protect|p1a: Eternatus\n|-singleturn|p1a: Eternatus|Protect\n|move|p2a: Dondozo|Earthquake|p1a: Eternatus|[spread] p1b\n|-miss|p2a: Dondozo|p2b: Tatsugiri\n|-activate|p1a: Eternatus|move: Protect\n|-damage|p1b: Indeedee|66/100\n|move|p1b: Indeedee|Trick Room|p1b: Indeedee\n|-fieldstart|move: Trick Room|[of] p1b: Indeedee\n|\n|-weather|Sandstorm|[upkeep]\n|-damage|p2b: Tatsugiri|89/100|[from] Sandstorm\n|-damage|p2a: Dondozo|85/100|[from] Sandstorm\n|-damage|p1a: Eternatus|38/100|[from] Sandstorm\n|-heal|p2a: Dondozo|91/100|[from] item: Leftovers\n|upkeep\n|turn|4\n|c|\u2606Tusking Chusking|gg\n|c|\u2606dancerladyaqua|ty!\n|c|\u2606Tusking Chusking|are you being sarcastic??\n|c|\u2606dancerladyaqua|no\n|inactive|Battle timer is ON: inactive players will automatically lose when time's up. (requested by Tusking Chusking)\n|\n|t:|1745955263\n|move|p1b: Indeedee|Helping Hand|p1a: Eternatus\n|-singleturn|p1a: Eternatus|Helping Hand|[of] p1b: Indeedee\n|move|p2a: Dondozo|Protect|p2a: Dondozo\n|-singleturn|p2a: Dondozo|Protect\n|move|p1a: Eternatus|Dynamax Cannon|p2a: Dondozo\n|-activate|p2a: Dondozo|move: Protect\n|\n|-weather|Sandstorm|[upkeep]\n|-damage|p2b: Tatsugiri|84/100|[from] Sandstorm\n|-damage|p1a: Eternatus|32/100|[from] Sandstorm\n|-damage|p2a: Dondozo|85/100|[from] Sandstorm\n|-heal|p2a: Dondozo|91/100|[from] item: Leftovers\n|upkeep\n|turn|5\n|\n|t:|1745955280\n|move|p1b: Indeedee|Helping Hand|p1a: Eternatus\n|-singleturn|p1a: Eternatus|Helping Hand|[of] p1b: Indeedee\n|move|p1a: Eternatus|Dynamax Cannon|p2a: Dondozo\n|-damage|p2a: Dondozo|37/100\n|-damage|p1a: Eternatus|22/100|[from] item: Life Orb\n|move|p2a: Dondozo|Earthquake|p1b: Indeedee|[spread] p1a,p1b\n|-miss|p2a: Dondozo|p2b: Tatsugiri\n|-supereffective|p1a: Eternatus\n|-damage|p1a: Eternatus|0 fnt\n|-damage|p1b: Indeedee|35/100\n|faint|p1a: Eternatus\n|\n|-weather|none\n|-heal|p2a: Dondozo|43/100|[from] item: Leftovers\n|-fieldend|move: Psychic Terrain\n|upkeep\n|\n|t:|1745955293\n|switch|p1a: Tyranitar|Tyranitar, L50, M|78/100\n|-weather|Sandstorm|[from] ability: Sand Stream|[of] p1a: Tyranitar\n|turn|6\n|inactive|dancerladyaqua has 30 seconds left.\n|inactive|dancerladyaqua has 20 seconds left.\n|inactive|dancerladyaqua has 15 seconds left.\n|inactive|dancerladyaqua has 10 seconds left.\n|inactive|dancerladyaqua has 5 seconds left.\n|\n|t:|1745955347\n|-terastallize|p1a: Tyranitar|Grass\n|move|p2a: Dondozo|Protect|p2a: Dondozo\n|-singleturn|p2a: Dondozo|Protect\n|move|p1b: Indeedee|Psychic|p2a: Dondozo\n|-activate|p2a: Dondozo|move: Protect\n|move|p1a: Tyranitar|Rock Slide|p2a: Dondozo|[spread] \n|-miss|p1a: Tyranitar|p2b: Tatsugiri\n|-activate|p2a: Dondozo|move: Protect\n|\n|-weather|Sandstorm|[upkeep]\n|-damage|p1a: Tyranitar|72/100|[from] Sandstorm\n|-damage|p2b: Tatsugiri|78/100|[from] Sandstorm\n|-damage|p2a: Dondozo|37/100|[from] Sandstorm\n|-heal|p2a: Dondozo|43/100|[from] item: Leftovers\n|upkeep\n|turn|7\n|inactive|dancerladyaqua has 30 seconds left.\n|\n|t:|1745955372\n|move|p1b: Indeedee|Helping Hand|p1a: Tyranitar\n|-singleturn|p1a: Tyranitar|Helping Hand|[of] p1b: Indeedee\n|move|p1a: Tyranitar|Knock Off|p2a: Dondozo\n|-damage|p2a: Dondozo|24/100\n|-enditem|p2a: Dondozo|Leftovers|[from] move: Knock Off|[of] p1a: Tyranitar\n|move|p2a: Dondozo|Body Press|p1b: Indeedee\n|-damage|p1b: Indeedee|0 fnt\n|faint|p1b: Indeedee\n|\n|-weather|Sandstorm|[upkeep]\n|-damage|p1a: Tyranitar|66/100|[from] Sandstorm\n|-damage|p2b: Tatsugiri|73/100|[from] Sandstorm\n|-damage|p2a: Dondozo|18/100|[from] Sandstorm\n|-fieldend|move: Trick Room\n|upkeep\n|turn|8\n|\n|t:|1745955389\n|move|p1a: Tyranitar|Protect|p1a: Tyranitar\n|-singleturn|p1a: Tyranitar|Protect\n|move|p2a: Dondozo|Order Up|p1a: Tyranitar\n|-activate|p1a: Tyranitar|move: Protect\n|\n|-weather|Sandstorm|[upkeep]\n|-damage|p2a: Dondozo|12/100|[from] Sandstorm\n|-damage|p2b: Tatsugiri|67/100|[from] Sandstorm\n|-damage|p1a: Tyranitar|59/100|[from] Sandstorm\n|upkeep\n|turn|9\n|-message|dancerladyaqua forfeited.\n|\n|win|Tusking Chusking\n|raw|dancerladyaqua's rating: 1083 &rarr; <strong>1063</strong><br />(-20 for losing)\n|raw|Tusking Chusking's rating: 1127 &rarr; <strong>1149</strong><br />(+22 for winning)\n|c|\u2606dancerladyaqua|ggs\n|l|\u2606Tusking Chusking\n|player|p2|\n", "uploadtime": 1745955418, "views": 14, "formatid": "gen9vgc2025regibo3", "rating": 1063, "private": 0, "password": null}