{"id": "gen9vgc2025regibo3-2353507337", "format": "[Gen 9] VGC 2025 Reg I (Bo3)", "players": ["TheMismatcher", "Paldeawaiter"], "log": "|j|\u2606TheMismatcher\n|j|\u2606Paldeawaiter\n|html|<table width=\"100%\"><tr><td align=\"left\">TheMismatcher</td><td align=\"right\">Paldeawaiter</tr><tr><td align=\"left\"><i class=\"fa fa-circle-o\"></i> <i class=\"fa fa-circle-o\"></i> </td><td align=\"right\"><i class=\"fa fa-circle-o\"></i> <i class=\"fa fa-circle-o\"></i> </tr></table>\n|uhtml|bestof|<h2><strong>Game 1</strong> of <a href=\"/game-bestof3-gen9vgc2025regibo3-2353507335\">a best-of-3</a></h2>\n|t:|1745962562\n|gametype|doubles\n|player|p1|TheMismatcher|170|1375\n|player|p2|Paldeawaiter|colress|1292\n|teamsize|p1|6\n|teamsize|p2|6\n|gen|9\n|tier|[Gen 9] VGC 2025 Reg I (Bo3)\n|rated|\n|rule|Species Clause: Limit one of each Pok\u00e9mon\n|rule|Item Clause: Limit 1 of each item\n|clearpoke\n|poke|p1|Indeedee-F, L50, F|\n|poke|p1|Brute Bonnet, L50|\n|poke|p1|Calyrex-Shadow, L50|\n|poke|p1|Chi-Yu, L50|\n|poke|p1|Koraidon, L50|\n|poke|p1|Whimsicott, L50, F|\n|poke|p2|Zamazenta-*, L50|\n|poke|p2|Ting-Lu, L50|\n|poke|p2|Pelipper, L50, M|\n|poke|p2|Grimmsnarl, L50, M|\n|poke|p2|Sinistcha, L50|\n|poke|p2|Terapagos, L50, M|\n|teampreview|4\n|showteam|p1|Indeedee-F||PsychicSeed|PsychicSurge|Psychic,FollowMe,HelpingHand,TrickRoom|||F|||50|,,,,,Fairy]Brute Bonnet||SitrusBerry|Protosynthesis|SeedBomb,SuckerPunch,Spore,RagePowder||||||50|,,,,,Water]Calyrex-Shadow||FocusSash|AsOneSpectrier|AstralBarrage,ExpandingForce,ShadowBall,Protect||||||50|,,,,,Ghost]Chi-Yu||ChoiceScarf|BeadsofRuin|HeatWave,DarkPulse,Overheat,Snarl||||||50|,,,,,Fire]Koraidon||ClearAmulet|OrichalcumPulse|FlareBlitz,CollisionCourse,FlameCharge,Protect||||||50|,,,,,Fire]Whimsicott||CovertCloak|Prankster|Tailwind,Moonblast,Encore,SunnyDay|||F|||50|,,,,,Dark\n|showteam|p2|Zamazenta-Crowned||RustedShield|DauntlessShield|HeavySlam,BodyPress,IronDefense,Protect||||||50|,,,,,Water]Ting-Lu||AssaultVest|VesselofRuin|StompingTantrum,Ruination,ThroatChop,SandTomb||||||50|,,,,,Poison]Pelipper||FocusSash|Drizzle|Hurricane,WeatherBall,WideGuard,Tailwind|||M|||50|,,,,,Ghost]Grimmsnarl||LightClay|Prankster|LightScreen,Reflect,SpiritBreak,PartingShot|||M|||50|,,,,,Ghost]Sinistcha||RockyHelmet|Hospitality|RagePowder,LifeDew,MatchaGotcha,StrengthSap||||||50|,,,,,Fire]Terapagos||Leftovers|TeraShift|Protect,CalmMind,TeraStarstorm,Substitute|||M|||50|,,,,,Stellar\n|\n|t:|1745962602\n|start\n|switch|p1a: Chi-Yu|Chi-Yu, L50|100/100\n|switch|p1b: Calyrex|Calyrex-Shadow, L50|100/100\n|switch|p2a: Grimmsnarl|Grimmsnarl, L50, M|100/100\n|switch|p2b: Zamazenta|Zamazenta-Crowned, L50|100/100\n|-ability|p1b: Calyrex|As One\n|-ability|p1b: Calyrex|Unnerve\n|-ability|p1a: Chi-Yu|Beads of Ruin\n|-ability|p2b: Zamazenta|Dauntless Shield|boost\n|-boost|p2b: Zamazenta|def|1\n|turn|1\n|\n|t:|1745962623\n|switch|p2b: Ting-Lu|Ting-Lu, L50|100/100\n|-ability|p2b: Ting-Lu|Vessel of Ruin\n|move|p2a: Grimmsnarl|Light Screen|p2a: Grimmsnarl\n|-sidestart|p2: Paldeawaiter|move: Light Screen\n|move|p1a: Chi-Yu|Heat Wave|p2b: Ting-Lu|[spread] p2a,p2b\n|-damage|p2a: Grimmsnarl|76/100\n|-damage|p2b: Ting-Lu|90/100\n|-status|p2a: Grimmsnarl|brn\n|move|p1b: Calyrex|Astral Barrage|p2b: Ting-Lu|[spread] p2a,p2b\n|-resisted|p2a: Grimmsnarl\n|-resisted|p2b: Ting-Lu\n|-damage|p2a: Grimmsnarl|59/100 brn\n|-damage|p2b: Ting-Lu|83/100\n|\n|-damage|p2a: Grimmsnarl|53/100 brn|[from] brn\n|upkeep\n|turn|2\n|\n|t:|1745962642\n|switch|p1b: Whimsicott|Whimsicott, L50, F|100/100\n|move|p2a: Grimmsnarl|Reflect|p2a: Grimmsnarl\n|-sidestart|p2: Paldeawaiter|Reflect\n|move|p1a: Chi-Yu|Heat Wave|p2b: Ting-Lu|[spread] p2a\n|-miss|p1a: Chi-Yu|p2b: Ting-Lu\n|-damage|p2a: Grimmsnarl|31/100 brn\n|move|p2b: Ting-Lu|Stomping Tantrum|p1a: Chi-Yu\n|-supereffective|p1a: Chi-Yu\n|-damage|p1a: Chi-Yu|19/100\n|\n|-damage|p2a: Grimmsnarl|25/100 brn|[from] brn\n|upkeep\n|turn|3\n|\n|t:|1745962663\n|move|p1a: Chi-Yu|Heat Wave|p2a: Grimmsnarl|[spread] p2a,p2b\n|-damage|p2a: Grimmsnarl|1/100 brn\n|-damage|p2b: Ting-Lu|74/100\n|move|p1b: Whimsicott|Moonblast|p2b: Ting-Lu\n|-supereffective|p2b: Ting-Lu\n|-damage|p2b: Ting-Lu|53/100\n|move|p2a: Grimmsnarl|Spirit Break|p1b: Whimsicott\n|-damage|p1b: Whimsicott|78/100\n|move|p2b: Ting-Lu|Throat Chop|p1a: Chi-Yu\n|-resisted|p1a: Chi-Yu\n|-crit|p1a: Chi-Yu\n|-damage|p1a: Chi-Yu|0 fnt\n|faint|p1a: Chi-Yu\n|\n|-damage|p2a: Grimmsnarl|0 fnt|[from] brn\n|faint|p2a: Grimmsnarl\n|upkeep\n|\n|t:|1745962685\n|switch|p1a: Koraidon|Koraidon, L50|100/100\n|switch|p2a: Zamazenta|Zamazenta-Crowned, L50|100/100\n|-weather|SunnyDay|[from] ability: Orichalcum Pulse|[of] p1a: Koraidon\n|-activate|p1a: Koraidon|Orichalcum Pulse|[source]\n|turn|4\n|\n|t:|1745962698\n|switch|p2b: Pelipper|Pelipper, L50, M|100/100\n|-weather|RainDance|[from] ability: Drizzle|[of] p2b: Pelipper\n|-terastallize|p2a: Zamazenta|Water\n|move|p1b: Whimsicott|Sunny Day|p1b: Whimsicott\n|-weather|SunnyDay\n|move|p1a: Koraidon|Flare Blitz|p2b: Pelipper\n|-resisted|p2b: Pelipper\n|-damage|p2b: Pelipper|65/100\n|-damage|p1a: Koraidon|91/100|[from] Recoil\n|move|p2a: Zamazenta|Heavy Slam|p1b: Whimsicott\n|-supereffective|p1b: Whimsicott\n|-damage|p1b: Whimsicott|0 fnt\n|faint|p1b: Whimsicott\n|\n|-weather|SunnyDay|[upkeep]\n|upkeep\n|\n|t:|1745962710\n|switch|p1b: Calyrex|Calyrex-Shadow, L50|100/100\n|-ability|p1b: Calyrex|As One\n|-ability|p1b: Calyrex|Unnerve\n|turn|5\n|\n|t:|1745962716\n|switch|p2b: Ting-Lu|Ting-Lu, L50|53/100\n|-ability|p2b: Ting-Lu|Vessel of Ruin\n|-terastallize|p1b: Calyrex|Ghost\n|move|p2a: Zamazenta|Protect|p2a: Zamazenta\n|-singleturn|p2a: Zamazenta|Protect\n|move|p1b: Calyrex|Astral Barrage|p2b: Ting-Lu|[spread] p2b\n|-activate|p2a: Zamazenta|move: Protect\n|-resisted|p2b: Ting-Lu\n|-damage|p2b: Ting-Lu|46/100\n|move|p1a: Koraidon|Collision Course|p2a: Zamazenta\n|-activate|p2a: Zamazenta|move: Protect\n|\n|-weather|SunnyDay|[upkeep]\n|upkeep\n|turn|6\n|\n|t:|1745962739\n|switch|p2b: Pelipper|Pelipper, L50, M|65/100\n|-weather|RainDance|[from] ability: Drizzle|[of] p2b: Pelipper\n|move|p1b: Calyrex|Astral Barrage|p2b: Pelipper|[spread] p2a,p2b\n|-damage|p2a: Zamazenta|68/100\n|-damage|p2b: Pelipper|0 fnt\n|faint|p2b: Pelipper\n|-ability|p1b: Calyrex|Grim Neigh|boost\n|-boost|p1b: Calyrex|spa|1\n|move|p1a: Koraidon|Collision Course|p2a: Zamazenta\n|-damage|p2a: Zamazenta|45/100\n|move|p2a: Zamazenta|Body Press|p1a: Koraidon\n|-damage|p1a: Koraidon|56/100\n|\n|-weather|RainDance|[upkeep]\n|upkeep\n|\n|t:|1745962747\n|switch|p2b: Ting-Lu|Ting-Lu, L50|46/100\n|-ability|p2b: Ting-Lu|Vessel of Ruin\n|turn|7\n|\n|t:|1745962755\n|move|p1b: Calyrex|Shadow Ball|p2a: Zamazenta\n|-damage|p2a: Zamazenta|13/100\n|move|p1a: Koraidon|Collision Course|p2b: Ting-Lu\n|-supereffective|p2b: Ting-Lu\n|-damage|p2b: Ting-Lu|0 fnt\n|faint|p2b: Ting-Lu\n|move|p2a: Zamazenta|Heavy Slam|p1b: Calyrex\n|-damage|p1b: Calyrex|44/100\n|\n|-weather|RainDance|[upkeep]\n|upkeep\n|turn|8\n|-message|Paldeawaiter forfeited.\n|\n|win|TheMismatcher\n|l|\u2606Paldeawaiter\n|player|p2|\n||Paldeawaiter is ready for game 2.\n", "uploadtime": 1745962766, "views": 35, "formatid": "gen9vgc2025regibo3", "rating": null, "private": 0, "password": null}