{"id": "gen9vgc2025regibo3-2354816623", "format": "[Gen 9] VGC 2025 Reg I (Bo3)", "players": ["catsharknado", "Jakobtc"], "log": "|j|\u2606catsharknado\n|j|\u2606Jakobtc\n|html|<table width=\"100%\"><tr><td align=\"left\">catsharknado</td><td align=\"right\">Jakobtc</tr><tr><td align=\"left\"><i class=\"fa fa-circle\"></i> <i class=\"fa fa-circle-o\"></i> </td><td align=\"right\"><i class=\"fa fa-circle-o\"></i> <i class=\"fa fa-circle-o\"></i> </tr></table>\n|uhtml|bestof|<h2><strong>Game 2</strong> of <a href=\"/game-bestof3-gen9vgc2025regibo3-2354813763\">a best-of-3</a></h2>\n|t:|1746122259\n|gametype|doubles\n|player|p1|catsharknado|266|1270\n|player|p2|Jakobtc|riley|1315\n|teamsize|p1|6\n|teamsize|p2|6\n|gen|9\n|tier|[Gen 9] VGC 2025 Reg I (Bo3)\n|rated|\n|rule|Species Clause: Limit one of each Pok\u00e9mon\n|rule|Item Clause: Limit 1 of each item\n|clearpoke\n|poke|p1|Terapagos, L50, M|\n|poke|p1|Incineroar, L50, M|\n|poke|p1|Rillaboom, L50, F|\n|poke|p1|Ogerpon-Cornerstone, L50, F|\n|poke|p1|Flutter Mane, L50|\n|poke|p1|Calyrex-Shadow, L50|\n|poke|p2|Calyrex-Shadow, L50|\n|poke|p2|Zacian-*, L50|\n|poke|p2|Incineroar, L50, F|\n|poke|p2|Rillaboom, L50, M|\n|poke|p2|Urshifu-*, L50, F|\n|poke|p2|Tornadus, L50, M|\n|teampreview|4\n|showteam|p1|Terapagos||Leftovers|TeraShift|CalmMind,Protect,TeraStarstorm,EarthPower|||M|||50|,,,,,Stellar]Incineroar||RockyHelmet|Intimidate|KnockOff,FakeOut,PartingShot,WillOWisp|||M|||50|,,,,,Ghost]Rillaboom||AssaultVest|GrassySurge|GrassyGlide,WoodHammer,FakeOut,Uturn|||F|||50|,,,,,Grass]Ogerpon-Cornerstone||CornerstoneMask|Sturdy|IvyCudgel,SpikyShield,FollowMe,PowerWhip|||F|||50|,,,,,Rock]Flutter Mane||BoosterEnergy|Protosynthesis|Moonblast,IcyWind,ThunderWave,Taunt||||||50|,,,,,Fairy]Calyrex-Shadow||FocusSash|AsOneSpectrier|AstralBarrage,Protect,WillOWisp,PollenPuff||||||50|,,,,,Ghost\n|showteam|p2|Calyrex-Shadow||FocusSash|AsOneSpectrier|AstralBarrage,Psychic,Taunt,Protect||||||50|,,,,,Stellar]Zacian-Crowned||RustedSword|IntrepidSword|behemothblade,PlayRough,SacredSword,Protect||||||50|,,,,,Water]Incineroar||SafetyGoggles|Intimidate|FakeOut,KnockOff,HelpingHand,PartingShot|||F|||50|,,,,,Bug]Rillaboom||AssaultVest|GrassySurge|FakeOut,GrassyGlide,WoodHammer,Uturn|||M|||50|,,,,,Fire]Urshifu-Rapid-Strike||ChoiceScarf|UnseenFist|SurgingStrikes,CloseCombat,AquaJet,Uturn|||F|||50|,,,,,Water]Tornadus||CovertCloak|Prankster|BleakwindStorm,Tailwind,RainDance,Protect|||M|||50|,,,,,Dark\n|inactive|Battle timer is ON: inactive players will automatically lose when time's up. (requested by catsharknado)\n|\n|t:|1746122284\n|start\n|switch|p1a: Incineroar|Incineroar, L50, M, shiny|100/100\n|switch|p1b: Terapagos|Terapagos, L50, M|100/100\n|switch|p2a: My Cat|Incineroar, L50, F|100/100\n|switch|p2b: Urshifu|Urshifu-Rapid-Strike, L50, F|100/100\n|-activate|p1b: Terapagos|ability: Tera Shift\n|detailschange|p1b: Terapagos|Terapagos-Terastal, L50, M\n|-heal|p1b: Terapagos|100/100|[silent]\n|-ability|p1a: Incineroar|Intimidate|boost\n|-unboost|p2a: My Cat|atk|1\n|-unboost|p2b: Urshifu|atk|1\n|-ability|p2a: My Cat|Intimidate|boost\n|-unboost|p1a: Incineroar|atk|1\n|-unboost|p1b: Terapagos|atk|1\n|turn|1\n|\n|t:|1746122298\n|move|p1a: Incineroar|Fake Out|p2a: My Cat\n|-damage|p2a: My Cat|96/100\n|cant|p2a: My Cat|flinch\n|move|p2b: Urshifu|Surging Strikes|p1a: Incineroar\n|-supereffective|p1a: Incineroar\n|-crit|p1a: Incineroar\n|-damage|p1a: Incineroar|70/100\n|-damage|p2b: Urshifu|84/100|[from] item: Rocky Helmet|[of] p1a: Incineroar\n|-supereffective|p1a: Incineroar\n|-crit|p1a: Incineroar\n|-damage|p1a: Incineroar|37/100\n|-damage|p2b: Urshifu|67/100|[from] item: Rocky Helmet|[of] p1a: Incineroar\n|-supereffective|p1a: Incineroar\n|-crit|p1a: Incineroar\n|-damage|p1a: Incineroar|6/100\n|-damage|p2b: Urshifu|51/100|[from] item: Rocky Helmet|[of] p1a: Incineroar\n|-hitcount|p1a: Incineroar|3\n|move|p1b: Terapagos|Tera Starstorm|p2b: Urshifu\n|-damage|p2b: Urshifu|0 fnt\n|faint|p2b: Urshifu\n|\n|upkeep\n|\n|t:|1746122316\n|switch|p2b: Tornadus|Tornadus, L50, M|100/100\n|turn|2\n|\n|t:|1746122328\n|move|p1b: Terapagos|Protect|p1b: Terapagos\n|-singleturn|p1b: Terapagos|Protect\n|move|p2b: Tornadus|Bleakwind Storm|p1a: Incineroar|[spread] p1a\n|-activate|p1b: Terapagos|move: Protect\n|-damage|p1a: Incineroar|0 fnt\n|faint|p1a: Incineroar\n|move|p2a: My Cat|Parting Shot|p1b: Terapagos\n|-activate|p1b: Terapagos|move: Protect\n|\n|upkeep\n|\n|t:|1746122336\n|switch|p1a: Rillaboom|Rillaboom, L50, F, shiny|100/100\n|-fieldstart|move: Grassy Terrain|[from] ability: Grassy Surge|[of] p1a: Rillaboom\n|turn|3\n|\n|t:|1746122340\n|switch|p2a: Zacian|Zacian-Crowned, L50|100/100\n|-ability|p2a: Zacian|Intrepid Sword|boost\n|-boost|p2a: Zacian|atk|1\n|move|p1a: Rillaboom|Fake Out|p2a: Zacian\n|-resisted|p2a: Zacian\n|-damage|p2a: Zacian|95/100\n|move|p2b: Tornadus|Bleakwind Storm|p1a: Rillaboom|[spread] p1b\n|-miss|p2b: Tornadus|p1a: Rillaboom\n|-activate|p1b: Terapagos|ability: Tera Shell\n|-resisted|p1b: Terapagos\n|-damage|p1b: Terapagos|86/100\n|move|p1b: Terapagos|Calm Mind|p1b: Terapagos\n|-boost|p1b: Terapagos|spa|1\n|-boost|p1b: Terapagos|spd|1\n|\n|-heal|p2a: Zacian|100/100|[from] Grassy Terrain\n|-heal|p1b: Terapagos|92/100|[from] Grassy Terrain\n|-heal|p1b: Terapagos|98/100|[from] item: Leftovers\n|upkeep\n|turn|4\n|inactive|catsharknado has 30 seconds left.\n|inactive|Jakobtc has 30 seconds left.\n|\n|t:|1746122375\n|-terastallize|p1b: Terapagos|Stellar\n|detailschange|p1b: Terapagos|Terapagos-Stellar, L50, M, tera:Stellar\n|-heal|p1b: Terapagos|99/100|[silent]\n|-ability|p1b: Terapagos|Teraform Zero\n|-fieldend|move: Grassy Terrain\n|move|p2a: Zacian|Sacred Sword|p1b: Terapagos\n|-supereffective|p1b: Terapagos\n|-damage|p1b: Terapagos|47/100\n|move|p2b: Tornadus|Bleakwind Storm|p1b: Terapagos|[spread] p1a,p1b\n|-supereffective|p1a: Rillaboom\n|-damage|p1a: Rillaboom|54/100\n|-damage|p1b: Terapagos|30/100\n|-unboost|p1a: Rillaboom|spe|1\n|-unboost|p1b: Terapagos|spe|1\n|move|p1b: Terapagos|Tera Starstorm|p2a: Zacian|[spread] p2a,p2b\n|-damage|p2a: Zacian|54/100\n|-damage|p2b: Tornadus|38/100\n|move|p1a: Rillaboom|U-turn|p2a: Zacian\n|-resisted|p2a: Zacian\n|-damage|p2a: Zacian|50/100\n|\n|t:|1746122391\n|switch|p1a: Calyrex|Calyrex-Shadow, L50|100/100|[from] U-turn\n|-ability|p1a: Calyrex|As One\n|-ability|p1a: Calyrex|Unnerve\n|\n|-heal|p1b: Terapagos|37/100|[from] item: Leftovers\n|upkeep\n|turn|5\n|inactive|Jakobtc has 30 seconds left.\n|inactive|Jakobtc has 20 seconds left.\n|\n|t:|1746122427\n|-terastallize|p2b: Tornadus|Dark\n|move|p1b: Terapagos|Protect|p1b: Terapagos\n|-singleturn|p1b: Terapagos|Protect\n|move|p1a: Calyrex|Astral Barrage|p2a: Zacian|[spread] p2a,p2b\n|-resisted|p2b: Tornadus\n|-damage|p2a: Zacian|3/100\n|-damage|p2b: Tornadus|8/100\n|move|p2a: Zacian|Sacred Sword|p1b: Terapagos\n|-activate|p1b: Terapagos|move: Protect\n|move|p2b: Tornadus|Bleakwind Storm|p1b: Terapagos|[spread] p1a\n|-activate|p1b: Terapagos|move: Protect\n|-damage|p1a: Calyrex|68/100\n|\n|-heal|p1b: Terapagos|43/100|[from] item: Leftovers\n|upkeep\n|turn|6\n|inactive|catsharknado has 30 seconds left.\n|inactive|Jakobtc has 30 seconds left.\n|inactive|catsharknado has 20 seconds left.\n|inactive|Jakobtc has 20 seconds left.\n|\n|t:|1746122472\n|switch|p1b: Rillaboom|Rillaboom, L50, F, shiny|54/100\n|-fieldstart|move: Grassy Terrain|[from] ability: Grassy Surge|[of] p1b: Rillaboom\n|move|p2b: Tornadus|Protect|p2b: Tornadus\n|-singleturn|p2b: Tornadus|Protect\n|move|p1a: Calyrex|Protect|p1a: Calyrex\n|-singleturn|p1a: Calyrex|Protect\n|move|p2a: Zacian|Sacred Sword|p1b: Rillaboom\n|-damage|p1b: Rillaboom|16/100\n|\n|-heal|p1a: Calyrex|74/100|[from] Grassy Terrain\n|-heal|p2a: Zacian|9/100|[from] Grassy Terrain\n|-heal|p2b: Tornadus|14/100|[from] Grassy Terrain\n|-heal|p1b: Rillaboom|22/100|[from] Grassy Terrain\n|upkeep\n|turn|7\n|\n|t:|1746122497\n|move|p2a: Zacian|Protect|p2a: Zacian\n|-singleturn|p2a: Zacian|Protect\n|move|p1b: Rillaboom|Fake Out|p2a: Zacian\n|-activate|p2a: Zacian|move: Protect\n|move|p2b: Tornadus|Tailwind|p2b: Tornadus\n|-sidestart|p2: Jakobtc|move: Tailwind\n|move|p1a: Calyrex|Astral Barrage|p2a: Zacian|[spread] p2b\n|-activate|p2a: Zacian|move: Protect\n|-resisted|p2b: Tornadus\n|-damage|p2b: Tornadus|0 fnt\n|faint|p2b: Tornadus\n|-ability|p1a: Calyrex|Grim Neigh|boost\n|-boost|p1a: Calyrex|spa|1\n|\n|-heal|p2a: Zacian|15/100|[from] Grassy Terrain\n|-heal|p1a: Calyrex|80/100|[from] Grassy Terrain\n|-heal|p1b: Rillaboom|28/100|[from] Grassy Terrain\n|upkeep\n|\n|t:|1746122512\n|switch|p2b: My Cat|Incineroar, L50, F|96/100\n|-ability|p2b: My Cat|Intimidate|boost\n|-unboost|p1a: Calyrex|atk|1\n|-unboost|p1b: Rillaboom|atk|1\n|turn|8\n|inactive|Jakobtc has 30 seconds left.\n|\n|t:|1746122542\n|switch|p1b: Terapagos|Terapagos-Stellar, L50, M, tera:Stellar|43/100\n|move|p1a: Calyrex|Protect|p1a: Calyrex\n|-singleturn|p1a: Calyrex|Protect\n|move|p2a: Zacian|Behemoth Blade|p1a: Calyrex\n|-activate|p1a: Calyrex|move: Protect\n|move|p2b: My Cat|Knock Off|p1b: Terapagos\n|-damage|p1b: Terapagos|21/100\n|-enditem|p1b: Terapagos|Leftovers|[from] move: Knock Off|[of] p2b: My Cat\n|\n|-heal|p2a: Zacian|21/100|[from] Grassy Terrain\n|-heal|p1a: Calyrex|86/100|[from] Grassy Terrain\n|-heal|p1b: Terapagos|27/100|[from] Grassy Terrain\n|-heal|p2b: My Cat|100/100|[from] Grassy Terrain\n|upkeep\n|turn|9\n|\n|t:|1746122565\n|switch|p1a: Rillaboom|Rillaboom, L50, F, shiny|28/100\n|move|p1b: Terapagos|Protect|p1b: Terapagos\n|-singleturn|p1b: Terapagos|Protect\n|move|p2a: Zacian|Sacred Sword|p1b: Terapagos\n|-activate|p1b: Terapagos|move: Protect\n|move|p2b: My Cat|Knock Off|p1a: Rillaboom\n|-damage|p1a: Rillaboom|0 fnt\n|-enditem|p1a: Rillaboom|Assault Vest|[from] move: Knock Off|[of] p2b: My Cat\n|faint|p1a: Rillaboom\n|\n|-heal|p2a: Zacian|27/100|[from] Grassy Terrain\n|-heal|p1b: Terapagos|33/100|[from] Grassy Terrain\n|upkeep\n|\n|t:|1746122579\n|switch|p1a: Calyrex|Calyrex-Shadow, L50|86/100\n|-ability|p1a: Calyrex|As One\n|-ability|p1a: Calyrex|Unnerve\n|turn|10\n|l|\u2606Jakobtc\n|inactive|Jakobtc disconnected and has a minute to reconnect!\n|player|p2|\n|inactive|Jakobtc has 30 seconds left.\n|j|\u2606Jakobtc\n|inactive|Jakobtc reconnected and has 25 seconds left.\n|player|p2|Jakobtc|riley|\n|inactive|Jakobtc has 20 seconds left.\n|\n|t:|1746122617\n|move|p1a: Calyrex|Protect|p1a: Calyrex\n|-singleturn|p1a: Calyrex|Protect\n|move|p1b: Terapagos|Protect|p1b: Terapagos\n|-singleturn|p1b: Terapagos|Protect\n|move|p2a: Zacian|Sacred Sword|p1b: Terapagos\n|-activate|p1b: Terapagos|move: Protect\n|move|p2b: My Cat|Knock Off|p1a: Calyrex\n|-activate|p1a: Calyrex|move: Protect\n|\n|-heal|p2a: Zacian|33/100|[from] Grassy Terrain\n|-heal|p1a: Calyrex|93/100|[from] Grassy Terrain\n|-heal|p1b: Terapagos|39/100|[from] Grassy Terrain\n|-sideend|p2: Jakobtc|move: Tailwind\n|-fieldend|move: Grassy Terrain\n|upkeep\n|turn|11\n|c|\u2606Jakobtc|fuck me\n|\n|t:|1746122636\n|move|p2a: Zacian|Protect|p2a: Zacian\n|-singleturn|p2a: Zacian|Protect\n|move|p1a: Calyrex|Pollen Puff|p1b: Terapagos\n|-heal|p1b: Terapagos|89/100\n|move|p1b: Terapagos|Earth Power|p2a: Zacian\n|-activate|p2a: Zacian|move: Protect\n|move|p2b: My Cat|Knock Off|p1a: Calyrex\n|-supereffective|p1a: Calyrex\n|-damage|p1a: Calyrex|0 fnt\n|-enditem|p1a: Calyrex|Focus Sash|[from] move: Knock Off|[of] p2b: My Cat\n|faint|p1a: Calyrex\n|\n|upkeep\n|turn|12\n|\n|t:|1746122650\n|move|p2b: My Cat|Helping Hand|p2a: Zacian\n|-singleturn|p2a: Zacian|Helping Hand|[of] p2b: My Cat\n|move|p2a: Zacian|Sacred Sword|p1b: Terapagos\n|-supereffective|p1b: Terapagos\n|-damage|p1b: Terapagos|11/100\n|move|p1b: Terapagos|Earth Power|p2a: Zacian\n|-supereffective|p2a: Zacian\n|-damage|p2a: Zacian|0 fnt\n|faint|p2a: Zacian\n|\n|upkeep\n|turn|13\n|\n|t:|1746122661\n|move|p1b: Terapagos|Earth Power|p2b: My Cat\n|-supereffective|p2b: My Cat\n|-damage|p2b: My Cat|40/100\n|move|p2b: My Cat|Knock Off|p1b: Terapagos\n|-damage|p1b: Terapagos|0 fnt\n|faint|p1b: Terapagos\n|\n|win|Jakobtc\n||catsharknado is ready for game 3.\n||Jakobtc is ready for game 3.\n|uhtml|next|Next: <a href=\"/battle-gen9vgc2025regibo3-2354821352\"><strong>Game 3 of 3</strong></a>\n|l|\u2606catsharknado\n|player|p1|\n", "uploadtime": 1746122667, "views": 6, "formatid": "gen9vgc2025regibo3", "rating": null, "private": 0, "password": null}