{"id": "gen9vgc2025regibo3-2354208171", "format": "[Gen 9] VGC 2025 Reg I (Bo3)", "players": ["ste1995", "mavvyvgc"], "log": "|j|\u2606ste1995\n|j|\u2606mavvyvgc\n|html|<table width=\"100%\"><tr><td align=\"left\">ste1995</td><td align=\"right\">mavvyvgc</tr><tr><td align=\"left\"><i class=\"fa fa-circle-o\"></i> <i class=\"fa fa-circle-o\"></i> </td><td align=\"right\"><i class=\"fa fa-circle-o\"></i> <i class=\"fa fa-circle-o\"></i> </tr></table>\n|uhtml|bestof|<h2><strong>Game 1</strong> of <a href=\"/game-bestof3-gen9vgc2025regibo3-2354208170\">a best-of-3</a></h2>\n|t:|1746044760\n|gametype|doubles\n|player|p1|ste1995|backpacker|1067\n|player|p2|mavvyvgc|riley|1001\n|teamsize|p1|6\n|teamsize|p2|6\n|gen|9\n|tier|[Gen 9] VGC 2025 Reg I (Bo3)\n|rated|\n|rule|Species Clause: Limit one of each Pok\u00e9mon\n|rule|Item Clause: Limit 1 of each item\n|clearpoke\n|poke|p1|Lunala, L50|\n|poke|p1|Koraidon, L50|\n|poke|p1|Flutter Mane, L50|\n|poke|p1|Indeedee-F, L50, F|\n|poke|p1|Ogerpon-Cornerstone, L50, F|\n|poke|p1|Chi-Yu, L50|\n|poke|p2|Calyrex-Shadow, L50|\n|poke|p2|Kyurem, L50|\n|poke|p2|Slowking, L50, F|\n|poke|p2|Tornadus, L50, M|\n|poke|p2|Incineroar, L50, F|\n|poke|p2|Articuno, L50|\n|teampreview|4\n|showteam|p1|Lunala||PowerHerb|ShadowShield|MeteorBeam,Moonblast,WideGuard,MoongeistBeam||||||50|,,,,,Fairy]Koraidon||LifeOrb|OrichalcumPulse|FlareBlitz,FlameCharge,CloseCombat,Protect||||||50|,,,,,Fire]Flutter Mane||BoosterEnergy|Protosynthesis|ShadowBall,Moonblast,Protect,IcyWind||||||50|,,,,,Normal]Indeedee-F||RockyHelmet|PsychicSurge|FollowMe,HelpingHand,ShadowBall,TrickRoom|||F|||50|,,,,,Water]Ogerpon-Cornerstone||CornerstoneMask|Sturdy|IvyCudgel,HornLeech,FollowMe,SpikyShield|||F|||50|,,,,,Rock]Chi-Yu||ChoiceScarf|BeadsofRuin|HeatWave,Overheat,DarkPulse,Snarl||||||50|,,,,,Ghost\n|showteam|p2|Calyrex-Shadow||FocusSash|AsOneSpectrier|DarkPulse,AstralBarrage,NastyPlot,Protect||||||50|,,,,,Dark]Kyurem||NeverMeltIce|Pressure|Blizzard,FreezeDry,Glaciate,Protect||||||50|,,,,,Fire]Slowking||RockyHelmet|Oblivious|Psychic,TrickRoom,ChillyReception,HydroPump|||F|||50|,,,,,Water]Tornadus||CovertCloak|Prankster|Tailwind,WeatherBall,Protect,Snowscape|||M|||50|,,,,,Dark]Incineroar||ClearAmulet|Intimidate|FakeOut,KnockOff,FlareBlitz,Uturn|||F|||50|,,,,,Fire]Articuno||SitrusBerry|SnowCloak|Blizzard,LightScreen,Reflect,Protect||||||50|,,,,,Ice\n|\n|t:|1746044858\n|start\n|switch|p1a: Flutter Mane|Flutter Mane, L50|100/100\n|switch|p1b: Chi-Yu|Chi-Yu, L50|100/100\n|switch|p2a: Slowking|Slowking, L50, F|100/100\n|switch|p2b: Kyurem|Kyurem, L50|100/100\n|-ability|p1b: Chi-Yu|Beads of Ruin\n|-ability|p2b: Kyurem|Pressure\n|-enditem|p1a: Flutter Mane|Booster Energy\n|-activate|p1a: Flutter Mane|ability: Protosynthesis|[fromitem]\n|-start|p1a: Flutter Mane|protosynthesisspe\n|turn|1\n|\n|t:|1746044917\n|-terastallize|p2b: Kyurem|Fire\n|move|p1a: Flutter Mane|Moonblast|p2a: Slowking\n|-damage|p2a: Slowking|60/100\n|move|p1b: Chi-Yu|Snarl|p2b: Kyurem|[spread] p2b\n|-miss|p1b: Chi-Yu|p2a: Slowking\n|-damage|p2b: Kyurem|77/100\n|-unboost|p2b: Kyurem|spa|1\n|move|p2b: Kyurem|Blizzard|p1b: Chi-Yu|[spread] p1a\n|-miss|p2b: Kyurem|p1b: Chi-Yu\n|-damage|p1a: Flutter Mane|64/100\n|move|p2a: Slowking|Trick Room|p2a: Slowking\n|-fieldstart|move: Trick Room|[of] p2a: Slowking\n|\n|upkeep\n|turn|2\n|\n|t:|1746044980\n|-end|p1a: Flutter Mane|Protosynthesis|[silent]\n|switch|p1a: Koraidon|Koraidon, L50|100/100\n|-weather|SunnyDay|[from] ability: Orichalcum Pulse|[of] p1a: Koraidon\n|-activate|p1a: Koraidon|Orichalcum Pulse|[source]\n|-prepare|p2a: Slowking|Chilly Reception|[premajor]\n|move|p2a: Slowking|Chilly Reception|p2a: Slowking\n|-weather|Snowscape\n|\n|t:|1746044990\n|switch|p2a: Articuno|Articuno, L50|100/100|[from] Chilly Reception\n|move|p2b: Kyurem|Blizzard|p1b: Chi-Yu|[spread] p1a,p1b\n|-supereffective|p1a: Koraidon\n|-resisted|p1b: Chi-Yu\n|-damage|p1a: Koraidon|19/100\n|-damage|p1b: Chi-Yu|80/100\n|move|p1b: Chi-Yu|Snarl|p2b: Kyurem|[spread] p2a,p2b\n|-damage|p2a: Articuno|73/100\n|-damage|p2b: Kyurem|52/100\n|-unboost|p2a: Articuno|spa|1\n|-unboost|p2b: Kyurem|spa|1\n|\n|-weather|Snowscape|[upkeep]\n|upkeep\n|turn|3\n|\n|t:|1746045017\n|move|p1a: Koraidon|Protect|p1a: Koraidon\n|-singleturn|p1a: Koraidon|Protect\n|move|p2b: Kyurem|Blizzard|p1a: Koraidon|[spread] p1b\n|-activate|p1a: Koraidon|move: Protect\n|-resisted|p1b: Chi-Yu\n|-damage|p1b: Chi-Yu|66/100\n|move|p2a: Articuno|Light Screen|p2a: Articuno\n|-sidestart|p2: mavvyvgc|move: Light Screen\n|move|p1b: Chi-Yu|Snarl|p2a: Articuno|[spread] p2a,p2b\n|-damage|p2a: Articuno|53/100\n|-damage|p2b: Kyurem|35/100\n|-unboost|p2a: Articuno|spa|1\n|-unboost|p2b: Kyurem|spa|1\n|\n|-weather|Snowscape|[upkeep]\n|upkeep\n|turn|4\n|\n|t:|1746045052\n|switch|p2b: Calyrex|Calyrex-Shadow, L50|100/100\n|-ability|p2b: Calyrex|As One\n|-ability|p2b: Calyrex|Unnerve\n|switch|p1a: Flutter Mane|Flutter Mane, L50|64/100\n|move|p2a: Articuno|Reflect|p2a: Articuno\n|-sidestart|p2: mavvyvgc|Reflect\n|move|p1b: Chi-Yu|Snarl|p2b: Calyrex|[spread] p2a,p2b\n|-supereffective|p2b: Calyrex\n|-damage|p2a: Articuno|37/100\n|-damage|p2b: Calyrex|18/100\n|-unboost|p2a: Articuno|spa|1\n|-unboost|p2b: Calyrex|spa|1\n|-enditem|p2a: Articuno|Sitrus Berry|[eat]\n|-heal|p2a: Articuno|62/100|[from] item: Sitrus Berry\n|\n|-weather|Snowscape|[upkeep]\n|upkeep\n|turn|5\n|\n|t:|1746045085\n|move|p1a: Flutter Mane|Protect|p1a: Flutter Mane\n|-singleturn|p1a: Flutter Mane|Protect\n|move|p2a: Articuno|Blizzard|p1b: Chi-Yu|[spread] p1b\n|-activate|p1a: Flutter Mane|move: Protect\n|-resisted|p1b: Chi-Yu\n|-damage|p1b: Chi-Yu|57/100\n|move|p2b: Calyrex|Astral Barrage|p1b: Chi-Yu|[spread] p1b\n|-activate|p1a: Flutter Mane|move: Protect\n|-resisted|p1b: Chi-Yu\n|-damage|p1b: Chi-Yu|37/100\n|move|p1b: Chi-Yu|Snarl|p2a: Articuno|[spread] p2a,p2b\n|-supereffective|p2b: Calyrex\n|-damage|p2a: Articuno|44/100\n|-damage|p2b: Calyrex|0 fnt\n|-unboost|p2a: Articuno|spa|1\n|faint|p2b: Calyrex\n|\n|-weather|Snowscape|[upkeep]\n|-fieldend|move: Trick Room\n|upkeep\n|\n|t:|1746045103\n|switch|p2b: Slowking|Slowking, L50, F|60/100\n|turn|6\n|\n|t:|1746045120\n|move|p1b: Chi-Yu|Snarl|p2a: Articuno|[spread] p2a,p2b\n|-supereffective|p2b: Slowking\n|-damage|p2a: Articuno|27/100\n|-damage|p2b: Slowking|31/100\n|-unboost|p2a: Articuno|spa|1\n|-unboost|p2b: Slowking|spa|1\n|move|p1a: Flutter Mane|Shadow Ball|p2b: Slowking\n|-supereffective|p2b: Slowking\n|-damage|p2b: Slowking|0 fnt\n|faint|p2b: Slowking\n|move|p2a: Articuno|Blizzard|p1b: Chi-Yu|[spread] p1a,p1b\n|-resisted|p1b: Chi-Yu\n|-damage|p1a: Flutter Mane|52/100\n|-damage|p1b: Chi-Yu|30/100\n|\n|-weather|none\n|upkeep\n|-message|mavvyvgc forfeited.\n|\n|win|ste1995\n|l|\u2606mavvyvgc\n|player|p2|\n||ste1995 is ready for game 2.\n||mavvyvgc is ready for game 2.\n|uhtml|next|Next: <a href=\"/battle-gen9vgc2025regibo3-2354211909\"><strong>Game 2 of 3</strong></a>\n|l|\u2606ste1995\n|player|p1|\n", "uploadtime": 1746045485, "views": 6, "formatid": "gen9vgc2025regibo3", "rating": null, "private": 0, "password": null}