{"id": "gen9vgc2025regibo3-2354617185", "format": "[Gen 9] VGC 2025 Reg I (Bo3)", "players": ["noexperiencesorry", "almendra sensual"], "log": "|j|\u2606noexperiencesorry\n|j|\u2606almendra sensual\n|html|<table width=\"100%\"><tr><td align=\"left\">noexperiencesorry</td><td align=\"right\">almendra sensual</tr><tr><td align=\"left\"><i class=\"fa fa-circle-o\"></i> <i class=\"fa fa-circle-o\"></i> </td><td align=\"right\"><i class=\"fa fa-circle-o\"></i> <i class=\"fa fa-circle-o\"></i> </tr></table>\n|uhtml|bestof|<h2><strong>Game 1</strong> of <a href=\"/game-bestof3-gen9vgc2025regibo3-2354617184\">a best-of-3</a></h2>\n|t:|1746103371\n|gametype|doubles\n|player|p1|noexperiencesorry|170|1132\n|player|p2|almendra sensual|102|1061\n|teamsize|p1|6\n|teamsize|p2|6\n|gen|9\n|tier|[Gen 9] VGC 2025 Reg I (Bo3)\n|rated|\n|rule|Species Clause: Limit one of each Pok\u00e9mon\n|rule|Item Clause: Limit 1 of each item\n|clearpoke\n|poke|p1|Lunala, L50|\n|poke|p1|Kyogre, L50|\n|poke|p1|Wo-Chien, L50|\n|poke|p1|Kingdra, L50, F|\n|poke|p1|Incineroar, L50, F|\n|poke|p1|Archaludon, L50, M|\n|poke|p2|Zacian-*, L50|\n|poke|p2|Kyogre, L50|\n|poke|p2|Tornadus, L50, M|\n|poke|p2|Amoonguss, L50, M|\n|poke|p2|Incineroar, L50, M|\n|poke|p2|Urshifu-*, L50, M|\n|teampreview|4\n|showteam|p1|Lunala||PowerHerb|ShadowShield|MoongeistBeam,WideGuard,TrickRoom,MeteorBeam||||||50|,,,,,Fairy]Kyogre||CovertCloak|Drizzle|IceBeam,OriginPulse,Protect,Thunder||||||50|,,,,,Grass]Wo-Chien||Leftovers|TabletsofRuin|PollenPuff,LeechSeed,FoulPlay,Protect||||||50|,,,,,Poison]Kingdra||LifeOrb|SwiftSwim|DracoMeteor,ClearSmog,HydroPump,Protect|||F|||50|,,,,,Steel]Incineroar||RockyHelmet|Intimidate|PartingShot,KnockOff,FlareBlitz,FakeOut|||F|||50|,,,,,Electric]Archaludon||AssaultVest|Stamina|Snarl,ElectroShot,DracoMeteor,BodyPress|||M|||50|,,,,,Grass\n|showteam|p2|Zacian-Crowned||RustedSword|IntrepidSword|behemothblade,PlayRough,Substitute,Protect||||||50|,,,,,Fairy]Kyogre||MysticWater|Drizzle|WaterSpout,OriginPulse,IceBeam,Protect||||||50|,,,,,Grass]Tornadus||CovertCloak|Prankster|BleakwindStorm,Tailwind,RainDance,Taunt|||M|||50|,,,,,Dark]Amoonguss||RockyHelmet|Regenerator|PollenPuff,Spore,RagePowder,Protect|||M|||50|,,,,,Steel]Incineroar||SafetyGoggles|Intimidate|KnockOff,FakeOut,WillOWisp,PartingShot|||M|||50|,,,,,Water]Urshifu-Rapid-Strike||ChoiceScarf|UnseenFist|SurgingStrikes,CloseCombat,Uturn,Coaching|||M|||50|,,,,,Ghost\n|inactive|Battle timer is ON: inactive players will automatically lose when time's up. (requested by noexperiencesorry)\n|inactive|almendra sensual has 60 seconds left.\n|inactive|almendra sensual has 30 seconds left.\n|\n|t:|1746103451\n|start\n|switch|p1a: Incineroar|Incineroar, L50, F|100/100\n|switch|p1b: Kingdra|Kingdra, L50, F|100/100\n|switch|p2a: Kyogre|Kyogre, L50|100/100\n|switch|p2b: Tornadus|Tornadus, L50, M|100/100\n|-weather|RainDance|[from] ability: Drizzle|[of] p2a: Kyogre\n|-ability|p1a: Incineroar|Intimidate|boost\n|-unboost|p2a: Kyogre|atk|1\n|-unboost|p2b: Tornadus|atk|1\n|turn|1\n|inactive|almendra sensual has 30 seconds left.\n|\n|t:|1746103486\n|move|p2a: Kyogre|Protect|p2a: Kyogre\n|-singleturn|p2a: Kyogre|Protect\n|move|p1a: Incineroar|Fake Out|p2a: Kyogre\n|-activate|p2a: Kyogre|move: Protect\n|move|p2b: Tornadus|Tailwind|p2b: Tornadus\n|-sidestart|p2: almendra sensual|move: Tailwind\n|move|p1b: Kingdra|Hydro Pump|p2b: Tornadus\n|-damage|p2b: Tornadus|0 fnt\n|faint|p2b: Tornadus\n|-damage|p1b: Kingdra|90/100|[from] item: Life Orb\n|\n|-weather|RainDance|[upkeep]\n|upkeep\n|\n|t:|1746103499\n|switch|p2b: Amoonguss|Amoonguss, L50, M|100/100\n|turn|2\n|\n|t:|1746103521\n|switch|p1a: Wo-Chien|Wo-Chien, L50|100/100\n|-ability|p1a: Wo-Chien|Tablets of Ruin\n|move|p1b: Kingdra|Protect|p1b: Kingdra\n|-singleturn|p1b: Kingdra|Protect\n|move|p2b: Amoonguss|Rage Powder|p2b: Amoonguss\n|-singleturn|p2b: Amoonguss|move: Rage Powder\n|move|p2a: Kyogre|Water Spout|p1b: Kingdra|[spread] p1a\n|-activate|p1b: Kingdra|move: Protect\n|-resisted|p1a: Wo-Chien\n|-damage|p1a: Wo-Chien|69/100\n|\n|-weather|RainDance|[upkeep]\n|-heal|p1a: Wo-Chien|75/100|[from] item: Leftovers\n|upkeep\n|turn|3\n|inactive|almendra sensual has 30 seconds left.\n|inactive|almendra sensual has 20 seconds left.\n|inactive|almendra sensual has 15 seconds left.\n|\n|t:|1746103566\n|move|p1a: Wo-Chien|Protect|p1a: Wo-Chien\n|-singleturn|p1a: Wo-Chien|Protect\n|move|p2b: Amoonguss|Rage Powder|p2b: Amoonguss\n|-singleturn|p2b: Amoonguss|move: Rage Powder\n|move|p2a: Kyogre|Ice Beam|p1a: Wo-Chien\n|-activate|p1a: Wo-Chien|move: Protect\n|move|p1b: Kingdra|Draco Meteor|p2b: Amoonguss\n|-damage|p2b: Amoonguss|36/100\n|-unboost|p1b: Kingdra|spa|2\n|-damage|p1b: Kingdra|80/100|[from] item: Life Orb\n|\n|-weather|RainDance|[upkeep]\n|-heal|p1a: Wo-Chien|82/100|[from] item: Leftovers\n|upkeep\n|turn|4\n|\n|t:|1746103590\n|switch|p1b: Archaludon|Archaludon, L50, M|100/100\n|-terastallize|p2a: Kyogre|Grass\n|move|p2a: Kyogre|Ice Beam|p1a: Wo-Chien\n|-supereffective|p1a: Wo-Chien\n|-damage|p1a: Wo-Chien|42/100\n|move|p2b: Amoonguss|Spore|p1b: Archaludon\n|-status|p1b: Archaludon|slp|[from] move: Spore\n|move|p1a: Wo-Chien|Leech Seed|p2a: Kyogre\n|-immune|p2a: Kyogre\n|\n|-weather|RainDance|[upkeep]\n|-heal|p1a: Wo-Chien|48/100|[from] item: Leftovers\n|-sideend|p2: almendra sensual|move: Tailwind\n|upkeep\n|turn|5\n|inactive|almendra sensual has 30 seconds left.\n|inactive|almendra sensual has 20 seconds left.\n|inactive|almendra sensual has 15 seconds left.\n|\n|t:|1746103633\n|move|p1a: Wo-Chien|Protect|p1a: Wo-Chien\n|-singleturn|p1a: Wo-Chien|Protect\n|move|p2a: Kyogre|Water Spout|p1a: Wo-Chien|[spread] p1b\n|-activate|p1a: Wo-Chien|move: Protect\n|-resisted|p1b: Archaludon\n|-damage|p1b: Archaludon|54/100 slp\n|-ability|p1b: Archaludon|Stamina|boost\n|-boost|p1b: Archaludon|def|1\n|cant|p1b: Archaludon|slp\n|move|p2b: Amoonguss|Pollen Puff|p1b: Archaludon\n|-resisted|p1b: Archaludon\n|-damage|p1b: Archaludon|47/100 slp\n|-ability|p1b: Archaludon|Stamina|boost\n|-boost|p1b: Archaludon|def|1\n|\n|-weather|none\n|-heal|p1a: Wo-Chien|55/100|[from] item: Leftovers\n|upkeep\n|turn|6\n|inactive|noexperiencesorry has 30 seconds left.\n|inactive|almendra sensual has 30 seconds left.\n|inactive|almendra sensual has 20 seconds left.\n|inactive|almendra sensual has 15 seconds left.\n|inactive|almendra sensual has 10 seconds left.\n|\n|t:|1746103680\n|move|p2a: Kyogre|Water Spout|p1a: Wo-Chien|[spread] p1a,p1b\n|-resisted|p1a: Wo-Chien\n|-resisted|p1b: Archaludon\n|-damage|p1a: Wo-Chien|31/100\n|-damage|p1b: Archaludon|14/100 slp\n|-ability|p1b: Archaludon|Stamina|boost\n|-boost|p1b: Archaludon|def|1\n|cant|p1b: Archaludon|slp\n|move|p1a: Wo-Chien|Pollen Puff|p1b: Archaludon\n|-heal|p1b: Archaludon|64/100 slp\n|move|p2b: Amoonguss|Pollen Puff|p1a: Wo-Chien\n|-supereffective|p1a: Wo-Chien\n|-damage|p1a: Wo-Chien|0 fnt\n|faint|p1a: Wo-Chien\n|\n|upkeep\n|\n|t:|1746103699\n|switch|p1a: Kingdra|Kingdra, L50, F|80/100\n|turn|7\n|inactive|almendra sensual has 30 seconds left.\n|\n|t:|1746103726\n|switch|p2b: Zacian|Zacian-Crowned, L50|100/100\n|-ability|p2b: Zacian|Intrepid Sword|boost\n|-boost|p2b: Zacian|atk|1\n|move|p2a: Kyogre|Protect|p2a: Kyogre\n|-singleturn|p2a: Kyogre|Protect\n|move|p1a: Kingdra|Draco Meteor|p2b: Zacian\n|-immune|p2b: Zacian\n|-curestatus|p1b: Archaludon|slp|[msg]\n|move|p1b: Archaludon|Snarl|p2a: Kyogre|[spread] p2b\n|-activate|p2a: Kyogre|move: Protect\n|-resisted|p2b: Zacian\n|-damage|p2b: Zacian|94/100\n|-unboost|p2b: Zacian|spa|1\n|\n|upkeep\n|turn|8\n|inactive|almendra sensual has 30 seconds left.\n|inactive|noexperiencesorry has 30 seconds left.\n|inactive|almendra sensual has 20 seconds left.\n|inactive|noexperiencesorry has 20 seconds left.\n|\n|t:|1746103770\n|switch|p2a: Amoonguss|Amoonguss, L50, M|69/100\n|switch|p1a: Incineroar|Incineroar, L50, F|100/100\n|-ability|p1a: Incineroar|Intimidate|boost\n|-unboost|p2a: Amoonguss|atk|1\n|-unboost|p2b: Zacian|atk|1\n|move|p2b: Zacian|Play Rough|p1a: Incineroar\n|-damage|p1a: Incineroar|48/100\n|-damage|p2b: Zacian|78/100|[from] item: Rocky Helmet|[of] p1a: Incineroar\n|move|p1b: Archaludon|Body Press|p2a: Amoonguss\n|-resisted|p2a: Amoonguss\n|-damage|p2a: Amoonguss|46/100\n|-damage|p1b: Archaludon|48/100|[from] item: Rocky Helmet|[of] p2a: Amoonguss\n|\n|upkeep\n|turn|9\n|inactive|noexperiencesorry has 30 seconds left.\n|inactive|almendra sensual has 30 seconds left.\n|l|\u2606noexperiencesorry\n|inactive|noexperiencesorry disconnected and has a minute to reconnect!\n|player|p1|\n|j|\u2606noexperiencesorry\n|inactive|noexperiencesorry reconnected and has 25 seconds left.\n|player|p1|noexperiencesorry|170|\n|inactive|noexperiencesorry has 20 seconds left.\n|inactive|noexperiencesorry has 15 seconds left.\n|inactive|noexperiencesorry has 10 seconds left.\n|\n|t:|1746103815\n|move|p2b: Zacian|Protect|p2b: Zacian\n|-singleturn|p2b: Zacian|Protect\n|move|p2a: Amoonguss|Protect|p2a: Amoonguss\n|-singleturn|p2a: Amoonguss|Protect\n|move|p1b: Archaludon|Draco Meteor|p2a: Amoonguss\n|-activate|p2a: Amoonguss|move: Protect\n|move|p1a: Incineroar|Parting Shot|p2a: Amoonguss\n|-activate|p2a: Amoonguss|move: Protect\n|\n|upkeep\n|turn|10\n|\n|t:|1746103839\n|move|p2b: Zacian|Substitute|p2b: Zacian\n|-start|p2b: Zacian|Substitute\n|-damage|p2b: Zacian|53/100\n|move|p1b: Archaludon|Draco Meteor|p2a: Amoonguss\n|-damage|p2a: Amoonguss|0 fnt\n|-unboost|p1b: Archaludon|spa|2\n|faint|p2a: Amoonguss\n|move|p1a: Incineroar|Parting Shot|p2b: Zacian\n|-unboost|p2b: Zacian|atk|1\n|-unboost|p2b: Zacian|spa|1\n|\n|t:|1746103849\n|switch|p1a: Kingdra|Kingdra, L50, F|80/100|[from] Parting Shot\n|\n|upkeep\n|\n|t:|1746103852\n|switch|p2a: Kyogre|Kyogre, L50, tera:Grass|100/100\n|-weather|RainDance|[from] ability: Drizzle|[of] p2a: Kyogre\n|turn|11\n|inactive|noexperiencesorry has 30 seconds left.\n|\n|t:|1746103883\n|-terastallize|p1b: Archaludon|Grass\n|move|p1a: Kingdra|Draco Meteor|p2a: Kyogre\n|-damage|p2a: Kyogre|45/100\n|-unboost|p1a: Kingdra|spa|2\n|-damage|p1a: Kingdra|70/100|[from] item: Life Orb\n|move|p2b: Zacian|Play Rough|p1a: Kingdra\n|-supereffective|p1a: Kingdra\n|-damage|p1a: Kingdra|2/100\n|move|p2a: Kyogre|Origin Pulse|p1a: Kingdra|[spread] p1a,p1b\n|-resisted|p1a: Kingdra\n|-resisted|p1b: Archaludon\n|-damage|p1a: Kingdra|0 fnt\n|-damage|p1b: Archaludon|12/100\n|-ability|p1b: Archaludon|Stamina|boost\n|-boost|p1b: Archaludon|def|1\n|faint|p1a: Kingdra\n|move|p1b: Archaludon|Body Press|p2a: Kyogre\n|-damage|p2a: Kyogre|0 fnt\n|faint|p2a: Kyogre\n|\n|-weather|RainDance|[upkeep]\n|upkeep\n|\n|t:|1746103906\n|switch|p1a: Incineroar|Incineroar, L50, F|48/100\n|-ability|p1a: Incineroar|Intimidate|boost\n|-immune|p2b: Zacian\n|turn|12\n|\n|t:|1746103913\n|move|p2b: Zacian|Behemoth Blade|p1b: Archaludon\n|-damage|p1b: Archaludon|2/100\n|-ability|p1b: Archaludon|Stamina|boost\n|-boost|p1b: Archaludon|def|1\n|move|p1b: Archaludon|Body Press|p2b: Zacian\n|-crit|p2b: Zacian\n|-end|p2b: Zacian|Substitute\n|move|p1a: Incineroar|Flare Blitz|p2b: Zacian\n|-supereffective|p2b: Zacian\n|-damage|p2b: Zacian|13/100\n|-damage|p1a: Incineroar|35/100|[from] Recoil\n|\n|-weather|RainDance|[upkeep]\n|upkeep\n|turn|13\n|\n|t:|1746103928\n|move|p2b: Zacian|Behemoth Blade|p1b: Archaludon\n|-damage|p1b: Archaludon|0 fnt\n|faint|p1b: Archaludon\n|move|p1a: Incineroar|Flare Blitz|p2b: Zacian\n|-supereffective|p2b: Zacian\n|-damage|p2b: Zacian|0 fnt\n|faint|p2b: Zacian\n|-damage|p1a: Incineroar|31/100|[from] Recoil\n|\n|win|noexperiencesorry\n||noexperiencesorry is ready for game 2.\n|inactive|almendra sensual has 30 seconds to confirm battle start!\n|inactive|almendra sensual has 20 seconds to confirm battle start!\n|l|\u2606almendra sensual\n|player|p2|\n|inactive|almendra sensual has 10 seconds to confirm battle start!\n|uhtml|next|Next: <a href=\"/battle-gen9vgc2025regibo3-2354622109\"><strong>Game 2 of 3</strong></a>\n|l|\u2606noexperiencesorry\n|player|p1|\n", "uploadtime": 1746104251, "views": 7, "formatid": "gen9vgc2025regibo3", "rating": null, "private": 0, "password": null}