{"id": "gen9vgc2025regibo3-2353989132", "format": "[Gen 9] VGC 2025 Reg I (Bo3)", "players": ["DaddyG14", "aurora esposito"], "log": "|j|\u2606DaddyG14\n|j|\u203daurora esposito\n|html|<table width=\"100%\"><tr><td align=\"left\">DaddyG14</td><td align=\"right\">aurora esposito</tr><tr><td align=\"left\"><i class=\"fa fa-circle\"></i> <i class=\"fa fa-circle-o\"></i> </td><td align=\"right\"><i class=\"fa fa-circle-o\"></i> <i class=\"fa fa-circle-o\"></i> </tr></table>\n|uhtml|bestof|<h2><strong>Game 2</strong> of <a href=\"/game-bestof3-gen9vgc2025regibo3-2353986296\">a best-of-3</a></h2>\n|t:|1746025374\n|gametype|doubles\n|player|p1|DaddyG14|red|1024\n|player|p2|aurora esposito|169|1031\n|teamsize|p1|6\n|teamsize|p2|6\n|gen|9\n|tier|[Gen 9] VGC 2025 Reg I (Bo3)\n|rated|\n|rule|Species Clause: Limit one of each Pok\u00e9mon\n|rule|Item Clause: Limit 1 of each item\n|clearpoke\n|poke|p1|Calyrex-Ice, L50|\n|poke|p1|Necrozma-Dusk-Mane, L50|\n|poke|p1|Indeedee-F, L50, F|\n|poke|p1|Ursaluna-Bloodmoon, L50, M|\n|poke|p1|Vikavolt, L50, M|\n|poke|p1|Sinistcha-Masterpiece, L50|\n|poke|p2|Ting-Lu, L50|\n|poke|p2|Giratina, L50|\n|poke|p2|Thundurus, L50, M|\n|poke|p2|Gouging Fire, L50|\n|poke|p2|Ho-Oh, L50|\n|poke|p2|Cresselia, L50, F|\n|teampreview|4\n|showteam|p1|Calyrex-Ice||ClearAmulet|AsOneGlastrier|GlacialLance,CloseCombat,HighHorsepower,Protect||||||50|,,,,,Dark]Necrozma-Dusk-Mane||WeaknessPolicy|PrismArmor|SunsteelStrike,PhotonGeyser,TrickRoom,BrickBreak||||||50|,,,,,Water]Indeedee-F||MentalHerb|PsychicSurge|TrickRoom,FollowMe,HealPulse,HelpingHand|||F|||50|,,,,,Water]Ursaluna-Bloodmoon||LifeOrb|MindsEye|BloodMoon,EarthPower,HyperVoice,Protect|||M|||50|,,,,,Ground]Vikavolt||ChoiceSpecs|Levitate|Discharge,BugBuzz,VoltSwitch,EnergyBall|||M|||50|,,,,,Electric]Sinistcha-Masterpiece||SitrusBerry|Hospitality|RagePowder,StrengthSap,TrickRoom,MatchaGotcha||||||50|,,,,,Water\n|showteam|p2|Ting-Lu||SafetyGoggles|VesselofRuin|Protect,Taunt,Ruination,SandTomb||||||50|,,,,,Poison]Giratina||Leftovers|Telepathy|Hex,CalmMind,Substitute,AuraSphere||||||50|,,,,,Fairy]Thundurus||CovertCloak|Prankster|ThunderWave,Electroweb,Protect,WildboltStorm|||M|||50|,,,,,Electric]Gouging Fire||BoosterEnergy|Protosynthesis|FlareBlitz,Howl,BurningBulwark,BreakingSwipe||||||50|,,,,,Dragon]Ho-Oh||RockyHelmet|Regenerator|WillOWisp,SunnyDay,SacredFire,Protect||||||50|,,,,,Water]Cresselia||LightClay|Levitate|LunarBlessing,IcyWind,Reflect,LightScreen|||F|||50|,,,,,Psychic\n|inactive|Battle timer is ON: inactive players will automatically lose when time's up. (requested by DaddyG14)\n|\n|t:|1746025393\n|start\n|switch|p1a: Calyrex|Calyrex-Ice, L50|100/100\n|switch|p1b: Indeedee|Indeedee-F, L50, F|100/100\n|switch|p2a: Cresselia|Cresselia, L50, F|100/100\n|switch|p2b: Ho-Oh|Ho-Oh, L50|100/100\n|-ability|p1a: Calyrex|As One\n|-ability|p1a: Calyrex|Unnerve\n|-fieldstart|move: Psychic Terrain|[from] ability: Psychic Surge|[of] p1b: Indeedee\n|turn|1\n|inactive|DaddyG14 has 30 seconds left.\n|\n|t:|1746025423\n|move|p1b: Indeedee|Helping Hand|p1a: Calyrex\n|-singleturn|p1a: Calyrex|Helping Hand|[of] p1b: Indeedee\n|move|p2a: Cresselia|Reflect|p2a: Cresselia\n|-sidestart|p2: aurora esposito|Reflect\n|move|p2b: Ho-Oh|Will-O-Wisp|p1a: Calyrex\n|-status|p1a: Calyrex|brn\n|move|p1a: Calyrex|Glacial Lance|p2b: Ho-Oh|[spread] p2a,p2b\n|-damage|p2a: Cresselia|79/100\n|-damage|p2b: Ho-Oh|82/100\n|\n|-damage|p1a: Calyrex|95/100 brn|[from] brn\n|upkeep\n|turn|2\n|\n|t:|1746025446\n|move|p1b: Indeedee|Helping Hand|p1a: Calyrex\n|-singleturn|p1a: Calyrex|Helping Hand|[of] p1b: Indeedee\n|move|p2a: Cresselia|Icy Wind|p1a: Calyrex|[spread] p1a,p1b\n|-resisted|p1a: Calyrex\n|-damage|p1a: Calyrex|92/100 brn\n|-damage|p1b: Indeedee|95/100\n|-unboost|p1b: Indeedee|spe|1\n|move|p2b: Ho-Oh|Sunny Day|p2b: Ho-Oh\n|-weather|SunnyDay\n|move|p1a: Calyrex|Glacial Lance|p2a: Cresselia|[spread] p2a,p2b\n|-damage|p2a: Cresselia|58/100\n|-damage|p2b: Ho-Oh|62/100\n|\n|-weather|SunnyDay|[upkeep]\n|-damage|p1a: Calyrex|86/100 brn|[from] brn\n|upkeep\n|turn|3\n|\n|t:|1746025460\n|move|p1a: Calyrex|Protect|p1a: Calyrex\n|-singleturn|p1a: Calyrex|Protect\n|move|p2a: Cresselia|Icy Wind|p1a: Calyrex|[spread] p1b\n|-activate|p1a: Calyrex|move: Protect\n|-damage|p1b: Indeedee|90/100\n|-unboost|p1b: Indeedee|spe|1\n|move|p2b: Ho-Oh|Sacred Fire|p1a: Calyrex\n|-activate|p1a: Calyrex|move: Protect\n|move|p1b: Indeedee|Trick Room|p1b: Indeedee\n|-fieldstart|move: Trick Room|[of] p1b: Indeedee\n|\n|-weather|SunnyDay|[upkeep]\n|-damage|p1a: Calyrex|80/100 brn|[from] brn\n|upkeep\n|turn|4\n|\n|t:|1746025481\n|-terastallize|p2b: Ho-Oh|Water\n|move|p1b: Indeedee|Heal Pulse|p1a: Calyrex\n|-heal|p1a: Calyrex|100/100 brn\n|move|p1a: Calyrex|Glacial Lance|p2b: Ho-Oh|[spread] p2a,p2b\n|-resisted|p2b: Ho-Oh\n|-damage|p2a: Cresselia|43/100\n|-damage|p2b: Ho-Oh|54/100\n|move|p2b: Ho-Oh|Sacred Fire|p1a: Calyrex\n|-supereffective|p1a: Calyrex\n|-damage|p1a: Calyrex|21/100 brn\n|move|p2a: Cresselia|Lunar Blessing|p2a: Cresselia|[spread] p2a,p2b\n|-heal|p2a: Cresselia|68/100\n|-heal|p2b: Ho-Oh|79/100\n|\n|-weather|SunnyDay|[upkeep]\n|-damage|p1a: Calyrex|15/100 brn|[from] brn\n|upkeep\n|turn|5\n|\n|t:|1746025506\n|move|p1b: Indeedee|Helping Hand|p1a: Calyrex\n|-singleturn|p1a: Calyrex|Helping Hand|[of] p1b: Indeedee\n|move|p1a: Calyrex|Glacial Lance|p2b: Ho-Oh|[spread] p2a,p2b\n|-resisted|p2b: Ho-Oh\n|-damage|p2a: Cresselia|46/100\n|-damage|p2b: Ho-Oh|70/100\n|move|p2b: Ho-Oh|Sacred Fire|p1b: Indeedee\n|-damage|p1b: Indeedee|0 fnt\n|faint|p1b: Indeedee\n|move|p2a: Cresselia|Icy Wind|p1a: Calyrex|[miss]\n|-miss|p2a: Cresselia|p1a: Calyrex\n|\n|-weather|SunnyDay|[upkeep]\n|-damage|p1a: Calyrex|10/100 brn|[from] brn\n|-fieldend|move: Psychic Terrain\n|upkeep\n|\n|t:|1746025520\n|switch|p1b: Necrozma|Necrozma-Dusk-Mane, L50|100/100\n|turn|6\n|\n|t:|1746025536\n|move|p2b: Ho-Oh|Protect|p2b: Ho-Oh\n|-singleturn|p2b: Ho-Oh|Protect\n|move|p1a: Calyrex|Close Combat|p2b: Ho-Oh\n|-activate|p2b: Ho-Oh|move: Protect\n|move|p1b: Necrozma|Photon Geyser|p2b: Ho-Oh\n|-activate|p2b: Ho-Oh|move: Protect\n|move|p2a: Cresselia|Lunar Blessing|p2a: Cresselia|[spread] p2a,p2b\n|-heal|p2a: Cresselia|71/100\n|-heal|p2b: Ho-Oh|95/100\n|\n|-weather|none\n|-damage|p1a: Calyrex|4/100 brn|[from] brn\n|upkeep\n|turn|7\n|\n|t:|1746025559\n|move|p1a: Calyrex|Close Combat|p2b: Ho-Oh\n|-damage|p2b: Ho-Oh|84/100\n|-unboost|p1a: Calyrex|def|1\n|-unboost|p1a: Calyrex|spd|1\n|-damage|p1a: Calyrex|0 fnt|[from] item: Rocky Helmet|[of] p2b: Ho-Oh\n|faint|p1a: Calyrex\n|move|p1b: Necrozma|Photon Geyser|p2b: Ho-Oh\n|-damage|p2b: Ho-Oh|57/100\n|move|p2b: Ho-Oh|Sacred Fire|p1b: Necrozma\n|-supereffective|p1b: Necrozma\n|-damage|p1b: Necrozma|51/100\n|-status|p1b: Necrozma|brn\n|-enditem|p1b: Necrozma|Weakness Policy\n|-boost|p1b: Necrozma|atk|2|[from] item: Weakness Policy\n|-boost|p1b: Necrozma|spa|2|[from] item: Weakness Policy\n|move|p2a: Cresselia|Icy Wind|p1b: Necrozma\n|-resisted|p1b: Necrozma\n|-damage|p1b: Necrozma|48/100 brn\n|-unboost|p1b: Necrozma|spe|1\n|\n|-damage|p1b: Necrozma|42/100 brn|[from] brn\n|-fieldend|move: Trick Room\n|upkeep\n|\n|t:|1746025581\n|switch|p1a: Sinistcha|Sinistcha-Masterpiece, L50|100/100\n|-heal|p1b: Necrozma|67/100 brn|[from] ability: Hospitality|[of] p1a: Sinistcha\n|turn|8\n|\n|t:|1746025596\n|move|p2b: Ho-Oh|Protect|p2b: Ho-Oh\n|-singleturn|p2b: Ho-Oh|Protect\n|move|p1a: Sinistcha|Rage Powder|p1a: Sinistcha\n|-singleturn|p1a: Sinistcha|move: Rage Powder\n|move|p2a: Cresselia|Icy Wind|p1a: Sinistcha|[spread] p1a,p1b\n|-supereffective|p1a: Sinistcha\n|-resisted|p1b: Necrozma\n|-crit|p1b: Necrozma\n|-damage|p1a: Sinistcha|83/100\n|-damage|p1b: Necrozma|62/100 brn\n|-unboost|p1a: Sinistcha|spe|1\n|-unboost|p1b: Necrozma|spe|1\n|move|p1b: Necrozma|Trick Room|p1b: Necrozma\n|-fieldstart|move: Trick Room|[of] p1b: Necrozma\n|\n|-damage|p1b: Necrozma|56/100 brn|[from] brn\n|-sideend|p2: aurora esposito|Reflect\n|upkeep\n|turn|9\n|inactive|DaddyG14 has 30 seconds left.\n|\n|t:|1746025622\n|-terastallize|p1b: Necrozma|Water\n|move|p1a: Sinistcha|Rage Powder|p1a: Sinistcha\n|-singleturn|p1a: Sinistcha|move: Rage Powder\n|move|p1b: Necrozma|Photon Geyser|p2b: Ho-Oh\n|-damage|p2b: Ho-Oh|16/100\n|move|p2b: Ho-Oh|Sacred Fire|p1a: Sinistcha\n|-supereffective|p1a: Sinistcha\n|-damage|p1a: Sinistcha|18/100\n|-enditem|p1a: Sinistcha|Sitrus Berry|[eat]\n|-heal|p1a: Sinistcha|43/100|[from] item: Sitrus Berry\n|move|p2a: Cresselia|Lunar Blessing|p2a: Cresselia|[spread] p2a,p2b\n|-heal|p2a: Cresselia|96/100\n|-heal|p2b: Ho-Oh|41/100\n|\n|-damage|p1b: Necrozma|50/100 brn|[from] brn\n|upkeep\n|turn|10\n|\n|t:|1746025644\n|move|p2b: Ho-Oh|Protect|p2b: Ho-Oh\n|-singleturn|p2b: Ho-Oh|Protect\n|move|p1b: Necrozma|Photon Geyser|p2b: Ho-Oh\n|-activate|p2b: Ho-Oh|move: Protect\n|move|p1a: Sinistcha|Matcha Gotcha|p2a: Cresselia|[spread] p2a\n|-activate|p2b: Ho-Oh|move: Protect\n|-damage|p2a: Cresselia|83/100\n|-heal|p1a: Sinistcha|52/100|[from] drain|[of] p2a: Cresselia\n|move|p2a: Cresselia|Light Screen|p2a: Cresselia\n|-sidestart|p2: aurora esposito|move: Light Screen\n|\n|-damage|p1b: Necrozma|45/100 brn|[from] brn\n|upkeep\n|turn|11\n|\n|t:|1746025664\n|move|p1b: Necrozma|Photon Geyser|p2b: Ho-Oh\n|-damage|p2b: Ho-Oh|0 fnt\n|faint|p2b: Ho-Oh\n|move|p1a: Sinistcha|Matcha Gotcha|p2a: Cresselia\n|-damage|p2a: Cresselia|71/100\n|-heal|p1a: Sinistcha|59/100|[from] drain|[of] p2a: Cresselia\n|move|p2a: Cresselia|Lunar Blessing|p2a: Cresselia\n|-heal|p2a: Cresselia|96/100\n|\n|-damage|p1b: Necrozma|39/100 brn|[from] brn\n|upkeep\n|inactive|aurora esposito has 30 seconds left.\n|inactive|aurora esposito has 20 seconds left.\n|inactive|aurora esposito has 15 seconds left.\n|\n|t:|1746025708\n|switch|p2b: Giratina|Giratina, L50|100/100\n|turn|12\n|\n|t:|1746025724\n|move|p1a: Sinistcha|Rage Powder|p1a: Sinistcha\n|-singleturn|p1a: Sinistcha|move: Rage Powder\n|move|p1b: Necrozma|Sunsteel Strike|p2b: Giratina\n|-damage|p2b: Giratina|65/100\n|move|p2a: Cresselia|Lunar Blessing|p2a: Cresselia|[spread] p2a,p2b\n|-heal|p2a: Cresselia|100/100\n|-heal|p2b: Giratina|90/100\n|move|p2b: Giratina|Substitute|p2b: Giratina\n|-start|p2b: Giratina|Substitute\n|-damage|p2b: Giratina|65/100\n|\n|-heal|p2b: Giratina|71/100|[from] item: Leftovers\n|-damage|p1b: Necrozma|33/100 brn|[from] brn\n|-fieldend|move: Trick Room\n|upkeep\n|turn|13\n|-message|DaddyG14 forfeited.\n|\n|win|aurora esposito\n|l|\u2606DaddyG14\n|player|p1|\n||DaddyG14 is ready for game 3.\n||aurora esposito is ready for game 3.\n|uhtml|next|Next: <a href=\"/battle-gen9vgc2025regibo3-2353993319\"><strong>Game 3 of 3</strong></a>\n", "uploadtime": 1746025857, "views": 6, "formatid": "gen9vgc2025regibo3", "rating": null, "private": 0, "password": null}