{"id": "gen9vgc2025regibo3-2353770384", "format": "[Gen 9] VGC 2025 Reg I (Bo3)", "players": ["Ben Harpic", "Vampyre97"], "log": "|j|\u2606Ben Harpic\n|j|\u2606Vampyre97\n|html|<table width=\"100%\"><tr><td align=\"left\">Ben Harpic</td><td align=\"right\">Vampyre97</tr><tr><td align=\"left\"><i class=\"fa fa-circle-o\"></i> <i class=\"fa fa-circle-o\"></i> </td><td align=\"right\"><i class=\"fa fa-circle-o\"></i> <i class=\"fa fa-circle-o\"></i> </tr></table>\n|uhtml|bestof|<h2><strong>Game 1</strong> of <a href=\"/game-bestof3-gen9vgc2025regibo3-2353770383\">a best-of-3</a></h2>\n|t:|1745997049\n|gametype|doubles\n|player|p1|Ben Harpic|169|1085\n|player|p2|Vampyre97|veteran|1071\n|teamsize|p1|6\n|teamsize|p2|6\n|gen|9\n|tier|[Gen 9] VGC 2025 Reg I (Bo3)\n|rated|\n|rule|Species Clause: Limit one of each Pok\u00e9mon\n|rule|Item Clause: Limit 1 of each item\n|clearpoke\n|poke|p1|Miraidon, L50|\n|poke|p1|Zamazenta-*, L50|\n|poke|p1|Weezing, L50, F|\n|poke|p1|Grimmsnarl, L50, M|\n|poke|p1|Maushold-Four, L50|\n|poke|p1|Annihilape, L50, F|\n|poke|p2|Glimmora, L50, M|\n|poke|p2|Rhyperior, L50, M|\n|poke|p2|Tyranitar, L50, M|\n|poke|p2|Bronzong, L50|\n|poke|p2|Reuniclus, L50, M|\n|poke|p2|Ogerpon-Wellspring, L50, F|\n|teampreview|4\n|showteam|p1|Miraidon||AssaultVest|HadronEngine|ElectroDrift,VoltSwitch,DracoMeteor,Discharge||||||50|,,,,,Electric]Zamazenta-Crowned||RustedShield|DauntlessShield|BodyPress,IronDefense,WideGuard,behemothbash||||||50|,,,,,Dragon]Weezing||WikiBerry|NeutralizingGas|SludgeBomb,Protect,ScaryFace,WillOWisp|||F|||50|,,,,,Dark]Grimmsnarl||LightClay|Prankster|SpiritBreak,Reflect,LightScreen,PartingShot|||M|||50|,,,,,Fire]Maushold-Four||WideLens|FriendGuard|PopulationBomb,Protect,FollowMe,ThunderWave||||||50|,,,,,Ghost]Annihilape||SitrusBerry|Defiant|RageFist,Protect,BulkUp,DrainPunch|||F|||50|,,,,,Electric\n|showteam|p2|Glimmora||ChoiceSpecs|ToxicDebris|EarthPower,SludgeBomb,DazzlingGleam,PowerGem|||M|||50|,,,,,Steel]Rhyperior||AssaultVest|LightningRod|BodyPress,Earthquake,StoneEdge,ThunderPunch|||M|||50|,,,,,Flying]Tyranitar||SmoothRock|SandStream|BodyPress,Earthquake,IronDefense,IronHead|||M|||50|,,,,,Steel]Bronzong||SafetyGoggles|Levitate|TrickRoom,Sandstorm,GyroBall,Protect||||||50|,,,,,Rock]Reuniclus||RockyHelmet|Overcoat|TrickRoom,Protect,Psyshock,Thunder|||M|||50|,,,,,Psychic]Ogerpon-Wellspring||WellspringMask|WaterAbsorb|IvyCudgel,HornLeech,SpikyShield,Uturn|||F|||50|,,,,,Water\n|\n|t:|1745997080\n|start\n|switch|p1a: Grimmsnarl|Grimmsnarl, L50, M|100/100\n|switch|p1b: Maushold|Maushold-Four, L50|100/100\n|switch|p2a: Tyranitar|Tyranitar, L50, M|100/100\n|switch|p2b: Bronzong|Bronzong, L50|100/100\n|-weather|Sandstorm|[from] ability: Sand Stream|[of] p2a: Tyranitar\n|turn|1\n|\n|t:|1745997099\n|move|p1a: Grimmsnarl|Reflect|p1a: Grimmsnarl\n|-sidestart|p1: Ben Harpic|Reflect\n|move|p1b: Maushold|Thunder Wave|p2b: Bronzong\n|-status|p2b: Bronzong|par\n|move|p2a: Tyranitar|Iron Defense|p2a: Tyranitar\n|-boost|p2a: Tyranitar|def|2\n|move|p2b: Bronzong|Trick Room|p2b: Bronzong\n|-fieldstart|move: Trick Room|[of] p2b: Bronzong\n|\n|-weather|Sandstorm|[upkeep]\n|-damage|p1a: Grimmsnarl|94/100|[from] Sandstorm\n|-damage|p1b: Maushold|94/100|[from] Sandstorm\n|upkeep\n|turn|2\n|\n|t:|1745997116\n|switch|p2b: Glimmora|Glimmora, L50, M|100/100\n|switch|p1b: Annihilape|Annihilape, L50, F|100/100\n|move|p2a: Tyranitar|Body Press|p1a: Grimmsnarl\n|-crit|p1a: Grimmsnarl\n|-damage|p1a: Grimmsnarl|3/100\n|move|p1a: Grimmsnarl|Spirit Break|p2a: Tyranitar\n|-supereffective|p2a: Tyranitar\n|-damage|p2a: Tyranitar|74/100\n|-unboost|p2a: Tyranitar|spa|1\n|\n|-weather|Sandstorm|[upkeep]\n|-damage|p1a: Grimmsnarl|0 fnt|[from] Sandstorm\n|-damage|p1b: Annihilape|94/100|[from] Sandstorm\n|faint|p1a: Grimmsnarl\n|upkeep\n|\n|t:|1745997134\n|switch|p1a: Maushold|Maushold-Four, L50|94/100\n|turn|3\n|\n|t:|1745997153\n|move|p1a: Maushold|Protect|p1a: Maushold\n|-singleturn|p1a: Maushold|Protect\n|move|p2a: Tyranitar|Iron Head|p1a: Maushold\n|-activate|p1a: Maushold|move: Protect\n|move|p2b: Glimmora|Sludge Bomb|p1b: Annihilape\n|-resisted|p1b: Annihilape\n|-damage|p1b: Annihilape|76/100\n|move|p1b: Annihilape|Bulk Up|p1b: Annihilape\n|-boost|p1b: Annihilape|atk|1\n|-boost|p1b: Annihilape|def|1\n|\n|-weather|Sandstorm|[upkeep]\n|-damage|p1b: Annihilape|70/100|[from] Sandstorm\n|-damage|p1a: Maushold|88/100|[from] Sandstorm\n|upkeep\n|turn|4\n|\n|t:|1745997182\n|switch|p2b: Bronzong|Bronzong, L50|100/100 par\n|move|p2a: Tyranitar|Earthquake|p1a: Maushold|[spread] p1a,p1b\n|-immune|p2b: Bronzong|[from] ability: Levitate\n|-damage|p1a: Maushold|66/100\n|-damage|p1b: Annihilape|63/100\n|move|p1b: Annihilape|Drain Punch|p2a: Tyranitar\n|-supereffective|p2a: Tyranitar\n|-damage|p2a: Tyranitar|18/100\n|-heal|p1b: Annihilape|88/100|[from] drain|[of] p2a: Tyranitar\n|move|p1a: Maushold|Thunder Wave|p2b: Bronzong\n|-fail|p2b: Bronzong|par\n|\n|-weather|Sandstorm|[upkeep]\n|-damage|p1b: Annihilape|82/100|[from] Sandstorm\n|-damage|p1a: Maushold|60/100|[from] Sandstorm\n|upkeep\n|turn|5\n|\n|t:|1745997209\n|move|p1a: Maushold|Protect|p1a: Maushold\n|-singleturn|p1a: Maushold|Protect\n|cant|p2b: Bronzong|par\n|move|p2a: Tyranitar|Body Press|p1a: Maushold\n|-activate|p1a: Maushold|move: Protect\n|move|p1b: Annihilape|Rage Fist|p2b: Bronzong\n|-supereffective|p2b: Bronzong\n|-damage|p2b: Bronzong|0 fnt\n|faint|p2b: Bronzong\n|\n|-weather|Sandstorm|[upkeep]\n|-damage|p1b: Annihilape|76/100|[from] Sandstorm\n|-damage|p1a: Maushold|54/100|[from] Sandstorm\n|-fieldend|move: Trick Room\n|upkeep\n|\n|t:|1745997223\n|switch|p2b: Ogerpon|Ogerpon-Wellspring, L50, F|100/100\n|turn|6\n|\n|t:|1745997241\n|move|p1a: Maushold|Thunder Wave|p2b: Ogerpon\n|-status|p2b: Ogerpon|par\n|move|p1b: Annihilape|Drain Punch|p2a: Tyranitar\n|-supereffective|p2a: Tyranitar\n|-damage|p2a: Tyranitar|0 fnt\n|-heal|p1b: Annihilape|84/100|[from] drain|[of] p2a: Tyranitar\n|faint|p2a: Tyranitar\n|move|p2b: Ogerpon|U-turn|p1b: Annihilape\n|-resisted|p1b: Annihilape\n|-damage|p1b: Annihilape|82/100\n|inactive|Battle timer is ON: inactive players will automatically lose when time's up. (requested by Ben Harpic)\n|\n|t:|1745997250\n|switch|p2b: Glimmora|Glimmora, L50, M|100/100|[from] U-turn\n|\n|-weather|Sandstorm|[upkeep]\n|-damage|p1a: Maushold|47/100|[from] Sandstorm\n|-damage|p1b: Annihilape|75/100|[from] Sandstorm\n|upkeep\n|\n|t:|1745997255\n|switch|p2a: Ogerpon|Ogerpon-Wellspring, L50, F|100/100 par\n|turn|7\n|\n|t:|1745997274\n|move|p2a: Ogerpon|Spiky Shield|p2a: Ogerpon\n|-singleturn|p2a: Ogerpon|move: Protect\n|move|p1a: Maushold|Thunder Wave|p2b: Glimmora\n|-status|p2b: Glimmora|par\n|move|p1b: Annihilape|Rage Fist|p2a: Ogerpon\n|-activate|p2a: Ogerpon|move: Protect\n|-damage|p1b: Annihilape|63/100|[from] Spiky Shield|[of] p2a: Ogerpon\n|move|p2b: Glimmora|Sludge Bomb|p1b: Annihilape\n|-resisted|p1b: Annihilape\n|-damage|p1b: Annihilape|44/100\n|-status|p1b: Annihilape|psn\n|-enditem|p1b: Annihilape|Sitrus Berry|[eat]\n|-heal|p1b: Annihilape|69/100 psn|[from] item: Sitrus Berry\n|\n|-weather|Sandstorm|[upkeep]\n|-damage|p1a: Maushold|41/100|[from] Sandstorm\n|-damage|p1b: Annihilape|63/100 psn|[from] Sandstorm\n|-damage|p2a: Ogerpon|95/100 par|[from] Sandstorm\n|-damage|p1b: Annihilape|50/100 psn|[from] psn\n|upkeep\n|turn|8\n|\n|t:|1745997299\n|move|p1a: Maushold|Protect|p1a: Maushold\n|-singleturn|p1a: Maushold|Protect\n|move|p1b: Annihilape|Rage Fist|p2a: Ogerpon\n|-damage|p2a: Ogerpon|0 fnt\n|faint|p2a: Ogerpon\n|move|p2b: Glimmora|Sludge Bomb|p1a: Maushold\n|-activate|p1a: Maushold|move: Protect\n|\n|-weather|none\n|-damage|p1b: Annihilape|38/100 psn|[from] psn\n|-sideend|p1: Ben Harpic|Reflect\n|upkeep\n|turn|9\n|\n|t:|1745997311\n|move|p1a: Maushold|Population Bomb|p2b: Glimmora\n|-resisted|p2b: Glimmora\n|-damage|p2b: Glimmora|97/100 par\n|-activate|p2b: Glimmora|ability: Toxic Debris\n|-sidestart|p1: Ben Harpic|move: Toxic Spikes\n|-resisted|p2b: Glimmora\n|-damage|p2b: Glimmora|93/100 par\n|-activate|p2b: Glimmora|ability: Toxic Debris\n|-sidestart|p1: Ben Harpic|move: Toxic Spikes\n|-resisted|p2b: Glimmora\n|-damage|p2b: Glimmora|89/100 par\n|-resisted|p2b: Glimmora\n|-damage|p2b: Glimmora|85/100 par\n|-resisted|p2b: Glimmora\n|-damage|p2b: Glimmora|82/100 par\n|-resisted|p2b: Glimmora\n|-damage|p2b: Glimmora|78/100 par\n|-resisted|p2b: Glimmora\n|-damage|p2b: Glimmora|74/100 par\n|-resisted|p2b: Glimmora\n|-damage|p2b: Glimmora|70/100 par\n|-resisted|p2b: Glimmora\n|-damage|p2b: Glimmora|66/100 par\n|-resisted|p2b: Glimmora\n|-damage|p2b: Glimmora|63/100 par\n|-hitcount|p2b: Glimmora|10\n|move|p1b: Annihilape|Rage Fist|p2b: Glimmora\n|-crit|p2b: Glimmora\n|-damage|p2b: Glimmora|0 fnt\n|faint|p2b: Glimmora\n|\n|win|Ben Harpic\n||Ben Harpic is ready for game 2.\n|inactive|Vampyre97 has 30 seconds to confirm battle start!\n||Vampyre97 is ready for game 2.\n|uhtml|next|Next: <a href=\"/battle-gen9vgc2025regibo3-2353772019\"><strong>Game 2 of 3</strong></a>\n|l|\u2606Vampyre97\n|player|p2|\n|l|\u2606Ben Harpic\n|player|p1|\n", "uploadtime": 1745997702, "views": 8, "formatid": "gen9vgc2025regibo3", "rating": null, "private": 0, "password": null}