{"id": "gen9vgc2025regibo3-2354493976", "format": "[Gen 9] VGC 2025 Reg I (Bo3)", "players": ["Eddy style", "Silent Whisp"], "log": "|j|\u2606Eddy style\n|j|\u2606Silent Whisp\n|html|<table width=\"100%\"><tr><td align=\"left\">Eddy style</td><td align=\"right\">Silent Whisp</tr><tr><td align=\"left\"><i class=\"fa fa-circle-o\"></i> <i class=\"fa fa-circle-o\"></i> </td><td align=\"right\"><i class=\"fa fa-circle-o\"></i> <i class=\"fa fa-circle-o\"></i> </tr></table>\n|uhtml|bestof|<h2><strong>Game 1</strong> of <a href=\"/game-bestof3-gen9vgc2025regibo3-2354493975\">a best-of-3</a></h2>\n|t:|1746081287\n|gametype|doubles\n|player|p1|Eddy style|striker|1167\n|player|p2|Silent Whisp|burglar|1104\n|teamsize|p1|6\n|teamsize|p2|6\n|gen|9\n|tier|[Gen 9] VGC 2025 Reg I (Bo3)\n|rated|\n|rule|Species Clause: Limit one of each Pok\u00e9mon\n|rule|Item Clause: Limit 1 of each item\n|clearpoke\n|poke|p1|Flutter Mane, L50|\n|poke|p1|Tornadus, L50, M|\n|poke|p1|Calyrex-Shadow, L50|\n|poke|p1|Ditto, L50|\n|poke|p1|Miraidon, L50|\n|poke|p1|Incineroar, L50, M|\n|poke|p2|Zamazenta-*, L50|\n|poke|p2|Terapagos, L50, M|\n|poke|p2|Rillaboom, L50, M|\n|poke|p2|Incineroar, L50, M|\n|poke|p2|Walking Wake, L50|\n|poke|p2|Gengar, L50, M|\n|teampreview|4\n|showteam|p1|Flutter Mane||BoosterEnergy|Protosynthesis|Taunt,IcyWind,Moonblast,Protect||||||50|,,,,,Fairy]Tornadus||FocusSash|Prankster|BleakwindStorm,Tailwind,Taunt,Protect|||M|||50|,,,,,Steel]Calyrex-Shadow||CovertCloak|AsOneSpectrier|AstralBarrage,DrainingKiss,CalmMind,Protect||||||50|,,,,,Fairy]Ditto||ChoiceScarf|Imposter|Transform||||||50|,,,,,Normal]Miraidon||ChoiceSpecs|HadronEngine|ElectroDrift,DracoMeteor,VoltSwitch,DazzlingGleam||||||50|,,,,,Fairy]Incineroar||SitrusBerry|Intimidate|FakeOut,FlareBlitz,KnockOff,PartingShot|||M|||50|,,,,,Ghost\n|showteam|p2|Zamazenta-Crowned||RustedShield|DauntlessShield|WideGuard,IronDefense,BodyPress,behemothbash||||||50|,,,,,Dragon]Terapagos||Leftovers|TeraShift|Protect,TeraStarstorm,DarkPulse,CalmMind|||M|||50|,,,,,Stellar]Rillaboom||AssaultVest|GrassySurge|FakeOut,KnockOff,Uturn,GrassyGlide|||M|||50|,,,,,Grass]Incineroar||SitrusBerry|Intimidate|FakeOut,KnockOff,FlareBlitz,PartingShot|||M|||50|,,,,,Ghost]Walking Wake||BoosterEnergy|Protosynthesis|Protect,DracoMeteor,Flamethrower,HydroSteam||||||50|,,,,,Water]Gengar||FocusSash|CursedBody|ShadowBall,IcyWind,Psychic,Protect|||M|||50|,,,,,Ghost\n|\n|t:|1746081350\n|start\n|switch|p1a: Flutter Mane|Flutter Mane, L50|100/100\n|switch|p1b: Miraidon|Miraidon, L50|100/100\n|switch|p2a: Zamazenta|Zamazenta-Crowned, L50|100/100\n|switch|p2b: Rillaboom|Rillaboom, L50, M|100/100\n|-fieldstart|move: Electric Terrain|[from] ability: Hadron Engine|[of] p1b: Miraidon\n|-ability|p2a: Zamazenta|Dauntless Shield|boost\n|-boost|p2a: Zamazenta|def|1\n|-fieldstart|move: Grassy Terrain|[from] ability: Grassy Surge|[of] p2b: Rillaboom\n|-enditem|p1a: Flutter Mane|Booster Energy\n|-activate|p1a: Flutter Mane|ability: Protosynthesis|[fromitem]\n|-start|p1a: Flutter Mane|protosynthesisspe\n|turn|1\n|\n|t:|1746081369\n|switch|p1b: Ditto|Ditto, L50|100/100\n|-transform|p1b: Ditto|p2a: Zamazenta|[from] ability: Imposter\n|-ability|p1b: Ditto|Dauntless Shield|boost\n|-boost|p1b: Ditto|def|1\n|move|p1a: Flutter Mane|Protect|p1a: Flutter Mane\n|-singleturn|p1a: Flutter Mane|Protect\n|move|p2a: Zamazenta|Wide Guard|p2a: Zamazenta\n|-singleturn|p2a: Zamazenta|Wide Guard\n|move|p2b: Rillaboom|Fake Out|p1b: Ditto\n|-resisted|p1b: Ditto\n|-damage|p1b: Ditto|98/100\n|\n|-heal|p1b: Ditto|100/100|[from] Grassy Terrain\n|upkeep\n|turn|2\n|\n|t:|1746081396\n|move|p1a: Flutter Mane|Taunt|p2a: Zamazenta\n|-start|p2a: Zamazenta|move: Taunt\n|move|p1b: Ditto|Body Press|p2b: Rillaboom\n|-damage|p2b: Rillaboom|0 fnt\n|faint|p2b: Rillaboom\n|move|p2a: Zamazenta|Behemoth Bash|p1a: Flutter Mane\n|-supereffective|p1a: Flutter Mane\n|-damage|p1a: Flutter Mane|0 fnt\n|faint|p1a: Flutter Mane\n|-end|p1a: Flutter Mane|Protosynthesis|[silent]\n|\n|upkeep\n|\n|t:|1746081411\n|switch|p1a: Calyrex|Calyrex-Shadow, L50|100/100\n|switch|p2b: Walking Wake|Walking Wake, L50|100/100\n|-ability|p1a: Calyrex|As One\n|-ability|p1a: Calyrex|Unnerve\n|-enditem|p2b: Walking Wake|Booster Energy\n|-activate|p2b: Walking Wake|ability: Protosynthesis|[fromitem]\n|-start|p2b: Walking Wake|protosynthesisspe\n|turn|3\n|\n|t:|1746081458\n|move|p2b: Walking Wake|Flamethrower|p1b: Ditto\n|-supereffective|p1b: Ditto\n|-damage|p1b: Ditto|55/100\n|move|p1b: Ditto|Body Press|p2b: Walking Wake\n|-damage|p2b: Walking Wake|0 fnt\n|faint|p2b: Walking Wake\n|-end|p2b: Walking Wake|Protosynthesis|[silent]\n|move|p1a: Calyrex|Astral Barrage|p2a: Zamazenta\n|-damage|p2a: Zamazenta|52/100\n|move|p2a: Zamazenta|Behemoth Bash|p1a: Calyrex\n|-crit|p1a: Calyrex\n|-damage|p1a: Calyrex|40/100\n|\n|-heal|p1b: Ditto|61/100|[from] Grassy Terrain\n|-heal|p1a: Calyrex|46/100|[from] Grassy Terrain\n|-heal|p2a: Zamazenta|58/100|[from] Grassy Terrain\n|upkeep\n|\n|t:|1746081473\n|switch|p2b: Terapagos|Terapagos, L50, M|100/100\n|-activate|p2b: Terapagos|ability: Tera Shift\n|detailschange|p2b: Terapagos|Terapagos-Terastal, L50, M\n|-heal|p2b: Terapagos|100/100|[silent]\n|turn|4\n|\n|t:|1746081486\n|-terastallize|p2a: Zamazenta|Dragon\n|move|p2b: Terapagos|Protect|p2b: Terapagos\n|-singleturn|p2b: Terapagos|Protect\n|move|p1b: Ditto|Body Press|p2a: Zamazenta\n|-damage|p2a: Zamazenta|18/100\n|move|p1a: Calyrex|Astral Barrage|p2a: Zamazenta|[spread] p2a\n|-activate|p2b: Terapagos|move: Protect\n|-damage|p2a: Zamazenta|0 fnt\n|faint|p2a: Zamazenta\n|-ability|p1a: Calyrex|Grim Neigh|boost\n|-boost|p1a: Calyrex|spa|1\n|\n|-heal|p1b: Ditto|67/100|[from] Grassy Terrain\n|-heal|p1a: Calyrex|52/100|[from] Grassy Terrain\n|upkeep\n|turn|5\n|-message|Silent Whisp forfeited.\n|\n|win|Eddy style\n|l|\u2606Silent Whisp\n|player|p2|\n||Silent Whisp is ready for game 2.\n|inactive|Eddy style has 30 seconds to confirm battle start!\n||Eddy style is ready for game 2.\n|uhtml|next|Next: <a href=\"/battle-gen9vgc2025regibo3-2354495070\"><strong>Game 2 of 3</strong></a>\n", "uploadtime": 1746081771, "views": 23, "formatid": "gen9vgc2025regibo3", "rating": null, "private": 0, "password": null}