{"id": "gen9vgc2025regibo3-2355001356", "format": "[Gen 9] VGC 2025 Reg I (Bo3)", "players": ["jello1231", "AUBrigade"], "log": "|j|\u2606jello1231\n|j|\u2606AUBrigade\n|html|<table width=\"100%\"><tr><td align=\"left\">jello1231</td><td align=\"right\">AUBrigade</tr><tr><td align=\"left\"><i class=\"fa fa-circle-o\"></i> <i class=\"fa fa-circle-o\"></i> </td><td align=\"right\"><i class=\"fa fa-circle-o\"></i> <i class=\"fa fa-circle-o\"></i> </tr></table>\n|uhtml|bestof|<h2><strong>Game 1</strong> of <a href=\"/game-bestof3-gen9vgc2025regibo3-2355001355\">a best-of-3</a></h2>\n|t:|1746140629\n|gametype|doubles\n|player|p1|jello1231|#dplxspindas|1127\n|player|p2|AUBrigade|morty|1238\n|teamsize|p1|6\n|teamsize|p2|6\n|gen|9\n|tier|[Gen 9] VGC 2025 Reg I (Bo3)\n|rated|\n|rule|Species Clause: Limit one of each Pok\u00e9mon\n|rule|Item Clause: Limit 1 of each item\n|clearpoke\n|poke|p1|Groudon, L50|\n|poke|p1|Miraidon, L50|\n|poke|p1|Chi-Yu, L50|\n|poke|p1|Flutter Mane, L50|\n|poke|p1|Ogerpon-Cornerstone, L50, F|\n|poke|p1|Iron Hands, L50|\n|poke|p2|Miraidon, L50|\n|poke|p2|Ho-Oh, L50|\n|poke|p2|Farigiraf, L50, M|\n|poke|p2|Iron Hands, L50|\n|poke|p2|Iron Valiant, L50|\n|poke|p2|Kingambit, L50, F|\n|teampreview|4\n|showteam|p1|Groudon||LifeOrb|Drought|PrecipiceBlades,HeatCrash,Overheat,Protect||||||50|,,,,,Fire]Miraidon||ChoiceSpecs|HadronEngine|ElectroDrift,DracoMeteor,VoltSwitch,DazzlingGleam||||||50|,,,,,Fairy]Chi-Yu||ChoiceScarf|BeadsofRuin|HeatWave,DarkPulse,Overheat,Snarl||||||50|,,,,,Water]Flutter Mane||FocusSash|Protosynthesis|Moonblast,DazzlingGleam,IcyWind,Protect||||||50|,,,,,Fairy]Ogerpon-Cornerstone||CornerstoneMask|Sturdy|IvyCudgel,PowerWhip,FollowMe,SpikyShield|||F|||50|,,,,,Rock]Iron Hands||AssaultVest|QuarkDrive|DrainPunch,LowKick,WildCharge,FakeOut||||||50|,,,,,Bug\n|showteam|p2|Miraidon||ChoiceSpecs|HadronEngine|VoltSwitch,ElectroDrift,DracoMeteor,DazzlingGleam||||||50|,,,,,Fairy]Ho-Oh||ClearAmulet|Regenerator|SacredFire,BraveBird,Tailwind,Protect||||||50|,,,,,Grass]Farigiraf||ElectricSeed|ArmorTail|Protect,PsychicNoise,TrickRoom,HelpingHand|||M|||50|,,,,,Water]Iron Hands||AssaultVest|QuarkDrive|LowKick,WildCharge,FakeOut,DrainPunch||||||50|,,,,,Bug]Iron Valiant||FocusSash|QuarkDrive|WideGuard,Coaching,SpiritBreak,ThunderWave||||||50|,,,,,Ghost]Kingambit||BlackGlasses|Defiant|KowtowCleave,IronHead,SuckerPunch,Protect|||F|||50|,,,,,Fairy\n|\n|t:|1746140686\n|start\n|switch|p1a: Flutter Mane|Flutter Mane, L50|100/100\n|switch|p1b: Groudon|Groudon, L50|100/100\n|switch|p2a: Iron Valiant|Iron Valiant, L50|100/100\n|switch|p2b: Miraidon|Miraidon, L50|100/100\n|-fieldstart|move: Electric Terrain|[from] ability: Hadron Engine|[of] p2b: Miraidon\n|-activate|p2a: Iron Valiant|ability: Quark Drive\n|-start|p2a: Iron Valiant|quarkdrivespe\n|-weather|SunnyDay|[from] ability: Drought|[of] p1b: Groudon\n|-activate|p1a: Flutter Mane|ability: Protosynthesis\n|-start|p1a: Flutter Mane|protosynthesisspe\n|turn|1\n|inactive|Battle timer is ON: inactive players will automatically lose when time's up. (requested by AUBrigade)\n|\n|t:|1746140756\n|switch|p1b: Miraidon|Miraidon, L50|100/100\n|-activate|p1b: Miraidon|ability: Hadron Engine\n|move|p2a: Iron Valiant|Wide Guard|p2a: Iron Valiant\n|-singleturn|p2a: Iron Valiant|Wide Guard\n|move|p1a: Flutter Mane|Icy Wind|p2a: Iron Valiant|[spread] \n|-activate|p2a: Iron Valiant|move: Wide Guard\n|-activate|p2b: Miraidon|move: Wide Guard\n|move|p2b: Miraidon|Draco Meteor|p1b: Miraidon|[miss]\n|-miss|p2b: Miraidon|p1b: Miraidon\n|\n|-weather|SunnyDay|[upkeep]\n|upkeep\n|turn|2\n|inactive|jello1231 has 30 seconds left.\n|inactive|AUBrigade has 30 seconds left.\n|inactive|jello1231 has 20 seconds left.\n|inactive|jello1231 has 15 seconds left.\n|inactive|jello1231 has 10 seconds left.\n|inactive|jello1231 has 5 seconds left.\n|\n|t:|1746140807\n|switch|p2b: Farigiraf|Farigiraf, L50, M|100/100\n|-enditem|p2b: Farigiraf|Electric Seed\n|-boost|p2b: Farigiraf|def|1|[from] item: Electric Seed\n|move|p1a: Flutter Mane|Moonblast|p2b: Farigiraf\n|-damage|p2b: Farigiraf|56/100\n|-unboost|p2b: Farigiraf|spa|1\n|move|p2a: Iron Valiant|Thunder Wave|p1a: Flutter Mane\n|-status|p1a: Flutter Mane|par\n|move|p1b: Miraidon|Volt Switch|p2a: Iron Valiant\n|-enditem|p2a: Iron Valiant|Focus Sash\n|-damage|p2a: Iron Valiant|1/100\n|\n|t:|1746140820\n|switch|p1b: Groudon|Groudon, L50|100/100|[from] Volt Switch\n|\n|-weather|SunnyDay|[upkeep]\n|upkeep\n|turn|3\n|\n|t:|1746140841\n|move|p2a: Iron Valiant|Coaching|p2b: Farigiraf\n|-boost|p2b: Farigiraf|atk|1\n|-boost|p2b: Farigiraf|def|1\n|move|p1a: Flutter Mane|Moonblast|p2a: Iron Valiant\n|-supereffective|p2a: Iron Valiant\n|-damage|p2a: Iron Valiant|0 fnt\n|faint|p2a: Iron Valiant\n|-end|p2a: Iron Valiant|Quark Drive|[silent]\n|move|p1b: Groudon|Heat Crash|p2b: Farigiraf\n|-damage|p2b: Farigiraf|16/100\n|-damage|p1b: Groudon|91/100|[from] item: Life Orb\n|move|p2b: Farigiraf|Trick Room|p2b: Farigiraf\n|-fieldstart|move: Trick Room|[of] p2b: Farigiraf\n|\n|-weather|SunnyDay|[upkeep]\n|upkeep\n|\n|t:|1746140852\n|switch|p2a: Iron Hands|Iron Hands, L50|100/100\n|-activate|p2a: Iron Hands|ability: Quark Drive\n|-start|p2a: Iron Hands|quarkdriveatk\n|turn|4\n|inactive|AUBrigade has 30 seconds left.\n|\n|t:|1746140879\n|-terastallize|p2a: Iron Hands|Bug\n|move|p1b: Groudon|Protect|p1b: Groudon\n|-singleturn|p1b: Groudon|Protect\n|move|p2a: Iron Hands|Low Kick|p1b: Groudon\n|-activate|p1b: Groudon|move: Protect\n|move|p2b: Farigiraf|Psychic Noise|p1a: Flutter Mane\n|-damage|p1a: Flutter Mane|81/100 par\n|-start|p1a: Flutter Mane|move: Heal Block\n|move|p1a: Flutter Mane|Dazzling Gleam|p2a: Iron Hands|[spread] p2a,p2b\n|-damage|p2a: Iron Hands|83/100\n|-damage|p2b: Farigiraf|0 fnt\n|faint|p2b: Farigiraf\n|\n|-weather|SunnyDay|[upkeep]\n|upkeep\n|\n|t:|1746140893\n|switch|p2b: Miraidon|Miraidon, L50|100/100\n|-activate|p2b: Miraidon|ability: Hadron Engine\n|turn|5\n|\n|t:|1746140908\n|move|p2a: Iron Hands|Low Kick|p1b: Groudon\n|-damage|p1b: Groudon|15/100\n|move|p1b: Groudon|Precipice Blades|p2b: Miraidon|[spread] p2a,p2b\n|-resisted|p2a: Iron Hands\n|-supereffective|p2b: Miraidon\n|-damage|p2a: Iron Hands|58/100\n|-damage|p2b: Miraidon|0 fnt\n|faint|p2b: Miraidon\n|-damage|p1b: Groudon|6/100|[from] item: Life Orb\n|cant|p1a: Flutter Mane|par\n|\n|-weather|none\n|-end|p1a: Flutter Mane|Protosynthesis\n|-end|p1a: Flutter Mane|move: Heal Block\n|-fieldend|move: Electric Terrain\n|-end|p2a: Iron Hands|Quark Drive\n|upkeep\n|turn|6\n|-message|AUBrigade forfeited.\n|\n|win|jello1231\n|l|\u2606AUBrigade\n|player|p2|\n||AUBrigade is ready for game 2.\n||jello1231 is ready for game 2.\n|uhtml|next|Next: <a href=\"/battle-gen9vgc2025regibo3-2355003789\"><strong>Game 2 of 3</strong></a>\n", "uploadtime": 1746141192, "views": 3, "formatid": "gen9vgc2025regibo3", "rating": null, "private": 0, "password": null}