{"id": "gen9vgc2025regibo3-2354958542", "format": "[Gen 9] VGC 2025 Reg I (Bo3)", "players": ["ivaryzz", "latios66"], "log": "|j|\u2606ivaryzz\n|j|\u2606latios66\n|html|<table width=\"100%\"><tr><td align=\"left\">ivaryzz</td><td align=\"right\">latios66</tr><tr><td align=\"left\"><i class=\"fa fa-circle-o\"></i> <i class=\"fa fa-circle-o\"></i> </td><td align=\"right\"><i class=\"fa fa-circle-o\"></i> <i class=\"fa fa-circle-o\"></i> </tr></table>\n|uhtml|bestof|<h2><strong>Game 1</strong> of <a href=\"/game-bestof3-gen9vgc2025regibo3-2354958541\">a best-of-3</a></h2>\n|t:|1746135795\n|gametype|doubles\n|player|p1|ivaryzz|iris-gen5bw2|1082\n|player|p2|latios66|266|1173\n|teamsize|p1|6\n|teamsize|p2|6\n|gen|9\n|tier|[Gen 9] VGC 2025 Reg I (Bo3)\n|rated|\n|rule|Species Clause: Limit one of each Pok\u00e9mon\n|rule|Item Clause: Limit 1 of each item\n|clearpoke\n|poke|p1|Calyrex-Shadow, L50|\n|poke|p1|Incineroar, L50, F|\n|poke|p1|Rillaboom, L50, M|\n|poke|p1|Terapagos, L50, M|\n|poke|p1|Urshifu-*, L50, M|\n|poke|p1|Ogerpon-Cornerstone, L50, F|\n|poke|p2|Miraidon, L50|\n|poke|p2|Sneasler, L50, M|\n|poke|p2|Dondozo, L50, F|\n|poke|p2|Tatsugiri-Droopy, L50, F|\n|poke|p2|Dragonite, L50, F|\n|poke|p2|Calyrex-Shadow, L50|\n|teampreview|4\n|showteam|p1|Calyrex-Shadow||FocusSash|AsOneSpectrier|AstralBarrage,WillOWisp,Encore,Protect||||||50|,,,,,Ghost]Incineroar||SafetyGoggles|Intimidate|FakeOut,KnockOff,PartingShot,WillOWisp|||F|||50|,,,,,Bug]Rillaboom||AssaultVest|GrassySurge|FakeOut,WoodHammer,GrassyGlide,Uturn|||M|||50|,,,,,Fire]Terapagos||Leftovers|TeraShift|TeraStarstorm,EarthPower,CalmMind,Protect|||M|||50|,,,,,Stellar]Urshifu-Rapid-Strike||ChoiceScarf|UnseenFist|SurgingStrikes,CloseCombat,AquaJet,Uturn|||M|||50|,,,,,Water]Ogerpon-Cornerstone||CornerstoneMask|Sturdy|IvyCudgel,PowerWhip,FollowMe,SpikyShield|||F|||50|,,,,,Rock\n|showteam|p2|Miraidon||ChoiceScarf|HadronEngine|VoltSwitch,ElectroDrift,DazzlingGleam,DracoMeteor||||||50|,,,,,Fairy]Sneasler||ElectricSeed|Unburden|AcidSpray,DireClaw,CloseCombat,FakeOut|||M|||50|,,,,,Poison]Dondozo||Leftovers|Unaware|Earthquake,BodyPress,OrderUp,Protect|||F|||50|,,,,,Grass]Tatsugiri-Droopy||FocusSash|Commander|MuddyWater,Protect,HelpingHand,DracoMeteor|||F|||50|,,,,,Normal]Dragonite||ChoiceBand|InnerFocus|ExtremeSpeed,IronHead,Outrage,AerialAce|||F|||50|,,,,,Normal]Calyrex-Shadow||LifeOrb|AsOneSpectrier|PollenPuff,Psychic,AstralBarrage,Protect||||||50|,,,,,Dark\n|\n|t:|1746135829\n|start\n|switch|p1a: Calyrex|Calyrex-Shadow, L50|100/100\n|switch|p1b: Terapagos|Terapagos, L50, M|100/100\n|switch|p2a: Miraidon|Miraidon, L50|100/100\n|switch|p2b: Sneasler|Sneasler, L50, M|100/100\n|-activate|p1b: Terapagos|ability: Tera Shift\n|detailschange|p1b: Terapagos|Terapagos-Terastal, L50, M\n|-heal|p1b: Terapagos|100/100|[silent]\n|-ability|p1a: Calyrex|As One\n|-ability|p1a: Calyrex|Unnerve\n|-fieldstart|move: Electric Terrain|[from] ability: Hadron Engine|[of] p2a: Miraidon\n|-enditem|p2b: Sneasler|Electric Seed\n|-boost|p2b: Sneasler|def|1|[from] item: Electric Seed\n|turn|1\n|\n|t:|1746135873\n|-terastallize|p2a: Miraidon|Fairy\n|move|p1b: Terapagos|Protect|p1b: Terapagos\n|-singleturn|p1b: Terapagos|Protect\n|move|p2b: Sneasler|Acid Spray|p1a: Calyrex\n|-resisted|p1a: Calyrex\n|-damage|p1a: Calyrex|97/100\n|-unboost|p1a: Calyrex|spd|2\n|move|p2a: Miraidon|Dazzling Gleam|p1b: Terapagos|[spread] p1a\n|-activate|p1b: Terapagos|move: Protect\n|-damage|p1a: Calyrex|5/100\n|move|p1a: Calyrex|Astral Barrage|p2b: Sneasler|[spread] p2a,p2b\n|-damage|p2a: Miraidon|48/100\n|-damage|p2b: Sneasler|19/100\n|\n|upkeep\n|turn|2\n|\n|t:|1746135917\n|-terastallize|p1b: Terapagos|Stellar\n|detailschange|p1b: Terapagos|Terapagos-Stellar, L50, M, tera:Stellar\n|-heal|p1b: Terapagos|100/100|[silent]\n|-ability|p1b: Terapagos|Teraform Zero\n|-fieldend|move: Electric Terrain\n|move|p2b: Sneasler|Acid Spray|p1b: Terapagos\n|-damage|p1b: Terapagos|96/100\n|-unboost|p1b: Terapagos|spd|2\n|move|p2a: Miraidon|Dazzling Gleam|p1b: Terapagos|[spread] p1a,p1b\n|-damage|p1a: Calyrex|0 fnt\n|-damage|p1b: Terapagos|53/100\n|faint|p1a: Calyrex\n|move|p1b: Terapagos|Tera Starstorm|p2b: Sneasler|[spread] p2a,p2b\n|-supereffective|p2a: Miraidon\n|-damage|p2a: Miraidon|0 fnt\n|-damage|p2b: Sneasler|0 fnt\n|faint|p2a: Miraidon\n|faint|p2b: Sneasler\n|\n|-heal|p1b: Terapagos|60/100|[from] item: Leftovers\n|upkeep\n|\n|t:|1746135935\n|switch|p1a: Rillaboom|Rillaboom, L50, M|100/100\n|switch|p2b: Dragonite|Dragonite, L50, F|100/100\n|switch|p2a: Calyrex|Calyrex-Shadow, L50|100/100\n|-ability|p2a: Calyrex|As One\n|-ability|p2a: Calyrex|Unnerve\n|-fieldstart|move: Grassy Terrain|[from] ability: Grassy Surge|[of] p1a: Rillaboom\n|turn|3\n|\n|t:|1746135965\n|switch|p1b: Urshifu|Urshifu-Rapid-Strike, L50, M|100/100\n|move|p1a: Rillaboom|Fake Out|p2b: Dragonite\n|-damage|p2b: Dragonite|87/100\n|move|p2a: Calyrex|Pollen Puff|p1a: Rillaboom\n|-supereffective|p1a: Rillaboom\n|-damage|p1a: Rillaboom|25/100\n|-damage|p2a: Calyrex|91/100|[from] item: Life Orb\n|move|p2b: Dragonite|Outrage|p1a: Rillaboom\n|-damage|p1a: Rillaboom|0 fnt\n|faint|p1a: Rillaboom\n|\n|-heal|p2a: Calyrex|96/100|[from] Grassy Terrain\n|upkeep\n|\n|t:|1746135978\n|switch|p1a: Terapagos|Terapagos-Stellar, L50, M, tera:Stellar|60/100\n|turn|4\n|\n|t:|1746135994\n|move|p1b: Urshifu|Surging Strikes|p2a: Calyrex\n|-crit|p2a: Calyrex\n|-damage|p2a: Calyrex|69/100\n|-crit|p2a: Calyrex\n|-damage|p2a: Calyrex|39/100\n|-crit|p2a: Calyrex\n|-damage|p2a: Calyrex|11/100\n|-hitcount|p2a: Calyrex|3\n|move|p2a: Calyrex|Astral Barrage|p1a: Terapagos|[spread] p1b\n|-immune|p1a: Terapagos\n|-damage|p1b: Urshifu|0 fnt\n|faint|p1b: Urshifu\n|-ability|p2a: Calyrex|Grim Neigh|boost\n|-boost|p2a: Calyrex|spa|1\n|-damage|p2a: Calyrex|2/100|[from] item: Life Orb\n|move|p1a: Terapagos|Tera Starstorm|p2a: Calyrex|[spread] p2a,p2b\n|-damage|p2a: Calyrex|0 fnt\n|-damage|p2b: Dragonite|57/100\n|faint|p2a: Calyrex\n|move|p2b: Dragonite|Outrage|p1a: Terapagos|[from] lockedmove\n|-damage|p1a: Terapagos|9/100\n|-start|p2b: Dragonite|confusion|[fatigue]\n|\n|-heal|p1a: Terapagos|16/100|[from] Grassy Terrain\n|-heal|p1a: Terapagos|22/100|[from] item: Leftovers\n|upkeep\n|turn|5\n|\n|t:|1746136029\n|move|p1a: Terapagos|Tera Starstorm|p2b: Dragonite\n|-crit|p2b: Dragonite\n|-damage|p2b: Dragonite|0 fnt\n|faint|p2b: Dragonite\n|\n|win|ivaryzz\n||ivaryzz is ready for game 2.\n|inactive|latios66 has 30 seconds to confirm battle start!\n", "uploadtime": 1746136045, "views": 7, "formatid": "gen9vgc2025regibo3", "rating": null, "private": 0, "password": null}