{"id": "gen9vgc2025regibo3-2353660208", "format": "[Gen 9] VGC 2025 Reg I (Bo3)", "players": ["DonkinD1no", "nonaic2025"], "log": "|j|\u2606DonkinD1no\n|j|\u2606nonaic2025\n|html|<table width=\"100%\"><tr><td align=\"left\">DonkinD1no</td><td align=\"right\">nonaic2025</tr><tr><td align=\"left\"><i class=\"fa fa-circle-o\"></i> <i class=\"fa fa-circle-o\"></i> </td><td align=\"right\"><i class=\"fa fa-circle-o\"></i> <i class=\"fa fa-circle\"></i> </tr></table>\n|uhtml|bestof|<h2><strong>Game 2</strong> of <a href=\"/game-bestof3-gen9vgc2025regibo3-2353658965\">a best-of-3</a></h2>\n|t:|1745980240\n|gametype|doubles\n|player|p1|DonkinD1no|265|1236\n|player|p2|nonaic2025|2|1323\n|teamsize|p1|6\n|teamsize|p2|6\n|gen|9\n|tier|[Gen 9] VGC 2025 Reg I (Bo3)\n|rated|\n|rule|Species Clause: Limit one of each Pok\u00e9mon\n|rule|Item Clause: Limit 1 of each item\n|clearpoke\n|poke|p1|Zacian-*, L50|\n|poke|p1|Kyogre, L50|\n|poke|p1|Rillaboom, L50, F|\n|poke|p1|Urshifu-*, L50, M|\n|poke|p1|Ditto, L50|\n|poke|p1|Tornadus, L50, M|\n|poke|p2|Calyrex-Ice, L50|\n|poke|p2|Indeedee-F, L50, F|\n|poke|p2|Urshifu-*, L50, F|\n|poke|p2|Smeargle, L50, F|\n|poke|p2|Alcremie, L50, F|\n|poke|p2|Kyogre, L50|\n|teampreview|4\n|showteam|p1|Zacian-Crowned||RustedSword|IntrepidSword|Protect,PlayRough,behemothblade,SacredSword||||||50|,,,,,Dragon]Kyogre||Leftovers|Drizzle|Protect,CalmMind,OriginPulse,IceBeam||||||50|,,,,,Grass]Rillaboom||AssaultVest|GrassySurge|FakeOut,Uturn,WoodHammer,GrassyGlide|||F|||50|,,,,,Fire]Urshifu-Rapid-Strike||ChoiceScarf|UnseenFist|SurgingStrikes,Coaching,CloseCombat,Uturn|||M|||50|,,,,,Ghost]Ditto||FocusSash|Imposter|Transform||||||50|,,,,,Normal]Tornadus||RockyHelmet|Prankster|Tailwind,BleakwindStorm,RainDance,Protect|||M|||50|,,,,,Dark\n|showteam|p2|Calyrex-Ice||ClearAmulet|AsOneGlastrier|GlacialLance,HighHorsepower,TrickRoom,Protect||||||50|,,,,,Normal]Indeedee-F||RockyHelmet|PsychicSurge|FollowMe,TrickRoom,HealPulse,Psychic|||F|||50|,,,,,Grass]Urshifu||ChoiceBand|UnseenFist|WickedBlow,CloseCombat,SuckerPunch,PoisonJab|||F|||50|,,,,,Poison]Smeargle||FocusSash|Moody|FakeOut,FollowMe,Decorate,Spore|||F|||50|,,,,,Ghost]Alcremie||SafetyGoggles|SweetVeil|Decorate,DazzlingGleam,Charm,Encore|||F|||50|,,,,,Ghost]Kyogre||IronBall|Drizzle|WaterSpout,OriginPulse,HydroPump,Thunder||||||50|,,,,,Water\n|\n|t:|1745980254\n|start\n|switch|p1a: Urshifu|Urshifu-Rapid-Strike, L50, M|100/100\n|switch|p1b: Ditto|Ditto, L50|100/100\n|switch|p2a: RideOrDie|Calyrex-Ice, L50|100/100\n|switch|p2b: WhyDoIExist|Indeedee-F, L50, F|100/100\n|-ability|p2a: RideOrDie|As One\n|-ability|p2a: RideOrDie|Unnerve\n|-fieldstart|move: Psychic Terrain|[from] ability: Psychic Surge|[of] p2b: WhyDoIExist\n|-transform|p1b: Ditto|p2a: RideOrDie|[from] ability: Imposter\n|-ability|p1b: Ditto|As One\n|-ability|p1b: Ditto|Unnerve\n|turn|1\n|inactive|Battle timer is ON: inactive players will automatically lose when time's up. (requested by nonaic2025)\n|\n|t:|1745980276\n|move|p1a: Urshifu|Coaching|p1b: Ditto\n|-boost|p1b: Ditto|atk|1\n|-boost|p1b: Ditto|def|1\n|move|p2b: WhyDoIExist|Psychic|p1b: Ditto\n|-resisted|p1b: Ditto\n|-damage|p1b: Ditto|84/100\n|move|p1b: Ditto|Glacial Lance|p2b: WhyDoIExist|[spread] p2a,p2b\n|-resisted|p2a: RideOrDie\n|-damage|p2a: RideOrDie|72/100\n|-damage|p2b: WhyDoIExist|19/100\n|move|p2a: RideOrDie|Trick Room|p2a: RideOrDie\n|-fieldstart|move: Trick Room|[of] p2a: RideOrDie\n|\n|upkeep\n|turn|2\n|\n|t:|1745980294\n|switch|p1a: Darius|Zacian-Crowned, L50|100/100\n|-ability|p1a: Darius|Intrepid Sword|boost\n|-boost|p1a: Darius|atk|1\n|move|p1b: Ditto|Glacial Lance|p2a: RideOrDie|[spread] p2a,p2b\n|-resisted|p2a: RideOrDie\n|-damage|p2a: RideOrDie|45/100\n|-damage|p2b: WhyDoIExist|0 fnt\n|faint|p2b: WhyDoIExist\n|-ability|p1b: Ditto|Chilling Neigh|boost\n|-boost|p1b: Ditto|atk|1\n|move|p2a: RideOrDie|Glacial Lance|p1a: Darius|[spread] p1a,p1b\n|-resisted|p1a: Darius\n|-resisted|p1b: Ditto\n|-damage|p1a: Darius|79/100\n|-damage|p1b: Ditto|68/100\n|\n|upkeep\n|\n|t:|1745980299\n|switch|p2b: TheFlood|Kyogre, L50|100/100\n|-weather|RainDance|[from] ability: Drizzle|[of] p2b: TheFlood\n|turn|3\n|\n|t:|1745980319\n|-terastallize|p2b: TheFlood|Water\n|move|p1b: Ditto|Protect|p1b: Ditto\n|-singleturn|p1b: Ditto|Protect\n|move|p1a: Darius|Protect|p1a: Darius\n|-singleturn|p1a: Darius|Protect\n|move|p2b: TheFlood|Water Spout|p1a: Darius|[spread] \n|-activate|p1a: Darius|move: Protect\n|-activate|p1b: Ditto|move: Protect\n|move|p2a: RideOrDie|Glacial Lance|p1b: Ditto|[spread] \n|-activate|p1a: Darius|move: Protect\n|-activate|p1b: Ditto|move: Protect\n|\n|-weather|RainDance|[upkeep]\n|upkeep\n|turn|4\n|\n|t:|1745980334\n|move|p2b: TheFlood|Water Spout|p1a: Darius|[spread] p1a,p1b\n|-crit|p1b: Ditto\n|-damage|p1a: Darius|0 fnt\n|-damage|p1b: Ditto|0 fnt\n|faint|p1a: Darius\n|faint|p1b: Ditto\n|move|p2a: RideOrDie|Glacial Lance|p1: Darius|[notarget]\n|-fail|p2a: RideOrDie\n|\n|-weather|RainDance|[upkeep]\n|upkeep\n|\n|t:|1745980338\n|switch|p1b: Urshifu|Urshifu-Rapid-Strike, L50, M|100/100\n|switch|p1a: Kyogre|Kyogre, L50|100/100\n|turn|5\n|\n|t:|1745980357\n|move|p2b: TheFlood|Water Spout|p1a: Kyogre|[spread] p1a,p1b\n|-resisted|p1a: Kyogre\n|-resisted|p1b: Urshifu\n|-damage|p1a: Kyogre|52/100\n|-damage|p1b: Urshifu|0 fnt\n|faint|p1b: Urshifu\n|move|p2a: RideOrDie|Glacial Lance|p1a: Kyogre\n|-resisted|p1a: Kyogre\n|-damage|p1a: Kyogre|23/100\n|move|p1a: Kyogre|Origin Pulse|p2b: TheFlood|[spread] p2a,p2b\n|-resisted|p2b: TheFlood\n|-damage|p2a: RideOrDie|3/100\n|-damage|p2b: TheFlood|80/100\n|\n|-weather|RainDance|[upkeep]\n|-heal|p1a: Kyogre|29/100|[from] item: Leftovers\n|-fieldend|move: Trick Room\n|-fieldend|move: Psychic Terrain\n|upkeep\n|turn|6\n|\n|t:|1745980367\n|-terastallize|p1a: Kyogre|Grass\n|move|p2a: RideOrDie|Protect|p2a: RideOrDie\n|-singleturn|p2a: RideOrDie|Protect\n|move|p1a: Kyogre|Origin Pulse|p2a: RideOrDie|[spread] p2b\n|-activate|p2a: RideOrDie|move: Protect\n|-resisted|p2b: TheFlood\n|-crit|p2b: TheFlood\n|-damage|p2b: TheFlood|48/100\n|move|p2b: TheFlood|Thunder|p1a: Kyogre\n|-resisted|p1a: Kyogre\n|-damage|p1a: Kyogre|14/100\n|\n|-weather|RainDance|[upkeep]\n|-heal|p1a: Kyogre|20/100|[from] item: Leftovers\n|upkeep\n|turn|7\n|\n|t:|1745980385\n|switch|p2a: TheSolution|Smeargle, L50, F|100/100\n|move|p1a: Kyogre|Origin Pulse|p2a: TheSolution|[spread] p2a,p2b\n|-resisted|p2b: TheFlood\n|-enditem|p2a: TheSolution|Focus Sash\n|-damage|p2a: TheSolution|1/100\n|-damage|p2b: TheFlood|24/100\n|move|p2b: TheFlood|Origin Pulse|p1a: Kyogre\n|-resisted|p1a: Kyogre\n|-damage|p1a: Kyogre|0 fnt\n|faint|p1a: Kyogre\n|\n|win|nonaic2025\n|raw|DonkinD1no's rating: 1236 &rarr; <strong>1217</strong><br />(-19 for losing)\n|raw|nonaic2025's rating: 1323 &rarr; <strong>1338</strong><br />(+15 for winning)\n|l|\u2606DonkinD1no\n|player|p1|\n|l|\u2606nonaic2025\n|player|p2|\n", "uploadtime": 1745980647, "views": 6, "formatid": "gen9vgc2025regibo3", "rating": 1217, "private": 0, "password": null}