{"id": "gen9vgc2025regibo3-2354918182", "format": "[Gen 9] VGC 2025 Reg I (Bo3)", "players": ["Schmixed_007", "pokeplaygg"], "log": "|j|\u2606Schmixed_007\n|j|\u2606pokeplaygg\n|html|<table width=\"100%\"><tr><td align=\"left\">Schmixed_007</td><td align=\"right\">pokeplaygg</tr><tr><td align=\"left\"><i class=\"fa fa-circle\"></i> <i class=\"fa fa-circle-o\"></i> </td><td align=\"right\"><i class=\"fa fa-circle-o\"></i> <i class=\"fa fa-circle-o\"></i> </tr></table>\n|uhtml|bestof|<h2><strong>Game 2</strong> of <a href=\"/game-bestof3-gen9vgc2025regibo3-2354915093\">a best-of-3</a></h2>\n|t:|1746131629\n|gametype|doubles\n|player|p1|Schmixed_007|265|1249\n|player|p2|pokeplaygg|102|1335\n|teamsize|p1|6\n|teamsize|p2|6\n|gen|9\n|tier|[Gen 9] VGC 2025 Reg I (Bo3)\n|rated|\n|rule|Species Clause: Limit one of each Pok\u00e9mon\n|rule|Item Clause: Limit 1 of each item\n|clearpoke\n|poke|p1|Incineroar, L50, M|\n|poke|p1|Miraidon, L50|\n|poke|p1|Calyrex-Ice, L50|\n|poke|p1|Iron Treads, L50|\n|poke|p1|Ogerpon-Cornerstone, L50, F|\n|poke|p1|Grimmsnarl, L50, M|\n|poke|p2|Amoonguss, L50, F|\n|poke|p2|Calyrex-Ice, L50|\n|poke|p2|Rillaboom, L50, F|\n|poke|p2|Incineroar, L50, F|\n|poke|p2|Kyogre, L50|\n|poke|p2|Archaludon, L50, M|\n|teampreview|4\n|showteam|p1|Incineroar||RockyHelmet|Intimidate|FakeOut,WillOWisp,Uturn,KnockOff|||M|||50|,,,,,Bug]Miraidon||ChoiceSpecs|HadronEngine|ElectroDrift,VoltSwitch,DazzlingGleam,DracoMeteor||||||50|,,,,,Fairy]Calyrex-Ice||ClearAmulet|AsOneGlastrier|GlacialLance,HighHorsepower,Protect,TrickRoom||||||50|,,,,,Fire]Iron Treads||ChoiceBand|QuarkDrive|SteelRoller,HighHorsepower,IronHead,RockSlide||||||50|,,,,,Ghost]Ogerpon-Cornerstone||CornerstoneMask|Sturdy|IvyCudgel,PowerWhip,SpikyShield,FollowMe|||F|||50|,,,,,Rock]Grimmsnarl||CovertCloak|Prankster|ThunderWave,LightScreen,Reflect,FoulPlay|||M|||50|,,,,,Steel\n|showteam|p2|Amoonguss||RockyHelmet|Regenerator|PollenPuff,Spore,ClearSmog,RagePowder|||F|||50|,,,,,Water]Calyrex-Ice||ClearAmulet|AsOneGlastrier|Protect,TrickRoom,GlacialLance,HighHorsepower||||||50|,,,,,Grass]Rillaboom||AssaultVest|GrassySurge|FakeOut,Uturn,GrassyGlide,WoodHammer|||F|||50|,,,,,Fire]Incineroar||SitrusBerry|Intimidate|FlareBlitz,FakeOut,WillOWisp,KnockOff|||F|||50|,,,,,Ghost]Kyogre||LifeOrb|Drizzle|OriginPulse,Protect,Thunder,IceBeam||||||50|,,,,,Grass]Archaludon||Leftovers|Stamina|DracoMeteor,BodyPress,ElectroShot,Snarl|||M|||50|,,,,,Fairy\n|inactive|Battle timer is ON: inactive players will automatically lose when time's up. (requested by pokeplaygg)\n|\n|t:|1746131650\n|start\n|switch|p1a: Miraidon|Miraidon, L50|100/100\n|switch|p1b: Incineroar|Incineroar, L50, M|100/100\n|switch|p2a: Calyrex|Calyrex-Ice, L50|100/100\n|switch|p2b: Rillaboom|Rillaboom, L50, F|100/100\n|-ability|p2a: Calyrex|As One\n|-ability|p2a: Calyrex|Unnerve\n|-fieldstart|move: Electric Terrain|[from] ability: Hadron Engine|[of] p1a: Miraidon\n|-fieldstart|move: Grassy Terrain|[from] ability: Grassy Surge|[of] p2b: Rillaboom\n|-ability|p1b: Incineroar|Intimidate|boost\n|-fail|p2a: Calyrex|unboost|[from] item: Clear Amulet|[of] p2a: Calyrex\n|-unboost|p2b: Rillaboom|atk|1\n|turn|1\n|inactive|pokeplaygg has 30 seconds left.\n|\n|t:|1746131675\n|move|p2a: Calyrex|Protect|p2a: Calyrex\n|-singleturn|p2a: Calyrex|Protect\n|move|p1b: Incineroar|Fake Out|p2a: Calyrex\n|-activate|p2a: Calyrex|move: Protect\n|move|p1a: Miraidon|Volt Switch|p2a: Calyrex\n|-activate|p2a: Calyrex|move: Protect\n|move|p2b: Rillaboom|U-turn|p1a: Miraidon\n|-damage|p1a: Miraidon|85/100\n|\n|t:|1746131684\n|switch|p2b: Incineroar|Incineroar, L50, F|100/100|[from] U-turn\n|-ability|p2b: Incineroar|Intimidate|boost\n|-unboost|p1a: Miraidon|atk|1\n|-unboost|p1b: Incineroar|atk|1\n|\n|-heal|p1a: Miraidon|91/100|[from] Grassy Terrain\n|upkeep\n|turn|2\n|\n|t:|1746131710\n|switch|p1a: Ogerpon|Ogerpon-Cornerstone, L50, F|100/100\n|switch|p2a: Kyogre|Kyogre, L50|100/100\n|-weather|RainDance|[from] ability: Drizzle|[of] p2a: Kyogre\n|move|p1b: Incineroar|Will-O-Wisp|p2a: Kyogre\n|-status|p2a: Kyogre|brn\n|move|p2b: Incineroar|Knock Off|p1a: Ogerpon\n|-damage|p1a: Ogerpon|55/100\n|\n|-weather|RainDance|[upkeep]\n|-heal|p1a: Ogerpon|61/100|[from] Grassy Terrain\n|-damage|p2a: Kyogre|95/100 brn|[from] brn\n|upkeep\n|turn|3\n|inactive|Schmixed_007 has 30 seconds left.\n|\n|t:|1746131740\n|switch|p2b: Rillaboom|Rillaboom, L50, F|100/100\n|-terastallize|p2a: Kyogre|Grass\n|-terastallize|p1b: Incineroar|Bug\n|move|p1a: Ogerpon|Ivy Cudgel|p2b: Rillaboom|[anim] Ivy Cudgel Rock\n|-damage|p2b: Rillaboom|40/100\n|move|p2a: Kyogre|Origin Pulse|p1a: Ogerpon|[spread] p1a,p1b\n|-damage|p1a: Ogerpon|0 fnt\n|-damage|p1b: Incineroar|21/100\n|faint|p1a: Ogerpon\n|-damage|p2a: Kyogre|85/100 brn|[from] item: Life Orb\n|move|p1b: Incineroar|U-turn|p2a: Kyogre\n|-supereffective|p2a: Kyogre\n|-crit|p2a: Kyogre\n|-damage|p2a: Kyogre|7/100 brn\n|\n|t:|1746131756\n|switch|p1b: Miraidon|Miraidon, L50|91/100|[from] U-turn\n|-fieldstart|move: Electric Terrain|[from] ability: Hadron Engine|[of] p1b: Miraidon\n|\n|-weather|RainDance|[upkeep]\n|-damage|p2a: Kyogre|1/100 brn|[from] brn\n|upkeep\n|\n|t:|1746131760\n|switch|p1a: Incineroar|Incineroar, L50, M, tera:Bug|21/100\n|-ability|p1a: Incineroar|Intimidate|boost\n|-unboost|p2a: Kyogre|atk|1\n|-unboost|p2b: Rillaboom|atk|1\n|turn|4\n|inactive|Schmixed_007 has 30 seconds left.\n|\n|t:|1746131786\n|switch|p2b: Incineroar|Incineroar, L50, F|100/100\n|-ability|p2b: Incineroar|Intimidate|boost\n|-unboost|p1a: Incineroar|atk|1\n|-unboost|p1b: Miraidon|atk|1\n|move|p1a: Incineroar|Fake Out|p2a: Kyogre\n|-damage|p2a: Kyogre|0 fnt\n|faint|p2a: Kyogre\n|move|p1b: Miraidon|Electro Drift|p2b: Incineroar\n|-damage|p2b: Incineroar|0 fnt\n|faint|p2b: Incineroar\n|\n|-weather|RainDance|[upkeep]\n|upkeep\n|\n|t:|1746131797\n|switch|p2a: Calyrex|Calyrex-Ice, L50|100/100\n|switch|p2b: Rillaboom|Rillaboom, L50, F|40/100\n|-ability|p2a: Calyrex|As One\n|-ability|p2a: Calyrex|Unnerve\n|-fieldstart|move: Grassy Terrain|[from] ability: Grassy Surge|[of] p2b: Rillaboom\n|turn|5\n|\n|t:|1746131816\n|switch|p1b: Calyrex|Calyrex-Ice, L50|100/100\n|-ability|p1b: Calyrex|As One\n|-ability|p1b: Calyrex|Unnerve\n|move|p2b: Rillaboom|Fake Out|p1b: Calyrex\n|-crit|p1b: Calyrex\n|-damage|p1b: Calyrex|86/100\n|move|p1a: Incineroar|Will-O-Wisp|p2a: Calyrex\n|-status|p2a: Calyrex|brn\n|move|p2a: Calyrex|Trick Room|p2a: Calyrex\n|-fieldstart|move: Trick Room|[of] p2a: Calyrex\n|\n|-weather|RainDance|[upkeep]\n|-heal|p1b: Calyrex|92/100|[from] Grassy Terrain\n|-heal|p1a: Incineroar|27/100|[from] Grassy Terrain\n|-heal|p2b: Rillaboom|46/100|[from] Grassy Terrain\n|-damage|p2a: Calyrex|95/100 brn|[from] brn\n|upkeep\n|turn|6\n|-message|pokeplaygg forfeited.\n|\n|win|Schmixed_007\n|raw|Schmixed_007's rating: 1249 &rarr; <strong>1280</strong><br />(+31 for winning)\n|raw|pokeplaygg's rating: 1335 &rarr; <strong>1310</strong><br />(-25 for losing)\n|l|\u2606pokeplaygg\n|player|p2|\n|l|\u2606Schmixed_007\n|player|p1|\n", "uploadtime": 1746132217, "views": 5, "formatid": "gen9vgc2025regibo3", "rating": 1280, "private": 0, "password": null}