{"id": "gen9vgc2025regibo3-2354487062", "format": "[Gen 9] VGC 2025 Reg I (Bo3)", "players": ["carrotbeafsteak", "arkjsmith"], "log": "|j|\u2606carrotbeafsteak\n|j|\u2606arkjsmith\n|html|<table width=\"100%\"><tr><td align=\"left\">carrotbeafsteak</td><td align=\"right\">arkjsmith</tr><tr><td align=\"left\"><i class=\"fa fa-circle-o\"></i> <i class=\"fa fa-circle-o\"></i> </td><td align=\"right\"><i class=\"fa fa-circle-o\"></i> <i class=\"fa fa-circle-o\"></i> </tr></table>\n|uhtml|bestof|<h2><strong>Game 1</strong> of <a href=\"/game-bestof3-gen9vgc2025regibo3-2354487058\">a best-of-3</a></h2>\n|t:|1746079904\n|gametype|doubles\n|player|p1|carrotbeafsteak|lady-gen4|1186\n|player|p2|arkjsmith|roxie|1196\n|teamsize|p1|6\n|teamsize|p2|6\n|gen|9\n|tier|[Gen 9] VGC 2025 Reg I (Bo3)\n|rated|\n|rule|Species Clause: Limit one of each Pok\u00e9mon\n|rule|Item Clause: Limit 1 of each item\n|clearpoke\n|poke|p1|Miraidon, L50|\n|poke|p1|Zamazenta-*, L50|\n|poke|p1|Bruxish, L50, M|\n|poke|p1|Gholdengo, L50|\n|poke|p1|Garganacl, L50, M|\n|poke|p1|Murkrow, L50, F|\n|poke|p2|Koraidon, L50|\n|poke|p2|Flutter Mane, L50|\n|poke|p2|Zacian-*, L50|\n|poke|p2|Indeedee-F, L50, F|\n|poke|p2|Chi-Yu, L50|\n|poke|p2|Brute Bonnet, L50|\n|teampreview|4\n|showteam|p1|Miraidon||LifeOrb|HadronEngine|Protect,ElectroDrift,DazzlingGleam,DracoMeteor||||||50|,,,,,Stellar]Zamazenta-Crowned||RustedShield|DauntlessShield|Protect,BodyPress,behemothbash,WideGuard||||||50|,,,,,Ghost]Bruxish||ChoiceScarf|Dazzling|WaveCrash,PsychicFangs,IcyWind,FlipTurn|||M|||50|,,,,,Normal]Gholdengo||ChoiceSpecs|GoodasGold|MakeItRain,SteelBeam,ShadowBall,PowerGem||||||50|,,,,,Steel]Garganacl||HardStone|PurifyingSalt|Protect,RockSlide,SaltCure,Fling|||M|||50|,,,,,Ghost]Murkrow||FocusSash|Prankster|Tailwind,Haze,Torment,DarkPulse|||F|||50|,,,,,Ghost\n|showteam|p2|Koraidon||LifeOrb|OrichalcumPulse|CloseCombat,FlareBlitz,FlameCharge,Protect||||||50|,,,,,Fire]Flutter Mane||FocusSash|Protosynthesis|Moonblast,ShadowBall,IcyWind,Protect||||||50|,,,,,Normal]Zacian-Crowned||RustedSword|IntrepidSword|behemothblade,PlayRough,Substitute,Protect||||||50|,,,,,Water]Indeedee-F||PsychicSeed|PsychicSurge|Psychic,FollowMe,HelpingHand,TrickRoom|||F|||50|,,,,,Water]Chi-Yu||ChoiceScarf|BeadsofRuin|Overheat,HeatWave,DarkPulse,Snarl||||||50|,,,,,Fire]Brute Bonnet||CovertCloak|Protosynthesis|SeedBomb,SuckerPunch,Spore,RagePowder||||||50|,,,,,Water\n|inactive|Battle timer is ON: inactive players will automatically lose when time's up. (requested by arkjsmith)\n|inactive|carrotbeafsteak has 60 seconds left.\n|\n|t:|1746079952\n|start\n|switch|p1a: Murkrow|Murkrow, L50, F|100/100\n|switch|p1b: Miraidon|Miraidon, L50|100/100\n|switch|p2a: Dirk|Koraidon, L50|100/100\n|switch|p2b: Zacian|Zacian-Crowned, L50, shiny|100/100\n|-ability|p2b: Zacian|Intrepid Sword|boost\n|-boost|p2b: Zacian|atk|1\n|-weather|SunnyDay|[from] ability: Orichalcum Pulse|[of] p2a: Dirk\n|-activate|p2a: Dirk|Orichalcum Pulse|[source]\n|-fieldstart|move: Electric Terrain|[from] ability: Hadron Engine|[of] p1b: Miraidon\n|turn|1\n|inactive|carrotbeafsteak has 30 seconds left.\n|inactive|arkjsmith has 30 seconds left.\n|\n|t:|1746079985\n|switch|p2a: Treble|Indeedee-F, L50, F, shiny|100/100\n|-fieldstart|move: Psychic Terrain|[from] ability: Psychic Surge|[of] p2a: Treble\n|-enditem|p2a: Treble|Psychic Seed\n|-boost|p2a: Treble|spd|1|[from] item: Psychic Seed\n|move|p1b: Miraidon|Protect|p1b: Miraidon\n|-singleturn|p1b: Miraidon|Protect\n|move|p1a: Murkrow|Torment|p2a: Treble\n|-activate|p2a: Treble|move: Psychic Terrain\n|move|p2b: Zacian|Play Rough|p1b: Miraidon\n|-activate|p1b: Miraidon|move: Protect\n|\n|-weather|SunnyDay|[upkeep]\n|upkeep\n|turn|2\n|\n|t:|1746080007\n|move|p2a: Treble|Follow Me|p2a: Treble\n|-singleturn|p2a: Treble|move: Follow Me\n|move|p1a: Murkrow|Haze|p1a: Murkrow\n|-clearallboost\n|move|p2b: Zacian|Play Rough|p1b: Miraidon\n|-supereffective|p1b: Miraidon\n|-damage|p1b: Miraidon|0 fnt\n|faint|p1b: Miraidon\n|\n|-weather|SunnyDay|[upkeep]\n|upkeep\n|\n|t:|1746080016\n|switch|p1b: Zamazenta|Zamazenta-Crowned, L50|100/100\n|-ability|p1b: Zamazenta|Dauntless Shield|boost\n|-boost|p1b: Zamazenta|def|1\n|turn|3\n|\n|t:|1746080027\n|move|p2b: Zacian|Play Rough|p1a: Murkrow\n|-supereffective|p1a: Murkrow\n|-enditem|p1a: Murkrow|Focus Sash\n|-damage|p1a: Murkrow|1/100\n|move|p1b: Zamazenta|Body Press|p2b: Zacian\n|-damage|p2b: Zacian|46/100\n|move|p1a: Murkrow|Dark Pulse|p2a: Treble\n|-supereffective|p2a: Treble\n|-damage|p2a: Treble|36/100\n|cant|p2a: Treble|flinch\n|\n|-weather|SunnyDay|[upkeep]\n|upkeep\n|turn|4\n|\n|t:|1746080046\n|move|p2a: Treble|Follow Me|p2a: Treble\n|-singleturn|p2a: Treble|move: Follow Me\n|move|p1a: Murkrow|Tailwind|p1a: Murkrow\n|-sidestart|p1: carrotbeafsteak|move: Tailwind\n|move|p1b: Zamazenta|Body Press|p2a: Treble\n|-damage|p2a: Treble|0 fnt\n|faint|p2a: Treble\n|move|p2b: Zacian|Behemoth Blade|p1a: Murkrow\n|-damage|p1a: Murkrow|0 fnt\n|faint|p1a: Murkrow\n|\n|-weather|SunnyDay|[upkeep]\n|upkeep\n|\n|t:|1746080054\n|switch|p1a: Bruxish|Bruxish, L50, M|100/100\n|switch|p2a: Boopsey|Flutter Mane, L50, shiny|100/100\n|-activate|p2a: Boopsey|ability: Protosynthesis\n|-start|p2a: Boopsey|protosynthesisspe\n|turn|5\n|inactive|carrotbeafsteak has 30 seconds left.\n|\n|t:|1746080089\n|-terastallize|p1a: Bruxish|Normal\n|move|p1a: Bruxish|Psychic Fangs|p2a: Boopsey\n|-enditem|p2a: Boopsey|Focus Sash\n|-damage|p2a: Boopsey|1/100\n|move|p1b: Zamazenta|Behemoth Bash|p2a: Boopsey\n|-supereffective|p2a: Boopsey\n|-damage|p2a: Boopsey|0 fnt\n|faint|p2a: Boopsey\n|-end|p2a: Boopsey|Protosynthesis|[silent]\n|move|p2b: Zacian|Substitute|p2b: Zacian\n|-start|p2b: Zacian|Substitute\n|-damage|p2b: Zacian|21/100\n|\n|-weather|none\n|-fieldend|move: Psychic Terrain\n|upkeep\n|\n|t:|1746080097\n|switch|p2a: Dirk|Koraidon, L50|100/100\n|-weather|SunnyDay|[from] ability: Orichalcum Pulse|[of] p2a: Dirk\n|-activate|p2a: Dirk|Orichalcum Pulse|[source]\n|turn|6\n|\n|t:|1746080112\n|move|p2b: Zacian|Protect|p2b: Zacian\n|-singleturn|p2b: Zacian|Protect\n|move|p2a: Dirk|Protect|p2a: Dirk\n|-singleturn|p2a: Dirk|Protect\n|move|p1a: Bruxish|Psychic Fangs|p2a: Dirk\n|-activate|p2a: Dirk|move: Protect\n|move|p1b: Zamazenta|Body Press|p2a: Dirk\n|-activate|p2a: Dirk|move: Protect\n|\n|-weather|SunnyDay|[upkeep]\n|upkeep\n|turn|7\n|\n|t:|1746080126\n|-terastallize|p2a: Dirk|Fire\n|move|p1a: Bruxish|Psychic Fangs|p2a: Dirk\n|-damage|p2a: Dirk|63/100\n|move|p1b: Zamazenta|Body Press|p2a: Dirk\n|-damage|p2a: Dirk|2/100\n|move|p2b: Zacian|Play Rough|p1b: Zamazenta\n|-damage|p1b: Zamazenta|80/100\n|move|p2a: Dirk|Flare Blitz|p1b: Zamazenta\n|-supereffective|p1b: Zamazenta\n|-damage|p1b: Zamazenta|0 fnt\n|faint|p1b: Zamazenta\n|-damage|p2a: Dirk|0 fnt|[from] Recoil\n|faint|p2a: Dirk\n|\n|-weather|SunnyDay|[upkeep]\n|-sideend|p1: carrotbeafsteak|move: Tailwind\n|upkeep\n|turn|8\n|\n|t:|1746080138\n|move|p1a: Bruxish|Psychic Fangs|p2b: Zacian\n|-resisted|p2b: Zacian\n|-activate|p2b: Zacian|move: Substitute|[damage]\n|move|p2b: Zacian|Behemoth Blade|p1a: Bruxish\n|-damage|p1a: Bruxish|0 fnt\n|faint|p1a: Bruxish\n|\n|win|arkjsmith\n||carrotbeafsteak is ready for game 2.\n||arkjsmith is ready for game 2.\n|uhtml|next|Next: <a href=\"/battle-gen9vgc2025regibo3-2354488271\"><strong>Game 2 of 3</strong></a>\n|l|\u2606carrotbeafsteak\n|player|p1|\n", "uploadtime": 1746080337, "views": 9, "formatid": "gen9vgc2025regibo3", "rating": null, "private": 0, "password": null}