{"id": "gen9vgc2025regibo3-2353955673", "format": "[Gen 9] VGC 2025 Reg I (Bo3)", "players": ["negative gamer", "BtheMan"], "log": "|j|\u2606negative gamer\n|j|\u2606BtheMan\n|html|<table width=\"100%\"><tr><td align=\"left\">negative gamer</td><td align=\"right\">BtheMan</tr><tr><td align=\"left\"><i class=\"fa fa-circle-o\"></i> <i class=\"fa fa-circle-o\"></i> </td><td align=\"right\"><i class=\"fa fa-circle-o\"></i> <i class=\"fa fa-circle\"></i> </tr></table>\n|uhtml|bestof|<h2><strong>Game 2</strong> of <a href=\"/game-bestof3-gen9vgc2025regibo3-2353953192\">a best-of-3</a></h2>\n|t:|1746022383\n|gametype|doubles\n|player|p1|negative gamer|karen|1224\n|player|p2|BtheMan|fisherman|1116\n|teamsize|p1|6\n|teamsize|p2|6\n|gen|9\n|tier|[Gen 9] VGC 2025 Reg I (Bo3)\n|rated|\n|rule|Species Clause: Limit one of each Pok\u00e9mon\n|rule|Item Clause: Limit 1 of each item\n|clearpoke\n|poke|p1|Calyrex-Ice, L50|\n|poke|p1|Miraidon, L50|\n|poke|p1|Iron Bundle, L50|\n|poke|p1|Iron Hands, L50|\n|poke|p1|Grimmsnarl, L50, M|\n|poke|p1|Ogerpon-Cornerstone, L50, F|\n|poke|p2|Whimsicott, L50, M|\n|poke|p2|Miraidon, L50|\n|poke|p2|Lunala, L50|\n|poke|p2|Iron Hands, L50|\n|poke|p2|Chi-Yu, L50|\n|poke|p2|Urshifu-*, L50, M|\n|teampreview|4\n|showteam|p1|Calyrex-Ice||ClearAmulet|AsOneGlastrier|GlacialLance,HighHorsepower,TrickRoom,Protect||||||50|,,,,,Fire]Miraidon||ChoiceSpecs|HadronEngine|ElectroDrift,DazzlingGleam,VoltSwitch,DracoMeteor||||||50|,,,,,Fairy]Iron Bundle||FocusSash|QuarkDrive|FreezeDry,IcyWind,Encore,Protect||||||50|,,,,,Ghost]Iron Hands||AssaultVest|QuarkDrive|FakeOut,LowKick,WildCharge,DrainPunch||||||50|,,,,,Water]Grimmsnarl||LightClay|Prankster|LightScreen,Reflect,SpiritBreak,FoulPlay|||M|||50|,,,,,Ghost]Ogerpon-Cornerstone||CornerstoneMask|Sturdy|HornLeech,IvyCudgel,SpikyShield,FollowMe|||F|||50|,,,,,Rock\n|showteam|p2|Whimsicott||CovertCloak|Prankster|Moonblast,Tailwind,Encore,LightScreen|||M|||50|,,,,,Dark]Miraidon||ChoiceSpecs|HadronEngine|ElectroDrift,VoltSwitch,DracoMeteor,DazzlingGleam||||||50|,,,,,Fairy]Lunala||ElectricSeed|ShadowShield|MoongeistBeam,Psyshock,TrickRoom,WideGuard||||||50|,,,,,Water]Iron Hands||AssaultVest|QuarkDrive|DrainPunch,LowKick,HeavySlam,FakeOut||||||50|,,,,,Water]Chi-Yu||ChoiceScarf|BeadsofRuin|HeatWave,DarkPulse,Overheat,Snarl||||||50|,,,,,Ghost]Urshifu-Rapid-Strike||FocusSash|UnseenFist|SurgingStrikes,CloseCombat,AquaJet,Protect|||M|||50|,,,,,Stellar\n|inactive|Battle timer is ON: inactive players will automatically lose when time's up. (requested by BtheMan)\n|\n|t:|1746022411\n|start\n|switch|p1a: Miraidon|Miraidon, L50|100/100\n|switch|p1b: Iron Bundle|Iron Bundle, L50|100/100\n|switch|p2a: Chi-Yu|Chi-Yu, L50|100/100\n|switch|p2b: Miraidon|Miraidon, L50|100/100\n|-ability|p2a: Chi-Yu|Beads of Ruin\n|-fieldstart|move: Electric Terrain|[from] ability: Hadron Engine|[of] p2b: Miraidon\n|-activate|p1b: Iron Bundle|ability: Quark Drive\n|-start|p1b: Iron Bundle|quarkdrivespe\n|-activate|p1a: Miraidon|ability: Hadron Engine\n|turn|1\n|inactive|BtheMan has 30 seconds left.\n|\n|t:|1746022439\n|-terastallize|p1a: Miraidon|Fairy\n|move|p1b: Iron Bundle|Icy Wind|p2a: Chi-Yu|[spread] p2a,p2b\n|-resisted|p2a: Chi-Yu\n|-supereffective|p2b: Miraidon\n|-damage|p2a: Chi-Yu|88/100\n|-damage|p2b: Miraidon|56/100\n|-unboost|p2a: Chi-Yu|spe|1\n|-unboost|p2b: Miraidon|spe|1\n|move|p1a: Miraidon|Dazzling Gleam|p2a: Chi-Yu|[spread] p2a,p2b\n|-supereffective|p2b: Miraidon\n|-damage|p2a: Chi-Yu|4/100\n|-damage|p2b: Miraidon|0 fnt\n|faint|p2b: Miraidon\n|move|p2a: Chi-Yu|Snarl|p1a: Miraidon|[spread] p1a,p1b\n|-resisted|p1a: Miraidon\n|-damage|p1a: Miraidon|86/100\n|-damage|p1b: Iron Bundle|36/100\n|-unboost|p1a: Miraidon|spa|1\n|-unboost|p1b: Iron Bundle|spa|1\n|\n|upkeep\n|\n|t:|1746022459\n|switch|p2b: Iron Hands|Iron Hands, L50|100/100\n|-activate|p2b: Iron Hands|ability: Quark Drive\n|-start|p2b: Iron Hands|quarkdriveatk\n|turn|2\n|\n|t:|1746022470\n|switch|p1a: Iron Hands|Iron Hands, L50|100/100\n|-activate|p1a: Iron Hands|ability: Quark Drive\n|-start|p1a: Iron Hands|quarkdriveatk\n|move|p1b: Iron Bundle|Protect|p1b: Iron Bundle\n|-singleturn|p1b: Iron Bundle|Protect\n|move|p2b: Iron Hands|Fake Out|p1a: Iron Hands\n|-damage|p1a: Iron Hands|86/100\n|move|p2a: Chi-Yu|Snarl|p1a: Iron Hands|[spread] p1a\n|-activate|p1b: Iron Bundle|move: Protect\n|-resisted|p1a: Iron Hands\n|-damage|p1a: Iron Hands|78/100\n|-unboost|p1a: Iron Hands|spa|1\n|\n|upkeep\n|turn|3\n|\n|t:|1746022488\n|switch|p2a: Lunala|Lunala, L50|100/100\n|-enditem|p2a: Lunala|Electric Seed\n|-boost|p2a: Lunala|def|1|[from] item: Electric Seed\n|move|p1b: Iron Bundle|Icy Wind|p2a: Lunala|[spread] p2a,p2b\n|-damage|p2a: Lunala|96/100\n|-damage|p2b: Iron Hands|93/100\n|-unboost|p2a: Lunala|spe|1\n|-unboost|p2b: Iron Hands|spe|1\n|move|p1a: Iron Hands|Low Kick|p2b: Iron Hands\n|-damage|p2b: Iron Hands|34/100\n|move|p2b: Iron Hands|Drain Punch|p1b: Iron Bundle\n|-supereffective|p1b: Iron Bundle\n|-damage|p1b: Iron Bundle|0 fnt\n|-heal|p2b: Iron Hands|43/100|[from] drain|[of] p1b: Iron Bundle\n|faint|p1b: Iron Bundle\n|-end|p1b: Iron Bundle|Quark Drive|[silent]\n|\n|upkeep\n|\n|t:|1746022503\n|switch|p1b: Miraidon|Miraidon, L50, tera:Fairy|86/100\n|-activate|p1b: Miraidon|ability: Hadron Engine\n|turn|4\n|\n|t:|1746022518\n|move|p2a: Lunala|Wide Guard|p2a: Lunala\n|-singleturn|p2a: Lunala|Wide Guard\n|move|p1b: Miraidon|Electro Drift|p2a: Lunala\n|-damage|p2a: Lunala|0 fnt\n|faint|p2a: Lunala\n|move|p1a: Iron Hands|Low Kick|p2b: Iron Hands\n|-damage|p2b: Iron Hands|0 fnt\n|faint|p2b: Iron Hands\n|-end|p2b: Iron Hands|Quark Drive|[silent]\n|\n|upkeep\n|\n|t:|1746022528\n|switch|p2a: Chi-Yu|Chi-Yu, L50|4/100\n|-ability|p2a: Chi-Yu|Beads of Ruin\n|turn|5\n|\n|t:|1746022537\n|-terastallize|p2a: Chi-Yu|Ghost\n|move|p2a: Chi-Yu|Heat Wave|p1b: Miraidon|[spread] p1a,p1b\n|-damage|p1a: Iron Hands|46/100\n|-damage|p1b: Miraidon|34/100\n|move|p1b: Miraidon|Electro Drift|p2a: Chi-Yu\n|-damage|p2a: Chi-Yu|0 fnt\n|faint|p2a: Chi-Yu\n|\n|win|negative gamer\n||negative gamer is ready for game 3.\n||BtheMan is ready for game 3.\n|uhtml|next|Next: <a href=\"/battle-gen9vgc2025regibo3-2353957445\"><strong>Game 3 of 3</strong></a>\n|l|\u2606negative gamer\n|player|p1|\n", "uploadtime": 1746022830, "views": 7, "formatid": "gen9vgc2025regibo3", "rating": null, "private": 0, "password": null}