{"id": "gen9vgc2025regibo3-2354460500", "format": "[Gen 9] VGC 2025 Reg I (Bo3)", "players": ["myshirtisdirty", "Fayzginger"], "log": "|j|\u2606myshirtisdirty\n|j|\u2606Fayzginger\n|html|<table width=\"100%\"><tr><td align=\"left\">myshirtisdirty</td><td align=\"right\">Fayzginger</tr><tr><td align=\"left\"><i class=\"fa fa-circle-o\"></i> <i class=\"fa fa-circle-o\"></i> </td><td align=\"right\"><i class=\"fa fa-circle-o\"></i> <i class=\"fa fa-circle-o\"></i> </tr></table>\n|uhtml|bestof|<h2><strong>Game 1</strong> of <a href=\"/game-bestof3-gen9vgc2025regibo3-2354460499\">a best-of-3</a></h2>\n|t:|1746075050\n|gametype|doubles\n|player|p1|myshirtisdirty|102|1212\n|player|p2|Fayzginger|102|1230\n|teamsize|p1|6\n|teamsize|p2|6\n|gen|9\n|tier|[Gen 9] VGC 2025 Reg I (Bo3)\n|rated|\n|rule|Species Clause: Limit one of each Pok\u00e9mon\n|rule|Item Clause: Limit 1 of each item\n|clearpoke\n|poke|p1|Koraidon, L50|\n|poke|p1|Lunala, L50|\n|poke|p1|Chi-Yu, L50|\n|poke|p1|Ursaluna, L50, M|\n|poke|p1|Brute Bonnet, L50|\n|poke|p1|Flutter Mane, L50|\n|poke|p2|Zacian-*, L50|\n|poke|p2|Kyogre, L50|\n|poke|p2|Tornadus, L50, M|\n|poke|p2|Landorus, L50, M|\n|poke|p2|Rillaboom, L50, M|\n|poke|p2|Urshifu-*, L50, F|\n|teampreview|4\n|showteam|p1|Koraidon||LifeOrb|OrichalcumPulse|FlareBlitz,FlameCharge,CloseCombat,Protect||||||50|,,,,,Fire]Lunala||PowerHerb|ShadowShield|MoongeistBeam,MeteorBeam,WideGuard,TrickRoom||||||50|,,,,,Water]Chi-Yu||ChoiceScarf|BeadsofRuin|Overheat,HeatWave,DarkPulse,Snarl||||||50|,,,,,Ghost]Ursaluna||FlameOrb|Guts|Facade,Earthquake,HeadlongRush,Protect|||M|||50|,,,,,Ghost]Brute Bonnet||CovertCloak|Protosynthesis|SeedBomb,SuckerPunch,Spore,RagePowder||||||50|,,,,,Water]Flutter Mane||FocusSash|Protosynthesis|Moonblast,IcyWind,ShadowBall,Protect||||||50|,,,,,Normal\n|showteam|p2|Zacian-Crowned||RustedSword|IntrepidSword|Protect,behemothblade,PlayRough,SacredSword||||||50|,,,,,Ground]Kyogre||MysticWater|Drizzle|Protect,WaterSpout,OriginPulse,IceBeam||||||50|,,,,,Grass]Tornadus||CovertCloak|Prankster|BleakwindStorm,RainDance,Tailwind,Taunt|||M|||50|,,,,,Dark]Landorus||LifeOrb|SheerForce|Protect,SandsearStorm,EarthPower,SludgeBomb|||M|||50|,,,,,Water]Rillaboom||AssaultVest|GrassySurge|FakeOut,GrassyGlide,WoodHammer,Uturn|||M|||50|,,,,,Fire]Urshifu-Rapid-Strike||FocusSash|UnseenFist|Detect,SurgingStrikes,CloseCombat,AquaJet|||F|||50|,,,,,Stellar\n|\n|t:|1746075138\n|start\n|switch|p1a: Koraidon|Koraidon, L50|100/100\n|switch|p1b: Chi-Yu|Chi-Yu, L50|100/100\n|switch|p2a: The Nether|Kyogre, L50|100/100\n|switch|p2b: Steve|Rillaboom, L50, M, shiny|100/100\n|-ability|p1b: Chi-Yu|Beads of Ruin\n|-weather|SunnyDay|[from] ability: Orichalcum Pulse|[of] p1a: Koraidon\n|-activate|p1a: Koraidon|Orichalcum Pulse|[source]\n|-weather|RainDance|[from] ability: Drizzle|[of] p2a: The Nether\n|-fieldstart|move: Grassy Terrain|[from] ability: Grassy Surge|[of] p2b: Steve\n|turn|1\n|\n|t:|1746075173\n|switch|p1b: Lunala|Lunala, L50|100/100\n|move|p1a: Koraidon|Protect|p1a: Koraidon\n|-singleturn|p1a: Koraidon|Protect\n|move|p2a: The Nether|Origin Pulse|p1a: Koraidon|[spread] p1b\n|-activate|p1a: Koraidon|move: Protect\n|-damage|p1b: Lunala|67/100\n|move|p2b: Steve|U-turn|p1b: Lunala\n|-damage|p1b: Lunala|47/100\n|\n|t:|1746075187\n|switch|p2b: Flint|Tornadus, L50, M|100/100|[from] U-turn\n|\n|-weather|RainDance|[upkeep]\n|-heal|p1b: Lunala|54/100|[from] Grassy Terrain\n|upkeep\n|turn|2\n|\n|t:|1746075225\n|-terastallize|p1a: Koraidon|Fire\n|move|p1b: Lunala|Wide Guard|p1b: Lunala\n|-singleturn|p1b: Lunala|Wide Guard\n|move|p2b: Flint|Tailwind|p2b: Flint\n|-sidestart|p2: Fayzginger|move: Tailwind\n|move|p2a: The Nether|Water Spout|p1a: Koraidon|[spread] \n|-activate|p1a: Koraidon|move: Wide Guard\n|-activate|p1b: Lunala|move: Wide Guard\n|move|p1a: Koraidon|Close Combat|p2a: The Nether\n|-damage|p2a: The Nether|29/100\n|-unboost|p1a: Koraidon|def|1\n|-unboost|p1a: Koraidon|spd|1\n|-damage|p1a: Koraidon|91/100|[from] item: Life Orb\n|\n|-weather|RainDance|[upkeep]\n|-heal|p2a: The Nether|35/100|[from] Grassy Terrain\n|-heal|p1a: Koraidon|97/100|[from] Grassy Terrain\n|-heal|p1b: Lunala|60/100|[from] Grassy Terrain\n|upkeep\n|turn|3\n|\n|t:|1746075263\n|move|p2a: The Nether|Protect|p2a: The Nether\n|-singleturn|p2a: The Nether|Protect\n|move|p1a: Koraidon|Protect|p1a: Koraidon\n|-singleturn|p1a: Koraidon|Protect\n|move|p2b: Flint|Taunt|p1b: Lunala\n|-start|p1b: Lunala|move: Taunt\n|cant|p1b: Lunala|move: Taunt|Trick Room\n|\n|-weather|RainDance|[upkeep]\n|-heal|p2a: The Nether|41/100|[from] Grassy Terrain\n|-heal|p1a: Koraidon|100/100|[from] Grassy Terrain\n|-heal|p1b: Lunala|66/100|[from] Grassy Terrain\n|upkeep\n|turn|4\n|\n|t:|1746075301\n|switch|p1a: Chi-Yu|Chi-Yu, L50|100/100\n|-ability|p1a: Chi-Yu|Beads of Ruin\n|move|p2b: Flint|Bleakwind Storm|p1b: Lunala|[spread] p1a,p1b\n|-damage|p1a: Chi-Yu|61/100\n|-damage|p1b: Lunala|28/100\n|move|p2a: The Nether|Origin Pulse|p1a: Chi-Yu|[spread] p1b\n|-miss|p2a: The Nether|p1a: Chi-Yu\n|-damage|p1b: Lunala|0 fnt\n|faint|p1b: Lunala\n|\n|-weather|RainDance|[upkeep]\n|-heal|p2a: The Nether|47/100|[from] Grassy Terrain\n|-heal|p1a: Chi-Yu|67/100|[from] Grassy Terrain\n|upkeep\n|\n|t:|1746075313\n|switch|p1b: Koraidon|Koraidon, L50, tera:Fire|100/100\n|-weather|SunnyDay|[from] ability: Orichalcum Pulse|[of] p1b: Koraidon\n|-activate|p1b: Koraidon|Orichalcum Pulse|[source]\n|turn|5\n|\n|t:|1746075327\n|move|p1b: Koraidon|Protect|p1b: Koraidon\n|-singleturn|p1b: Koraidon|Protect\n|move|p2b: Flint|Rain Dance|p2b: Flint\n|-weather|RainDance\n|move|p2a: The Nether|Origin Pulse|p1b: Koraidon|[spread] p1a\n|-activate|p1b: Koraidon|move: Protect\n|-supereffective|p1a: Chi-Yu\n|-damage|p1a: Chi-Yu|0 fnt\n|faint|p1a: Chi-Yu\n|\n|-weather|RainDance|[upkeep]\n|-heal|p2a: The Nether|54/100|[from] Grassy Terrain\n|-sideend|p2: Fayzginger|move: Tailwind\n|-fieldend|move: Grassy Terrain\n|upkeep\n|\n|t:|1746075337\n|switch|p1a: Ursaluna|Ursaluna, L50, M|100/100\n|turn|6\n|\n|t:|1746075345\n|move|p1a: Ursaluna|Protect|p1a: Ursaluna\n|-singleturn|p1a: Ursaluna|Protect\n|move|p2b: Flint|Tailwind|p2b: Flint\n|-sidestart|p2: Fayzginger|move: Tailwind\n|move|p2a: The Nether|Origin Pulse|p1a: Ursaluna|[spread] p1b\n|-activate|p1a: Ursaluna|move: Protect\n|-supereffective|p1b: Koraidon\n|-damage|p1b: Koraidon|0 fnt\n|faint|p1b: Koraidon\n|\n|-weather|RainDance|[upkeep]\n|-status|p1a: Ursaluna|brn|[from] item: Flame Orb\n|upkeep\n|turn|7\n|\n|t:|1746075357\n|move|p2b: Flint|Bleakwind Storm|p1a: Ursaluna\n|-damage|p1a: Ursaluna|54/100 brn\n|move|p2a: The Nether|Water Spout|p1a: Ursaluna\n|-supereffective|p1a: Ursaluna\n|-damage|p1a: Ursaluna|0 fnt\n|faint|p1a: Ursaluna\n|\n|win|Fayzginger\n||myshirtisdirty is ready for game 2.\n||Fayzginger is ready for game 2.\n|uhtml|next|Next: <a href=\"/battle-gen9vgc2025regibo3-2354462358\"><strong>Game 2 of 3</strong></a>\n", "uploadtime": 1746075382, "views": 12, "formatid": "gen9vgc2025regibo3", "rating": null, "private": 0, "password": null}