{"id": "gen9vgc2025regibo3-2353516267", "format": "[Gen 9] VGC 2025 Reg I (Bo3)", "players": ["chris2222", "Cyclondo3"], "log": "|j|\u203dchris2222\n|j|\u2606Cyclondo3\n|html|<table width=\"100%\"><tr><td align=\"left\">chris2222</td><td align=\"right\">Cyclondo3</tr><tr><td align=\"left\"><i class=\"fa fa-circle-o\"></i> <i class=\"fa fa-circle-o\"></i> </td><td align=\"right\"><i class=\"fa fa-circle-o\"></i> <i class=\"fa fa-circle-o\"></i> </tr></table>\n|uhtml|bestof|<h2><strong>Game 1</strong> of <a href=\"/game-bestof3-gen9vgc2025regibo3-2353516266\">a best-of-3</a></h2>\n|t:|1745963495\n|gametype|doubles\n|player|p1|chris2222|266|1093\n|player|p2|Cyclondo3|hilbert|1062\n|teamsize|p1|6\n|teamsize|p2|6\n|gen|9\n|tier|[Gen 9] VGC 2025 Reg I (Bo3)\n|rated|\n|rule|Species Clause: Limit one of each Pok\u00e9mon\n|rule|Item Clause: Limit 1 of each item\n|clearpoke\n|poke|p1|Koraidon, L50|\n|poke|p1|Miraidon, L50|\n|poke|p1|Ogerpon-Hearthflame, L50, F|\n|poke|p1|Flutter Mane, L50|\n|poke|p1|Iron Treads, L50|\n|poke|p1|Roaring Moon, L50|\n|poke|p2|Carbink, L50|\n|poke|p2|Appletun, L50, M|\n|poke|p2|Clodsire, L50, F|\n|poke|p2|Garganacl, L50, F|\n|poke|p2|Hydrapple, L50, F|\n|poke|p2|Necrozma-Dawn-Wings, L50|\n|teampreview|4\n|showteam|p1|Koraidon||LifeOrb|OrichalcumPulse|Protect,FlareBlitz,CollisionCourse,Uturn||||||50|,,,,,Fighting]Miraidon||ChoiceSpecs|HadronEngine|VoltSwitch,ElectroDrift,DazzlingGleam,DracoMeteor||||||50|,,,,,Electric]Ogerpon-Hearthflame||HearthflameMask|MoldBreaker|SpikyShield,FollowMe,IvyCudgel,HornLeech|||F|||50|,,,,,Fire]Flutter Mane||FocusSash|Protosynthesis|Protect,Moonblast,IcyWind,ShadowBall||||||50|,,,,,Fairy]Iron Treads||ChoiceScarf|QuarkDrive|HighHorsepower,RockSlide,KnockOff,IronHead||||||50|,,,,,Steel]Roaring Moon||BoosterEnergy|Protosynthesis|Protect,Acrobatics,Tailwind,KnockOff||||||50|,,,,,Fairy\n|showteam|p2|Carbink||CovertCloak|Sturdy|Endure,Endeavor,BodyPress,TrickRoom||||||50|,,,,,Rock]Appletun||SitrusBerry|Ripen|Protect,GigaDrain,Curse,Recycle|||M|||50|,,,,,Steel]Clodsire||WideLens|PoisonPoint|Recover,GunkShot,Spikes,ToxicSpikes|||F|||50|,,,,,Poison]Garganacl||RockyHelmet|Sturdy|StompingTantrum,Avalanche,Fissure,StealthRock|||F|||50|,,,,,Rock]Hydrapple||FocusSash|Regenerator|Protect,FickleBeam,LeafStorm,NastyPlot|||F|||50|,,,,,Grass]Necrozma-Dawn-Wings||SafetyGoggles|PrismArmor|Protect,TrickRoom,MoongeistBeam,PrismaticLaser||||||50|,,,,,Psychic\n|\n|t:|1745963526\n|start\n|switch|p1a: Koraidon|Koraidon, L50|100/100\n|switch|p1b: Miraidon|Miraidon, L50|100/100\n|switch|p2a: Carbink|Carbink, L50|100/100\n|switch|p2b: Appletun|Appletun, L50, M|100/100\n|-fieldstart|move: Electric Terrain|[from] ability: Hadron Engine|[of] p1b: Miraidon\n|-weather|SunnyDay|[from] ability: Orichalcum Pulse|[of] p1a: Koraidon\n|-activate|p1a: Koraidon|Orichalcum Pulse|[source]\n|turn|1\n|inactive|Battle timer is ON: inactive players will automatically lose when time's up. (requested by chris2222)\n|\n|t:|1745963546\n|move|p1b: Miraidon|Volt Switch|p2a: Carbink\n|-ability|p2a: Carbink|Sturdy\n|-damage|p2a: Carbink|1/100\n|\n|t:|1745963551\n|switch|p1b: Iron Treads|Iron Treads, L50|100/100|[from] Volt Switch\n|-activate|p1b: Iron Treads|ability: Quark Drive\n|-start|p1b: Iron Treads|quarkdriveatk\n|move|p1a: Koraidon|U-turn|p2b: Appletun\n|-supereffective|p2b: Appletun\n|-damage|p2b: Appletun|20/100\n|-activate|p2b: Appletun|ability: Ripen\n|-enditem|p2b: Appletun|Sitrus Berry|[eat]\n|-heal|p2b: Appletun|69/100|[from] item: Sitrus Berry\n|-damage|p1a: Koraidon|91/100|[from] item: Life Orb\n|\n|t:|1745963574\n|switch|p1a: Flutter Mane|Flutter Mane, L50|100/100|[from] U-turn\n|-activate|p1a: Flutter Mane|ability: Protosynthesis\n|-start|p1a: Flutter Mane|protosynthesisspe\n|move|p2b: Appletun|Curse|p2b: Appletun\n|-unboost|p2b: Appletun|spe|1\n|-boost|p2b: Appletun|atk|1\n|-boost|p2b: Appletun|def|1\n|move|p2a: Carbink|Trick Room|p2a: Carbink\n|-fieldstart|move: Trick Room|[of] p2a: Carbink\n|\n|-weather|SunnyDay|[upkeep]\n|upkeep\n|turn|2\n|\n|t:|1745963596\n|move|p2b: Appletun|Recycle|p2b: Appletun\n|-item|p2b: Appletun|Sitrus Berry|[from] move: Recycle\n|move|p2a: Carbink|Endeavor|p1a: Flutter Mane\n|-immune|p1a: Flutter Mane\n|move|p1b: Iron Treads|Iron Head|p2b: Appletun\n|-damage|p2b: Appletun|37/100\n|-activate|p2b: Appletun|ability: Ripen\n|-enditem|p2b: Appletun|Sitrus Berry|[eat]\n|-heal|p2b: Appletun|86/100|[from] item: Sitrus Berry\n|move|p1a: Flutter Mane|Icy Wind|p2a: Carbink|[spread] p2a,p2b\n|-supereffective|p2b: Appletun\n|-damage|p2a: Carbink|0 fnt\n|-damage|p2b: Appletun|38/100\n|-unboost|p2b: Appletun|spe|1\n|faint|p2a: Carbink\n|\n|-weather|SunnyDay|[upkeep]\n|upkeep\n|\n|t:|1745963613\n|switch|p2a: Clodsire|Clodsire, L50, F|100/100\n|turn|3\n|\n|t:|1745963618\n|move|p2b: Appletun|Recycle|p2b: Appletun\n|-item|p2b: Appletun|Sitrus Berry|[from] move: Recycle\n|-activate|p2b: Appletun|ability: Ripen\n|-enditem|p2b: Appletun|Sitrus Berry|[eat]\n|-heal|p2b: Appletun|87/100|[from] item: Sitrus Berry\n|move|p2a: Clodsire|Toxic Spikes|p1b: Iron Treads\n|-sidestart|p1: chris2222|move: Toxic Spikes\n|move|p1b: Iron Treads|Iron Head|p2b: Appletun\n|-damage|p2b: Appletun|55/100\n|move|p1a: Flutter Mane|Icy Wind|p2a: Clodsire|[spread] p2a,p2b\n|-supereffective|p2a: Clodsire\n|-supereffective|p2b: Appletun\n|-damage|p2a: Clodsire|78/100\n|-damage|p2b: Appletun|0 fnt\n|-unboost|p2a: Clodsire|spe|1\n|faint|p2b: Appletun\n|\n|-weather|SunnyDay|[upkeep]\n|upkeep\n|\n|t:|1745963634\n|switch|p2b: Garganacl|Garganacl, L50, F|100/100\n|turn|4\n|\n|t:|1745963644\n|-terastallize|p1b: Iron Treads|Steel\n|move|p2a: Clodsire|Spikes|p1b: Iron Treads\n|-sidestart|p1: chris2222|Spikes\n|move|p2b: Garganacl|Fissure|p1b: Iron Treads|[miss]\n|-miss|p2b: Garganacl|p1b: Iron Treads\n|move|p1b: Iron Treads|Iron Head|p2b: Garganacl\n|-supereffective|p2b: Garganacl\n|-crit|p2b: Garganacl\n|-ability|p2b: Garganacl|Sturdy\n|-damage|p2b: Garganacl|1/100\n|-damage|p1b: Iron Treads|84/100|[from] item: Rocky Helmet|[of] p2b: Garganacl\n|move|p1a: Flutter Mane|Shadow Ball|p2a: Clodsire\n|-damage|p2a: Clodsire|44/100\n|-unboost|p2a: Clodsire|spd|1\n|\n|-weather|SunnyDay|[upkeep]\n|upkeep\n|turn|5\n|inactive|chris2222 has 30 seconds left.\n|inactive|Cyclondo3 has 30 seconds left.\n|\n|t:|1745963676\n|move|p2a: Clodsire|Gunk Shot|p1b: Iron Treads\n|-immune|p1b: Iron Treads\n|move|p2b: Garganacl|Fissure|p1a: Flutter Mane|[miss]\n|-miss|p2b: Garganacl|p1a: Flutter Mane\n|move|p1b: Iron Treads|Iron Head|p2b: Garganacl\n|-supereffective|p2b: Garganacl\n|-damage|p2b: Garganacl|0 fnt\n|-damage|p1b: Iron Treads|68/100|[from] item: Rocky Helmet|[of] p2b: Garganacl\n|faint|p2b: Garganacl\n|move|p1a: Flutter Mane|Shadow Ball|p2a: Clodsire\n|-damage|p2a: Clodsire|0 fnt\n|faint|p2a: Clodsire\n|\n|win|chris2222\n||chris2222 is ready for game 2.\n||Cyclondo3 is ready for game 2.\n|uhtml|next|Next: <a href=\"/battle-gen9vgc2025regibo3-2353517979\"><strong>Game 2 of 3</strong></a>\n|l|\u203dchris2222\n|player|p1|\n|l|\u2606Cyclondo3\n|player|p2|\n", "uploadtime": 1745963939, "views": 6, "formatid": "gen9vgc2025regibo3", "rating": null, "private": 0, "password": null}