{"id": "gen9vgc2025regibo3-2354434770", "format": "[Gen 9] VGC 2025 Reg I (Bo3)", "players": ["juacox300", "maximilian sheldon"], "log": "|j|\u2606juacox300\n|j|\u2606maximilian sheldon\n|html|<table width=\"100%\"><tr><td align=\"left\">juacox300</td><td align=\"right\">maximilian sheldon</tr><tr><td align=\"left\"><i class=\"fa fa-circle\"></i> <i class=\"fa fa-circle-o\"></i> </td><td align=\"right\"><i class=\"fa fa-circle-o\"></i> <i class=\"fa fa-circle-o\"></i> </tr></table>\n|uhtml|bestof|<h2><strong>Game 2</strong> of <a href=\"/game-bestof3-gen9vgc2025regibo3-2354433534\">a best-of-3</a></h2>\n|t:|1746071185\n|gametype|doubles\n|player|p1|juacox300|unknown|1381\n|player|p2|maximilian sheldon|266|1506\n|teamsize|p1|6\n|teamsize|p2|6\n|gen|9\n|tier|[Gen 9] VGC 2025 Reg I (Bo3)\n|rated|\n|rule|Species Clause: Limit one of each Pok\u00e9mon\n|rule|Item Clause: Limit 1 of each item\n|clearpoke\n|poke|p1|Miraidon, L50|\n|poke|p1|Iron Hands, L50|\n|poke|p1|Calyrex-Ice, L50|\n|poke|p1|Incineroar, L50, M|\n|poke|p1|Chi-Yu, L50|\n|poke|p1|Alcremie-Salted-Cream, L50, F|\n|poke|p2|Calyrex-Ice, L50|\n|poke|p2|Amoonguss, L50, M|\n|poke|p2|Kyogre, L50|\n|poke|p2|Rillaboom, L50, F|\n|poke|p2|Urshifu-*, L50, F|\n|poke|p2|Roaring Moon, L50|\n|teampreview|4\n|showteam|p1|Miraidon||LifeOrb|HadronEngine|ElectroDrift,DracoMeteor,Protect,DazzlingGleam||||||50|,,,,,Fairy]Iron Hands||AssaultVest|QuarkDrive|WildCharge,LowKick,FakeOut,HeavySlam||||||50|,,,,,Fire]Calyrex-Ice||ClearAmulet|AsOneGlastrier|GlacialLance,HighHorsepower,Protect,TrickRoom||||||50|,,,,,Dragon]Incineroar||RockyHelmet|Intimidate|KnockOff,FlareBlitz,FakeOut,Taunt|||M|||50|,,,,,Poison]Chi-Yu||ChoiceScarf|BeadsofRuin|HeatWave,Snarl,Overheat,DarkPulse||||||50|,,,,,Ghost]Alcremie-Salted-Cream||CovertCloak|AromaVeil|AlluringVoice,Decorate,Protect,Encore|||F|||50|,,,,,Grass\n|showteam|p2|Calyrex-Ice||ClearAmulet|AsOneGlastrier|GlacialLance,HighHorsepower,TrickRoom,Protect||||||50|,,,,,Fire]Amoonguss||RockyHelmet|Regenerator|RagePowder,Spore,SludgeBomb,Protect|||M|||50|,,,,,Fairy]Kyogre||MysticWater|Drizzle|WaterSpout,OriginPulse,IceBeam,Protect||||||50|,,,,,Grass]Rillaboom||AssaultVest|GrassySurge|WoodHammer,GrassyGlide,Uturn,FakeOut|||F|||50|,,,,,Normal]Urshifu-Rapid-Strike||ChoiceScarf|UnseenFist|SurgingStrikes,CloseCombat,AquaJet,Uturn|||F|||50|,,,,,Ghost]Roaring Moon||BoosterEnergy|Protosynthesis|KnockOff,BreakingSwipe,Tailwind,Protect||||||50|,,,,,Poison\n|\n|t:|1746071205\n|start\n|switch|p1a: Calyrex|Calyrex-Ice, L50|100/100\n|switch|p1b: FerroNalgada|Iron Hands, L50|100/100\n|switch|p2a: Kyogre|Kyogre, L50|100/100\n|switch|p2b: Amoonguss|Amoonguss, L50, M|100/100\n|-ability|p1a: Calyrex|As One\n|-ability|p1a: Calyrex|Unnerve\n|-weather|RainDance|[from] ability: Drizzle|[of] p2a: Kyogre\n|turn|1\n|\n|t:|1746071217\n|-end|p1b: FerroNalgada|Quark Drive|[silent]\n|switch|p1b: Miraidon|Miraidon, L50|100/100\n|-fieldstart|move: Electric Terrain|[from] ability: Hadron Engine|[of] p1b: Miraidon\n|-terastallize|p1a: Calyrex|Dragon\n|move|p2a: Kyogre|Water Spout|p1a: Calyrex|[spread] p1a,p1b\n|-resisted|p1a: Calyrex\n|-resisted|p1b: Miraidon\n|-damage|p1a: Calyrex|67/100\n|-damage|p1b: Miraidon|49/100\n|move|p1a: Calyrex|Glacial Lance|p2a: Kyogre|[spread] p2a,p2b\n|-resisted|p2a: Kyogre\n|-supereffective|p2b: Amoonguss\n|-damage|p2a: Kyogre|79/100\n|-damage|p2b: Amoonguss|3/100\n|move|p2b: Amoonguss|Spore|p1a: Calyrex\n|-activate|p1a: Calyrex|move: Electric Terrain\n|\n|-weather|RainDance|[upkeep]\n|upkeep\n|turn|2\n|\n|t:|1746071246\n|move|p2b: Amoonguss|Rage Powder|p2b: Amoonguss\n|-singleturn|p2b: Amoonguss|move: Rage Powder\n|move|p1b: Miraidon|Dazzling Gleam|p2a: Kyogre|[spread] p2a,p2b\n|-resisted|p2b: Amoonguss\n|-damage|p2a: Kyogre|53/100\n|-damage|p2b: Amoonguss|0 fnt\n|faint|p2b: Amoonguss\n|-damage|p1b: Miraidon|39/100|[from] item: Life Orb\n|move|p2a: Kyogre|Water Spout|p1b: Miraidon|[spread] p1a,p1b\n|-resisted|p1a: Calyrex\n|-resisted|p1b: Miraidon\n|-damage|p1a: Calyrex|48/100\n|-damage|p1b: Miraidon|11/100\n|move|p1a: Calyrex|Glacial Lance|p2a: Kyogre\n|-resisted|p2a: Kyogre\n|-damage|p2a: Kyogre|25/100\n|\n|-weather|RainDance|[upkeep]\n|upkeep\n|\n|t:|1746071252\n|switch|p2b: Calyrex|Calyrex-Ice, L50|100/100\n|-ability|p2b: Calyrex|As One\n|-ability|p2b: Calyrex|Unnerve\n|turn|3\n|\n|t:|1746071266\n|switch|p2a: Rillaboom|Rillaboom, L50, F|100/100\n|-fieldstart|move: Grassy Terrain|[from] ability: Grassy Surge|[of] p2a: Rillaboom\n|move|p1a: Calyrex|Protect|p1a: Calyrex\n|-singleturn|p1a: Calyrex|Protect\n|move|p1b: Miraidon|Electro Drift|p2b: Calyrex\n|-damage|p2b: Calyrex|60/100\n|-damage|p1b: Miraidon|1/100|[from] item: Life Orb\n|move|p2b: Calyrex|Glacial Lance|p1a: Calyrex|[spread] p1b\n|-activate|p1a: Calyrex|move: Protect\n|-supereffective|p1b: Miraidon\n|-damage|p1b: Miraidon|0 fnt\n|faint|p1b: Miraidon\n|-ability|p2b: Calyrex|Chilling Neigh|boost\n|-boost|p2b: Calyrex|atk|1\n|\n|-weather|RainDance|[upkeep]\n|-heal|p1a: Calyrex|54/100|[from] Grassy Terrain\n|-heal|p2b: Calyrex|66/100|[from] Grassy Terrain\n|upkeep\n|\n|t:|1746071272\n|switch|p1b: FerroNalgada|Iron Hands, L50|100/100\n|turn|4\n|\n|t:|1746071287\n|switch|p1a: Elena|Alcremie-Salted-Cream, L50, F|100/100\n|move|p2a: Rillaboom|Fake Out|p1b: FerroNalgada\n|-damage|p1b: FerroNalgada|92/100\n|cant|p1b: FerroNalgada|flinch\n|move|p2b: Calyrex|Glacial Lance|p1a: Elena|[spread] p1a,p1b\n|-damage|p1a: Elena|4/100\n|-damage|p1b: FerroNalgada|38/100\n|\n|-weather|RainDance|[upkeep]\n|-heal|p1a: Elena|10/100|[from] Grassy Terrain\n|-heal|p1b: FerroNalgada|44/100|[from] Grassy Terrain\n|-heal|p2b: Calyrex|72/100|[from] Grassy Terrain\n|upkeep\n|turn|5\n|\n|t:|1746071300\n|move|p2a: Rillaboom|Wood Hammer|p1b: FerroNalgada\n|-crit|p1b: FerroNalgada\n|-damage|p1b: FerroNalgada|0 fnt\n|faint|p1b: FerroNalgada\n|-end|p1b: FerroNalgada|Quark Drive|[silent]\n|-damage|p2a: Rillaboom|83/100|[from] Recoil\n|move|p1a: Elena|Decorate|p1: FerroNalgada|[notarget]\n|-fail|p1a: Elena\n|move|p2b: Calyrex|Glacial Lance|p1a: Elena\n|-damage|p1a: Elena|0 fnt\n|faint|p1a: Elena\n|-ability|p2b: Calyrex|Chilling Neigh|boost\n|-boost|p2b: Calyrex|atk|1\n|\n|-weather|none\n|-heal|p2a: Rillaboom|88/100|[from] Grassy Terrain\n|-heal|p2b: Calyrex|78/100|[from] Grassy Terrain\n|upkeep\n|-message|juacox300 forfeited.\n|\n|win|maximilian sheldon\n||juacox300 is ready for game 3.\n||maximilian sheldon is ready for game 3.\n|uhtml|next|Next: <a href=\"/battle-gen9vgc2025regibo3-2354435649\"><strong>Game 3 of 3</strong></a>\n|l|\u2606maximilian sheldon\n|player|p2|\n", "uploadtime": 1746071591, "views": 16, "formatid": "gen9vgc2025regibo3", "rating": null, "private": 0, "password": null}