{"id": "gen9vgc2025regibo3-2354209813", "format": "[Gen 9] VGC 2025 Reg I (Bo3)", "players": ["hbernabe", "lorghez"], "log": "|j|\u2606hbernabe\n|j|\u2606lorghez\n|html|<table width=\"100%\"><tr><td align=\"left\">hbernabe</td><td align=\"right\">lorghez</tr><tr><td align=\"left\"><i class=\"fa fa-circle-o\"></i> <i class=\"fa fa-circle-o\"></i> </td><td align=\"right\"><i class=\"fa fa-circle-o\"></i> <i class=\"fa fa-circle\"></i> </tr></table>\n|uhtml|bestof|<h2><strong>Game 2</strong> of <a href=\"/game-bestof3-gen9vgc2025regibo3-2354207140\">a best-of-3</a></h2>\n|t:|1746044924\n|gametype|doubles\n|player|p1|hbernabe|ethan|1074\n|player|p2|lorghez|102|1083\n|teamsize|p1|6\n|teamsize|p2|6\n|gen|9\n|tier|[Gen 9] VGC 2025 Reg I (Bo3)\n|rated|\n|rule|Species Clause: Limit one of each Pok\u00e9mon\n|rule|Item Clause: Limit 1 of each item\n|clearpoke\n|poke|p1|Rabsca, L50, F|\n|poke|p1|Indeedee-F, L50, F|\n|poke|p1|Weezing-Galar, L50, F|\n|poke|p1|Iron Hands, L50|\n|poke|p1|Zamazenta-*, L50|\n|poke|p1|Calyrex-Shadow, L50|\n|poke|p2|Miraidon, L50|\n|poke|p2|Landorus, L50, M|\n|poke|p2|Iron Hands, L50|\n|poke|p2|Scizor, L50, M|\n|poke|p2|Farigiraf, L50, M|\n|poke|p2|Kyogre, L50|\n|teampreview|4\n|showteam|p1|Rabsca||PsychicSeed|Telepathy|ExpandingForce,SkillSwap,DazzlingGleam,SpeedSwap|||F|||50|,,,,,Fairy]Indeedee-F||SafetyGoggles|PsychicSurge|FollowMe,HelpingHand,Psyshock,TrickRoom|||F|||50|,,,,,Fairy]Weezing-Galar||MentalHerb|NeutralizingGas|ToxicSpikes,DazzlingGleam,PoisonGas,Protect|||F|||50|,,,,,Grass]Iron Hands||AssaultVest|QuarkDrive|BrickBreak,DrainPunch,Earthquake,ThunderPunch||||||50|,,,,,Ground]Zamazenta-Crowned||RustedShield|DauntlessShield|BodyPress,BrickBreak,HeavySlam,WideGuard||||||50|,,,,,Ghost]Calyrex-Shadow||LifeOrb|AsOneSpectrier|AstralBarrage,ExpandingForce,PollenPuff,Protect||||||50|,,,,,Normal\n|showteam|p2|Miraidon||Leftovers|HadronEngine|CalmMind,Protect,DracoMeteor,ElectroDrift||||||50|,,,,,Electric]Landorus||LifeOrb|SheerForce|SandsearStorm,EarthPower,Protect,SludgeBomb|||M|||50|,,,,,Water]Iron Hands||AssaultVest|QuarkDrive|FakeOut,VoltSwitch,LowKick,DrainPunch||||||50|,,,,,Bug]Scizor||FocusSash|Technician|BulletPunch,DualWingbeat,Protect,Tailwind|||M|||50|,,,,,Ghost]Farigiraf||ElectricSeed|ArmorTail|Protect,TrickRoom,PsychicNoise,FoulPlay|||M|||50|,,,,,Dark]Kyogre||MysticWater|Drizzle|OriginPulse,IceBeam,Thunder,Protect||||||50|,,,,,Grass\n|inactive|Battle timer is ON: inactive players will automatically lose when time's up. (requested by hbernabe)\n|inactive|lorghez has 60 seconds left.\n|\n|t:|1746044959\n|start\n|switch|p1a: Indeedee|Indeedee-F, L50, F|100/100\n|switch|p1b: Rabsca|Rabsca, L50, F|100/100\n|switch|p2a: Farigiraf|Farigiraf, L50, M|100/100\n|switch|p2b: Landorus|Landorus, L50, M|100/100\n|-fieldstart|move: Psychic Terrain|[from] ability: Psychic Surge|[of] p1a: Indeedee\n|-enditem|p1b: Rabsca|Psychic Seed\n|-boost|p1b: Rabsca|spd|1|[from] item: Psychic Seed\n|turn|1\n|inactive|hbernabe has 30 seconds left.\n|inactive|lorghez has 30 seconds left.\n|inactive|hbernabe has 20 seconds left.\n|inactive|lorghez has 20 seconds left.\n|\n|t:|1746044999\n|switch|p2b: Miraidon|Miraidon, L50|100/100\n|-fieldstart|move: Electric Terrain|[from] ability: Hadron Engine|[of] p2b: Miraidon\n|-enditem|p2a: Farigiraf|Electric Seed\n|-boost|p2a: Farigiraf|def|1|[from] item: Electric Seed\n|move|p2a: Farigiraf|Foul Play|p1b: Rabsca\n|-supereffective|p1b: Rabsca\n|-damage|p1b: Rabsca|79/100\n|move|p1b: Rabsca|Expanding Force|p2b: Miraidon\n|-damage|p2b: Miraidon|68/100\n|move|p1a: Indeedee|Trick Room|p1a: Indeedee\n|-fieldstart|move: Trick Room|[of] p1a: Indeedee\n|\n|-heal|p2b: Miraidon|74/100|[from] item: Leftovers\n|upkeep\n|turn|2\n|\n|t:|1746045016\n|-terastallize|p1b: Rabsca|Fairy\n|move|p1a: Indeedee|Helping Hand|p1b: Rabsca\n|-singleturn|p1b: Rabsca|Helping Hand|[of] p1a: Indeedee\n|move|p1b: Rabsca|Dazzling Gleam|p2b: Miraidon|[spread] p2a,p2b\n|-supereffective|p2b: Miraidon\n|-damage|p2a: Farigiraf|66/100\n|-damage|p2b: Miraidon|4/100\n|move|p2b: Miraidon|Calm Mind|p2b: Miraidon\n|-boost|p2b: Miraidon|spa|1\n|-boost|p2b: Miraidon|spd|1\n|move|p2a: Farigiraf|Trick Room|p2a: Farigiraf\n|-fieldend|move: Trick Room\n|\n|-heal|p2b: Miraidon|10/100|[from] item: Leftovers\n|upkeep\n|turn|3\n|inactive|lorghez has 30 seconds left.\n|\n|t:|1746045047\n|-terastallize|p2b: Miraidon|Electric\n|move|p1a: Indeedee|Follow Me|p1a: Indeedee\n|-singleturn|p1a: Indeedee|move: Follow Me\n|move|p2b: Miraidon|Electro Drift|p1a: Indeedee\n|-damage|p1a: Indeedee|0 fnt\n|faint|p1a: Indeedee\n|move|p2a: Farigiraf|Psychic Noise|p1b: Rabsca\n|-damage|p1b: Rabsca|58/100\n|-start|p1b: Rabsca|move: Heal Block\n|move|p1b: Rabsca|Dazzling Gleam|p2b: Miraidon|[spread] p2a,p2b\n|-damage|p2a: Farigiraf|41/100\n|-damage|p2b: Miraidon|0 fnt\n|faint|p2b: Miraidon\n|\n|upkeep\n|\n|t:|1746045065\n|switch|p2b: Iron Hands|Iron Hands, L50|100/100\n|switch|p1a: Calyrex|Calyrex-Shadow, L50|100/100\n|-ability|p1a: Calyrex|As One\n|-ability|p1a: Calyrex|Unnerve\n|-activate|p2b: Iron Hands|ability: Quark Drive\n|-start|p2b: Iron Hands|quarkdriveatk\n|turn|4\n|\n|t:|1746045084\n|move|p2b: Iron Hands|Fake Out|p1b: Rabsca\n|-damage|p1b: Rabsca|40/100\n|move|p1a: Calyrex|Expanding Force|p2b: Iron Hands\n|-supereffective|p2b: Iron Hands\n|-damage|p2b: Iron Hands|29/100\n|-damage|p1a: Calyrex|91/100|[from] item: Life Orb\n|move|p2a: Farigiraf|Foul Play|p1a: Calyrex\n|-supereffective|p1a: Calyrex\n|-damage|p1a: Calyrex|6/100\n|cant|p1b: Rabsca|flinch\n|\n|-end|p1b: Rabsca|move: Heal Block\n|upkeep\n|turn|5\n|\n|t:|1746045103\n|move|p1a: Calyrex|Astral Barrage|p2b: Iron Hands|[spread] p2b\n|-immune|p2a: Farigiraf\n|-damage|p2b: Iron Hands|0 fnt\n|faint|p2b: Iron Hands\n|-end|p2b: Iron Hands|Quark Drive|[silent]\n|-ability|p1a: Calyrex|Grim Neigh|boost\n|-boost|p1a: Calyrex|spa|1\n|-damage|p1a: Calyrex|0 fnt|[from] item: Life Orb\n|faint|p1a: Calyrex\n|move|p2a: Farigiraf|Psychic Noise|p1b: Rabsca\n|-damage|p1b: Rabsca|20/100\n|-start|p1b: Rabsca|move: Heal Block\n|move|p1b: Rabsca|Dazzling Gleam|p2a: Farigiraf\n|-damage|p2a: Farigiraf|6/100\n|\n|-fieldend|move: Electric Terrain\n|upkeep\n|inactive|lorghez has 30 seconds left.\n|\n|t:|1746045132\n|switch|p1a: Iron Hands|Iron Hands, L50, shiny|100/100\n|switch|p2b: Landorus|Landorus, L50, M|100/100\n|turn|6\n|\n|t:|1746045151\n|move|p2b: Landorus|Sandsear Storm|p1a: Iron Hands|[spread] p1a,p1b\n|-supereffective|p1a: Iron Hands\n|-damage|p1a: Iron Hands|31/100\n|-damage|p1b: Rabsca|0 fnt\n|faint|p1b: Rabsca\n|move|p2a: Farigiraf|Psychic Noise|p1a: Iron Hands\n|-supereffective|p1a: Iron Hands\n|-damage|p1a: Iron Hands|0 fnt\n|faint|p1a: Iron Hands\n|-end|p1a: Iron Hands|Quark Drive|[silent]\n|\n|win|lorghez\n|raw|hbernabe's rating: 1074 &rarr; <strong>1053</strong><br />(-21 for losing)\n|raw|lorghez's rating: 1083 &rarr; <strong>1110</strong><br />(+27 for winning)\n|l|\u2606hbernabe\n|player|p1|\n|l|\u2606lorghez\n|player|p2|\n", "uploadtime": 1746045485, "views": 6, "formatid": "gen9vgc2025regibo3", "rating": 1053, "private": 0, "password": null}