{"id": "gen9vgc2025regibo3-2354600100", "format": "[Gen 9] VGC 2025 Reg I (Bo3)", "players": ["ellivgc", "ahyy"], "log": "|j|\u2606ellivgc\n|j|\u203dahyy\n|html|<table width=\"100%\"><tr><td align=\"left\">ellivgc</td><td align=\"right\">ahyy</tr><tr><td align=\"left\"><i class=\"fa fa-circle\"></i> <i class=\"fa fa-circle-o\"></i> </td><td align=\"right\"><i class=\"fa fa-circle-o\"></i> <i class=\"fa fa-circle-o\"></i> </tr></table>\n|uhtml|bestof|<h2><strong>Game 2</strong> of <a href=\"/game-bestof3-gen9vgc2025regibo3-2354599039\">a best-of-3</a></h2>\n|t:|1746101082\n|gametype|doubles\n|player|p1|ellivgc|265|1000\n|player|p2|ahyy|265|1016\n|teamsize|p1|6\n|teamsize|p2|6\n|gen|9\n|tier|[Gen 9] VGC 2025 Reg I (Bo3)\n|rated|\n|rule|Species Clause: Limit one of each Pok\u00e9mon\n|rule|Item Clause: Limit 1 of each item\n|clearpoke\n|poke|p1|Calyrex-Shadow, L50|\n|poke|p1|Koraidon, L50|\n|poke|p1|Ditto, L50|\n|poke|p1|Brute Bonnet, L50|\n|poke|p1|Whimsicott, L50, F|\n|poke|p1|Chi-Yu, L50|\n|poke|p2|Gogoat, L50, M|\n|poke|p2|Rillaboom, L50, M|\n|poke|p2|Groudon, L50|\n|poke|p2|Reshiram, L50|\n|poke|p2|Jumpluff, L50, M|\n|poke|p2|Frosmoth, L50, M|\n|teampreview|4\n|showteam|p1|Calyrex-Shadow||LifeOrb|AsOneSpectrier|AstralBarrage,Psychic,Substitute,Protect||||||50|,,,,,Ghost]Koraidon||ClearAmulet|OrichalcumPulse|CollisionCourse,FlameCharge,FlareBlitz,Protect||||||50|,,,,,Fire]Ditto||FocusSash|Imposter|Transform||||||50|,,,,,Normal]Brute Bonnet||RockyHelmet|Protosynthesis|SeedBomb,SuckerPunch,Spore,RagePowder||||||50|,,,,,Water]Whimsicott||CovertCloak|Prankster|Moonblast,LightScreen,Tailwind,Encore|||F|||50|,,,,,Dark]Chi-Yu||ChoiceScarf|BeadsofRuin|HeatWave,Snarl,Overheat,DarkPulse||||||50|,,,,,Ghost\n|showteam|p2|Gogoat||GrassySeed|GrassPelt|LeafBlade,HighHorsepower,ThroatChop,PlayRough|||M|||50|,,,,,Dark]Rillaboom||AssaultVest|GrassySurge|GrassyGlide,FakeOut,Uturn,DrumBeating|||M|||50|,,,,,Water]Groudon||ClearAmulet|Drought|PrecipiceBlades,HeavySlam,Protect,Crunch||||||50|,,,,,Normal]Reshiram||Charcoal|Turboblaze|FusionFlare,DragonPulse,ShadowBall,Protect||||||50|,,,,,Fairy]Jumpluff||CovertCloak|Chlorophyll|Tailwind,RagePowder,Encore,SleepPowder|||M|||50|,,,,,Grass]Frosmoth||SafetyGoggles|IceScales|WideGuard,Protect,IceBeam,BugBuzz|||M|||50|,,,,,Steel\n|inactive|Battle timer is ON: inactive players will automatically lose when time's up. (requested by ahyy)\n|inactive|ellivgc has 60 seconds left.\n|\n|t:|1746101113\n|start\n|switch|p1a: Koraidon|Koraidon, L50|100/100\n|switch|p1b: Chi-Yu|Chi-Yu, L50|100/100\n|switch|p2a: Jumpluff|Jumpluff, L50, M|100/100\n|switch|p2b: Rillaboom|Rillaboom, L50, M, shiny|100/100\n|-ability|p1b: Chi-Yu|Beads of Ruin\n|-weather|SunnyDay|[from] ability: Orichalcum Pulse|[of] p1a: Koraidon\n|-activate|p1a: Koraidon|Orichalcum Pulse|[source]\n|-fieldstart|move: Grassy Terrain|[from] ability: Grassy Surge|[of] p2b: Rillaboom\n|turn|1\n|inactive|ahyy has 30 seconds left.\n|inactive|ahyy has 20 seconds left.\n|inactive|ahyy has 15 seconds left.\n|\n|t:|1746101155\n|switch|p2a: Reshiram|Reshiram, L50, shiny|100/100\n|-ability|p2a: Reshiram|Turboblaze\n|move|p1b: Chi-Yu|Heat Wave|p2b: Rillaboom|[spread] p2a\n|-miss|p1b: Chi-Yu|p2b: Rillaboom\n|-resisted|p2a: Reshiram\n|-damage|p2a: Reshiram|84/100\n|move|p1a: Koraidon|Flare Blitz|p2a: Reshiram\n|-resisted|p2a: Reshiram\n|-damage|p2a: Reshiram|64/100\n|-damage|p1a: Koraidon|94/100|[from] Recoil\n|move|p2b: Rillaboom|Drum Beating|p1b: Chi-Yu\n|-resisted|p1b: Chi-Yu\n|-damage|p1b: Chi-Yu|59/100\n|-unboost|p1b: Chi-Yu|spe|1\n|\n|-weather|SunnyDay|[upkeep]\n|-heal|p1a: Koraidon|99/100|[from] Grassy Terrain\n|-heal|p1b: Chi-Yu|65/100|[from] Grassy Terrain\n|-heal|p2a: Reshiram|70/100|[from] Grassy Terrain\n|upkeep\n|turn|2\n|inactive|ellivgc has 30 seconds left.\n|inactive|ahyy has 30 seconds left.\n|inactive|ahyy has 20 seconds left.\n|\n|t:|1746101194\n|switch|p1b: Ditto|Ditto, L50|100/100\n|-transform|p1b: Ditto|p2a: Reshiram|[from] ability: Imposter\n|-ability|p1b: Ditto|Turboblaze\n|move|p1a: Koraidon|Flare Blitz|p2b: Rillaboom\n|-supereffective|p2b: Rillaboom\n|-damage|p2b: Rillaboom|0 fnt\n|faint|p2b: Rillaboom\n|-damage|p1a: Koraidon|65/100|[from] Recoil\n|move|p2a: Reshiram|Dragon Pulse|p1a: Koraidon\n|-supereffective|p1a: Koraidon\n|-damage|p1a: Koraidon|0 fnt\n|faint|p1a: Koraidon\n|\n|-weather|SunnyDay|[upkeep]\n|-heal|p2a: Reshiram|76/100|[from] Grassy Terrain\n|upkeep\n|\n|t:|1746101217\n|switch|p1a: Calyrex|Calyrex-Shadow, L50|100/100\n|switch|p2b: Jumpluff|Jumpluff, L50, M|100/100\n|-ability|p1a: Calyrex|As One\n|-ability|p1a: Calyrex|Unnerve\n|turn|3\n|inactive|ellivgc has 30 seconds left.\n|\n|t:|1746101251\n|-terastallize|p1b: Ditto|Normal\n|move|p2b: Jumpluff|Tailwind|p2b: Jumpluff\n|-sidestart|p2: ahyy|move: Tailwind\n|move|p2a: Reshiram|Shadow Ball|p1a: Calyrex\n|-supereffective|p1a: Calyrex\n|-damage|p1a: Calyrex|0 fnt\n|faint|p1a: Calyrex\n|move|p1b: Ditto|Fusion Flare|p2b: Jumpluff\n|-supereffective|p2b: Jumpluff\n|-damage|p2b: Jumpluff|0 fnt\n|faint|p2b: Jumpluff\n|\n|-weather|SunnyDay|[upkeep]\n|-heal|p2a: Reshiram|82/100|[from] Grassy Terrain\n|upkeep\n|\n|t:|1746101268\n|switch|p1a: Chi-Yu|Chi-Yu, L50|65/100\n|switch|p2b: Groudon|Groudon, L50|100/100\n|-ability|p1a: Chi-Yu|Beads of Ruin\n|turn|4\n|inactive|ahyy has 30 seconds left.\n|\n|t:|1746101293\n|move|p2a: Reshiram|Dragon Pulse|p1b: Ditto\n|-damage|p1b: Ditto|33/100\n|move|p1a: Chi-Yu|Snarl|p2b: Groudon|[spread] p2b\n|-miss|p1a: Chi-Yu|p2a: Reshiram\n|-damage|p2b: Groudon|71/100\n|move|p2b: Groudon|Heavy Slam|p1a: Chi-Yu\n|-resisted|p1a: Chi-Yu\n|-damage|p1a: Chi-Yu|24/100\n|move|p1b: Ditto|Fusion Flare|p2b: Groudon\n|-damage|p2b: Groudon|0 fnt\n|faint|p2b: Groudon\n|\n|-weather|SunnyDay|[upkeep]\n|-heal|p2a: Reshiram|88/100|[from] Grassy Terrain\n|-heal|p1a: Chi-Yu|30/100|[from] Grassy Terrain\n|-heal|p1b: Ditto|39/100|[from] Grassy Terrain\n|upkeep\n|turn|5\n|\n|t:|1746101318\n|move|p1b: Ditto|Protect|p1b: Ditto\n|-singleturn|p1b: Ditto|Protect\n|move|p2a: Reshiram|Dragon Pulse|p1b: Ditto\n|-activate|p1b: Ditto|move: Protect\n|move|p1a: Chi-Yu|Snarl|p2a: Reshiram\n|-damage|p2a: Reshiram|54/100\n|-unboost|p2a: Reshiram|spa|1\n|\n|-weather|none\n|-heal|p2a: Reshiram|60/100|[from] Grassy Terrain\n|-heal|p1a: Chi-Yu|36/100|[from] Grassy Terrain\n|-heal|p1b: Ditto|44/100|[from] Grassy Terrain\n|-fieldend|move: Grassy Terrain\n|upkeep\n|turn|6\n|\n|t:|1746101334\n|move|p2a: Reshiram|Dragon Pulse|p1b: Ditto\n|-damage|p1b: Ditto|0 fnt\n|faint|p1b: Ditto\n|move|p1a: Chi-Yu|Snarl|p2a: Reshiram\n|-damage|p2a: Reshiram|24/100\n|-unboost|p2a: Reshiram|spa|1\n|\n|-sideend|p2: ahyy|move: Tailwind\n|upkeep\n|turn|7\n|inactive|ahyy has 30 seconds left.\n|\n|t:|1746101360\n|move|p1a: Chi-Yu|Snarl|p2a: Reshiram\n|-damage|p2a: Reshiram|0 fnt\n|faint|p2a: Reshiram\n|\n|win|ellivgc\n|raw|ellivgc's rating: 1040 &rarr; <strong>1072</strong><br />(+32 for winning)\n|raw|ahyy's rating: 1016 &rarr; <strong>1004</strong><br />(-12 for losing)\n|l|\u203dahyy\n|player|p2|\n", "uploadtime": 1746101369, "views": 10, "formatid": "gen9vgc2025regibo3", "rating": 1004, "private": 0, "password": null}