{"id": "gen9vgc2025regibo3-2354756673", "format": "[Gen 9] VGC 2025 Reg I (Bo3)", "players": ["Tugi", "RouletteVGC"], "log": "|j|\u2606Tugi\n|j|\u2606RouletteVGC\n|html|<table width=\"100%\"><tr><td align=\"left\">Tugi</td><td align=\"right\">RouletteVGC</tr><tr><td align=\"left\"><i class=\"fa fa-circle\"></i> <i class=\"fa fa-circle-o\"></i> </td><td align=\"right\"><i class=\"fa fa-circle-o\"></i> <i class=\"fa fa-circle-o\"></i> </tr></table>\n|uhtml|bestof|<h2><strong>Game 2</strong> of <a href=\"/game-bestof3-gen9vgc2025regibo3-2354751452\">a best-of-3</a></h2>\n|t:|1746117048\n|gametype|doubles\n|player|p1|Tugi|102|1127\n|player|p2|RouletteVGC|steven|1034\n|teamsize|p1|6\n|teamsize|p2|6\n|gen|9\n|tier|[Gen 9] VGC 2025 Reg I (Bo3)\n|rated|\n|rule|Species Clause: Limit one of each Pok\u00e9mon\n|rule|Item Clause: Limit 1 of each item\n|clearpoke\n|poke|p1|Incineroar, L50, M|\n|poke|p1|Tornadus, L50, M|\n|poke|p1|Terapagos, L50, M|\n|poke|p1|Ogerpon-Cornerstone, L50, F|\n|poke|p1|Calyrex-Shadow, L50|\n|poke|p1|Rillaboom, L50, F|\n|poke|p2|Sneasler, L50, M|\n|poke|p2|Rayquaza, L50|\n|poke|p2|Zamazenta-*, L50|\n|poke|p2|Rillaboom, L50, M|\n|poke|p2|Urshifu-*, L50, M|\n|poke|p2|Farigiraf, L50, M|\n|teampreview|4\n|showteam|p1|Incineroar||RockyHelmet|Intimidate|PartingShot,FakeOut,KnockOff,WillOWisp|||M|||50|,,,,,Ghost]Tornadus||CovertCloak|Prankster|BleakwindStorm,RainDance,Taunt,Tailwind|||M|||50|,,,,,Steel]Terapagos||Leftovers|TeraShift|Protect,CalmMind,EarthPower,TeraStarstorm|||M|||50|,,,,,Stellar]Ogerpon-Cornerstone||CornerstoneMask|Sturdy|IvyCudgel,FollowMe,PowerWhip,SpikyShield|||F|||50|,,,,,Rock]Calyrex-Shadow||FocusSash|AsOneSpectrier|AstralBarrage,Protect,Disable,Psychic||||||50|,,,,,Ghost]Rillaboom||AssaultVest|GrassySurge|FakeOut,DrumBeating,Uturn,GrassyGlide|||F|||50|,,,,,Fire\n|showteam|p2|Sneasler||GrassySeed|Unburden|CloseCombat,DireClaw,Acrobatics,BulkUp|||M|||50|,,,,,Dark]Rayquaza||CovertCloak|AirLock|ExtremeSpeed,DragonAscent,DragonClaw,RockSlide||||||50|,,,,,Normal]Zamazenta-Crowned||RustedShield|DauntlessShield|BodyPress,HeavySlam,WideGuard,Protect||||||50|,,,,,Dragon]Rillaboom||AssaultVest|GrassySurge|FakeOut,GrassyGlide,WoodHammer,KnockOff|||M|||50|,,,,,Fire]Urshifu-Rapid-Strike||ChoiceBand|UnseenFist|AquaJet,SurgingStrikes,CloseCombat,Detect|||M|||50|,,,,,Water]Farigiraf||SafetyGoggles|ArmorTail|DazzlingGleam,HyperVoice,HelpingHand,TrickRoom|||M|||50|,,,,,Dark\n|inactive|Battle timer is ON: inactive players will automatically lose when time's up. (requested by RouletteVGC)\n|inactive|Tugi has 60 seconds left.\n|inactive|RouletteVGC has 60 seconds left.\n|inactive|RouletteVGC has 30 seconds left.\n|inactive|Tugi has 30 seconds left.\n|inactive|Tugi has 20 seconds left.\n|inactive|Tugi has 15 seconds left.\n|inactive|Tugi has 10 seconds left.\n|inactive|Tugi has 5 seconds left.\n|\n|t:|1746117149\n|start\n|switch|p1a: Terapagos|Terapagos, L50, M|100/100\n|switch|p1b: Tornadus|Tornadus, L50, M|100/100\n|switch|p2a: Zamazenta|Zamazenta-Crowned, L50|100/100\n|switch|p2b: Sneasler|Sneasler, L50, M|100/100\n|-activate|p1a: Terapagos|ability: Tera Shift\n|detailschange|p1a: Terapagos|Terapagos-Terastal, L50, M\n|-heal|p1a: Terapagos|100/100|[silent]\n|-ability|p2a: Zamazenta|Dauntless Shield|boost\n|-boost|p2a: Zamazenta|def|1\n|turn|1\n|inactive|Tugi has 30 seconds left.\n|inactive|RouletteVGC has 30 seconds left.\n|\n|t:|1746117177\n|move|p1a: Terapagos|Protect|p1a: Terapagos\n|-singleturn|p1a: Terapagos|Protect\n|move|p1b: Tornadus|Taunt|p2a: Zamazenta\n|-start|p2a: Zamazenta|move: Taunt\n|move|p2b: Sneasler|Bulk Up|p2b: Sneasler\n|-boost|p2b: Sneasler|atk|1\n|-boost|p2b: Sneasler|def|1\n|move|p2a: Zamazenta|Heavy Slam|p1b: Tornadus\n|-damage|p1b: Tornadus|34/100\n|\n|upkeep\n|turn|2\n|inactive|Tugi has 30 seconds left.\n|inactive|RouletteVGC has 30 seconds left.\n|inactive|Tugi has 20 seconds left.\n|\n|t:|1746117214\n|move|p1b: Tornadus|Tailwind|p1b: Tornadus\n|-sidestart|p1: Tugi|move: Tailwind\n|move|p1a: Terapagos|Earth Power|p2b: Sneasler\n|-supereffective|p2b: Sneasler\n|-damage|p2b: Sneasler|32/100\n|move|p2b: Sneasler|Close Combat|p1a: Terapagos\n|-activate|p1a: Terapagos|ability: Tera Shell\n|-resisted|p1a: Terapagos\n|-damage|p1a: Terapagos|59/100\n|-unboost|p2b: Sneasler|def|1\n|-unboost|p2b: Sneasler|spd|1\n|move|p2a: Zamazenta|Body Press|p1a: Terapagos\n|-supereffective|p1a: Terapagos\n|-damage|p1a: Terapagos|0 fnt\n|faint|p1a: Terapagos\n|\n|upkeep\n|\n|t:|1746117229\n|switch|p1a: Calyrex|Calyrex-Shadow, L50|100/100\n|-ability|p1a: Calyrex|As One\n|-ability|p1a: Calyrex|Unnerve\n|turn|3\n|\n|t:|1746117248\n|-terastallize|p1a: Calyrex|Ghost\n|move|p1a: Calyrex|Astral Barrage|p2b: Sneasler|[spread] p2a,p2b\n|-damage|p2a: Zamazenta|57/100\n|-damage|p2b: Sneasler|0 fnt\n|faint|p2b: Sneasler\n|-ability|p1a: Calyrex|Grim Neigh|boost\n|-boost|p1a: Calyrex|spa|1\n|move|p1b: Tornadus|Bleakwind Storm|p2a: Zamazenta\n|-damage|p2a: Zamazenta|32/100\n|move|p2a: Zamazenta|Heavy Slam|p1a: Calyrex\n|-damage|p1a: Calyrex|44/100\n|\n|-end|p2a: Zamazenta|move: Taunt\n|upkeep\n|\n|t:|1746117266\n|switch|p2b: Urshifu|Urshifu-Rapid-Strike, L50, M|100/100\n|turn|4\n|\n|t:|1746117286\n|switch|p1a: Incineroar|Incineroar, L50, M|100/100\n|-ability|p1a: Incineroar|Intimidate|boost\n|-unboost|p2a: Zamazenta|atk|1\n|-unboost|p2b: Urshifu|atk|1\n|-terastallize|p2b: Urshifu|Water\n|move|p2a: Zamazenta|Wide Guard|p2a: Zamazenta\n|-singleturn|p2a: Zamazenta|Wide Guard\n|move|p2b: Urshifu|Aqua Jet|p1a: Incineroar\n|-supereffective|p1a: Incineroar\n|-damage|p1a: Incineroar|60/100\n|-damage|p2b: Urshifu|84/100|[from] item: Rocky Helmet|[of] p1a: Incineroar\n|move|p1b: Tornadus|Bleakwind Storm|p2b: Urshifu|[spread] \n|-activate|p2a: Zamazenta|move: Wide Guard\n|-activate|p2b: Urshifu|move: Wide Guard\n|\n|upkeep\n|turn|5\n|\n|t:|1746117308\n|switch|p2b: Rayquaza|Rayquaza, L50|100/100\n|-ability|p2b: Rayquaza|Air Lock\n|move|p2a: Zamazenta|Protect||[still]\n|-fail|p2a: Zamazenta\n|move|p1b: Tornadus|Taunt|p2a: Zamazenta\n|-start|p2a: Zamazenta|move: Taunt\n|move|p1a: Incineroar|Parting Shot|p2b: Rayquaza\n|-unboost|p2b: Rayquaza|atk|1\n|-unboost|p2b: Rayquaza|spa|1\n|\n|t:|1746117318\n|switch|p1a: Calyrex|Calyrex-Shadow, L50, tera:Ghost|44/100|[from] Parting Shot\n|-ability|p1a: Calyrex|As One\n|-ability|p1a: Calyrex|Unnerve\n|\n|-sideend|p1: Tugi|move: Tailwind\n|upkeep\n|turn|6\n|\n|t:|1746117339\n|move|p1a: Calyrex|Astral Barrage|p2b: Rayquaza|[spread] p2a,p2b\n|-damage|p2a: Zamazenta|0 fnt\n|-damage|p2b: Rayquaza|34/100\n|faint|p2a: Zamazenta\n|-ability|p1a: Calyrex|Grim Neigh|boost\n|-boost|p1a: Calyrex|spa|1\n|move|p1b: Tornadus|Bleakwind Storm|p2b: Rayquaza\n|-damage|p2b: Rayquaza|0 fnt\n|faint|p2b: Rayquaza\n|\n|upkeep\n|\n|t:|1746117350\n|switch|p2b: Urshifu|Urshifu-Rapid-Strike, L50, M, tera:Water|84/100\n|turn|7\n|inactive|Tugi has 30 seconds left.\n|\n|t:|1746117383\n|switch|p1a: Incineroar|Incineroar, L50, M|60/100\n|-ability|p1a: Incineroar|Intimidate|boost\n|-unboost|p2b: Urshifu|atk|1\n|move|p2b: Urshifu|Aqua Jet|p1a: Incineroar\n|-supereffective|p1a: Incineroar\n|-damage|p1a: Incineroar|22/100\n|-damage|p2b: Urshifu|67/100|[from] item: Rocky Helmet|[of] p1a: Incineroar\n|move|p1b: Tornadus|Bleakwind Storm|p2b: Urshifu\n|-damage|p2b: Urshifu|6/100\n|-unboost|p2b: Urshifu|spe|1\n|\n|upkeep\n|turn|8\n|\n|t:|1746117397\n|move|p1a: Incineroar|Fake Out|p2b: Urshifu\n|-damage|p2b: Urshifu|0 fnt\n|faint|p2b: Urshifu\n|\n|win|Tugi\n|raw|Tugi's rating: 1127 &rarr; <strong>1145</strong><br />(+18 for winning)\n|raw|RouletteVGC's rating: 1034 &rarr; <strong>1023</strong><br />(-11 for losing)\n|l|\u2606RouletteVGC\n|player|p2|\n|c|\u2606Tugi|gg\n", "uploadtime": 1746117417, "views": 7, "formatid": "gen9vgc2025regibo3", "rating": 1023, "private": 0, "password": null}