{"id": "gen9vgc2025regibo3-2354433535", "format": "[Gen 9] VGC 2025 Reg I (Bo3)", "players": ["juacox300", "maximilian sheldon"], "log": "|j|\u2606juacox300\n|j|\u2606maximilian sheldon\n|html|<table width=\"100%\"><tr><td align=\"left\">juacox300</td><td align=\"right\">maximilian sheldon</tr><tr><td align=\"left\"><i class=\"fa fa-circle-o\"></i> <i class=\"fa fa-circle-o\"></i> </td><td align=\"right\"><i class=\"fa fa-circle-o\"></i> <i class=\"fa fa-circle-o\"></i> </tr></table>\n|uhtml|bestof|<h2><strong>Game 1</strong> of <a href=\"/game-bestof3-gen9vgc2025regibo3-2354433534\">a best-of-3</a></h2>\n|t:|1746071015\n|gametype|doubles\n|player|p1|juacox300|unknown|1381\n|player|p2|maximilian sheldon|266|1506\n|teamsize|p1|6\n|teamsize|p2|6\n|gen|9\n|tier|[Gen 9] VGC 2025 Reg I (Bo3)\n|rated|\n|rule|Species Clause: Limit one of each Pok\u00e9mon\n|rule|Item Clause: Limit 1 of each item\n|clearpoke\n|poke|p1|Miraidon, L50|\n|poke|p1|Iron Hands, L50|\n|poke|p1|Calyrex-Ice, L50|\n|poke|p1|Incineroar, L50, M|\n|poke|p1|Chi-Yu, L50|\n|poke|p1|Alcremie-Salted-Cream, L50, F|\n|poke|p2|Calyrex-Ice, L50|\n|poke|p2|Amoonguss, L50, M|\n|poke|p2|Kyogre, L50|\n|poke|p2|Rillaboom, L50, F|\n|poke|p2|Urshifu-*, L50, F|\n|poke|p2|Roaring Moon, L50|\n|teampreview|4\n|showteam|p1|Miraidon||LifeOrb|HadronEngine|ElectroDrift,DracoMeteor,Protect,DazzlingGleam||||||50|,,,,,Fairy]Iron Hands||AssaultVest|QuarkDrive|WildCharge,LowKick,FakeOut,HeavySlam||||||50|,,,,,Fire]Calyrex-Ice||ClearAmulet|AsOneGlastrier|GlacialLance,HighHorsepower,Protect,TrickRoom||||||50|,,,,,Dragon]Incineroar||RockyHelmet|Intimidate|KnockOff,FlareBlitz,FakeOut,Taunt|||M|||50|,,,,,Poison]Chi-Yu||ChoiceScarf|BeadsofRuin|HeatWave,Snarl,Overheat,DarkPulse||||||50|,,,,,Ghost]Alcremie-Salted-Cream||CovertCloak|AromaVeil|AlluringVoice,Decorate,Protect,Encore|||F|||50|,,,,,Grass\n|showteam|p2|Calyrex-Ice||ClearAmulet|AsOneGlastrier|GlacialLance,HighHorsepower,TrickRoom,Protect||||||50|,,,,,Fire]Amoonguss||RockyHelmet|Regenerator|RagePowder,Spore,SludgeBomb,Protect|||M|||50|,,,,,Fairy]Kyogre||MysticWater|Drizzle|WaterSpout,OriginPulse,IceBeam,Protect||||||50|,,,,,Grass]Rillaboom||AssaultVest|GrassySurge|WoodHammer,GrassyGlide,Uturn,FakeOut|||F|||50|,,,,,Normal]Urshifu-Rapid-Strike||ChoiceScarf|UnseenFist|SurgingStrikes,CloseCombat,AquaJet,Uturn|||F|||50|,,,,,Ghost]Roaring Moon||BoosterEnergy|Protosynthesis|KnockOff,BreakingSwipe,Tailwind,Protect||||||50|,,,,,Poison\n|inactive|Battle timer is ON: inactive players will automatically lose when time's up. (requested by maximilian sheldon)\n|\n|t:|1746071061\n|start\n|switch|p1a: Calyrex|Calyrex-Ice, L50|100/100\n|switch|p1b: Elena|Alcremie-Salted-Cream, L50, F|100/100\n|switch|p2a: Calyrex|Calyrex-Ice, L50|100/100\n|switch|p2b: Rillaboom|Rillaboom, L50, F|100/100\n|-ability|p1a: Calyrex|As One\n|-ability|p1a: Calyrex|Unnerve\n|-ability|p2a: Calyrex|As One\n|-ability|p2a: Calyrex|Unnerve\n|-fieldstart|move: Grassy Terrain|[from] ability: Grassy Surge|[of] p2b: Rillaboom\n|turn|1\n|\n|t:|1746071084\n|-terastallize|p2b: Rillaboom|Normal\n|move|p1a: Calyrex|Protect|p1a: Calyrex\n|-singleturn|p1a: Calyrex|Protect\n|move|p2b: Rillaboom|Wood Hammer|p1b: Elena\n|-damage|p1b: Elena|14/100\n|-damage|p2b: Rillaboom|77/100|[from] Recoil\n|move|p1b: Elena|Decorate|p1a: Calyrex\n|-boost|p1a: Calyrex|atk|2\n|-boost|p1a: Calyrex|spa|2\n|move|p2a: Calyrex|Glacial Lance|p1b: Elena|[spread] p1b\n|-activate|p1a: Calyrex|move: Protect\n|-damage|p1b: Elena|0 fnt\n|faint|p1b: Elena\n|-ability|p2a: Calyrex|Chilling Neigh|boost\n|-boost|p2a: Calyrex|atk|1\n|\n|-heal|p2b: Rillaboom|83/100|[from] Grassy Terrain\n|upkeep\n|inactive|juacox300 has 30 seconds left.\n|inactive|juacox300 has 20 seconds left.\n|inactive|juacox300 has 15 seconds left.\n|\n|t:|1746071126\n|switch|p1b: Miraidon|Miraidon, L50|100/100\n|-fieldstart|move: Electric Terrain|[from] ability: Hadron Engine|[of] p1b: Miraidon\n|turn|2\n|\n|t:|1746071131\n|switch|p2b: Amoonguss|Amoonguss, L50, M|100/100\n|move|p2a: Calyrex|Protect|p2a: Calyrex\n|-singleturn|p2a: Calyrex|Protect\n|move|p1b: Miraidon|Electro Drift|p2a: Calyrex\n|-activate|p2a: Calyrex|move: Protect\n|move|p1a: Calyrex|Glacial Lance|p2b: Amoonguss|[spread] p2b\n|-activate|p2a: Calyrex|move: Protect\n|-supereffective|p2b: Amoonguss\n|-damage|p2b: Amoonguss|0 fnt\n|faint|p2b: Amoonguss\n|-ability|p1a: Calyrex|Chilling Neigh|boost\n|-boost|p1a: Calyrex|atk|1\n|\n|upkeep\n|\n|t:|1746071138\n|switch|p2b: Rillaboom|Rillaboom, L50, F, tera:Normal|83/100\n|-fieldstart|move: Grassy Terrain|[from] ability: Grassy Surge|[of] p2b: Rillaboom\n|turn|3\n|\n|t:|1746071147\n|switch|p1b: FerroNalgada|Iron Hands, L50|100/100\n|move|p2b: Rillaboom|Fake Out|p1a: Calyrex\n|-crit|p1a: Calyrex\n|-damage|p1a: Calyrex|80/100\n|cant|p1a: Calyrex|flinch\n|move|p2a: Calyrex|Trick Room|p2a: Calyrex\n|-fieldstart|move: Trick Room|[of] p2a: Calyrex\n|\n|-heal|p1a: Calyrex|85/100|[from] Grassy Terrain\n|-heal|p2b: Rillaboom|88/100|[from] Grassy Terrain\n|upkeep\n|turn|4\n|\n|t:|1746071157\n|switch|p2b: Kyogre|Kyogre, L50|100/100\n|-weather|RainDance|[from] ability: Drizzle|[of] p2b: Kyogre\n|move|p1b: FerroNalgada|Fake Out|p2a: Calyrex\n|-damage|p2a: Calyrex|91/100\n|move|p1a: Calyrex|Glacial Lance|p2b: Kyogre|[spread] p2a,p2b\n|-resisted|p2a: Calyrex\n|-resisted|p2b: Kyogre\n|-damage|p2a: Calyrex|46/100\n|-damage|p2b: Kyogre|42/100\n|cant|p2a: Calyrex|flinch\n|\n|-weather|RainDance|[upkeep]\n|-heal|p2a: Calyrex|52/100|[from] Grassy Terrain\n|-heal|p1a: Calyrex|91/100|[from] Grassy Terrain\n|-heal|p2b: Kyogre|48/100|[from] Grassy Terrain\n|upkeep\n|turn|5\n|\n|t:|1746071173\n|move|p2b: Kyogre|Protect|p2b: Kyogre\n|-singleturn|p2b: Kyogre|Protect\n|move|p1a: Calyrex|Glacial Lance|p2a: Calyrex|[spread] p2a\n|-activate|p2b: Kyogre|move: Protect\n|-resisted|p2a: Calyrex\n|-damage|p2a: Calyrex|9/100\n|move|p2a: Calyrex|High Horsepower|p1b: FerroNalgada\n|-supereffective|p1b: FerroNalgada\n|-damage|p1b: FerroNalgada|22/100\n|move|p1b: FerroNalgada|Low Kick|p2a: Calyrex\n|-damage|p2a: Calyrex|0 fnt\n|faint|p2a: Calyrex\n|\n|-weather|RainDance|[upkeep]\n|-heal|p1a: Calyrex|97/100|[from] Grassy Terrain\n|-heal|p1b: FerroNalgada|28/100|[from] Grassy Terrain\n|-heal|p2b: Kyogre|54/100|[from] Grassy Terrain\n|upkeep\n|-message|maximilian sheldon forfeited.\n|\n|win|juacox300\n||maximilian sheldon is ready for game 2.\n||juacox300 is ready for game 2.\n|uhtml|next|Next: <a href=\"/battle-gen9vgc2025regibo3-2354434770\"><strong>Game 2 of 3</strong></a>\n|l|\u2606maximilian sheldon\n|player|p2|\n", "uploadtime": 1746071584, "views": 16, "formatid": "gen9vgc2025regibo3", "rating": null, "private": 0, "password": null}