{"id": "gen9vgc2025regibo3-2354337635", "format": "[Gen 9] VGC 2025 Reg I (Bo3)", "players": ["Yuri 134", "Dozo XX"], "log": "|j|\u2606Yuri 134\n|j|\u2606Dozo XX\n|html|<table width=\"100%\"><tr><td align=\"left\">Yuri 134</td><td align=\"right\">Dozo XX</tr><tr><td align=\"left\"><i class=\"fa fa-circle\"></i> <i class=\"fa fa-circle-o\"></i> </td><td align=\"right\"><i class=\"fa fa-circle-o\"></i> <i class=\"fa fa-circle\"></i> </tr></table>\n|uhtml|bestof|<h2><strong>Game 3</strong> of <a href=\"/game-bestof3-gen9vgc2025regibo3-2354333692\">a best-of-3</a></h2>\n|t:|1746059043\n|gametype|doubles\n|player|p1|Yuri 134|volkner|1014\n|player|p2|Dozo XX|ballguy|1119\n|teamsize|p1|6\n|teamsize|p2|6\n|gen|9\n|tier|[Gen 9] VGC 2025 Reg I (Bo3)\n|rated|\n|rule|Species Clause: Limit one of each Pok\u00e9mon\n|rule|Item Clause: Limit 1 of each item\n|clearpoke\n|poke|p1|Kyogre, L50|\n|poke|p1|Solgaleo, L50|\n|poke|p1|Iron Jugulis, L50|\n|poke|p1|Amoonguss, L50, M|\n|poke|p1|Incineroar, L50, F|\n|poke|p1|Iron Treads, L50|\n|poke|p2|Kyogre, L50|\n|poke|p2|Miraidon, L50|\n|poke|p2|Tornadus, L50, M|\n|poke|p2|Iron Hands, L50|\n|poke|p2|Farigiraf, L50, F|\n|poke|p2|Iron Treads, L50|\n|teampreview|4\n|showteam|p1|Kyogre||Leftovers|Drizzle|CalmMind,MuddyWater,IceBeam,Protect||||||50|,,,,,Grass]Solgaleo||WeaknessPolicy|FullMetalBody|SunsteelStrike,WideGuard,Earthquake,Protect||||||50|,,,,,Ground]Iron Jugulis||BoosterEnergy|QuarkDrive|Snarl,Tailwind,Hurricane,Protect||||||50|,,,,,Steel]Amoonguss||RockyHelmet|Regenerator|Spore,RagePowder,SludgeBomb,ClearSmog|||M|||50|,,,,,Water]Incineroar||SafetyGoggles|Intimidate|FakeOut,PartingShot,KnockOff,WillOWisp|||F|||50|,,,,,Ghost]Iron Treads||ChoiceBand|QuarkDrive|HighHorsepower,IronHead,StompingTantrum,IceSpinner||||||50|,,,,,Ground\n|showteam|p2|Kyogre||MysticWater|Drizzle|WaterSpout,OriginPulse,IceBeam,Protect||||||50|,,,,,Grass]Miraidon||ChoiceSpecs|HadronEngine|ElectroDrift,DracoMeteor,DazzlingGleam,VoltSwitch||||||50|,,,,,Fairy]Tornadus||FocusSash|Prankster|BleakwindStorm,Tailwind,RainDance,Protect|||M|||50|,,,,,Ghost]Iron Hands||AssaultVest|QuarkDrive|WildCharge,DrainPunch,LowKick,FakeOut||||||50|,,,,,Water]Farigiraf||ElectricSeed|ArmorTail|FoulPlay,PsychicNoise,TrickRoom,HelpingHand|||F|||50|,,,,,Water]Iron Treads||LifeOrb|QuarkDrive|HighHorsepower,SteelRoller,KnockOff,Protect||||||50|,,,,,Ghost\n|inactive|Battle timer is ON: inactive players will automatically lose when time's up. (requested by Yuri 134)\n|inactive|Dozo XX has 60 seconds left.\n|\n|t:|1746059075\n|start\n|switch|p1a: Incineroar|Incineroar, L50, F, shiny|100/100\n|switch|p1b: Iron Treads|Iron Treads, L50|100/100\n|switch|p2a: Iron Hands|Iron Hands, L50|100/100\n|switch|p2b: Farigiraf|Farigiraf, L50, F|100/100\n|-ability|p1a: Incineroar|Intimidate|boost\n|-unboost|p2a: Iron Hands|atk|1\n|-unboost|p2b: Farigiraf|atk|1\n|turn|1\n|inactive|Yuri 134 has 30 seconds left.\n|inactive|Dozo XX has 30 seconds left.\n|inactive|Yuri 134 has 20 seconds left.\n|inactive|Yuri 134 has 15 seconds left.\n|inactive|Dozo XX has 20 seconds left.\n|inactive|Yuri 134 has 10 seconds left.\n|inactive|Dozo XX has 15 seconds left.\n|\n|t:|1746059121\n|move|p2a: Iron Hands|Fake Out|p1a: Incineroar\n|-damage|p1a: Incineroar|92/100\n|move|p1b: Iron Treads|High Horsepower|p2b: Farigiraf\n|-damage|p2b: Farigiraf|44/100\n|cant|p1a: Incineroar|flinch\n|move|p2b: Farigiraf|Trick Room|p2b: Farigiraf\n|-fieldstart|move: Trick Room|[of] p2b: Farigiraf\n|\n|upkeep\n|turn|2\n|inactive|Dozo XX has 30 seconds left.\n|\n|t:|1746059150\n|-terastallize|p1a: Incineroar|Ghost\n|move|p2a: Iron Hands|Drain Punch|p1a: Incineroar\n|-immune|p1a: Incineroar\n|move|p2b: Farigiraf|Foul Play|p1a: Incineroar\n|-supereffective|p1a: Incineroar\n|-damage|p1a: Incineroar|50/100\n|move|p1a: Incineroar|Will-O-Wisp|p2a: Iron Hands\n|-status|p2a: Iron Hands|brn\n|move|p1b: Iron Treads|High Horsepower|p2b: Farigiraf\n|-damage|p2b: Farigiraf|0 fnt\n|faint|p2b: Farigiraf\n|\n|-damage|p2a: Iron Hands|95/100 brn|[from] brn\n|upkeep\n|\n|t:|1746059159\n|switch|p2b: Kyogre|Kyogre, L50|100/100\n|-weather|RainDance|[from] ability: Drizzle|[of] p2b: Kyogre\n|turn|3\n|inactive|Dozo XX has 30 seconds left.\n|\n|t:|1746059186\n|move|p2a: Iron Hands|Wild Charge|p1a: Incineroar\n|-damage|p1a: Incineroar|37/100\n|-damage|p2a: Iron Hands|92/100 brn|[from] Recoil\n|move|p1a: Incineroar|Parting Shot|p2b: Kyogre\n|-unboost|p2b: Kyogre|atk|1\n|-unboost|p2b: Kyogre|spa|1\n|\n|t:|1746059202\n|switch|p1a: Solgaleo|Solgaleo, L50|100/100|[from] Parting Shot\n|move|p2b: Kyogre|Water Spout|p1b: Iron Treads|[spread] p1a,p1b\n|-supereffective|p1b: Iron Treads\n|-damage|p1a: Solgaleo|31/100\n|-damage|p1b: Iron Treads|0 fnt\n|faint|p1b: Iron Treads\n|-end|p1b: Iron Treads|Quark Drive|[silent]\n|\n|-weather|RainDance|[upkeep]\n|-damage|p2a: Iron Hands|86/100 brn|[from] brn\n|upkeep\n|\n|t:|1746059210\n|switch|p1b: Incineroar|Incineroar, L50, F, shiny, tera:Ghost|37/100\n|-ability|p1b: Incineroar|Intimidate|boost\n|-unboost|p2a: Iron Hands|atk|1\n|-unboost|p2b: Kyogre|atk|1\n|turn|4\n|\n|t:|1746059234\n|move|p2b: Kyogre|Protect|p2b: Kyogre\n|-singleturn|p2b: Kyogre|Protect\n|move|p1b: Incineroar|Fake Out|p2a: Iron Hands\n|-damage|p2a: Iron Hands|78/100 brn\n|move|p1a: Solgaleo|Wide Guard|p1a: Solgaleo\n|-singleturn|p1a: Solgaleo|Wide Guard\n|cant|p2a: Iron Hands|flinch\n|\n|-weather|RainDance|[upkeep]\n|-damage|p2a: Iron Hands|72/100 brn|[from] brn\n|upkeep\n|turn|5\n|\n|t:|1746059257\n|-end|p2a: Iron Hands|Quark Drive|[silent]\n|switch|p2a: Miraidon|Miraidon, L50|100/100\n|-fieldstart|move: Electric Terrain|[from] ability: Hadron Engine|[of] p2a: Miraidon\n|move|p1a: Solgaleo|Wide Guard|p1a: Solgaleo\n|-singleturn|p1a: Solgaleo|Wide Guard\n|move|p1b: Incineroar|Knock Off|p2b: Kyogre\n|-damage|p2b: Kyogre|67/100\n|-enditem|p2b: Kyogre|Mystic Water|[from] move: Knock Off|[of] p1b: Incineroar\n|move|p2b: Kyogre|Water Spout|p1a: Solgaleo|[spread] \n|-activate|p1a: Solgaleo|move: Wide Guard\n|-activate|p1b: Incineroar|move: Wide Guard\n|\n|-weather|RainDance|[upkeep]\n|-fieldend|move: Trick Room\n|upkeep\n|turn|6\n|inactive|Yuri 134 has 30 seconds left.\n|inactive|Dozo XX has 30 seconds left.\n|inactive|Yuri 134 has 20 seconds left.\n|inactive|Dozo XX has 20 seconds left.\n|\n|t:|1746059297\n|switch|p2b: Iron Hands|Iron Hands, L50|72/100 brn\n|-activate|p2b: Iron Hands|ability: Quark Drive\n|-start|p2b: Iron Hands|quarkdriveatk\n|move|p1a: Solgaleo|Wide Guard|p1a: Solgaleo\n|-singleturn|p1a: Solgaleo|Wide Guard\n|move|p2a: Miraidon|Volt Switch|p1a: Solgaleo\n|-damage|p1a: Solgaleo|0 fnt\n|faint|p1a: Solgaleo\n|\n|t:|1746059305\n|switch|p2a: Kyogre|Kyogre, L50|67/100|[from] Volt Switch\n|move|p1b: Incineroar|Parting Shot|p2a: Kyogre\n|-unboost|p2a: Kyogre|atk|1\n|-unboost|p2a: Kyogre|spa|1\n|\n|t:|1746059308\n|switch|p1b: Iron Jugulis|Iron Jugulis, L50|100/100|[from] Parting Shot\n|-activate|p1b: Iron Jugulis|ability: Quark Drive\n|-start|p1b: Iron Jugulis|quarkdrivespe\n|\n|-weather|RainDance|[upkeep]\n|-damage|p2b: Iron Hands|66/100 brn|[from] brn\n|upkeep\n|\n|t:|1746059309\n|switch|p1a: Incineroar|Incineroar, L50, F, shiny, tera:Ghost|37/100\n|-ability|p1a: Incineroar|Intimidate|boost\n|-unboost|p2a: Kyogre|atk|1\n|-unboost|p2b: Iron Hands|atk|1\n|turn|7\n|\n|t:|1746059325\n|switch|p2a: Miraidon|Miraidon, L50|100/100\n|-activate|p2a: Miraidon|ability: Hadron Engine\n|move|p1a: Incineroar|Fake Out|p2a: Miraidon\n|-damage|p2a: Miraidon|91/100\n|move|p2b: Iron Hands|Fake Out|p1b: Iron Jugulis\n|-damage|p1b: Iron Jugulis|94/100\n|cant|p1b: Iron Jugulis|flinch\n|\n|-weather|none\n|-damage|p2b: Iron Hands|60/100 brn|[from] brn\n|upkeep\n|turn|8\n|inactive|Yuri 134 has 30 seconds left.\n|inactive|Yuri 134 has 20 seconds left.\n|inactive|Yuri 134 has 15 seconds left.\n|\n|t:|1746059369\n|-terastallize|p2a: Miraidon|Fairy\n|move|p1b: Iron Jugulis|Snarl|p2b: Iron Hands|[spread] p2a,p2b\n|-resisted|p2a: Miraidon\n|-resisted|p2b: Iron Hands\n|-damage|p2a: Miraidon|85/100\n|-damage|p2b: Iron Hands|56/100 brn\n|-unboost|p2a: Miraidon|spa|1\n|-unboost|p2b: Iron Hands|spa|1\n|move|p2a: Miraidon|Dazzling Gleam|p1a: Incineroar|[spread] p1a,p1b\n|-supereffective|p1b: Iron Jugulis\n|-damage|p1a: Incineroar|1/100\n|-damage|p1b: Iron Jugulis|0 fnt\n|faint|p1b: Iron Jugulis\n|-end|p1b: Iron Jugulis|Quark Drive|[silent]\n|move|p1a: Incineroar|Knock Off|p2a: Miraidon\n|-resisted|p2a: Miraidon\n|-damage|p2a: Miraidon|69/100\n|-enditem|p2a: Miraidon|Choice Specs|[from] move: Knock Off|[of] p1a: Incineroar\n|move|p2b: Iron Hands|Low Kick|p1a: Incineroar\n|-immune|p1a: Incineroar\n|\n|-damage|p2b: Iron Hands|50/100 brn|[from] brn\n|upkeep\n|turn|9\n|-message|Yuri 134 forfeited.\n|\n|win|Dozo XX\n|raw|Yuri 134's rating: 1014 &rarr; <strong>1005</strong><br />(-9 for losing)\n|raw|Dozo XX's rating: 1119 &rarr; <strong>1137</strong><br />(+18 for winning)\n", "uploadtime": 1746059385, "views": 7, "formatid": "gen9vgc2025regibo3", "rating": 1005, "private": 0, "password": null}