{"id": "gen9vgc2025regibo3-2353656599", "format": "[Gen 9] VGC 2025 Reg I (Bo3)", "players": ["woodswims", "Koke_915"], "log": "|j|\u2606woodswims\n|j|\u2606Koke_915\n|html|<table width=\"100%\"><tr><td align=\"left\">woodswims</td><td align=\"right\">Koke_915</tr><tr><td align=\"left\"><i class=\"fa fa-circle\"></i> <i class=\"fa fa-circle-o\"></i> </td><td align=\"right\"><i class=\"fa fa-circle-o\"></i> <i class=\"fa fa-circle-o\"></i> </tr></table>\n|uhtml|bestof|<h2><strong>Game 2</strong> of <a href=\"/game-bestof3-gen9vgc2025regibo3-2353654587\">a best-of-3</a></h2>\n|t:|1745979794\n|gametype|doubles\n|player|p1|woodswims|2|1073\n|player|p2|Koke_915|iris|1122\n|teamsize|p1|6\n|teamsize|p2|6\n|gen|9\n|tier|[Gen 9] VGC 2025 Reg I (Bo3)\n|rated|\n|rule|Species Clause: Limit one of each Pok\u00e9mon\n|rule|Item Clause: Limit 1 of each item\n|clearpoke\n|poke|p1|Miraidon, L50|\n|poke|p1|Ho-Oh, L50|\n|poke|p1|Whimsicott, L50, F|\n|poke|p1|Iron Hands, L50|\n|poke|p1|Chien-Pao, L50|\n|poke|p1|Farigiraf, L50, F|\n|poke|p2|Kyogre, L50|\n|poke|p2|Calyrex-Ice, L50|\n|poke|p2|Indeedee-F, L50, F|\n|poke|p2|Landorus, L50, M|\n|poke|p2|Ogerpon-Wellspring, L50, F|\n|poke|p2|Chi-Yu, L50|\n|teampreview|4\n|showteam|p1|Miraidon||ChoiceSpecs|HadronEngine|VoltSwitch,ElectroDrift,DazzlingGleam,DracoMeteor||||||50|,,,,,Fairy]Ho-Oh||ClearAmulet|Regenerator|SacredFire,BraveBird,Tailwind,Protect||||||50|,,,,,Steel]Whimsicott||CovertCloak|Prankster|Moonblast,SunnyDay,Tailwind,Encore|||F|||50|,,,,,Dark]Iron Hands||AssaultVest|QuarkDrive|DrainPunch,WildCharge,FakeOut,LowKick||||||50|,,,,,Water]Chien-Pao||FocusSash|SwordofRuin|IcicleCrash,SuckerPunch,LashOut,Protect||||||50|,,,,,Ghost]Farigiraf||ElectricSeed|ArmorTail|FoulPlay,HelpingHand,TrickRoom,PsychicNoise|||F|||50|,,,,,Fairy\n|showteam|p2|Kyogre||MysticWater|Drizzle|Thunder,OriginPulse,IceBeam,Protect||||||50|,,,,,Grass]Calyrex-Ice||ClearAmulet|AsOneGlastrier|GlacialLance,Protect,HighHorsepower,TrickRoom||||||50|,,,,,Normal]Indeedee-F||RockyHelmet|PsychicSurge|TrickRoom,HelpingHand,FollowMe,Protect|||F|||50|,,,,,Fairy]Landorus||LifeOrb|SheerForce|SandsearStorm,Psychic,Protect,EarthPower|||M|||50|,,,,,Water]Ogerpon-Wellspring||WellspringMask|WaterAbsorb|SpikyShield,IvyCudgel,WoodHammer,FollowMe|||F|||50|,,,,,Water]Chi-Yu||PowerLens|BeadsofRuin|HeatWave,Protect,Snarl,DarkPulse||||||50|,,,,,Ghost\n|inactive|Battle timer is ON: inactive players will automatically lose when time's up. (requested by Koke_915)\n|\n|t:|1745979849\n|start\n|switch|p1a: Miraidon|Miraidon, L50|100/100\n|switch|p1b: Iron Hands|Iron Hands, L50|100/100\n|switch|p2a: ChikeenJockeyy!|Calyrex-Ice, L50|100/100\n|switch|p2b: Maid|Indeedee-F, L50, F|100/100\n|-ability|p2a: ChikeenJockeyy!|As One\n|-ability|p2a: ChikeenJockeyy!|Unnerve\n|-fieldstart|move: Electric Terrain|[from] ability: Hadron Engine|[of] p1a: Miraidon\n|-activate|p1b: Iron Hands|ability: Quark Drive\n|-start|p1b: Iron Hands|quarkdriveatk\n|-fieldstart|move: Psychic Terrain|[from] ability: Psychic Surge|[of] p2b: Maid\n|-end|p1b: Iron Hands|Quark Drive\n|turn|1\n|inactive|woodswims has 30 seconds left.\n|inactive|Koke_915 has 30 seconds left.\n|inactive|woodswims has 20 seconds left.\n|inactive|Koke_915 has 20 seconds left.\n|\n|t:|1745979887\n|move|p2b: Maid|Protect|p2b: Maid\n|-singleturn|p2b: Maid|Protect\n|move|p1a: Miraidon|Volt Switch|p2b: Maid\n|-activate|p2b: Maid|move: Protect\n|move|p2a: ChikeenJockeyy!|Glacial Lance|p1a: Miraidon|[spread] p1a,p1b\n|-supereffective|p1a: Miraidon\n|-damage|p1a: Miraidon|0 fnt\n|-damage|p1b: Iron Hands|64/100\n|faint|p1a: Miraidon\n|-ability|p2a: ChikeenJockeyy!|Chilling Neigh|boost\n|-boost|p2a: ChikeenJockeyy!|atk|1\n|move|p1b: Iron Hands|Wild Charge|p2b: Maid\n|-activate|p2b: Maid|move: Protect\n|\n|upkeep\n|\n|t:|1745979894\n|switch|p1a: Ho-Oh|Ho-Oh, L50|100/100\n|turn|2\n|\n|t:|1745979915\n|-terastallize|p1b: Iron Hands|Water\n|move|p2a: ChikeenJockeyy!|Protect|p2a: ChikeenJockeyy!\n|-singleturn|p2a: ChikeenJockeyy!|Protect\n|move|p1a: Ho-Oh|Sacred Fire|p2a: ChikeenJockeyy!\n|-activate|p2a: ChikeenJockeyy!|move: Protect\n|move|p1b: Iron Hands|Drain Punch|p2b: Maid\n|-damage|p2b: Maid|62/100\n|-heal|p1b: Iron Hands|79/100|[from] drain|[of] p2b: Maid\n|-damage|p1b: Iron Hands|62/100|[from] item: Rocky Helmet|[of] p2b: Maid\n|move|p2b: Maid|Trick Room|p2b: Maid\n|-fieldstart|move: Trick Room|[of] p2b: Maid\n|\n|upkeep\n|turn|3\n|\n|t:|1745979936\n|switch|p2b: Eduardo|Kyogre, L50|100/100\n|-weather|RainDance|[from] ability: Drizzle|[of] p2b: Eduardo\n|-terastallize|p2a: ChikeenJockeyy!|Normal\n|move|p1b: Iron Hands|Low Kick|p2a: ChikeenJockeyy!\n|-supereffective|p2a: ChikeenJockeyy!\n|-damage|p2a: ChikeenJockeyy!|10/100\n|move|p2a: ChikeenJockeyy!|Glacial Lance|p1b: Iron Hands|[spread] p1a,p1b\n|-resisted|p1b: Iron Hands\n|-damage|p1a: Ho-Oh|33/100\n|-damage|p1b: Iron Hands|33/100\n|move|p1a: Ho-Oh|Sacred Fire|p2a: ChikeenJockeyy!\n|-damage|p2a: ChikeenJockeyy!|0 fnt\n|faint|p2a: ChikeenJockeyy!\n|\n|-weather|RainDance|[upkeep]\n|upkeep\n|\n|t:|1745979956\n|switch|p2a: Aladdin|Landorus, L50, M|100/100\n|turn|4\n|inactive|woodswims has 30 seconds left.\n|\n|t:|1745979982\n|switch|p1a: Whimsicott|Whimsicott, L50, F|100/100\n|move|p2b: Eduardo|Protect|p2b: Eduardo\n|-singleturn|p2b: Eduardo|Protect\n|move|p1b: Iron Hands|Wild Charge|p2b: Eduardo\n|-activate|p2b: Eduardo|move: Protect\n|move|p2a: Aladdin|Earth Power|p1b: Iron Hands\n|-damage|p1b: Iron Hands|0 fnt\n|faint|p1b: Iron Hands\n|-end|p1b: Iron Hands|Quark Drive|[silent]\n|\n|-weather|RainDance|[upkeep]\n|upkeep\n|\n|t:|1745979988\n|switch|p1b: Ho-Oh|Ho-Oh, L50|66/100\n|turn|5\n|\n|t:|1745980016\n|move|p1b: Ho-Oh|Protect|p1b: Ho-Oh\n|-singleturn|p1b: Ho-Oh|Protect\n|move|p1a: Whimsicott|Sunny Day|p1a: Whimsicott\n|-weather|SunnyDay\n|move|p2b: Eduardo|Origin Pulse|p1a: Whimsicott|[spread] \n|-activate|p1b: Ho-Oh|move: Protect\n|-miss|p2b: Eduardo|p1a: Whimsicott\n|move|p2a: Aladdin|Psychic|p1b: Ho-Oh\n|-activate|p1b: Ho-Oh|move: Protect\n|\n|-weather|SunnyDay|[upkeep]\n|-fieldend|move: Psychic Terrain\n|upkeep\n|turn|6\n|inactive|woodswims has 30 seconds left.\n|\n|t:|1745980046\n|move|p2b: Eduardo|Origin Pulse|p1b: Ho-Oh|[spread] p1a,p1b\n|-resisted|p1a: Whimsicott\n|-supereffective|p1b: Ho-Oh\n|-damage|p1a: Whimsicott|86/100\n|-damage|p1b: Ho-Oh|32/100\n|move|p2a: Aladdin|Psychic|p1b: Ho-Oh\n|-damage|p1b: Ho-Oh|0 fnt\n|faint|p1b: Ho-Oh\n|move|p1a: Whimsicott|Moonblast|p2b: Eduardo\n|-damage|p2b: Eduardo|83/100\n|-unboost|p2b: Eduardo|spa|1\n|\n|-weather|SunnyDay|[upkeep]\n|-fieldend|move: Trick Room\n|upkeep\n|turn|7\n|\n|t:|1745980060\n|move|p1a: Whimsicott|Moonblast|p2b: Eduardo\n|-damage|p2b: Eduardo|64/100\n|move|p2a: Aladdin|Earth Power|p1a: Whimsicott\n|-resisted|p1a: Whimsicott\n|-damage|p1a: Whimsicott|44/100\n|move|p2b: Eduardo|Ice Beam|p1a: Whimsicott\n|-supereffective|p1a: Whimsicott\n|-damage|p1a: Whimsicott|0 fnt\n|faint|p1a: Whimsicott\n|\n|win|Koke_915\n||woodswims is ready for game 3.\n", "uploadtime": 1745980064, "views": 10, "formatid": "gen9vgc2025regibo3", "rating": null, "private": 0, "password": null}