{"id": "gen9vgc2025regibo3-2353772311", "format": "[Gen 9] VGC 2025 Reg I (Bo3)", "players": ["bertcamem", "tombino14"], "log": "|j|\u2606bertcamem\n|j|\u2606tombino14\n|html|<table width=\"100%\"><tr><td align=\"left\">bertcamem</td><td align=\"right\">tombino14</tr><tr><td align=\"left\"><i class=\"fa fa-circle-o\"></i> <i class=\"fa fa-circle-o\"></i> </td><td align=\"right\"><i class=\"fa fa-circle-o\"></i> <i class=\"fa fa-circle-o\"></i> </tr></table>\n|uhtml|bestof|<h2><strong>Game 1</strong> of <a href=\"/game-bestof3-gen9vgc2025regibo3-2353772310\">a best-of-3</a></h2>\n|t:|1745997376\n|gametype|doubles\n|player|p1|bertcamem|169|1262\n|player|p2|tombino14|striker|1277\n|teamsize|p1|6\n|teamsize|p2|6\n|gen|9\n|tier|[Gen 9] VGC 2025 Reg I (Bo3)\n|rated|\n|rule|Species Clause: Limit one of each Pok\u00e9mon\n|rule|Item Clause: Limit 1 of each item\n|clearpoke\n|poke|p1|Koraidon, L50|\n|poke|p1|Ho-Oh, L50|\n|poke|p1|Gurdurr, L50, F|\n|poke|p1|Flutter Mane, L50|\n|poke|p1|Rillaboom, L50, F|\n|poke|p1|Raging Bolt, L50|\n|poke|p2|Calyrex-Shadow, L50|\n|poke|p2|Ditto, L50|\n|poke|p2|Brute Bonnet, L50|\n|poke|p2|Whimsicott, L50, M|\n|poke|p2|Chi-Yu, L50|\n|poke|p2|Koraidon, L50|\n|teampreview|4\n|showteam|p1|Koraidon||LifeOrb|OrichalcumPulse|FlareBlitz,CloseCombat,Protect,Uturn||||||50|,,,,,Fire]Ho-Oh||ClearAmulet|Regenerator|SacredFire,BraveBird,Protect,Tailwind||||||50|,,,,,Grass]Gurdurr||Eviolite|IronFist|DrainPunch,Coaching,WideGuard,HelpingHand|||F|||50|,,,,,Water]Flutter Mane||FocusSash|Protosynthesis|Moonblast,ShadowBall,Taunt,IcyWind||||||50|,,,,,Normal]Rillaboom||AssaultVest|GrassySurge|FakeOut,GrassyGlide,HighHorsepower,Uturn|||F|||50|,,,,,Fire]Raging Bolt||BoosterEnergy|Protosynthesis|Protect,Thunderclap,Thunderbolt,DracoMeteor||||||50|,,,,,Fairy\n|showteam|p2|Calyrex-Shadow||LifeOrb|AsOneSpectrier|AstralBarrage,Psychic,Encore,Protect||||||50|,,,,,Water]Ditto||FocusSash|Imposter|Transform||||||50|,,,,,Normal]Brute Bonnet||RockyHelmet|Protosynthesis|Spore,RagePowder,SuckerPunch,SeedBomb||||||50|,,,,,Water]Whimsicott||CovertCloak|Prankster|Moonblast,Tailwind,LightScreen,Encore|||M|||50|,,,,,Dark]Chi-Yu||ChoiceScarf|BeadsofRuin|HeatWave,Overheat,DarkPulse,Snarl||||||50|,,,,,Ghost]Koraidon||ClearAmulet|OrichalcumPulse|CollisionCourse,FlareBlitz,FlameCharge,Protect||||||50|,,,,,Fire\n|inactive|Battle timer is ON: inactive players will automatically lose when time's up. (requested by bertcamem)\n|inactive|tombino14 has 60 seconds left.\n|\n|t:|1745997415\n|start\n|switch|p1a: Emperor|Ho-Oh, L50|100/100\n|switch|p1b: Magician|Flutter Mane, L50|100/100\n|switch|p2a: Chi-Yu|Chi-Yu, L50|100/100\n|switch|p2b: Calyrex|Calyrex-Shadow, L50|100/100\n|-ability|p2b: Calyrex|As One\n|-ability|p2b: Calyrex|Unnerve\n|-ability|p2a: Chi-Yu|Beads of Ruin\n|turn|1\n|\n|t:|1745997436\n|-terastallize|p2b: Calyrex|Water\n|-terastallize|p1b: Magician|Normal\n|move|p2a: Chi-Yu|Dark Pulse|p1a: Emperor\n|-damage|p1a: Emperor|68/100\n|move|p2b: Calyrex|Astral Barrage|p1a: Emperor|[spread] p1a\n|-immune|p1b: Magician\n|-damage|p1a: Emperor|7/100\n|-damage|p2b: Calyrex|91/100|[from] item: Life Orb\n|move|p1b: Magician|Icy Wind|p2a: Chi-Yu|[spread] p2a\n|-miss|p1b: Magician|p2b: Calyrex\n|-resisted|p2a: Chi-Yu\n|-damage|p2a: Chi-Yu|93/100\n|-unboost|p2a: Chi-Yu|spe|1\n|move|p1a: Emperor|Tailwind|p1a: Emperor\n|-sidestart|p1: bertcamem|move: Tailwind\n|\n|upkeep\n|turn|2\n|inactive|bertcamem has 30 seconds left.\n|inactive|tombino14 has 30 seconds left.\n|inactive|tombino14 has 20 seconds left.\n|inactive|tombino14 has 15 seconds left.\n|inactive|tombino14 has 10 seconds left.\n|\n|t:|1745997483\n|switch|p1a: Sun|Koraidon, L50|100/100\n|-weather|SunnyDay|[from] ability: Orichalcum Pulse|[of] p1a: Sun\n|-activate|p1b: Magician|ability: Protosynthesis\n|-start|p1b: Magician|protosynthesisspe\n|-activate|p1a: Sun|Orichalcum Pulse|[source]\n|move|p1b: Magician|Moonblast|p2a: Chi-Yu\n|-damage|p2a: Chi-Yu|42/100\n|move|p2b: Calyrex|Psychic|p1b: Magician\n|-damage|p1b: Magician|7/100\n|-damage|p2b: Calyrex|81/100|[from] item: Life Orb\n|move|p2a: Chi-Yu|Dark Pulse|p1b: Magician\n|-damage|p1b: Magician|0 fnt\n|faint|p1b: Magician\n|-end|p1b: Magician|Protosynthesis|[silent]\n|\n|-weather|SunnyDay|[upkeep]\n|upkeep\n|\n|t:|1745997492\n|switch|p1b: Tower|Raging Bolt, L50|100/100\n|-activate|p1b: Tower|ability: Protosynthesis\n|-start|p1b: Tower|protosynthesisspa\n|turn|3\n|\n|t:|1745997514\n|move|p2b: Calyrex|Protect|p2b: Calyrex\n|-singleturn|p2b: Calyrex|Protect\n|move|p1a: Sun|Close Combat|p2b: Calyrex\n|-activate|p2b: Calyrex|move: Protect\n|move|p1b: Tower|Thunderbolt|p2a: Chi-Yu\n|-damage|p2a: Chi-Yu|0 fnt\n|faint|p2a: Chi-Yu\n|\n|-weather|SunnyDay|[upkeep]\n|upkeep\n|\n|t:|1745997522\n|switch|p2a: Brute Bonnet|Brute Bonnet, L50|100/100\n|-activate|p2a: Brute Bonnet|ability: Protosynthesis\n|-start|p2a: Brute Bonnet|protosynthesisdef\n|turn|4\n|\n|t:|1745997533\n|move|p2a: Brute Bonnet|Rage Powder|p2a: Brute Bonnet\n|-singleturn|p2a: Brute Bonnet|move: Rage Powder\n|move|p1a: Sun|Flare Blitz|p2a: Brute Bonnet\n|-supereffective|p2a: Brute Bonnet\n|-damage|p2a: Brute Bonnet|0 fnt\n|-damage|p1a: Sun|84/100|[from] item: Rocky Helmet|[of] p2a: Brute Bonnet\n|faint|p2a: Brute Bonnet\n|-end|p2a: Brute Bonnet|Protosynthesis|[silent]\n|-damage|p1a: Sun|43/100|[from] Recoil\n|-damage|p1a: Sun|33/100|[from] item: Life Orb\n|move|p2b: Calyrex|Astral Barrage|p1b: Tower|[spread] p1a,p1b\n|-damage|p1a: Sun|0 fnt\n|-damage|p1b: Tower|42/100\n|faint|p1a: Sun\n|-ability|p2b: Calyrex|Grim Neigh|boost\n|-boost|p2b: Calyrex|spa|1\n|-damage|p2b: Calyrex|72/100|[from] item: Life Orb\n|move|p1b: Tower|Thunderbolt|p2b: Calyrex\n|-supereffective|p2b: Calyrex\n|-damage|p2b: Calyrex|0 fnt\n|faint|p2b: Calyrex\n|\n|-weather|SunnyDay|[upkeep]\n|-sideend|p1: bertcamem|move: Tailwind\n|upkeep\n|\n|t:|1745997541\n|switch|p2b: Koraidon|Koraidon, L50|100/100\n|switch|p1a: Emperor|Ho-Oh, L50|40/100\n|-activate|p2b: Koraidon|ability: Orichalcum Pulse\n|turn|5\n|\n|t:|1745997557\n|move|p2b: Koraidon|Flare Blitz|p1a: Emperor\n|-resisted|p1a: Emperor\n|-damage|p1a: Emperor|1/100\n|-damage|p2b: Koraidon|86/100|[from] Recoil\n|move|p1a: Emperor|Brave Bird|p2b: Koraidon\n|-supereffective|p2b: Koraidon\n|-damage|p2b: Koraidon|0 fnt\n|faint|p2b: Koraidon\n|-damage|p1a: Emperor|0 fnt|[from] Recoil\n|faint|p1a: Emperor\n|\n|win|bertcamem\n||bertcamem is ready for game 2.\n||tombino14 is ready for game 2.\n|uhtml|next|Next: <a href=\"/battle-gen9vgc2025regibo3-2353773416\"><strong>Game 2 of 3</strong></a>\n", "uploadtime": 1745997841, "views": 17, "formatid": "gen9vgc2025regibo3", "rating": null, "private": 0, "password": null}