{"id": "gen9vgc2025regibo3-2353840490", "format": "[Gen 9] VGC 2025 Reg I (Bo3)", "players": ["FerdiVGC", "Adrinhoo"], "log": "|j|\u2606FerdiVGC\n|j|\u2606Adrinhoo\n|html|<table width=\"100%\"><tr><td align=\"left\">FerdiVGC</td><td align=\"right\">Adrinhoo</tr><tr><td align=\"left\"><i class=\"fa fa-circle-o\"></i> <i class=\"fa fa-circle-o\"></i> </td><td align=\"right\"><i class=\"fa fa-circle-o\"></i> <i class=\"fa fa-circle-o\"></i> </tr></table>\n|uhtml|bestof|<h2><strong>Game 1</strong> of <a href=\"/game-bestof3-gen9vgc2025regibo3-2353840489\">a best-of-3</a></h2>\n|t:|1746008622\n|gametype|doubles\n|player|p1|FerdiVGC|169|1189\n|player|p2|Adrinhoo|pokekid|1209\n|teamsize|p1|6\n|teamsize|p2|6\n|gen|9\n|tier|[Gen 9] VGC 2025 Reg I (Bo3)\n|rated|\n|rule|Species Clause: Limit one of each Pok\u00e9mon\n|rule|Item Clause: Limit 1 of each item\n|clearpoke\n|poke|p1|Dondozo, L50, F|\n|poke|p1|Tatsugiri, L50, F|\n|poke|p1|Miraidon, L50|\n|poke|p1|Chi-Yu, L50|\n|poke|p1|Iron Bundle, L50|\n|poke|p1|Koraidon, L50|\n|poke|p2|Zacian-*, L50|\n|poke|p2|Lunala, L50|\n|poke|p2|Urshifu-*, L50, F|\n|poke|p2|Rillaboom, L50, M|\n|poke|p2|Regidrago, L50|\n|poke|p2|Whimsicott, L50, M|\n|teampreview|4\n|showteam|p1|Dondozo||Leftovers|Unaware|WaveCrash,OrderUp,Earthquake,Protect|||F|||50|,,,,,Grass]Tatsugiri||WideLens|Commander|DracoMeteor,MuddyWater,Taunt,Protect|||F|||50|,,,,,Water]Miraidon||LifeOrb|HadronEngine|ElectroDrift,VoltSwitch,DracoMeteor,Protect||||||50|,,,,,Bug]Chi-Yu||ChoiceScarf|BeadsofRuin|Overheat,HeatWave,DarkPulse,Snarl||||||50|,,,,,Ghost]Iron Bundle||FocusSash|QuarkDrive|FreezeDry,IcyWind,Encore,Protect||||||50|,,,,,Ghost]Koraidon||ClearAmulet|OrichalcumPulse|CollisionCourse,FlareBlitz,FlameCharge,Protect||||||50|,,,,,Fire\n|showteam|p2|Zacian-Crowned||RustedSword|IntrepidSword|behemothblade,PlayRough,SacredSword,Protect||||||50|,,,,,Fire]Lunala||PowerHerb|ShadowShield|MeteorBeam,MoongeistBeam,TrickRoom,WideGuard||||||50|,,,,,Water]Urshifu-Rapid-Strike||ChoiceScarf|UnseenFist|SurgingStrikes,CloseCombat,Coaching,Uturn|||F|||50|,,,,,Ghost]Rillaboom||AssaultVest|GrassySurge|FakeOut,GrassyGlide,WoodHammer,Uturn|||M|||50|,,,,,Fire]Regidrago||ChoiceSpecs|DragonsMaw|DragonEnergy,DracoMeteor,TeraBlast,EarthPower||||||50|,,,,,Ghost]Whimsicott||CovertCloak|Prankster|Moonblast,Tailwind,LightScreen,Encore|||M|||50|,,,,,Dark\n|inactive|Battle timer is ON: inactive players will automatically lose when time's up. (requested by Adrinhoo)\n|inactive|FerdiVGC has 60 seconds left.\n|inactive|Adrinhoo has 60 seconds left.\n|inactive|Adrinhoo has 30 seconds left.\n|inactive|Adrinhoo has 20 seconds left.\n|\n|t:|1746008693\n|start\n|switch|p1a: Iron Bundle|Iron Bundle, L50|100/100\n|switch|p1b: Miraidon|Miraidon, L50|100/100\n|switch|p2a: Regidrago|Regidrago, L50|100/100\n|switch|p2b: Whimsicott|Whimsicott, L50, M|100/100\n|-fieldstart|move: Electric Terrain|[from] ability: Hadron Engine|[of] p1b: Miraidon\n|-activate|p1a: Iron Bundle|ability: Quark Drive\n|-start|p1a: Iron Bundle|quarkdrivespe\n|turn|1\n|inactive|FerdiVGC has 30 seconds left.\n|inactive|FerdiVGC has 20 seconds left.\n|inactive|FerdiVGC has 15 seconds left.\n|inactive|FerdiVGC has 10 seconds left.\n|\n|t:|1746008741\n|switch|p1b: Chi-Yu|Chi-Yu, L50|100/100\n|-ability|p1b: Chi-Yu|Beads of Ruin\n|switch|p2a: Rillaboom|Rillaboom, L50, M|100/100\n|-fieldstart|move: Grassy Terrain|[from] ability: Grassy Surge|[of] p2a: Rillaboom\n|-end|p1a: Iron Bundle|Quark Drive\n|move|p2b: Whimsicott|Light Screen|p2b: Whimsicott\n|-sidestart|p2: Adrinhoo|move: Light Screen\n|move|p1a: Iron Bundle|Freeze-Dry|p2a: Rillaboom\n|-supereffective|p2a: Rillaboom\n|-damage|p2a: Rillaboom|60/100\n|\n|-heal|p2a: Rillaboom|66/100|[from] Grassy Terrain\n|upkeep\n|turn|2\n|inactive|Adrinhoo has 30 seconds left.\n|\n|t:|1746008767\n|move|p2b: Whimsicott|Tailwind|p2b: Whimsicott\n|-sidestart|p2: Adrinhoo|move: Tailwind\n|move|p2a: Rillaboom|Grassy Glide|p1a: Iron Bundle\n|-supereffective|p1a: Iron Bundle\n|-damage|p1a: Iron Bundle|12/100\n|move|p1b: Chi-Yu|Heat Wave|p2b: Whimsicott|[spread] p2a\n|-miss|p1b: Chi-Yu|p2b: Whimsicott\n|-supereffective|p2a: Rillaboom\n|-damage|p2a: Rillaboom|25/100\n|move|p1a: Iron Bundle|Freeze-Dry|p2b: Whimsicott\n|-supereffective|p2b: Whimsicott\n|-damage|p2b: Whimsicott|29/100\n|\n|-heal|p2b: Whimsicott|35/100|[from] Grassy Terrain\n|-heal|p2a: Rillaboom|31/100|[from] Grassy Terrain\n|-heal|p1a: Iron Bundle|18/100|[from] Grassy Terrain\n|upkeep\n|turn|3\n|\n|t:|1746008788\n|move|p1a: Iron Bundle|Protect|p1a: Iron Bundle\n|-singleturn|p1a: Iron Bundle|Protect\n|move|p2b: Whimsicott|Moonblast|p1a: Iron Bundle\n|-activate|p1a: Iron Bundle|move: Protect\n|move|p1b: Chi-Yu|Heat Wave|p2b: Whimsicott|[spread] p2a\n|-miss|p1b: Chi-Yu|p2b: Whimsicott\n|-supereffective|p2a: Rillaboom\n|-damage|p2a: Rillaboom|0 fnt\n|faint|p2a: Rillaboom\n|\n|-heal|p2b: Whimsicott|41/100|[from] Grassy Terrain\n|-heal|p1a: Iron Bundle|24/100|[from] Grassy Terrain\n|upkeep\n|\n|t:|1746008796\n|switch|p2a: Regidrago|Regidrago, L50|100/100\n|turn|4\n|\n|t:|1746008818\n|switch|p1b: Miraidon|Miraidon, L50|100/100\n|-fieldstart|move: Electric Terrain|[from] ability: Hadron Engine|[of] p1b: Miraidon\n|-activate|p1a: Iron Bundle|ability: Quark Drive\n|-start|p1a: Iron Bundle|quarkdrivespe\n|move|p2b: Whimsicott|Encore|p1a: Iron Bundle\n|-start|p1a: Iron Bundle|Encore\n|move|p1a: Iron Bundle|Protect||[still]\n|-fail|p1a: Iron Bundle\n|move|p2a: Regidrago|Dragon Energy|p1a: Iron Bundle|[spread] p1a,p1b\n|-supereffective|p1b: Miraidon\n|-damage|p1a: Iron Bundle|0 fnt\n|-damage|p1b: Miraidon|0 fnt\n|faint|p1a: Iron Bundle\n|-end|p1a: Iron Bundle|Quark Drive|[silent]\n|faint|p1b: Miraidon\n|\n|upkeep\n|\n|t:|1746008830\n|switch|p1a: Chi-Yu|Chi-Yu, L50|100/100\n|switch|p1b: Koraidon|Koraidon, L50|100/100\n|-ability|p1a: Chi-Yu|Beads of Ruin\n|-weather|SunnyDay|[from] ability: Orichalcum Pulse|[of] p1b: Koraidon\n|-activate|p1b: Koraidon|Orichalcum Pulse|[source]\n|turn|5\n|\n|t:|1746008839\n|move|p1b: Koraidon|Protect|p1b: Koraidon\n|-singleturn|p1b: Koraidon|Protect\n|move|p2b: Whimsicott|Moonblast|p1b: Koraidon\n|-activate|p1b: Koraidon|move: Protect\n|move|p2a: Regidrago|Dragon Energy|p1a: Chi-Yu|[spread] p1a\n|-activate|p1b: Koraidon|move: Protect\n|-damage|p1a: Chi-Yu|0 fnt\n|faint|p1a: Chi-Yu\n|\n|-weather|SunnyDay|[upkeep]\n|-sideend|p2: Adrinhoo|move: Light Screen\n|-sideend|p2: Adrinhoo|move: Tailwind\n|upkeep\n|turn|6\n|\n|t:|1746008853\n|-terastallize|p1b: Koraidon|Fire\n|-terastallize|p2a: Regidrago|Ghost\n|move|p2b: Whimsicott|Tailwind|p2b: Whimsicott\n|-sidestart|p2: Adrinhoo|move: Tailwind\n|move|p2a: Regidrago|Dragon Energy|p1b: Koraidon\n|-damage|p1b: Koraidon|0 fnt\n|faint|p1b: Koraidon\n|\n|win|Adrinhoo\n||Adrinhoo is ready for game 2.\n|inactive|FerdiVGC has 30 seconds to confirm battle start!\n|l|\u2606Adrinhoo\n|player|p2|\n||FerdiVGC is ready for game 2.\n|uhtml|next|Next: <a href=\"/battle-gen9vgc2025regibo3-2353842060\"><strong>Game 2 of 3</strong></a>\n|l|\u2606FerdiVGC\n|player|p1|\n", "uploadtime": 1746009171, "views": 6, "formatid": "gen9vgc2025regibo3", "rating": null, "private": 0, "password": null}