{"id": "gen9vgc2025regibo3-2354413338", "format": "[Gen 9] VGC 2025 Reg I (Bo3)", "players": ["rubmybellay", "AetryxGameing"], "log": "|j|\u2606rubmybellay\n|j|\u2606AetryxGameing\n|html|<table width=\"100%\"><tr><td align=\"left\">rubmybellay</td><td align=\"right\">AetryxGameing</tr><tr><td align=\"left\"><i class=\"fa fa-circle-o\"></i> <i class=\"fa fa-circle-o\"></i> </td><td align=\"right\"><i class=\"fa fa-circle-o\"></i> <i class=\"fa fa-circle-o\"></i> </tr></table>\n|uhtml|bestof|<h2><strong>Game 1</strong> of <a href=\"/game-bestof3-gen9vgc2025regibo3-2354413337\">a best-of-3</a></h2>\n|t:|1746068340\n|gametype|doubles\n|player|p1|rubmybellay|crasherwake|\n|player|p2|AetryxGameing|101|\n|teamsize|p1|6\n|teamsize|p2|6\n|gen|9\n|tier|[Gen 9] VGC 2025 Reg I (Bo3)\n|rule|Species Clause: Limit one of each Pok\u00e9mon\n|rule|Item Clause: Limit 1 of each item\n|clearpoke\n|poke|p1|Koraidon, L50|\n|poke|p1|Calyrex-Ice, L50|\n|poke|p1|Iron Hands, L50|\n|poke|p1|Flutter Mane, L50|\n|poke|p1|Brute Bonnet, L50|\n|poke|p1|Chi-Yu, L50|\n|poke|p2|Koraidon, L50|\n|poke|p2|Lunala, L50|\n|poke|p2|Indeedee-F, L50, F|\n|poke|p2|Flutter Mane, L50|\n|poke|p2|Chi-Yu, L50|\n|poke|p2|Ogerpon-Cornerstone, L50, F|\n|teampreview|4\n|showteam|p1|Koraidon||LifeOrb|OrichalcumPulse|FlareBlitz,CloseCombat,FlameCharge,Protect||||||50|,,,,,Fire]Calyrex-Ice||ClearAmulet|AsOneGlastrier|GlacialLance,HighHorsepower,TrickRoom,Protect||||||50|,,,,,Fire]Iron Hands||AssaultVest|QuarkDrive|FakeOut,WildCharge,LowKick,VoltSwitch||||||50|,,,,,Grass]Flutter Mane||FocusSash|Protosynthesis|Moonblast,ShadowBall,IcyWind,Protect||||||50|,,,,,Normal]Brute Bonnet||CovertCloak|Protosynthesis|SuckerPunch,SeedBomb,Spore,RagePowder||||||50|,,,,,Water]Chi-Yu||ChoiceScarf|BeadsofRuin|HeatWave,Overheat,DarkPulse,Snarl||||||50|,,,,,Ghost\n|showteam|p2|Koraidon||ClearAmulet|OrichalcumPulse|CloseCombat,FlareBlitz,FlameCharge,Protect||||||50|,,,,,Fire]Lunala||PowerHerb|ShadowShield|MoongeistBeam,ExpandingForce,MeteorBeam,WideGuard||||||50|,,,,,Fairy]Indeedee-F||RockyHelmet|PsychicSurge|Psychic,FollowMe,HelpingHand,TrickRoom|||F|||50|,,,,,Fairy]Flutter Mane||FocusSash|Protosynthesis|Moonblast,IcyWind,Taunt,Protect||||||50|,,,,,Normal]Chi-Yu||ChoiceScarf|BeadsofRuin|DarkPulse,Overheat,HeatWave,Snarl||||||50|,,,,,Ghost]Ogerpon-Cornerstone||CornerstoneMask|Sturdy|IvyCudgel,PowerWhip,FollowMe,SpikyShield|||F|||50|,,,,,Rock\n|\n|t:|1746068415\n|start\n|switch|p1a: Calyrex|Calyrex-Ice, L50|100/100\n|switch|p1b: Brute Bonnet|Brute Bonnet, L50, shiny|100/100\n|switch|p2a: Koraidon|Koraidon, L50|100/100\n|switch|p2b: Ogerpon|Ogerpon-Cornerstone, L50, F|100/100\n|-ability|p1a: Calyrex|As One\n|-ability|p1a: Calyrex|Unnerve\n|-weather|SunnyDay|[from] ability: Orichalcum Pulse|[of] p2a: Koraidon\n|-activate|p1b: Brute Bonnet|ability: Protosynthesis\n|-start|p1b: Brute Bonnet|protosynthesisdef\n|-activate|p2a: Koraidon|Orichalcum Pulse|[source]\n|turn|1\n|c|\u2606rubmybellay|gimme a sec, brb\n|c|\u2606AetryxGameing|all good\n|c|\u2606rubmybellay|back\n|\n|t:|1746068690\n|-terastallize|p1a: Calyrex|Fire\n|move|p1b: Brute Bonnet|Sucker Punch|p2b: Ogerpon\n|-damage|p2b: Ogerpon|58/100\n|move|p2a: Koraidon|Flare Blitz|p1b: Brute Bonnet\n|-supereffective|p1b: Brute Bonnet\n|-damage|p1b: Brute Bonnet|27/100\n|-damage|p2a: Koraidon|71/100|[from] Recoil\n|move|p2b: Ogerpon|Ivy Cudgel|p1a: Calyrex|[anim] Ivy Cudgel Rock\n|-supereffective|p1a: Calyrex\n|-damage|p1a: Calyrex|25/100\n|move|p1a: Calyrex|Glacial Lance|p2a: Koraidon|[spread] p2a,p2b\n|-supereffective|p2a: Koraidon\n|-supereffective|p2b: Ogerpon\n|-damage|p2a: Koraidon|0 fnt\n|-damage|p2b: Ogerpon|0 fnt\n|faint|p2a: Koraidon\n|faint|p2b: Ogerpon\n|-ability|p1a: Calyrex|Chilling Neigh|boost\n|-boost|p1a: Calyrex|atk|2\n|\n|-weather|SunnyDay|[upkeep]\n|upkeep\n|\n|t:|1746068702\n|switch|p2a: Lunala|Lunala, L50|100/100\n|switch|p2b: Chi-Yu|Chi-Yu, L50|100/100\n|-ability|p2b: Chi-Yu|Beads of Ruin\n|turn|2\n|\n|t:|1746068763\n|move|p1a: Calyrex|Protect|p1a: Calyrex\n|-singleturn|p1a: Calyrex|Protect\n|move|p2a: Lunala|Wide Guard|p2a: Lunala\n|-singleturn|p2a: Lunala|Wide Guard\n|move|p1b: Brute Bonnet|Sucker Punch||[still]\n|-fail|p1b: Brute Bonnet\n|move|p2b: Chi-Yu|Overheat|p1a: Calyrex\n|-activate|p1a: Calyrex|move: Protect\n|\n|-weather|SunnyDay|[upkeep]\n|upkeep\n|turn|3\n|\n|t:|1746068807\n|-terastallize|p2a: Lunala|Fairy\n|move|p1b: Brute Bonnet|Sucker Punch|p2a: Lunala\n|-resisted|p2a: Lunala\n|-damage|p2a: Lunala|95/100\n|move|p2b: Chi-Yu|Overheat|p1a: Calyrex\n|-resisted|p1a: Calyrex\n|-damage|p1a: Calyrex|0 fnt\n|-unboost|p2b: Chi-Yu|spa|2\n|faint|p1a: Calyrex\n|move|p2a: Lunala|Meteor Beam||[still]\n|-prepare|p2a: Lunala|Meteor Beam\n|-boost|p2a: Lunala|spa|1\n|-enditem|p2a: Lunala|Power Herb\n|-anim|p2a: Lunala|Meteor Beam|p1b: Brute Bonnet\n|-crit|p1b: Brute Bonnet\n|-damage|p1b: Brute Bonnet|0 fnt\n|faint|p1b: Brute Bonnet\n|-end|p1b: Brute Bonnet|Protosynthesis|[silent]\n|\n|-weather|SunnyDay|[upkeep]\n|upkeep\n|\n|t:|1746068825\n|switch|p1a: Koraidon|Koraidon, L50|100/100\n|switch|p1b: Chi-Yu|Chi-Yu, L50|100/100\n|-ability|p1b: Chi-Yu|Beads of Ruin\n|-activate|p1a: Koraidon|ability: Orichalcum Pulse\n|turn|4\n|\n|t:|1746068852\n|move|p2b: Chi-Yu|Overheat|p1b: Chi-Yu\n|-resisted|p1b: Chi-Yu\n|-damage|p1b: Chi-Yu|68/100\n|-unboost|p2b: Chi-Yu|spa|2\n|move|p1b: Chi-Yu|Overheat|p2a: Lunala\n|-damage|p2a: Lunala|0 fnt\n|-unboost|p1b: Chi-Yu|spa|2\n|faint|p2a: Lunala\n|move|p1a: Koraidon|Flare Blitz|p2b: Chi-Yu\n|-resisted|p2b: Chi-Yu\n|-damage|p2b: Chi-Yu|7/100\n|-damage|p1a: Koraidon|77/100|[from] Recoil\n|-damage|p1a: Koraidon|68/100|[from] item: Life Orb\n|\n|-weather|SunnyDay|[upkeep]\n|upkeep\n|turn|5\n|-message|AetryxGameing forfeited.\n|\n|win|rubmybellay\n||AetryxGameing is ready for game 2.\n|inactive|rubmybellay has 30 seconds to confirm battle start!\n||rubmybellay is ready for game 2.\n|uhtml|next|Next: <a href=\"/battle-gen9vgc2025regibo3-2354417498\"><strong>Game 2 of 3</strong></a>\n", "uploadtime": 1746069430, "views": 16, "formatid": "gen9vgc2025regibo3", "rating": null, "private": 0, "password": null}