{"id": "gen9vgc2025regibo3-2353454817", "format": "[Gen 9] VGC 2025 Reg I (Bo3)", "players": ["TrCJags", "Blossummm"], "log": "|j|\u2606TrCJags\n|j|\u2606Blossummm\n|html|<table width=\"100%\"><tr><td align=\"left\">TrCJags</td><td align=\"right\">Blossummm</tr><tr><td align=\"left\"><i class=\"fa fa-circle\"></i> <i class=\"fa fa-circle-o\"></i> </td><td align=\"right\"><i class=\"fa fa-circle-o\"></i> <i class=\"fa fa-circle-o\"></i> </tr></table>\n|uhtml|bestof|<h2><strong>Game 2</strong> of <a href=\"/game-bestof3-gen9vgc2025regibo3-2353451229\">a best-of-3</a></h2>\n|t:|1745957453\n|gametype|doubles\n|player|p1|TrCJags|scientist-gen4dp|1216\n|player|p2|Blossummm|roxie|1301\n|teamsize|p1|6\n|teamsize|p2|6\n|gen|9\n|tier|[Gen 9] VGC 2025 Reg I (Bo3)\n|rated|\n|rule|Species Clause: Limit one of each Pok\u00e9mon\n|rule|Item Clause: Limit 1 of each item\n|clearpoke\n|poke|p1|Calyrex-Shadow, L50|\n|poke|p1|Koraidon, L50|\n|poke|p1|Ogerpon-Cornerstone, L50, F|\n|poke|p1|Chi-Yu, L50|\n|poke|p1|Raging Bolt, L50|\n|poke|p1|Jumpluff, L50, M|\n|poke|p2|Miraidon, L50|\n|poke|p2|Calyrex-Ice, L50|\n|poke|p2|Ogerpon-Hearthflame, L50, F|\n|poke|p2|Iron Valiant, L50|\n|poke|p2|Iron Hands, L50|\n|poke|p2|Farigiraf, L50, M|\n|teampreview|4\n|showteam|p1|Calyrex-Shadow||FocusSash|AsOneSpectrier|AstralBarrage,DrainingKiss,Protect,Encore||||||50|,,,,,Fairy]Koraidon||LifeOrb|OrichalcumPulse|FlareBlitz,FlameCharge,CloseCombat,Protect||||||50|,,,,,Fire]Ogerpon-Cornerstone||CornerstoneMask|Sturdy|IvyCudgel,Taunt,SpikyShield,FollowMe|||F|||50|,,,,,Rock]Chi-Yu||ChoiceScarf|BeadsofRuin|HeatWave,DarkPulse,Snarl,Overheat||||||50|,,,,,Ghost]Raging Bolt||SafetyGoggles|Protosynthesis|Thunderclap,DracoMeteor,VoltSwitch,Protect||||||50|,,,,,Electric]Jumpluff||CovertCloak|Chlorophyll|RagePowder,SleepPowder,Tailwind,PollenPuff|||M|||50|,,,,,Dark\n|showteam|p2|Miraidon||ChoiceScarf|HadronEngine|ElectroDrift,DracoMeteor,VoltSwitch,Snarl||||||50|,,,,,Electric]Calyrex-Ice||ClearAmulet|AsOneGlastrier|GlacialLance,HighHorsepower,Protect,TrickRoom||||||50|,,,,,Fairy]Ogerpon-Hearthflame||HearthflameMask|MoldBreaker|SpikyShield,IvyCudgel,WoodHammer,FollowMe|||F|||50|,,,,,Fire]Iron Valiant||FocusSash|QuarkDrive|Protect,SpiritBreak,Encore,Disable||||||50|,,,,,Ghost]Iron Hands||AssaultVest|QuarkDrive|FakeOut,DrainPunch,WildCharge,LowKick||||||50|,,,,,Water]Farigiraf||ElectricSeed|ArmorTail|Psychic,FoulPlay,HelpingHand,TrickRoom|||M|||50|,,,,,Dark\n|j| epom158\n|inactive|Battle timer is ON: inactive players will automatically lose when time's up. (requested by Blossummm)\n|inactive|TrCJags has 60 seconds left.\n|inactive|TrCJags has 30 seconds left.\n|inactive|TrCJags has 20 seconds left.\n|inactive|TrCJags has 15 seconds left.\n|\n|t:|1745957551\n|start\n|switch|p1a: Koraidon|Koraidon, L50|100/100\n|switch|p1b: Raging Bolt|Raging Bolt, L50|100/100\n|switch|p2a: Miraidon|Miraidon, L50|100/100\n|switch|p2b: Iron Hands|Iron Hands, L50|100/100\n|-fieldstart|move: Electric Terrain|[from] ability: Hadron Engine|[of] p2a: Miraidon\n|-activate|p2b: Iron Hands|ability: Quark Drive\n|-start|p2b: Iron Hands|quarkdriveatk\n|-weather|SunnyDay|[from] ability: Orichalcum Pulse|[of] p1a: Koraidon\n|-activate|p1b: Raging Bolt|ability: Protosynthesis\n|-start|p1b: Raging Bolt|protosynthesisspa\n|-activate|p1a: Koraidon|Orichalcum Pulse|[source]\n|turn|1\n|inactive|Blossummm has 30 seconds left.\n|\n|t:|1745957585\n|switch|p2a: Calyrex|Calyrex-Ice, L50|100/100\n|-ability|p2a: Calyrex|As One\n|-ability|p2a: Calyrex|Unnerve\n|move|p1a: Koraidon|Protect|p1a: Koraidon\n|-singleturn|p1a: Koraidon|Protect\n|move|p1b: Raging Bolt|Protect|p1b: Raging Bolt\n|-singleturn|p1b: Raging Bolt|Protect\n|move|p2b: Iron Hands|Fake Out|p1a: Koraidon\n|-activate|p1a: Koraidon|move: Protect\n|\n|-weather|SunnyDay|[upkeep]\n|upkeep\n|turn|2\n|inactive|TrCJags has 30 seconds left.\n|inactive|TrCJags has 20 seconds left.\n|inactive|TrCJags has 15 seconds left.\n|inactive|TrCJags has 10 seconds left.\n|\n|t:|1745957631\n|switch|p2a: Miraidon|Miraidon, L50|100/100\n|-activate|p2a: Miraidon|ability: Hadron Engine\n|move|p1a: Koraidon|Flare Blitz|p2a: Miraidon\n|-resisted|p2a: Miraidon\n|-damage|p2a: Miraidon|42/100\n|-damage|p1a: Koraidon|81/100|[from] Recoil\n|-damage|p1a: Koraidon|71/100|[from] item: Life Orb\n|move|p1b: Raging Bolt|Volt Switch|p2a: Miraidon\n|-resisted|p2a: Miraidon\n|-damage|p2a: Miraidon|26/100\n|\n|t:|1745957648\n|-end|p1b: Raging Bolt|Protosynthesis|[silent]\n|switch|p1b: Ogerpon|Ogerpon-Cornerstone, L50, F|100/100|[from] Volt Switch\n|move|p2b: Iron Hands|Low Kick|p1a: Koraidon\n|-damage|p1a: Koraidon|0 fnt\n|faint|p1a: Koraidon\n|\n|-weather|SunnyDay|[upkeep]\n|upkeep\n|\n|t:|1745957664\n|switch|p1a: Calyrex|Calyrex-Shadow, L50|100/100\n|-ability|p1a: Calyrex|As One\n|-ability|p1a: Calyrex|Unnerve\n|turn|3\n|\n|t:|1745957683\n|move|p1b: Ogerpon|Follow Me|p1b: Ogerpon\n|-singleturn|p1b: Ogerpon|move: Follow Me\n|move|p2a: Miraidon|Volt Switch|p1b: Ogerpon\n|-resisted|p1b: Ogerpon\n|-damage|p1b: Ogerpon|62/100\n|\n|t:|1745957696\n|switch|p2a: Iron Valiant|Iron Valiant, L50|100/100|[from] Volt Switch\n|-activate|p2a: Iron Valiant|ability: Quark Drive\n|-start|p2a: Iron Valiant|quarkdrivespe\n|move|p1a: Calyrex|Astral Barrage|p2b: Iron Hands|[spread] p2a,p2b\n|-enditem|p2a: Iron Valiant|Focus Sash\n|-damage|p2a: Iron Valiant|1/100\n|-damage|p2b: Iron Hands|72/100\n|move|p2b: Iron Hands|Wild Charge|p1b: Ogerpon\n|-resisted|p1b: Ogerpon\n|-damage|p1b: Ogerpon|19/100\n|-damage|p2b: Iron Hands|64/100|[from] Recoil\n|\n|-weather|SunnyDay|[upkeep]\n|upkeep\n|turn|4\n|inactive|TrCJags has 30 seconds left.\n|inactive|Blossummm has 30 seconds left.\n|\n|t:|1745957724\n|move|p1b: Ogerpon|Follow Me|p1b: Ogerpon\n|-singleturn|p1b: Ogerpon|move: Follow Me\n|move|p2a: Iron Valiant|Spirit Break|p1b: Ogerpon\n|-damage|p1b: Ogerpon|0 fnt\n|faint|p1b: Ogerpon\n|move|p1a: Calyrex|Astral Barrage|p2a: Iron Valiant|[spread] p2a,p2b\n|-damage|p2a: Iron Valiant|0 fnt\n|-damage|p2b: Iron Hands|34/100\n|faint|p2a: Iron Valiant\n|-end|p2a: Iron Valiant|Quark Drive|[silent]\n|-ability|p1a: Calyrex|Grim Neigh|boost\n|-boost|p1a: Calyrex|spa|1\n|move|p2b: Iron Hands|Wild Charge|p1a: Calyrex\n|-enditem|p1a: Calyrex|Focus Sash\n|-damage|p1a: Calyrex|1/100\n|-damage|p2b: Iron Hands|16/100|[from] Recoil\n|\n|-weather|SunnyDay|[upkeep]\n|upkeep\n|inactive|Blossummm has 30 seconds left.\n|\n|t:|1745957751\n|switch|p2a: Miraidon|Miraidon, L50|26/100\n|switch|p1b: Raging Bolt|Raging Bolt, L50|100/100\n|-activate|p2a: Miraidon|ability: Hadron Engine\n|-activate|p1b: Raging Bolt|ability: Protosynthesis\n|-start|p1b: Raging Bolt|protosynthesisspa\n|turn|5\n|inactive|TrCJags has 30 seconds left.\n|\n|t:|1745957783\n|-terastallize|p1b: Raging Bolt|Electric\n|move|p1a: Calyrex|Protect|p1a: Calyrex\n|-singleturn|p1a: Calyrex|Protect\n|move|p2a: Miraidon|Snarl|p1a: Calyrex|[spread] p1b\n|-activate|p1a: Calyrex|move: Protect\n|-damage|p1b: Raging Bolt|81/100\n|-unboost|p1b: Raging Bolt|spa|1\n|move|p1b: Raging Bolt|Draco Meteor|p2a: Miraidon|[miss]\n|-miss|p1b: Raging Bolt|p2a: Miraidon\n|move|p2b: Iron Hands|Low Kick|p1b: Raging Bolt\n|-damage|p1b: Raging Bolt|11/100\n|\n|-weather|none\n|-end|p1b: Raging Bolt|Protosynthesis\n|-fieldend|move: Electric Terrain\n|-end|p2b: Iron Hands|Quark Drive\n|upkeep\n|turn|6\n|inactive|TrCJags has 30 seconds left.\n|inactive|Blossummm has 30 seconds left.\n|inactive|TrCJags has 20 seconds left.\n|inactive|Blossummm has 20 seconds left.\n|inactive|Blossummm has 15 seconds left.\n|inactive|Blossummm has 10 seconds left.\n|\n|t:|1745957831\n|move|p2a: Miraidon|Snarl|p1b: Raging Bolt|[spread] p1a,p1b\n|-supereffective|p1a: Calyrex\n|-damage|p1a: Calyrex|0 fnt\n|-damage|p1b: Raging Bolt|0 fnt\n|faint|p1a: Calyrex\n|faint|p1b: Raging Bolt\n|-end|p1b: Raging Bolt|Protosynthesis|[silent]\n|\n|win|Blossummm\n||Blossummm is ready for game 3.\n||TrCJags is ready for game 3.\n|uhtml|next|Next: <a href=\"/battle-gen9vgc2025regibo3-2353458955\"><strong>Game 3 of 3</strong></a>\n|l|\u2606TrCJags\n|player|p1|\n|j|\u2606TrCJags\n|player|p1|TrCJags|scientist-gen4dp|\n|l|\u2606TrCJags\n|player|p1|\n|j|\u2606TrCJags\n|player|p1|TrCJags|scientist-gen4dp|\n", "uploadtime": 1745958012, "views": 10, "formatid": "gen9vgc2025regibo3", "rating": null, "private": 0, "password": null}