{"id": "gen9vgc2025regibo3-2353910863", "format": "[Gen 9] VGC 2025 Reg I (Bo3)", "players": ["aveorni", "gundi8"], "log": "|j|\u2606aveorni\n|j|\u2606gundi8\n|html|<table width=\"100%\"><tr><td align=\"left\">aveorni</td><td align=\"right\">gundi8</tr><tr><td align=\"left\"><i class=\"fa fa-circle-o\"></i> <i class=\"fa fa-circle-o\"></i> </td><td align=\"right\"><i class=\"fa fa-circle-o\"></i> <i class=\"fa fa-circle\"></i> </tr></table>\n|uhtml|bestof|<h2><strong>Game 2</strong> of <a href=\"/game-bestof3-gen9vgc2025regibo3-2353908408\">a best-of-3</a></h2>\n|t:|1746017935\n|gametype|doubles\n|player|p1|aveorni|n|1217\n|player|p2|gundi8|ethan-gen2|1204\n|teamsize|p1|6\n|teamsize|p2|6\n|gen|9\n|tier|[Gen 9] VGC 2025 Reg I (Bo3)\n|rated|\n|rule|Species Clause: Limit one of each Pok\u00e9mon\n|rule|Item Clause: Limit 1 of each item\n|clearpoke\n|poke|p1|Lunala, L50|\n|poke|p1|Koraidon, L50|\n|poke|p1|Scream Tail, L50|\n|poke|p1|Brute Bonnet, L50|\n|poke|p1|Incineroar, L50, M|\n|poke|p1|Grimmsnarl, L50, M|\n|poke|p2|Calyrex-Shadow, L50|\n|poke|p2|Koraidon, L50|\n|poke|p2|Ditto, L50|\n|poke|p2|Brute Bonnet, L50|\n|poke|p2|Whimsicott, L50, F|\n|poke|p2|Chi-Yu, L50|\n|teampreview|4\n|showteam|p1|Lunala||PowerHerb|ShadowShield|MoongeistBeam,MeteorBeam,WideGuard,Protect||||||50|,,,,,Grass]Koraidon||LifeOrb|OrichalcumPulse|FlareBlitz,CloseCombat,FlameCharge,Protect||||||50|,,,,,Fire]Scream Tail||BoosterEnergy|Protosynthesis|PsychicNoise,Encore,Disable,Protect||||||50|,,,,,Dark]Brute Bonnet||CovertCloak|Protosynthesis|Spore,Trailblaze,SuckerPunch,RagePowder||||||50|,,,,,Water]Incineroar||SafetyGoggles|Intimidate|FakeOut,FlareBlitz,PartingShot,Taunt|||M|||50|,,,,,Ghost]Grimmsnarl||LightClay|Prankster|FoulPlay,LightScreen,Reflect,ThunderWave|||M|||50|,,,,,Ghost\n|showteam|p2|Calyrex-Shadow||LifeOrb|AsOneSpectrier|AstralBarrage,Psychic,Substitute,Protect||||||50|,,,,,Ghost]Koraidon||ClearAmulet|OrichalcumPulse|CollisionCourse,FlameCharge,FlareBlitz,Protect||||||50|,,,,,Fire]Ditto||FocusSash|Imposter|Transform||||||50|,,,,,Normal]Brute Bonnet||RockyHelmet|Protosynthesis|SeedBomb,SuckerPunch,Spore,RagePowder||||||50|,,,,,Water]Whimsicott||CovertCloak|Prankster|Moonblast,LightScreen,Tailwind,Encore|||F|||50|,,,,,Dark]Chi-Yu||ChoiceScarf|BeadsofRuin|HeatWave,Snarl,Overheat,DarkPulse||||||50|,,,,,Ghost\n|inactive|Battle timer is ON: inactive players will automatically lose when time's up. (requested by aveorni)\n|inactive|gundi8 also wants the timer to be on.\n|inactive|aveorni has 60 seconds left.\n|inactive|gundi8 has 60 seconds left.\n|\n|t:|1746017985\n|start\n|switch|p1a: Grimmsnarl|Grimmsnarl, L50, M|100/100\n|switch|p1b: Koraidon|Koraidon, L50|100/100\n|switch|p2a: Calyrex|Calyrex-Shadow, L50|100/100\n|switch|p2b: Chi-Yu|Chi-Yu, L50|100/100\n|-ability|p2a: Calyrex|As One\n|-ability|p2a: Calyrex|Unnerve\n|-ability|p2b: Chi-Yu|Beads of Ruin\n|-weather|SunnyDay|[from] ability: Orichalcum Pulse|[of] p1b: Koraidon\n|-activate|p1b: Koraidon|Orichalcum Pulse|[source]\n|turn|1\n|\n|t:|1746018010\n|switch|p2b: Whimsicott|Whimsicott, L50, F|100/100\n|-terastallize|p1b: Koraidon|Fire\n|move|p2a: Calyrex|Protect|p2a: Calyrex\n|-singleturn|p2a: Calyrex|Protect\n|move|p1a: Grimmsnarl|Light Screen|p1a: Grimmsnarl\n|-sidestart|p1: aveorni|move: Light Screen\n|move|p1b: Koraidon|Flame Charge|p2a: Calyrex\n|-activate|p2a: Calyrex|move: Protect\n|\n|-weather|SunnyDay|[upkeep]\n|upkeep\n|turn|2\n|\n|t:|1746018027\n|-terastallize|p2a: Calyrex|Ghost\n|move|p2b: Whimsicott|Tailwind|p2b: Whimsicott\n|-sidestart|p2: gundi8|move: Tailwind\n|move|p2a: Calyrex|Astral Barrage|p1a: Grimmsnarl|[spread] p1a,p1b\n|-resisted|p1a: Grimmsnarl\n|-damage|p1a: Grimmsnarl|75/100\n|-damage|p1b: Koraidon|33/100\n|-damage|p2a: Calyrex|91/100|[from] item: Life Orb\n|move|p1b: Koraidon|Flame Charge|p2b: Whimsicott\n|-supereffective|p2b: Whimsicott\n|-damage|p2b: Whimsicott|0 fnt\n|-boost|p1b: Koraidon|spe|1\n|faint|p2b: Whimsicott\n|-damage|p1b: Koraidon|24/100|[from] item: Life Orb\n|move|p1a: Grimmsnarl|Foul Play|p2a: Calyrex\n|-supereffective|p2a: Calyrex\n|-damage|p2a: Calyrex|34/100\n|\n|-weather|SunnyDay|[upkeep]\n|upkeep\n|\n|t:|1746018036\n|switch|p2b: Ditto|Ditto, L50|100/100\n|-transform|p2b: Ditto|p1a: Grimmsnarl|[from] ability: Imposter\n|turn|3\n|inactive|gundi8 has 30 seconds left.\n|\n|t:|1746018061\n|move|p1b: Koraidon|Protect|p1b: Koraidon\n|-singleturn|p1b: Koraidon|Protect\n|move|p2b: Ditto|Thunder Wave|p1b: Koraidon\n|-activate|p1b: Koraidon|move: Protect\n|move|p1a: Grimmsnarl|Thunder Wave|p2a: Calyrex\n|-status|p2a: Calyrex|par\n|cant|p2a: Calyrex|par\n|\n|-weather|SunnyDay|[upkeep]\n|upkeep\n|turn|4\n|\n|t:|1746018083\n|move|p2b: Ditto|Thunder Wave|p1b: Koraidon\n|-status|p1b: Koraidon|par\n|move|p2a: Calyrex|Astral Barrage|p1a: Grimmsnarl|[spread] p1a,p1b\n|-resisted|p1a: Grimmsnarl\n|-damage|p1a: Grimmsnarl|50/100\n|-damage|p1b: Koraidon|0 fnt\n|faint|p1b: Koraidon\n|-ability|p2a: Calyrex|Grim Neigh|boost\n|-boost|p2a: Calyrex|spa|1\n|-damage|p2a: Calyrex|25/100 par|[from] item: Life Orb\n|move|p1a: Grimmsnarl|Foul Play|p2a: Calyrex\n|-supereffective|p2a: Calyrex\n|-damage|p2a: Calyrex|0 fnt\n|faint|p2a: Calyrex\n|\n|-weather|SunnyDay|[upkeep]\n|upkeep\n|\n|t:|1746018096\n|switch|p2a: Chi-Yu|Chi-Yu, L50|100/100\n|switch|p1b: Brute Bonnet|Brute Bonnet, L50|100/100\n|-ability|p2a: Chi-Yu|Beads of Ruin\n|-activate|p1b: Brute Bonnet|ability: Protosynthesis\n|-start|p1b: Brute Bonnet|protosynthesisdef\n|turn|5\n|inactive|aveorni has 30 seconds left.\n|\n|t:|1746018123\n|move|p2b: Ditto|Reflect|p2b: Ditto\n|-sidestart|p2: gundi8|Reflect\n|move|p1a: Grimmsnarl|Reflect|p1a: Grimmsnarl\n|-sidestart|p1: aveorni|Reflect\n|move|p2a: Chi-Yu|Heat Wave|p1b: Brute Bonnet|[spread] p1a,p1b\n|-supereffective|p1b: Brute Bonnet\n|-damage|p1a: Grimmsnarl|5/100\n|-damage|p1b: Brute Bonnet|10/100\n|move|p1b: Brute Bonnet|Spore|p2a: Chi-Yu\n|-status|p2a: Chi-Yu|slp|[from] move: Spore\n|\n|-weather|none\n|-end|p1b: Brute Bonnet|Protosynthesis\n|-sideend|p2: gundi8|move: Tailwind\n|upkeep\n|turn|6\n|inactive|gundi8 has 30 seconds left.\n|\n|t:|1746018151\n|switch|p1a: Lunala|Lunala, L50|100/100\n|cant|p2a: Chi-Yu|slp\n|move|p1b: Brute Bonnet|Spore|p2b: Ditto\n|-status|p2b: Ditto|slp|[from] move: Spore\n|cant|p2b: Ditto|slp\n|\n|upkeep\n|turn|7\n|\n|t:|1746018169\n|-end|p1b: Brute Bonnet|Protosynthesis|[silent]\n|switch|p1b: Grimmsnarl|Grimmsnarl, L50, M|5/100\n|cant|p2a: Chi-Yu|slp\n|move|p1a: Lunala|Meteor Beam||[still]\n|-prepare|p1a: Lunala|Meteor Beam\n|-boost|p1a: Lunala|spa|1\n|-enditem|p1a: Lunala|Power Herb\n|-anim|p1a: Lunala|Meteor Beam|p2a: Chi-Yu\n|-supereffective|p2a: Chi-Yu\n|-damage|p2a: Chi-Yu|0 fnt\n|faint|p2a: Chi-Yu\n|-curestatus|p2b: Ditto|slp|[msg]\n|move|p2b: Ditto|Foul Play|p1a: Lunala\n|-supereffective|p1a: Lunala\n|-damage|p1a: Lunala|66/100\n|\n|upkeep\n|turn|8\n|\n|t:|1746018188\n|switch|p1b: Brute Bonnet|Brute Bonnet, L50|10/100\n|move|p1a: Lunala|Protect|p1a: Lunala\n|-singleturn|p1a: Lunala|Protect\n|move|p2b: Ditto|Foul Play|p1a: Lunala\n|-activate|p1a: Lunala|move: Protect\n|\n|-sideend|p1: aveorni|move: Light Screen\n|upkeep\n|turn|9\n|\n|t:|1746018199\n|move|p1a: Lunala|Moongeist Beam|p2b: Ditto\n|-resisted|p2b: Ditto\n|-damage|p2b: Ditto|56/100\n|move|p1b: Brute Bonnet|Spore|p2b: Ditto\n|-status|p2b: Ditto|slp|[from] move: Spore\n|cant|p2b: Ditto|slp\n|\n|-sideend|p2: gundi8|Reflect\n|upkeep\n|turn|10\n|\n|t:|1746018209\n|move|p1a: Lunala|Moongeist Beam|p2b: Ditto\n|-resisted|p2b: Ditto\n|-damage|p2b: Ditto|8/100 slp\n|move|p1b: Brute Bonnet|Trailblaze|p2b: Ditto\n|-damage|p2b: Ditto|0 fnt\n|-boost|p1b: Brute Bonnet|spe|1\n|faint|p2b: Ditto\n|\n|win|aveorni\n", "uploadtime": 1746018212, "views": 10, "formatid": "gen9vgc2025regibo3", "rating": null, "private": 0, "password": null}