{"id": "gen9vgc2025regibo3-2354325447", "format": "[Gen 9] VGC 2025 Reg I (Bo3)", "players": ["Larchete", "minirock"], "log": "|j|\u2606Larchete\n|j|\u2606minirock\n|html|<table width=\"100%\"><tr><td align=\"left\">Larchete</td><td align=\"right\">minirock</tr><tr><td align=\"left\"><i class=\"fa fa-circle-o\"></i> <i class=\"fa fa-circle-o\"></i> </td><td align=\"right\"><i class=\"fa fa-circle-o\"></i> <i class=\"fa fa-circle-o\"></i> </tr></table>\n|uhtml|bestof|<h2><strong>Game 1</strong> of <a href=\"/game-bestof3-gen9vgc2025regibo3-2354325446\">a best-of-3</a></h2>\n|t:|1746057571\n|gametype|doubles\n|player|p1|Larchete|170|1177\n|player|p2|minirock|1|1169\n|teamsize|p1|6\n|teamsize|p2|6\n|gen|9\n|tier|[Gen 9] VGC 2025 Reg I (Bo3)\n|rated|\n|rule|Species Clause: Limit one of each Pok\u00e9mon\n|rule|Item Clause: Limit 1 of each item\n|clearpoke\n|poke|p1|Flamigo, L50, M|\n|poke|p1|Calyrex-Shadow, L50|\n|poke|p1|Dondozo, L50, M|\n|poke|p1|Tatsugiri, L50, M|\n|poke|p1|Regidrago, L50|\n|poke|p1|Indeedee-F, L50, F|\n|poke|p2|Calyrex-Shadow, L50|\n|poke|p2|Zamazenta-*, L50|\n|poke|p2|Incineroar, L50, M|\n|poke|p2|Rillaboom, L50, M|\n|poke|p2|Urshifu-*, L50, M|\n|poke|p2|Ogerpon-Hearthflame, L50, F|\n|teampreview|4\n|showteam|p1|Flamigo||FocusSash|Scrappy|Feint,Protect,CloseCombat,BraveBird|||M|||50|,,,,,Ghost]Calyrex-Shadow||ChoiceSpecs|AsOneSpectrier|Psychic,PollenPuff,Trick,AstralBarrage||||||50|,,,,,Ghost]Dondozo||ChoiceBand|Unaware|WaveCrash,OrderUp,Earthquake,GigaImpact|||M|||50|,,,,,Normal]Tatsugiri||AbilityShield|Commander|DracoMeteor,IcyWind,MuddyWater,HelpingHand|||M|||50|,,,,,Steel]Regidrago||ChoiceScarf|DragonsMaw|DragonEnergy,DracoMeteor,DragonPulse,EarthPower||||||50|,,,,,Dragon]Indeedee-F||RockyHelmet|PsychicSurge|FollowMe,HelpingHand,DazzlingGleam,Endure|||F|||50|,,,,,Fairy\n|showteam|p2|Calyrex-Shadow||LifeOrb|AsOneSpectrier|AstralBarrage,Psychic,NastyPlot,Protect||||||50|,,,,,Dark]Zamazenta-Crowned||RustedShield|DauntlessShield|BodyPress,behemothbash,WideGuard,Protect||||||50|,,,,,Dragon]Incineroar||RockyHelmet|Intimidate|KnockOff,PartingShot,FakeOut,HelpingHand|||M|||50|,,,,,Grass]Rillaboom||AssaultVest|GrassySurge|GrassyGlide,WoodHammer,Uturn,FakeOut|||M|||50|,,,,,Water]Urshifu-Rapid-Strike||ChoiceScarf|UnseenFist|SurgingStrikes,CloseCombat,AquaJet,Uturn|||M|||50|,,,,,Water]Ogerpon-Hearthflame||HearthflameMask|MoldBreaker|IvyCudgel,FollowMe,SpikyShield,WoodHammer|||F|||50|,,,,,Fire\n|inactive|Battle timer is ON: inactive players will automatically lose when time's up. (requested by minirock)\n|inactive|Larchete has 60 seconds left.\n|inactive|minirock has 60 seconds left.\n|\n|t:|1746057615\n|start\n|switch|p1a: Dondozo|Dondozo, L50, M|100/100\n|switch|p1b: Indeedee|Indeedee-F, L50, F|100/100\n|switch|p2a: Incineroar|Incineroar, L50, M|100/100\n|switch|p2b: Calyrex|Calyrex-Shadow, L50|100/100\n|-ability|p2b: Calyrex|As One\n|-ability|p2b: Calyrex|Unnerve\n|-fieldstart|move: Psychic Terrain|[from] ability: Psychic Surge|[of] p1b: Indeedee\n|-ability|p2a: Incineroar|Intimidate|boost\n|-unboost|p1a: Dondozo|atk|1\n|-unboost|p1b: Indeedee|atk|1\n|turn|1\n|\n|t:|1746057632\n|switch|p2b: Rillaboom|Rillaboom, L50, M|100/100\n|-fieldstart|move: Grassy Terrain|[from] ability: Grassy Surge|[of] p2b: Rillaboom\n|switch|p1b: Tatsugiri|Tatsugiri, L50, M|100/100\n|-activate|p1b: Tatsugiri|ability: Commander|[of] p1a: Dondozo\n|-boost|p1a: Dondozo|atk|2\n|-boost|p1a: Dondozo|spa|2\n|-boost|p1a: Dondozo|spe|2\n|-boost|p1a: Dondozo|def|2\n|-boost|p1a: Dondozo|spd|2\n|-terastallize|p2a: Incineroar|Grass\n|move|p1a: Dondozo|Order Up|p2a: Incineroar\n|-crit|p2a: Incineroar\n|-damage|p2a: Incineroar|33/100\n|-boost|p1a: Dondozo|atk|1\n|move|p2a: Incineroar|Knock Off|p1a: Dondozo\n|-damage|p1a: Dondozo|87/100\n|-enditem|p1a: Dondozo|Choice Band|[from] move: Knock Off|[of] p2a: Incineroar\n|\n|-heal|p1a: Dondozo|93/100|[from] Grassy Terrain\n|-heal|p2a: Incineroar|39/100|[from] Grassy Terrain\n|upkeep\n|turn|2\n|\n|t:|1746057656\n|move|p2b: Rillaboom|Fake Out|p1a: Dondozo\n|-damage|p1a: Dondozo|88/100\n|cant|p1a: Dondozo|flinch\n|move|p2a: Incineroar|Parting Shot|p1a: Dondozo\n|-unboost|p1a: Dondozo|atk|1\n|-unboost|p1a: Dondozo|spa|1\n|\n|t:|1746057669\n|switch|p2a: Zamazenta|Zamazenta-Crowned, L50|100/100|[from] Parting Shot\n|-ability|p2a: Zamazenta|Dauntless Shield|boost\n|-boost|p2a: Zamazenta|def|1\n|\n|-heal|p1a: Dondozo|94/100|[from] Grassy Terrain\n|upkeep\n|turn|3\n|\n|t:|1746057685\n|move|p2a: Zamazenta|Protect|p2a: Zamazenta\n|-singleturn|p2a: Zamazenta|Protect\n|move|p1a: Dondozo|Order Up|p2b: Rillaboom\n|-damage|p2b: Rillaboom|68/100\n|-boost|p1a: Dondozo|atk|1\n|move|p2b: Rillaboom|Wood Hammer|p1a: Dondozo\n|-supereffective|p1a: Dondozo\n|-damage|p1a: Dondozo|41/100\n|-damage|p2b: Rillaboom|48/100|[from] Recoil\n|\n|-heal|p1a: Dondozo|47/100|[from] Grassy Terrain\n|-heal|p2b: Rillaboom|54/100|[from] Grassy Terrain\n|upkeep\n|turn|4\n|inactive|Larchete has 30 seconds left.\n|\n|t:|1746057718\n|switch|p2b: Incineroar|Incineroar, L50, M, tera:Grass|39/100\n|-ability|p2b: Incineroar|Intimidate|boost\n|-unboost|p1a: Dondozo|atk|1\n|-unboost|p1b: Tatsugiri|atk|1\n|move|p2a: Zamazenta|Wide Guard|p2a: Zamazenta\n|-singleturn|p2a: Zamazenta|Wide Guard\n|move|p1a: Dondozo|Wave Crash|p2b: Incineroar\n|-resisted|p2b: Incineroar\n|-damage|p2b: Incineroar|6/100\n|-damage|p1a: Dondozo|31/100|[from] item: Rocky Helmet|[of] p2b: Incineroar\n|-damage|p1a: Dondozo|21/100|[from] Recoil\n|\n|-heal|p1a: Dondozo|27/100|[from] Grassy Terrain\n|-heal|p2b: Incineroar|12/100|[from] Grassy Terrain\n|upkeep\n|turn|5\n|\n|t:|1746057731\n|switch|p2a: Rillaboom|Rillaboom, L50, M|54/100\n|move|p2b: Incineroar|Fake Out|p1a: Dondozo\n|-damage|p1a: Dondozo|23/100\n|cant|p1a: Dondozo|flinch\n|\n|-heal|p1a: Dondozo|29/100|[from] Grassy Terrain\n|-heal|p2a: Rillaboom|60/100|[from] Grassy Terrain\n|-heal|p2b: Incineroar|18/100|[from] Grassy Terrain\n|-fieldend|move: Grassy Terrain\n|upkeep\n|turn|6\n|\n|t:|1746057750\n|switch|p2b: Calyrex|Calyrex-Shadow, L50|100/100\n|-ability|p2b: Calyrex|As One\n|-ability|p2b: Calyrex|Unnerve\n|move|p2a: Rillaboom|Fake Out|p1a: Dondozo\n|-crit|p1a: Dondozo\n|-damage|p1a: Dondozo|15/100\n|cant|p1a: Dondozo|flinch\n|\n|upkeep\n|turn|7\n|inactive|minirock has 30 seconds left.\n|\n|t:|1746057781\n|move|p2b: Calyrex|Astral Barrage|p1b: Tatsugiri|[spread] p1a\n|-miss|p2b: Calyrex|p1b: Tatsugiri\n|-damage|p1a: Dondozo|0 fnt\n|faint|p1a: Dondozo\n|-ability|p2b: Calyrex|Grim Neigh|boost\n|-boost|p2b: Calyrex|spa|1\n|-damage|p2b: Calyrex|91/100|[from] item: Life Orb\n|move|p2a: Rillaboom|Wood Hammer|p1b: Tatsugiri\n|-damage|p1b: Tatsugiri|0 fnt\n|faint|p1b: Tatsugiri\n|-damage|p2a: Rillaboom|37/100|[from] Recoil\n|\n|upkeep\n|\n|t:|1746057792\n|switch|p1b: Calyrex|Calyrex-Shadow, L50|100/100\n|switch|p1a: Indeedee|Indeedee-F, L50, F|100/100\n|-ability|p1b: Calyrex|As One\n|-ability|p1b: Calyrex|Unnerve\n|-fieldstart|move: Psychic Terrain|[from] ability: Psychic Surge|[of] p1a: Indeedee\n|turn|8\n|\n|t:|1746057814\n|switch|p2a: Incineroar|Incineroar, L50, M, tera:Grass|18/100\n|-ability|p2a: Incineroar|Intimidate|boost\n|-unboost|p1a: Indeedee|atk|1\n|-unboost|p1b: Calyrex|atk|1\n|move|p2b: Calyrex|Protect|p2b: Calyrex\n|-singleturn|p2b: Calyrex|Protect\n|move|p1a: Indeedee|Follow Me|p1a: Indeedee\n|-singleturn|p1a: Indeedee|move: Follow Me\n|move|p1b: Calyrex|Trick|p2a: Incineroar\n|-activate|p1b: Calyrex|move: Trick|[of] p2a: Incineroar\n|-item|p2a: Incineroar|Choice Specs|[from] move: Trick\n|-item|p1b: Calyrex|Rocky Helmet|[from] move: Trick\n|\n|upkeep\n|turn|9\n|inactive|minirock has 30 seconds left.\n|inactive|minirock has 20 seconds left.\n|\n|t:|1746057851\n|switch|p2b: Zamazenta|Zamazenta-Crowned, L50|100/100\n|move|p1a: Indeedee|Helping Hand|p1b: Calyrex\n|-singleturn|p1b: Calyrex|Helping Hand|[of] p1a: Indeedee\n|move|p1b: Calyrex|Astral Barrage|p2b: Zamazenta|[spread] p2a,p2b\n|-crit|p2b: Zamazenta\n|-damage|p2a: Incineroar|0 fnt\n|-damage|p2b: Zamazenta|31/100\n|faint|p2a: Incineroar\n|-ability|p1b: Calyrex|Grim Neigh|boost\n|-boost|p1b: Calyrex|spa|1\n|\n|upkeep\n|\n|t:|1746057855\n|switch|p2a: Rillaboom|Rillaboom, L50, M|37/100\n|-fieldstart|move: Grassy Terrain|[from] ability: Grassy Surge|[of] p2a: Rillaboom\n|turn|10\n|inactive|Larchete has 30 seconds left.\n|inactive|minirock has 30 seconds left.\n|inactive|Larchete has 20 seconds left.\n|inactive|minirock has 20 seconds left.\n|inactive|minirock has 15 seconds left.\n|inactive|minirock has 10 seconds left.\n|\n|t:|1746057904\n|move|p2b: Zamazenta|Protect|p2b: Zamazenta\n|-singleturn|p2b: Zamazenta|Protect\n|move|p1a: Indeedee|Follow Me|p1a: Indeedee\n|-singleturn|p1a: Indeedee|move: Follow Me\n|move|p2a: Rillaboom|Grassy Glide|p1a: Indeedee\n|-damage|p1a: Indeedee|68/100\n|-damage|p2a: Rillaboom|20/100|[from] item: Rocky Helmet|[of] p1a: Indeedee\n|move|p1b: Calyrex|Psychic|p2b: Zamazenta\n|-activate|p2b: Zamazenta|move: Protect\n|\n|-heal|p2b: Zamazenta|37/100|[from] Grassy Terrain\n|-heal|p2a: Rillaboom|26/100|[from] Grassy Terrain\n|-heal|p1a: Indeedee|75/100|[from] Grassy Terrain\n|upkeep\n|turn|11\n|inactive|Larchete has 30 seconds left.\n|inactive|Larchete has 20 seconds left.\n|inactive|minirock has 30 seconds left.\n|inactive|minirock has 20 seconds left.\n|inactive|minirock has 15 seconds left.\n|\n|t:|1746057958\n|move|p2b: Zamazenta|Wide Guard|p2b: Zamazenta\n|-singleturn|p2b: Zamazenta|Wide Guard\n|move|p1a: Indeedee|Follow Me|p1a: Indeedee\n|-singleturn|p1a: Indeedee|move: Follow Me\n|move|p1b: Calyrex|Astral Barrage|p2a: Rillaboom|[spread] \n|-activate|p2a: Rillaboom|move: Wide Guard\n|-activate|p2b: Zamazenta|move: Wide Guard\n|move|p2a: Rillaboom|Wood Hammer|p1a: Indeedee\n|-damage|p1a: Indeedee|0 fnt\n|-damage|p2a: Rillaboom|9/100|[from] item: Rocky Helmet|[of] p1a: Indeedee\n|faint|p1a: Indeedee\n|-damage|p2a: Rillaboom|0 fnt|[from] Recoil\n|faint|p2a: Rillaboom\n|\n|-heal|p2b: Zamazenta|43/100|[from] Grassy Terrain\n|upkeep\n|\n|t:|1746057963\n|switch|p2a: Calyrex|Calyrex-Shadow, L50|91/100\n|-ability|p2a: Calyrex|As One\n|-ability|p2a: Calyrex|Unnerve\n|turn|12\n|\n|t:|1746057978\n|move|p2b: Zamazenta|Wide Guard|p2b: Zamazenta\n|-singleturn|p2b: Zamazenta|Wide Guard\n|move|p2a: Calyrex|Astral Barrage|p1b: Calyrex\n|-supereffective|p1b: Calyrex\n|-damage|p1b: Calyrex|0 fnt\n|faint|p1b: Calyrex\n|-damage|p2a: Calyrex|81/100|[from] item: Life Orb\n|\n|win|minirock\n||Larchete is ready for game 2.\n||minirock is ready for game 2.\n|uhtml|next|Next: <a href=\"/battle-gen9vgc2025regibo3-2354328848\"><strong>Game 2 of 3</strong></a>\n|l|\u2606Larchete\n|player|p1|\n|l|\u2606minirock\n|player|p2|\n|j|\u2606minirock\n|player|p2|minirock|1|\n|l|\u2606minirock\n|player|p2|\n", "uploadtime": 1746058337, "views": 6, "formatid": "gen9vgc2025regibo3", "rating": null, "private": 0, "password": null}