{"id": "gen9vgc2025regibo3-2354353043", "format": "[Gen 9] VGC 2025 Reg I (Bo3)", "players": ["Mortimerd", "tzarii"], "log": "|j|\u203dMortimerd\n|j|\u2606tzarii\n|html|<table width=\"100%\"><tr><td align=\"left\">Mortimerd</td><td align=\"right\">tzarii</tr><tr><td align=\"left\"><i class=\"fa fa-circle-o\"></i> <i class=\"fa fa-circle-o\"></i> </td><td align=\"right\"><i class=\"fa fa-circle-o\"></i> <i class=\"fa fa-circle-o\"></i> </tr></table>\n|uhtml|bestof|<h2><strong>Game 1</strong> of <a href=\"/game-bestof3-gen9vgc2025regibo3-2354353042\">a best-of-3</a></h2>\n|t:|1746060914\n|gametype|doubles\n|player|p1|Mortimerd|170|1063\n|player|p2|tzarii|lady-gen4|1100\n|teamsize|p1|6\n|teamsize|p2|6\n|gen|9\n|tier|[Gen 9] VGC 2025 Reg I (Bo3)\n|rated|\n|rule|Species Clause: Limit one of each Pok\u00e9mon\n|rule|Item Clause: Limit 1 of each item\n|clearpoke\n|poke|p1|Kyogre, L50|\n|poke|p1|Zacian-*, L50|\n|poke|p1|Amoonguss, L50, M|\n|poke|p1|Incineroar, L50, M|\n|poke|p1|Flutter Mane, L50|\n|poke|p1|Thundurus-Therian, L50, M|\n|poke|p2|Koraidon, L50|\n|poke|p2|Groudon, L50|\n|poke|p2|Flutter Mane, L50|\n|poke|p2|Scovillain, L50, F|\n|poke|p2|Rillaboom, L50, F|\n|poke|p2|Scream Tail, L50|\n|teampreview|4\n|showteam|p1|Kyogre||AssaultVest|Drizzle|WaterSpout,OriginPulse,IceBeam,Thunder||||||50|,,,,,Grass]Zacian-Crowned||RustedSword|IntrepidSword|behemothblade,PlayRough,SacredSword,Protect||||||50|,,,,,Fairy]Amoonguss||CovertCloak|EffectSpore|RagePowder,Spore,PollenPuff,Protect|||M|||50|,,,,,Fairy]Incineroar||SafetyGoggles|Intimidate|FakeOut,KnockOff,PartingShot,WillOWisp|||M|||50|,,,,,Ghost]Flutter Mane||BoosterEnergy|Protosynthesis|Moonblast,IcyWind,ThunderWave,Protect||||||50|,,,,,Fairy]Thundurus-Therian||ChoiceSpecs|VoltAbsorb|WildboltStorm,SludgeBomb,VoltSwitch,TeraBlast|||M|||50|,,,,,Fairy\n|showteam|p2|Koraidon||ClearAmulet|OrichalcumPulse|FlameCharge,CloseCombat,FlareBlitz,Protect||||||50|,,,,,Fire]Groudon||AssaultVest|Drought|PrecipiceBlades,HeatCrash,RockSlide,HighHorsepower||||||50|,,,,,Water]Flutter Mane||FocusSash|Protosynthesis|Moonblast,IcyWind,ShadowBall,Protect||||||50|,,,,,Fairy]Scovillain||CovertCloak|Chlorophyll|Overheat,SpicyExtract,WillOWisp,ScaryFace|||F|||50|,,,,,Fire]Rillaboom||MiracleSeed|GrassySurge|FakeOut,GrassyGlide,WoodHammer,Protect|||F|||50|,,,,,Water]Scream Tail||RedCard|Protosynthesis|ThunderWave,Encore,Disable,Protect||||||50|,,,,,Dark\n|inactive|Battle timer is ON: inactive players will automatically lose when time's up. (requested by tzarii)\n|\n|t:|1746060983\n|start\n|switch|p1a: Zacian|Zacian-Crowned, L50|100/100\n|switch|p1b: Incineroar|Incineroar, L50, M|100/100\n|switch|p2a: Rillaboom|Rillaboom, L50, F|100/100\n|switch|p2b: Groudon|Groudon, L50|100/100\n|-ability|p1a: Zacian|Intrepid Sword|boost\n|-boost|p1a: Zacian|atk|1\n|-weather|SunnyDay|[from] ability: Drought|[of] p2b: Groudon\n|-ability|p1b: Incineroar|Intimidate|boost\n|-unboost|p2a: Rillaboom|atk|1\n|-unboost|p2b: Groudon|atk|1\n|-fieldstart|move: Grassy Terrain|[from] ability: Grassy Surge|[of] p2a: Rillaboom\n|turn|1\n|inactive|Mortimerd has 30 seconds left.\n|inactive|tzarii has 30 seconds left.\n|inactive|Mortimerd has 20 seconds left.\n|inactive|tzarii has 20 seconds left.\n|inactive|Mortimerd has 15 seconds left.\n|inactive|tzarii has 15 seconds left.\n|\n|t:|1746061025\n|move|p1a: Zacian|Protect|p1a: Zacian\n|-singleturn|p1a: Zacian|Protect\n|move|p2a: Rillaboom|Fake Out|p1b: Incineroar\n|-damage|p1b: Incineroar|92/100\n|move|p2b: Groudon|Precipice Blades|p1b: Incineroar|[spread] p1b\n|-activate|p1a: Zacian|move: Protect\n|-supereffective|p1b: Incineroar\n|-damage|p1b: Incineroar|32/100\n|cant|p1b: Incineroar|flinch\n|\n|-weather|SunnyDay|[upkeep]\n|-heal|p1b: Incineroar|38/100|[from] Grassy Terrain\n|upkeep\n|turn|2\n|inactive|Mortimerd has 30 seconds left.\n|inactive|tzarii has 30 seconds left.\n|inactive|Mortimerd has 20 seconds left.\n|\n|t:|1746061063\n|switch|p2a: Scovillain|Scovillain, L50, F|100/100\n|move|p1a: Zacian|Play Rough|p2a: Scovillain\n|-resisted|p2a: Scovillain\n|-damage|p2a: Scovillain|32/100\n|move|p2b: Groudon|Precipice Blades|p1b: Incineroar|[spread] p1a,p1b\n|-supereffective|p1a: Zacian\n|-supereffective|p1b: Incineroar\n|-crit|p1b: Incineroar\n|-damage|p1a: Zacian|52/100\n|-damage|p1b: Incineroar|0 fnt\n|faint|p1b: Incineroar\n|\n|-weather|SunnyDay|[upkeep]\n|-heal|p2a: Scovillain|38/100|[from] Grassy Terrain\n|-heal|p1a: Zacian|58/100|[from] Grassy Terrain\n|upkeep\n|\n|t:|1746061077\n|switch|p1b: Kyogre|Kyogre, L50|100/100\n|-weather|RainDance|[from] ability: Drizzle|[of] p1b: Kyogre\n|turn|3\n|inactive|Mortimerd has 30 seconds left.\n|inactive|tzarii has 30 seconds left.\n|\n|t:|1746061104\n|switch|p2b: Koraidon|Koraidon, L50|100/100\n|-weather|SunnyDay|[from] ability: Orichalcum Pulse|[of] p2b: Koraidon\n|-activate|p2b: Koraidon|Orichalcum Pulse|[source]\n|move|p2a: Scovillain|Overheat|p1a: Zacian|[miss]\n|-miss|p2a: Scovillain|p1a: Zacian\n|move|p1a: Zacian|Play Rough|p2b: Koraidon\n|-supereffective|p2b: Koraidon\n|-crit|p2b: Koraidon\n|-damage|p2b: Koraidon|0 fnt\n|faint|p2b: Koraidon\n|move|p1b: Kyogre|Water Spout|p2a: Scovillain\n|-damage|p2a: Scovillain|0 fnt\n|faint|p2a: Scovillain\n|\n|-weather|SunnyDay|[upkeep]\n|-heal|p1a: Zacian|64/100|[from] Grassy Terrain\n|upkeep\n|\n|t:|1746061111\n|switch|p2b: Groudon|Groudon, L50|100/100\n|switch|p2a: Rillaboom|Rillaboom, L50, F|100/100\n|turn|4\n|\n|t:|1746061129\n|switch|p1b: Flutter Mane|Flutter Mane, L50|100/100\n|-activate|p1b: Flutter Mane|ability: Protosynthesis\n|-start|p1b: Flutter Mane|protosynthesisspe\n|move|p1a: Zacian|Protect|p1a: Zacian\n|-singleturn|p1a: Zacian|Protect\n|move|p2b: Groudon|Precipice Blades|p1a: Zacian|[spread] p1b\n|-activate|p1a: Zacian|move: Protect\n|-damage|p1b: Flutter Mane|23/100\n|move|p2a: Rillaboom|Wood Hammer|p1b: Flutter Mane\n|-damage|p1b: Flutter Mane|0 fnt\n|faint|p1b: Flutter Mane\n|-end|p1b: Flutter Mane|Protosynthesis|[silent]\n|-damage|p2a: Rillaboom|95/100|[from] Recoil\n|\n|-weather|SunnyDay|[upkeep]\n|-heal|p1a: Zacian|70/100|[from] Grassy Terrain\n|-heal|p2a: Rillaboom|100/100|[from] Grassy Terrain\n|upkeep\n|\n|t:|1746061141\n|switch|p1b: Kyogre|Kyogre, L50|100/100\n|-weather|RainDance|[from] ability: Drizzle|[of] p1b: Kyogre\n|turn|5\n|\n|t:|1746061155\n|-terastallize|p1b: Kyogre|Grass\n|-terastallize|p2b: Groudon|Water\n|move|p2a: Rillaboom|Grassy Glide|p1b: Kyogre\n|-resisted|p1b: Kyogre\n|-damage|p1b: Kyogre|79/100\n|move|p1a: Zacian|Sacred Sword|p2b: Groudon\n|-damage|p2b: Groudon|67/100\n|move|p1b: Kyogre|Water Spout|p2b: Groudon|[spread] p2a,p2b\n|-resisted|p2a: Rillaboom\n|-resisted|p2b: Groudon\n|-damage|p2a: Rillaboom|58/100\n|-damage|p2b: Groudon|47/100\n|move|p2b: Groudon|Precipice Blades|p1a: Zacian|[spread] p1a,p1b\n|-supereffective|p1a: Zacian\n|-resisted|p1b: Kyogre\n|-damage|p1a: Zacian|0 fnt\n|-damage|p1b: Kyogre|57/100\n|faint|p1a: Zacian\n|\n|-weather|RainDance|[upkeep]\n|-heal|p1b: Kyogre|63/100|[from] Grassy Terrain\n|-heal|p2b: Groudon|53/100|[from] Grassy Terrain\n|-heal|p2a: Rillaboom|64/100|[from] Grassy Terrain\n|-fieldend|move: Grassy Terrain\n|upkeep\n|turn|6\n|inactive|Mortimerd has 30 seconds left.\n|inactive|tzarii has 30 seconds left.\n|\n|t:|1746061187\n|move|p1b: Kyogre|Ice Beam|p2a: Rillaboom\n|-supereffective|p2a: Rillaboom\n|-damage|p2a: Rillaboom|0 fnt\n|faint|p2a: Rillaboom\n|move|p2b: Groudon|High Horsepower|p1b: Kyogre\n|-resisted|p1b: Kyogre\n|-damage|p1b: Kyogre|41/100\n|\n|-weather|RainDance|[upkeep]\n|upkeep\n|turn|7\n|\n|t:|1746061199\n|move|p1b: Kyogre|Thunder|p2b: Groudon\n|-supereffective|p2b: Groudon\n|-crit|p2b: Groudon\n|-damage|p2b: Groudon|0 fnt\n|faint|p2b: Groudon\n|\n|win|Mortimerd\n||tzarii is ready for game 2.\n||Mortimerd is ready for game 2.\n|uhtml|next|Next: <a href=\"/battle-gen9vgc2025regibo3-2354355410\"><strong>Game 2 of 3</strong></a>\n", "uploadtime": 1746061598, "views": 9, "formatid": "gen9vgc2025regibo3", "rating": null, "private": 0, "password": null}