{"id": "gen9vgc2025regibo3-2354675594", "format": "[Gen 9] VGC 2025 Reg I (Bo3)", "players": ["frog herbert", "baxcook"], "log": "|j|\u2606frog herbert\n|j|\u2606baxcook\n|html|<table width=\"100%\"><tr><td align=\"left\">frog herbert</td><td align=\"right\">baxcook</tr><tr><td align=\"left\"><i class=\"fa fa-circle-o\"></i> <i class=\"fa fa-circle-o\"></i> </td><td align=\"right\"><i class=\"fa fa-circle-o\"></i> <i class=\"fa fa-circle-o\"></i> </tr></table>\n|uhtml|bestof|<h2><strong>Game 1</strong> of <a href=\"/game-bestof3-gen9vgc2025regibo3-2354675593\">a best-of-3</a></h2>\n|t:|1746109641\n|gametype|doubles\n|player|p1|frog herbert|juan|1127\n|player|p2|baxcook|2|1049\n|teamsize|p1|6\n|teamsize|p2|6\n|gen|9\n|tier|[Gen 9] VGC 2025 Reg I (Bo3)\n|rated|\n|rule|Species Clause: Limit one of each Pok\u00e9mon\n|rule|Item Clause: Limit 1 of each item\n|clearpoke\n|poke|p1|Iron Valiant, L50|\n|poke|p1|Miraidon, L50|\n|poke|p1|Zacian-*, L50|\n|poke|p1|Farigiraf, L50, M|\n|poke|p1|Heatran, L50, F|\n|poke|p1|Tornadus, L50, M|\n|poke|p2|Eternatus, L50|\n|poke|p2|Calyrex-Shadow, L50|\n|poke|p2|Incineroar, L50, F|\n|poke|p2|Dondozo, L50, M|\n|poke|p2|Weezing-Galar, L50, F|\n|poke|p2|Ogerpon-Wellspring, L50, F|\n|teampreview|4\n|showteam|p1|Iron Valiant||BoosterEnergy|QuarkDrive|WideGuard,Taunt,Coaching,IcyWind||||||50|,,,,,Grass]Miraidon||ChoiceSpecs|HadronEngine|ElectroDrift,DracoMeteor,DazzlingGleam,VoltSwitch||||||50|,,,,,Fairy]Zacian-Crowned||RustedSword|IntrepidSword|Protect,PlayRough,behemothblade,SacredSword||||||50|,,,,,Water]Farigiraf||ElectricSeed|ArmorTail|FoulPlay,LightScreen,Roar,TrickRoom|||M|||50|,,,,,Fairy]Heatran||ZoomLens|FlashFire|MagmaStorm,HeavySlam,WillOWisp,Protect|||F|||50|,,,,,Bug]Tornadus||CovertCloak|Prankster|BleakwindStorm,Taunt,RainDance,Tailwind|||M|||50|,,,,,Dark\n|showteam|p2|Eternatus||Leftovers|Pressure|CosmicPower,Flamethrower,DynamaxCannon,Protect||||||50|,,,,,Fairy]Calyrex-Shadow||LifeOrb|AsOneSpectrier|AstralBarrage,Psychic,NastyPlot,Protect||||||50|,,,,,Dark]Incineroar||AbilityShield|Intimidate|KnockOff,PartingShot,WillOWisp,FakeOut|||F|||50|,,,,,Ghost]Dondozo||RockyHelmet|Unaware|Yawn,WaveCrash,Fissure,Protect|||M|||50|,,,,,Dragon]Weezing-Galar||CovertCloak|NeutralizingGas|ToxicSpikes,StrangeSteam,PoisonGas,Protect|||F|||50|,,,,,Dark]Ogerpon-Wellspring||WellspringMask|WaterAbsorb|IvyCudgel,HornLeech,FollowMe,SpikyShield|||F|||50|,,,,,Water\n|\n|t:|1746109719\n|start\n|switch|p1a: Iron Valiant|Iron Valiant, L50|100/100\n|switch|p1b: Miraidon|Miraidon, L50|100/100\n|switch|p2a: Weezing|Weezing-Galar, L50, F, shiny|100/100\n|switch|p2b: Incineroar|Incineroar, L50, F|100/100\n|-ability|p2a: Weezing|Neutralizing Gas\n|-block|p2b: Incineroar|item: Ability Shield\n|-ability|p2b: Incineroar|Intimidate|boost\n|-unboost|p1a: Iron Valiant|atk|1\n|-unboost|p1b: Miraidon|atk|1\n|turn|1\n|\n|t:|1746109743\n|switch|p1b: Heatran|Heatran, L50, F|100/100\n|move|p2b: Incineroar|Fake Out|p1a: Iron Valiant\n|-damage|p1a: Iron Valiant|89/100\n|cant|p1a: Iron Valiant|flinch\n|move|p2a: Weezing|Toxic Spikes|p1a: Iron Valiant\n|-sidestart|p1: frog herbert|move: Toxic Spikes\n|\n|upkeep\n|turn|2\n|\n|t:|1746109787\n|-end|p2a: Weezing|ability: Neutralizing Gas\n|switch|p2a: Eternatus|Eternatus, L50|100/100\n|-enditem|p1a: Iron Valiant|Booster Energy\n|-activate|p1a: Iron Valiant|ability: Quark Drive|[fromitem]\n|-start|p1a: Iron Valiant|quarkdrivespe\n|-ability|p2a: Eternatus|Pressure\n|move|p1a: Iron Valiant|Coaching|p1b: Heatran\n|-boost|p1b: Heatran|atk|1\n|-boost|p1b: Heatran|def|1\n|move|p1b: Heatran|Heavy Slam|p2a: Eternatus\n|-damage|p2a: Eternatus|86/100\n|move|p2b: Incineroar|Parting Shot|p1b: Heatran\n|-unboost|p1b: Heatran|atk|1\n|-unboost|p1b: Heatran|spa|1\n|\n|t:|1746109812\n|switch|p2b: Calyrex|Calyrex-Shadow, L50|100/100|[from] Parting Shot\n|-ability|p2b: Calyrex|As One\n|-ability|p2b: Calyrex|Unnerve\n|\n|-heal|p2a: Eternatus|92/100|[from] item: Leftovers\n|upkeep\n|turn|3\n|\n|t:|1746109841\n|move|p1a: Iron Valiant|Icy Wind|p2a: Eternatus|[spread] p2a,p2b\n|-supereffective|p2a: Eternatus\n|-damage|p2a: Eternatus|78/100\n|-damage|p2b: Calyrex|90/100\n|-unboost|p2a: Eternatus|spe|1\n|-unboost|p2b: Calyrex|spe|1\n|move|p2b: Calyrex|Psychic|p1a: Iron Valiant\n|-supereffective|p1a: Iron Valiant\n|-damage|p1a: Iron Valiant|0 fnt\n|faint|p1a: Iron Valiant\n|-end|p1a: Iron Valiant|Quark Drive|[silent]\n|-ability|p2b: Calyrex|Grim Neigh|boost\n|-boost|p2b: Calyrex|spa|1\n|-damage|p2b: Calyrex|81/100|[from] item: Life Orb\n|move|p2a: Eternatus|Cosmic Power|p2a: Eternatus\n|-boost|p2a: Eternatus|def|1\n|-boost|p2a: Eternatus|spd|1\n|move|p1b: Heatran|Magma Storm|p2b: Calyrex\n|-damage|p2b: Calyrex|49/100\n|-activate|p2b: Calyrex|move: Magma Storm|[of] p1b: Heatran\n|\n|-heal|p2a: Eternatus|84/100|[from] item: Leftovers\n|-damage|p2b: Calyrex|37/100|[from] move: Magma Storm|[partiallytrapped]\n|upkeep\n|\n|t:|1746109867\n|switch|p1a: Zacian|Zacian-Crowned, L50|100/100\n|-ability|p1a: Zacian|Intrepid Sword|boost\n|-boost|p1a: Zacian|atk|1\n|turn|4\n|\n|t:|1746109891\n|switch|p2b: Incineroar|Incineroar, L50, F|100/100\n|-ability|p2b: Incineroar|Intimidate|boost\n|-unboost|p1a: Zacian|atk|1\n|-unboost|p1b: Heatran|atk|1\n|move|p1a: Zacian|Behemoth Blade|p2b: Incineroar\n|-resisted|p2b: Incineroar\n|-damage|p2b: Incineroar|80/100\n|move|p2a: Eternatus|Cosmic Power|p2a: Eternatus\n|-boost|p2a: Eternatus|def|1\n|-boost|p2a: Eternatus|spd|1\n|move|p1b: Heatran|Magma Storm|p2a: Eternatus\n|-resisted|p2a: Eternatus\n|-damage|p2a: Eternatus|78/100\n|-activate|p2a: Eternatus|move: Magma Storm|[of] p1b: Heatran\n|\n|-heal|p2a: Eternatus|84/100|[from] item: Leftovers\n|-damage|p2a: Eternatus|72/100|[from] move: Magma Storm|[partiallytrapped]\n|upkeep\n|turn|5\n|\n|t:|1746109943\n|move|p2b: Incineroar|Fake Out|p1a: Zacian\n|-resisted|p1a: Zacian\n|-damage|p1a: Zacian|96/100\n|cant|p1a: Zacian|flinch\n|move|p2a: Eternatus|Flamethrower|p1a: Zacian\n|-supereffective|p1a: Zacian\n|-damage|p1a: Zacian|38/100\n|move|p1b: Heatran|Magma Storm|p2b: Incineroar\n|-resisted|p2b: Incineroar\n|-damage|p2b: Incineroar|66/100\n|-activate|p2b: Incineroar|move: Magma Storm|[of] p1b: Heatran\n|\n|-heal|p2a: Eternatus|78/100|[from] item: Leftovers\n|-damage|p2a: Eternatus|66/100|[from] move: Magma Storm|[partiallytrapped]\n|-damage|p2b: Incineroar|54/100|[from] move: Magma Storm|[partiallytrapped]\n|upkeep\n|turn|6\n|\n|t:|1746109982\n|move|p1a: Zacian|Protect|p1a: Zacian\n|-singleturn|p1a: Zacian|Protect\n|move|p2a: Eternatus|Dynamax Cannon|p1a: Zacian\n|-activate|p1a: Zacian|move: Protect\n|move|p1b: Heatran|Magma Storm|p2b: Incineroar\n|-resisted|p2b: Incineroar\n|-damage|p2b: Incineroar|40/100\n|move|p2b: Incineroar|Parting Shot|p1a: Zacian\n|-activate|p1a: Zacian|move: Protect\n|\n|-heal|p2a: Eternatus|72/100|[from] item: Leftovers\n|-damage|p2a: Eternatus|59/100|[from] move: Magma Storm|[partiallytrapped]\n|-damage|p2b: Incineroar|28/100|[from] move: Magma Storm|[partiallytrapped]\n|upkeep\n|turn|7\n|\n|t:|1746110017\n|-terastallize|p2b: Incineroar|Ghost\n|move|p1a: Zacian|Sacred Sword|p2b: Incineroar\n|-immune|p2b: Incineroar\n|move|p2a: Eternatus|Flamethrower|p1a: Zacian\n|-supereffective|p1a: Zacian\n|-damage|p1a: Zacian|0 fnt\n|faint|p1a: Zacian\n|move|p1b: Heatran|Will-O-Wisp|p2a: Eternatus\n|-status|p2a: Eternatus|brn\n|move|p2b: Incineroar|Parting Shot|p1b: Heatran\n|-unboost|p1b: Heatran|atk|1\n|-unboost|p1b: Heatran|spa|1\n|\n|t:|1746110031\n|switch|p2b: Weezing|Weezing-Galar, L50, F, shiny|100/100|[from] Parting Shot\n|-ability|p2b: Weezing|Neutralizing Gas\n|\n|-heal|p2a: Eternatus|65/100 brn|[from] item: Leftovers\n|-damage|p2a: Eternatus|59/100 brn|[from] brn\n|-damage|p2a: Eternatus|47/100 brn|[from] move: Magma Storm|[partiallytrapped]\n|upkeep\n|\n|t:|1746110037\n|switch|p1a: Miraidon|Miraidon, L50|100/100\n|-status|p1a: Miraidon|psn\n|turn|8\n|\n|t:|1746110065\n|-terastallize|p1a: Miraidon|Fairy\n|move|p2a: Eternatus|Protect|p2a: Eternatus\n|-singleturn|p2a: Eternatus|Protect\n|move|p2b: Weezing|Protect|p2b: Weezing\n|-singleturn|p2b: Weezing|Protect\n|move|p1a: Miraidon|Draco Meteor|p2a: Eternatus\n|-activate|p2a: Eternatus|move: Protect\n|move|p1b: Heatran|Magma Storm|p2b: Weezing\n|-activate|p2b: Weezing|move: Protect\n|\n|-heal|p2a: Eternatus|53/100 brn|[from] item: Leftovers\n|-damage|p1a: Miraidon|88/100 psn|[from] psn\n|-damage|p2a: Eternatus|47/100 brn|[from] brn\n|-end|p2a: Eternatus|Magma Storm|[partiallytrapped]\n|upkeep\n|turn|9\n|\n|t:|1746110119\n|move|p1a: Miraidon|Draco Meteor|p2a: Eternatus\n|-supereffective|p2a: Eternatus\n|-damage|p2a: Eternatus|0 fnt\n|-unboost|p1a: Miraidon|spa|2\n|faint|p2a: Eternatus\n|move|p1b: Heatran|Magma Storm|p2b: Weezing\n|-damage|p2b: Weezing|79/100\n|-activate|p2b: Weezing|move: Magma Storm|[of] p1b: Heatran\n|move|p2b: Weezing|Strange Steam|p1a: Miraidon\n|-damage|p1a: Miraidon|64/100 psn\n|\n|-damage|p1a: Miraidon|52/100 psn|[from] psn\n|-damage|p2b: Weezing|67/100|[from] move: Magma Storm|[partiallytrapped]\n|upkeep\n|\n|t:|1746110161\n|switch|p2a: Calyrex|Calyrex-Shadow, L50|37/100\n|-ability|p2a: Calyrex|As One\n|-ability|p2a: Calyrex|Unnerve\n|turn|10\n|\n|t:|1746110172\n|move|p2a: Calyrex|Astral Barrage|p1b: Heatran|[spread] p1a,p1b\n|-damage|p1a: Miraidon|0 fnt\n|-damage|p1b: Heatran|41/100\n|faint|p1a: Miraidon\n|-ability|p2a: Calyrex|Grim Neigh|boost\n|-boost|p2a: Calyrex|spa|1\n|-damage|p2a: Calyrex|27/100|[from] item: Life Orb\n|move|p1b: Heatran|Magma Storm|p2a: Calyrex\n|-damage|p2a: Calyrex|6/100\n|-activate|p2a: Calyrex|move: Magma Storm|[of] p1b: Heatran\n|move|p2b: Weezing|Strange Steam|p1b: Heatran\n|-resisted|p1b: Heatran\n|-damage|p1b: Heatran|36/100\n|\n|-damage|p2a: Calyrex|0 fnt|[from] move: Magma Storm|[partiallytrapped]\n|faint|p2a: Calyrex\n|-damage|p2b: Weezing|55/100|[from] move: Magma Storm|[partiallytrapped]\n|upkeep\n|\n|t:|1746110183\n|switch|p2a: Incineroar|Incineroar, L50, F, tera:Ghost|28/100\n|-ability|p2a: Incineroar|Intimidate|boost\n|-unboost|p1b: Heatran|atk|1\n|turn|11\n|inactive|Battle timer is ON: inactive players will automatically lose when time's up. (requested by baxcook)\n|\n|t:|1746110200\n|move|p1b: Heatran|Protect|p1b: Heatran\n|-singleturn|p1b: Heatran|Protect\n|move|p2a: Incineroar|Fake Out|p1b: Heatran\n|-activate|p1b: Heatran|move: Protect\n|move|p2b: Weezing|Strange Steam|p1b: Heatran\n|-activate|p1b: Heatran|move: Protect\n|\n|-damage|p2b: Weezing|42/100|[from] move: Magma Storm|[partiallytrapped]\n|upkeep\n|turn|12\n|\n|t:|1746110211\n|move|p1b: Heatran|Will-O-Wisp|p2a: Incineroar\n|-status|p2a: Incineroar|brn\n|move|p2b: Weezing|Strange Steam|p1b: Heatran\n|-resisted|p1b: Heatran\n|-damage|p1b: Heatran|31/100\n|move|p2a: Incineroar|Knock Off|p1b: Heatran\n|-damage|p1b: Heatran|22/100\n|-enditem|p1b: Heatran|Zoom Lens|[from] move: Knock Off|[of] p2a: Incineroar\n|\n|-damage|p2a: Incineroar|22/100 brn|[from] brn\n|-damage|p2b: Weezing|30/100|[from] move: Magma Storm|[partiallytrapped]\n|upkeep\n|turn|13\n|\n|t:|1746110227\n|move|p1b: Heatran|Heavy Slam|p2a: Incineroar\n|-damage|p2a: Incineroar|9/100 brn\n|move|p2b: Weezing|Strange Steam|p1b: Heatran\n|-resisted|p1b: Heatran\n|-damage|p1b: Heatran|18/100\n|move|p2a: Incineroar|Knock Off|p1b: Heatran\n|-damage|p1b: Heatran|12/100\n|\n|-damage|p2a: Incineroar|3/100 brn|[from] brn\n|-end|p2b: Weezing|Magma Storm|[partiallytrapped]\n|upkeep\n|turn|14\n|\n|t:|1746110240\n|move|p1b: Heatran|Protect|p1b: Heatran\n|-singleturn|p1b: Heatran|Protect\n|move|p2b: Weezing|Strange Steam|p1b: Heatran\n|-activate|p1b: Heatran|move: Protect\n|move|p2a: Incineroar|Knock Off|p1b: Heatran\n|-activate|p1b: Heatran|move: Protect\n|\n|-damage|p2a: Incineroar|0 fnt|[from] brn\n|faint|p2a: Incineroar\n|upkeep\n|turn|15\n|\n|t:|1746110254\n|move|p1b: Heatran|Heavy Slam|p2b: Weezing\n|-supereffective|p2b: Weezing\n|-damage|p2b: Weezing|5/100\n|move|p2b: Weezing|Strange Steam|p1b: Heatran\n|-resisted|p1b: Heatran\n|-damage|p1b: Heatran|7/100\n|-start|p1b: Heatran|confusion\n|\n|upkeep\n|turn|16\n|\n|t:|1746110265\n|-activate|p1b: Heatran|confusion\n|-damage|p1b: Heatran|5/100|[from] confusion\n|move|p2b: Weezing|Strange Steam|p1b: Heatran\n|-resisted|p1b: Heatran\n|-damage|p1b: Heatran|0 fnt\n|faint|p1b: Heatran\n|\n|win|baxcook\n||baxcook is ready for game 2.\n|c|\u2606frog herbert|Fml\n|inactive|frog herbert has 30 seconds to confirm battle start!\n|c|\u2606baxcook|Sorry\n|inactive|frog herbert has 20 seconds to confirm battle start!\n|c|\u2606frog herbert|It is really funny lol\n||frog herbert is ready for game 2.\n|uhtml|next|Next: <a href=\"/battle-gen9vgc2025regibo3-2354682252\"><strong>Game 2 of 3</strong></a>\n", "uploadtime": 1746110318, "views": 18, "formatid": "gen9vgc2025regibo3", "rating": null, "private": 0, "password": null}