{"id": "gen9vgc2025regibo3-2354842247", "format": "[Gen 9] VGC 2025 Reg I (Bo3)", "players": ["izmatti", "mavvyvgc"], "log": "|j|\u2606izmatti\n|j|\u2606mavvyvgc\n|html|<table width=\"100%\"><tr><td align=\"left\">izmatti</td><td align=\"right\">mavvyvgc</tr><tr><td align=\"left\"><i class=\"fa fa-circle-o\"></i> <i class=\"fa fa-circle-o\"></i> </td><td align=\"right\"><i class=\"fa fa-circle-o\"></i> <i class=\"fa fa-circle-o\"></i> </tr></table>\n|uhtml|bestof|<h2><strong>Game 1</strong> of <a href=\"/game-bestof3-gen9vgc2025regibo3-2354842245\">a best-of-3</a></h2>\n|t:|1746124488\n|gametype|doubles\n|player|p1|izmatti|169|1136\n|player|p2|mavvyvgc|riley|1084\n|teamsize|p1|6\n|teamsize|p2|6\n|gen|9\n|tier|[Gen 9] VGC 2025 Reg I (Bo3)\n|rated|\n|rule|Species Clause: Limit one of each Pok\u00e9mon\n|rule|Item Clause: Limit 1 of each item\n|clearpoke\n|poke|p1|Miraidon, L50|\n|poke|p1|Iron Hands, L50|\n|poke|p1|Chi-Yu, L50|\n|poke|p1|Farigiraf, L50, F|\n|poke|p1|Whimsicott, L50, M|\n|poke|p1|Groudon, L50|\n|poke|p2|Calyrex-Shadow, L50|\n|poke|p2|Kyurem-White, L50|\n|poke|p2|Slowking, L50, M|\n|poke|p2|Tornadus, L50, M|\n|poke|p2|Rillaboom, L50, F|\n|poke|p2|Incineroar, L50, F|\n|teampreview|4\n|showteam|p1|Miraidon||ChoiceSpecs|HadronEngine|ElectroDrift,VoltSwitch,DracoMeteor,DazzlingGleam||||||50|,,,,,Fairy]Iron Hands||AssaultVest|QuarkDrive|FakeOut,WildCharge,DrainPunch,IcePunch||||||50|,,,,,Bug]Chi-Yu||FocusSash|BeadsofRuin|HeatWave,Snarl,Protect,Flamethrower||||||50|,,,,,Ghost]Farigiraf||ElectricSeed|ArmorTail|HelpingHand,TrickRoom,Imprison,Psychic|||F|||50|,,,,,Water]Whimsicott||CovertCloak|Prankster|Moonblast,Tailwind,Encore,LightScreen|||M|||50|,,,,,Dark]Groudon||ClearAmulet|Drought|HeatCrash,PrecipiceBlades,Protect,HelpingHand||||||50|,,,,,Fire\n|showteam|p2|Calyrex-Shadow||FocusSash|AsOneSpectrier|DarkPulse,AstralBarrage,NastyPlot,Protect||||||50|,,,,,Dark]Kyurem-White||NeverMeltIce|Turboblaze|Protect,Blizzard,DragonPulse,FusionFlare||||||50|,,,,,Ground]Slowking||RockyHelmet|Oblivious|Psychic,TrickRoom,ChillyReception,HelpingHand|||M|||50|,,,,,Ground]Tornadus||CovertCloak|Prankster|Tailwind,BleakwindStorm,Protect,Snowscape|||M|||50|,,,,,Dark]Rillaboom||GrassySeed|GrassySurge|DrumBeating,Uturn,GrassyGlide,FakeOut|||F|||50|,,,,,Grass]Incineroar||AssaultVest|Intimidate|FakeOut,KnockOff,FlareBlitz,Uturn|||F|||50|,,,,,Fire\n|inactive|Battle timer is ON: inactive players will automatically lose when time's up. (requested by izmatti)\n|inactive|mavvyvgc has 60 seconds left.\n|\n|t:|1746124538\n|start\n|switch|p1a: Miraidon|Miraidon, L50|100/100\n|switch|p1b: Farigiraf|Farigiraf, L50, F|100/100\n|switch|p2a: Slowking|Slowking, L50, M|100/100\n|switch|p2b: Kyurem|Kyurem-White, L50|100/100\n|-fieldstart|move: Electric Terrain|[from] ability: Hadron Engine|[of] p1a: Miraidon\n|-enditem|p1b: Farigiraf|Electric Seed\n|-boost|p1b: Farigiraf|def|1|[from] item: Electric Seed\n|-ability|p2b: Kyurem|Turboblaze\n|turn|1\n|inactive|izmatti has 30 seconds left.\n|inactive|mavvyvgc has 30 seconds left.\n|inactive|izmatti has 20 seconds left.\n|\n|t:|1746124577\n|-terastallize|p1a: Miraidon|Fairy\n|-terastallize|p2b: Kyurem|Ground\n|move|p1b: Farigiraf|Helping Hand|p1a: Miraidon\n|-singleturn|p1a: Miraidon|Helping Hand|[of] p1b: Farigiraf\n|move|p2a: Slowking|Helping Hand|p2b: Kyurem\n|-singleturn|p2b: Kyurem|Helping Hand|[of] p2a: Slowking\n|move|p1a: Miraidon|Dazzling Gleam|p2b: Kyurem|[spread] p2a,p2b\n|-damage|p2a: Slowking|38/100\n|-damage|p2b: Kyurem|35/100\n|move|p2b: Kyurem|Blizzard|p1b: Farigiraf|[spread] p1a\n|-miss|p2b: Kyurem|p1b: Farigiraf\n|-damage|p1a: Miraidon|28/100\n|\n|upkeep\n|turn|2\n|\n|t:|1746124597\n|move|p1b: Farigiraf|Helping Hand|p1a: Miraidon\n|-singleturn|p1a: Miraidon|Helping Hand|[of] p1b: Farigiraf\n|move|p2b: Kyurem|Protect|p2b: Kyurem\n|-singleturn|p2b: Kyurem|Protect\n|move|p1a: Miraidon|Dazzling Gleam|p2b: Kyurem|[spread] p2a\n|-activate|p2b: Kyurem|move: Protect\n|-damage|p2a: Slowking|0 fnt\n|faint|p2a: Slowking\n|\n|upkeep\n|\n|t:|1746124612\n|switch|p2a: Calyrex|Calyrex-Shadow, L50|100/100\n|-ability|p2a: Calyrex|As One\n|-ability|p2a: Calyrex|Unnerve\n|turn|3\n|inactive|mavvyvgc has 30 seconds left.\n|\n|t:|1746124637\n|switch|p1a: Iron Hands|Iron Hands, L50|100/100\n|-activate|p1a: Iron Hands|ability: Quark Drive\n|-start|p1a: Iron Hands|quarkdriveatk\n|move|p2a: Calyrex|Astral Barrage|p1a: Iron Hands|[spread] p1a\n|-immune|p1b: Farigiraf\n|-damage|p1a: Iron Hands|71/100\n|move|p2b: Kyurem|Fusion Flare|p1b: Farigiraf\n|-damage|p1b: Farigiraf|70/100\n|move|p1b: Farigiraf|Trick Room|p1b: Farigiraf\n|-fieldstart|move: Trick Room|[of] p1b: Farigiraf\n|\n|upkeep\n|turn|4\n|inactive|izmatti has 30 seconds left.\n|inactive|mavvyvgc has 30 seconds left.\n|\n|t:|1746124668\n|move|p2a: Calyrex|Protect|p2a: Calyrex\n|-singleturn|p2a: Calyrex|Protect\n|move|p1a: Iron Hands|Fake Out|p2b: Kyurem\n|-damage|p2b: Kyurem|19/100\n|move|p1b: Farigiraf|Psychic|p2a: Calyrex\n|-activate|p2a: Calyrex|move: Protect\n|cant|p2b: Kyurem|flinch\n|\n|upkeep\n|turn|5\n|\n|t:|1746124682\n|move|p1a: Iron Hands|Wild Charge|p2a: Calyrex\n|-enditem|p2a: Calyrex|Focus Sash\n|-damage|p2a: Calyrex|1/100\n|-damage|p1a: Iron Hands|53/100|[from] Recoil\n|move|p1b: Farigiraf|Psychic|p2a: Calyrex\n|-resisted|p2a: Calyrex\n|-damage|p2a: Calyrex|0 fnt\n|faint|p2a: Calyrex\n|move|p2b: Kyurem|Blizzard|p1b: Farigiraf|[spread] p1a,p1b\n|-damage|p1a: Iron Hands|20/100\n|-damage|p1b: Farigiraf|23/100\n|\n|-fieldend|move: Electric Terrain\n|-end|p1a: Iron Hands|Quark Drive\n|upkeep\n|\n|t:|1746124694\n|switch|p2a: Incineroar|Incineroar, L50, F|100/100\n|-ability|p2a: Incineroar|Intimidate|boost\n|-unboost|p1a: Iron Hands|atk|1\n|-unboost|p1b: Farigiraf|atk|1\n|turn|6\n|\n|t:|1746124707\n|move|p2b: Kyurem|Protect|p2b: Kyurem\n|-singleturn|p2b: Kyurem|Protect\n|move|p1a: Iron Hands|Drain Punch|p2a: Incineroar\n|-supereffective|p2a: Incineroar\n|-damage|p2a: Incineroar|62/100\n|-heal|p1a: Iron Hands|36/100|[from] drain|[of] p2a: Incineroar\n|move|p1b: Farigiraf|Psychic|p2b: Kyurem\n|-activate|p2b: Kyurem|move: Protect\n|move|p2a: Incineroar|Knock Off|p1b: Farigiraf\n|-supereffective|p1b: Farigiraf\n|-damage|p1b: Farigiraf|0 fnt\n|faint|p1b: Farigiraf\n|\n|upkeep\n|\n|t:|1746124720\n|switch|p1b: Groudon|Groudon, L50|100/100\n|-weather|SunnyDay|[from] ability: Drought|[of] p1b: Groudon\n|turn|7\n|\n|t:|1746124736\n|move|p1a: Iron Hands|Drain Punch|p2a: Incineroar\n|-supereffective|p2a: Incineroar\n|-damage|p2a: Incineroar|23/100\n|-heal|p1a: Iron Hands|53/100|[from] drain|[of] p2a: Incineroar\n|move|p2a: Incineroar|Knock Off|p1b: Groudon\n|-damage|p1b: Groudon|70/100\n|-enditem|p1b: Groudon|Clear Amulet|[from] move: Knock Off|[of] p2a: Incineroar\n|move|p1b: Groudon|Precipice Blades|p2a: Incineroar|[spread] p2a,p2b\n|-supereffective|p2a: Incineroar\n|-damage|p2a: Incineroar|0 fnt\n|-damage|p2b: Kyurem|0 fnt\n|faint|p2a: Incineroar\n|faint|p2b: Kyurem\n|\n|win|izmatti\n|inactive|izmatti has 30 seconds to confirm battle start!\n|inactive|mavvyvgc has 30 seconds to confirm battle start!\n||mavvyvgc is ready for game 2.\n||izmatti is ready for game 2.\n|uhtml|next|Next: <a href=\"/battle-gen9vgc2025regibo3-2354845209\"><strong>Game 2 of 3</strong></a>\n|l|\u2606izmatti\n|player|p1|\n", "uploadtime": 1746125426, "views": 8, "formatid": "gen9vgc2025regibo3", "rating": null, "private": 0, "password": null}