{"id": "gen9vgc2025regibo3-2354163538", "format": "[Gen 9] VGC 2025 Reg I (Bo3)", "players": ["aC0ldTurkey", "devious malarkey"], "log": "|j|\u2606aC0ldTurkey\n|j|\u2606devious malarkey\n|html|<table width=\"100%\"><tr><td align=\"left\">aC0ldTurkey</td><td align=\"right\">devious malarkey</tr><tr><td align=\"left\"><i class=\"fa fa-circle\"></i> <i class=\"fa fa-circle-o\"></i> </td><td align=\"right\"><i class=\"fa fa-circle-o\"></i> <i class=\"fa fa-circle\"></i> </tr></table>\n|uhtml|bestof|<h2><strong>Game 3</strong> of <a href=\"/game-bestof3-gen9vgc2025regibo3-2354159145\">a best-of-3</a></h2>\n|t:|1746040427\n|gametype|doubles\n|player|p1|aC0ldTurkey|1|1077\n|player|p2|devious malarkey|gambler|1179\n|teamsize|p1|6\n|teamsize|p2|6\n|gen|9\n|tier|[Gen 9] VGC 2025 Reg I (Bo3)\n|rated|\n|rule|Species Clause: Limit one of each Pok\u00e9mon\n|rule|Item Clause: Limit 1 of each item\n|clearpoke\n|poke|p1|Zamazenta-*, L50|\n|poke|p1|Calyrex-Shadow, L50|\n|poke|p1|Tornadus, L50, M|\n|poke|p1|Urshifu-*, L50, M|\n|poke|p1|Rillaboom, L50, M|\n|poke|p1|Chien-Pao, L50|\n|poke|p2|Calyrex-Shadow, L50|\n|poke|p2|Incineroar, L50, M|\n|poke|p2|Weezing-Galar, L50, M|\n|poke|p2|Koraidon, L50|\n|poke|p2|Gothitelle, L50, F|\n|poke|p2|Ogerpon-Cornerstone, L50, F|\n|teampreview|4\n|showteam|p1|Zamazenta-Crowned||RustedShield|DauntlessShield|BodyPress,HeavySlam,WideGuard,Protect||||||50|,,,,,Ghost]Calyrex-Shadow||FocusSash|AsOneSpectrier|AstralBarrage,Psychic,Encore,Protect||||||50|,,,,,Ghost]Tornadus||RockyHelmet|Prankster|BleakwindStorm,Tailwind,RainDance,Protect|||M|||50|,,,,,Dark]Urshifu-Rapid-Strike||MysticWater|UnseenFist|SurgingStrikes,CloseCombat,AquaJet,Detect|||M|||50|,,,,,Water]Rillaboom||AssaultVest|GrassySurge|FakeOut,GrassyGlide,WoodHammer,Uturn|||M|||50|,,,,,Fire]Chien-Pao||LifeOrb|SwordofRuin|SuckerPunch,IcicleCrash,IceShard,Protect||||||50|,,,,,Stellar\n|showteam|p2|Calyrex-Shadow||LifeOrb|AsOneSpectrier|AstralBarrage,Psychic,NastyPlot,Protect||||||50|,,,,,Dark]Incineroar||SafetyGoggles|Intimidate|FakeOut,PartingShot,FlareBlitz,Protect|||M|||50|,,,,,Bug]Weezing-Galar||CovertCloak|NeutralizingGas|ToxicSpikes,StrangeSteam,Taunt,Protect|||M|||50|,,,,,Dark]Koraidon||AbilityShield|OrichalcumPulse|Protect,FlareBlitz,CloseCombat,FlameCharge||||||50|,,,,,Fire]Gothitelle||Leftovers|ShadowTag|Protect,Psychic,FakeOut,HelpingHand|||F|||50|,,,,,Water]Ogerpon-Cornerstone||CornerstoneMask|Sturdy|IvyCudgel,PowerWhip,FollowMe,SpikyShield|||F|||50|,,,,,Rock\n|inactive|Battle timer is ON: inactive players will automatically lose when time's up. (requested by aC0ldTurkey)\n|inactive|devious malarkey has 60 seconds left.\n|\n|t:|1746040480\n|start\n|switch|p1a: Urshifu|Urshifu-Rapid-Strike, L50, M|100/100\n|switch|p1b: Zamazenta|Zamazenta-Crowned, L50|100/100\n|switch|p2a: Calyrex|Calyrex-Shadow, L50|100/100\n|switch|p2b: Incineroar|Incineroar, L50, M|100/100\n|-ability|p2a: Calyrex|As One\n|-ability|p2a: Calyrex|Unnerve\n|-ability|p1b: Zamazenta|Dauntless Shield|boost\n|-boost|p1b: Zamazenta|def|1\n|-ability|p2b: Incineroar|Intimidate|boost\n|-unboost|p1a: Urshifu|atk|1\n|-unboost|p1b: Zamazenta|atk|1\n|turn|1\n|inactive|aC0ldTurkey has 30 seconds left.\n|inactive|aC0ldTurkey has 20 seconds left.\n|inactive|aC0ldTurkey has 15 seconds left.\n|inactive|aC0ldTurkey has 10 seconds left.\n|\n|t:|1746040527\n|-terastallize|p2b: Incineroar|Bug\n|move|p2b: Incineroar|Fake Out|p1a: Urshifu\n|-damage|p1a: Urshifu|88/100\n|move|p2a: Calyrex|Nasty Plot|p2a: Calyrex\n|-boost|p2a: Calyrex|spa|2\n|cant|p1a: Urshifu|flinch\n|move|p1b: Zamazenta|Heavy Slam|p2a: Calyrex\n|-damage|p2a: Calyrex|57/100\n|\n|upkeep\n|turn|2\n|inactive|aC0ldTurkey has 30 seconds left.\n|\n|t:|1746040558\n|move|p1a: Urshifu|Aqua Jet|p2a: Calyrex\n|-damage|p2a: Calyrex|35/100\n|move|p2a: Calyrex|Psychic|p1a: Urshifu\n|-supereffective|p1a: Urshifu\n|-damage|p1a: Urshifu|0 fnt\n|faint|p1a: Urshifu\n|-ability|p2a: Calyrex|Grim Neigh|boost\n|-boost|p2a: Calyrex|spa|1\n|-damage|p2a: Calyrex|25/100|[from] item: Life Orb\n|move|p1b: Zamazenta|Heavy Slam|p2a: Calyrex\n|-damage|p2a: Calyrex|0 fnt\n|faint|p2a: Calyrex\n|move|p2b: Incineroar|Parting Shot|p1b: Zamazenta\n|-unboost|p1b: Zamazenta|atk|1\n|-unboost|p1b: Zamazenta|spa|1\n|\n|t:|1746040564\n|switch|p2b: Koraidon|Koraidon, L50|100/100|[from] Parting Shot\n|-weather|SunnyDay|[from] ability: Orichalcum Pulse|[of] p2b: Koraidon\n|-activate|p2b: Koraidon|Orichalcum Pulse|[source]\n|\n|-weather|SunnyDay|[upkeep]\n|upkeep\n|\n|t:|1746040578\n|switch|p2a: Incineroar|Incineroar, L50, M, tera:Bug|100/100\n|switch|p1a: Rillaboom|Rillaboom, L50, M|100/100\n|-fieldstart|move: Grassy Terrain|[from] ability: Grassy Surge|[of] p1a: Rillaboom\n|-ability|p2a: Incineroar|Intimidate|boost\n|-unboost|p1a: Rillaboom|atk|1\n|-unboost|p1b: Zamazenta|atk|1\n|turn|3\n|\n|t:|1746040603\n|switch|p2b: Weezing|Weezing-Galar, L50, M|100/100\n|-ability|p2b: Weezing|Neutralizing Gas\n|-terastallize|p1b: Zamazenta|Ghost\n|move|p1a: Rillaboom|Fake Out|p2b: Weezing\n|-damage|p2b: Weezing|92/100\n|move|p1b: Zamazenta|Body Press|p2b: Weezing\n|-resisted|p2b: Weezing\n|-damage|p2b: Weezing|78/100\n|move|p2a: Incineroar|Parting Shot|p1a: Rillaboom\n|-unboost|p1a: Rillaboom|atk|1\n|-unboost|p1a: Rillaboom|spa|1\n|\n|t:|1746040613\n|switch|p2a: Koraidon|Koraidon, L50|100/100|[from] Parting Shot\n|-activate|p2a: Koraidon|ability: Orichalcum Pulse\n|\n|-weather|SunnyDay|[upkeep]\n|-heal|p2b: Weezing|84/100|[from] Grassy Terrain\n|upkeep\n|turn|4\n|inactive|aC0ldTurkey has 30 seconds left.\n|\n|t:|1746040641\n|move|p2b: Weezing|Protect|p2b: Weezing\n|-singleturn|p2b: Weezing|Protect\n|move|p2a: Koraidon|Flame Charge|p1a: Rillaboom\n|-supereffective|p1a: Rillaboom\n|-damage|p1a: Rillaboom|34/100\n|-boost|p2a: Koraidon|spe|1\n|move|p1b: Zamazenta|Body Press|p2a: Koraidon\n|-damage|p2a: Koraidon|39/100\n|move|p1a: Rillaboom|U-turn|p2b: Weezing\n|-activate|p2b: Weezing|move: Protect\n|\n|-weather|SunnyDay|[upkeep]\n|-heal|p2a: Koraidon|45/100|[from] Grassy Terrain\n|-heal|p1a: Rillaboom|40/100|[from] Grassy Terrain\n|-heal|p2b: Weezing|89/100|[from] Grassy Terrain\n|upkeep\n|turn|5\n|inactive|devious malarkey has 30 seconds left.\n|inactive|devious malarkey has 20 seconds left.\n|inactive|devious malarkey has 15 seconds left.\n|\n|t:|1746040683\n|move|p2a: Koraidon|Protect|p2a: Koraidon\n|-singleturn|p2a: Koraidon|Protect\n|move|p1a: Rillaboom|Grassy Glide|p2a: Koraidon\n|-activate|p2a: Koraidon|move: Protect\n|move|p1b: Zamazenta|Body Press|p2a: Koraidon\n|-activate|p2a: Koraidon|move: Protect\n|move|p2b: Weezing|Strange Steam|p1a: Rillaboom\n|-crit|p1a: Rillaboom\n|-damage|p1a: Rillaboom|9/100\n|-start|p1a: Rillaboom|confusion\n|\n|-weather|SunnyDay|[upkeep]\n|-heal|p2a: Koraidon|51/100|[from] Grassy Terrain\n|-heal|p1a: Rillaboom|15/100|[from] Grassy Terrain\n|-heal|p2b: Weezing|95/100|[from] Grassy Terrain\n|upkeep\n|turn|6\n|\n|t:|1746040702\n|-activate|p1a: Rillaboom|confusion\n|move|p1a: Rillaboom|Grassy Glide|p2a: Koraidon\n|-resisted|p2a: Koraidon\n|-damage|p2a: Koraidon|44/100\n|move|p2a: Koraidon|Flare Blitz|p1b: Zamazenta\n|-damage|p1b: Zamazenta|67/100\n|-damage|p2a: Koraidon|31/100|[from] Recoil\n|move|p1b: Zamazenta|Body Press|p2a: Koraidon\n|-damage|p2a: Koraidon|0 fnt\n|faint|p2a: Koraidon\n|move|p2b: Weezing|Strange Steam|p1a: Rillaboom\n|-damage|p1a: Rillaboom|0 fnt\n|faint|p1a: Rillaboom\n|\n|-weather|none\n|-heal|p1b: Zamazenta|73/100|[from] Grassy Terrain\n|-heal|p2b: Weezing|100/100|[from] Grassy Terrain\n|upkeep\n|\n|t:|1746040718\n|switch|p2a: Incineroar|Incineroar, L50, M, tera:Bug|100/100\n|switch|p1a: Calyrex|Calyrex-Shadow, L50|100/100\n|-ability|p1a: Calyrex|As One\n|-ability|p1a: Calyrex|Unnerve\n|turn|7\n|\n|t:|1746040730\n|move|p1a: Calyrex|Astral Barrage|p2a: Incineroar|[spread] p2a,p2b\n|-damage|p2a: Incineroar|54/100\n|-damage|p2b: Weezing|46/100\n|move|p1b: Zamazenta|Body Press|p2a: Incineroar\n|-resisted|p2a: Incineroar\n|-damage|p2a: Incineroar|28/100\n|move|p2b: Weezing|Strange Steam|p1a: Calyrex\n|-damage|p1a: Calyrex|73/100\n|move|p2a: Incineroar|Flare Blitz|p1a: Calyrex\n|-damage|p1a: Calyrex|10/100\n|-damage|p2a: Incineroar|9/100|[from] Recoil\n|\n|-heal|p1a: Calyrex|16/100|[from] Grassy Terrain\n|-heal|p1b: Zamazenta|79/100|[from] Grassy Terrain\n|-heal|p2b: Weezing|52/100|[from] Grassy Terrain\n|-heal|p2a: Incineroar|15/100|[from] Grassy Terrain\n|-fieldend|move: Grassy Terrain\n|upkeep\n|turn|8\n|-message|devious malarkey forfeited.\n|\n|win|aC0ldTurkey\n|raw|aC0ldTurkey's rating: 1077 &rarr; <strong>1114</strong><br />(+37 for winning)\n|raw|devious malarkey's rating: 1179 &rarr; <strong>1147</strong><br />(-32 for losing)\n|l|\u2606devious malarkey\n|player|p2|\n", "uploadtime": 1746040783, "views": 13, "formatid": "gen9vgc2025regibo3", "rating": 1114, "private": 0, "password": null}