{"id": "gen9vgc2025regibo3-2353584031", "format": "[Gen 9] VGC 2025 Reg I (Bo3)", "players": ["Jerm626", "tzarii"], "log": "|j|\u2606Jerm626\n|j|\u2606tzarii\n|html|<table width=\"100%\"><tr><td align=\"left\">Jerm626</td><td align=\"right\">tzarii</tr><tr><td align=\"left\"><i class=\"fa fa-circle-o\"></i> <i class=\"fa fa-circle-o\"></i> </td><td align=\"right\"><i class=\"fa fa-circle-o\"></i> <i class=\"fa fa-circle-o\"></i> </tr></table>\n|uhtml|bestof|<h2><strong>Game 1</strong> of <a href=\"/game-bestof3-gen9vgc2025regibo3-2353584029\">a best-of-3</a></h2>\n|t:|1745971144\n|gametype|doubles\n|player|p1|Jerm626|169|1217\n|player|p2|tzarii|lady-gen4|1216\n|teamsize|p1|6\n|teamsize|p2|6\n|gen|9\n|tier|[Gen 9] VGC 2025 Reg I (Bo3)\n|rated|\n|rule|Species Clause: Limit one of each Pok\u00e9mon\n|rule|Item Clause: Limit 1 of each item\n|clearpoke\n|poke|p1|Kyogre, L50|\n|poke|p1|Calyrex-Ice, L50|\n|poke|p1|Landorus, L50, M|\n|poke|p1|Urshifu-*, L50, F|\n|poke|p1|Rillaboom, L50, F|\n|poke|p1|Tornadus, L50, M|\n|poke|p2|Koraidon, L50|\n|poke|p2|Groudon, L50|\n|poke|p2|Flutter Mane, L50|\n|poke|p2|Scovillain, L50, M|\n|poke|p2|Rillaboom, L50, M|\n|poke|p2|Urshifu-*, L50, M|\n|teampreview|4\n|showteam|p1|Kyogre||MysticWater|Drizzle|Thunder,Protect,HydroPump,WaterSpout||||||50|,,,,,Grass]Calyrex-Ice||ClearAmulet|AsOneGlastrier|GlacialLance,HighHorsepower,Protect,TrickRoom||||||50|,,,,,Fire]Landorus||LifeOrb|SheerForce|SandsearStorm,SludgeBomb,EarthPower,Protect|||M|||50|,,,,,Water]Urshifu-Rapid-Strike||FocusSash|UnseenFist|SurgingStrikes,CloseCombat,Protect,AquaJet|||F|||50|,,,,,Water]Rillaboom||AssaultVest|GrassySurge|FakeOut,WoodHammer,GrassyGlide,KnockOff|||F|||50|,,,,,Fire]Tornadus||CovertCloak|Prankster|RainDance,Tailwind,Taunt,BleakwindStorm|||M|||50|,,,,,Dark\n|showteam|p2|Koraidon||ClearAmulet|OrichalcumPulse|FlameCharge,CloseCombat,FlareBlitz,Protect||||||50|,,,,,Fire]Groudon||AssaultVest|Drought|PrecipiceBlades,HeatCrash,HammerArm,HighHorsepower||||||50|,,,,,Water]Flutter Mane||FocusSash|Protosynthesis|Moonblast,IcyWind,ShadowBall,Protect||||||50|,,,,,Fairy]Scovillain||CovertCloak|Chlorophyll|Overheat,SpicyExtract,WillOWisp,ScaryFace|||M|||50|,,,,,Fire]Rillaboom||MiracleSeed|GrassySurge|FakeOut,GrassyGlide,WoodHammer,Protect|||M|||50|,,,,,Grass]Urshifu||ChoiceBand|UnseenFist|WickedBlow,CloseCombat,Uturn,SuckerPunch|||M|||50|,,,,,Dark\n|inactive|Battle timer is ON: inactive players will automatically lose when time's up. (requested by Jerm626)\n|inactive|tzarii has 60 seconds left.\n|inactive|tzarii has 30 seconds left.\n|\n|t:|1745971243\n|start\n|switch|p1a: Calyrex|Calyrex-Ice, L50|100/100\n|switch|p1b: Rillaboom|Rillaboom, L50, F|100/100\n|switch|p2a: Flutter Mane|Flutter Mane, L50|100/100\n|switch|p2b: Koraidon|Koraidon, L50|100/100\n|-ability|p1a: Calyrex|As One\n|-ability|p1a: Calyrex|Unnerve\n|-weather|SunnyDay|[from] ability: Orichalcum Pulse|[of] p2b: Koraidon\n|-activate|p2a: Flutter Mane|ability: Protosynthesis\n|-start|p2a: Flutter Mane|protosynthesisspe\n|-activate|p2b: Koraidon|Orichalcum Pulse|[source]\n|-fieldstart|move: Grassy Terrain|[from] ability: Grassy Surge|[of] p1b: Rillaboom\n|turn|1\n|inactive|tzarii has 30 seconds left.\n|inactive|tzarii has 20 seconds left.\n|inactive|tzarii has 15 seconds left.\n|inactive|tzarii has 10 seconds left.\n|\n|t:|1745971290\n|-end|p2a: Flutter Mane|Protosynthesis|[silent]\n|switch|p2a: Urshifu|Urshifu, L50, M|100/100\n|-terastallize|p1a: Calyrex|Fire\n|move|p1b: Rillaboom|Fake Out|p2b: Koraidon\n|-damage|p2b: Koraidon|88/100\n|cant|p2b: Koraidon|flinch\n|move|p1a: Calyrex|Trick Room|p1a: Calyrex\n|-fieldstart|move: Trick Room|[of] p1a: Calyrex\n|\n|-weather|SunnyDay|[upkeep]\n|-heal|p2b: Koraidon|94/100|[from] Grassy Terrain\n|upkeep\n|turn|2\n|inactive|Jerm626 has 30 seconds left.\n|inactive|tzarii has 30 seconds left.\n|inactive|Jerm626 has 20 seconds left.\n|inactive|tzarii has 20 seconds left.\n|inactive|tzarii has 15 seconds left.\n|inactive|tzarii has 10 seconds left.\n|inactive|tzarii has 5 seconds left.\n|\n|t:|1745971342\n|switch|p2a: Flutter Mane|Flutter Mane, L50|100/100\n|-activate|p2a: Flutter Mane|ability: Protosynthesis\n|-start|p2a: Flutter Mane|protosynthesisspe\n|-terastallize|p2b: Koraidon|Fire\n|move|p1a: Calyrex|High Horsepower|p2b: Koraidon\n|-supereffective|p2b: Koraidon\n|-damage|p2b: Koraidon|18/100\n|move|p1b: Rillaboom|Wood Hammer|p2a: Flutter Mane\n|-enditem|p2a: Flutter Mane|Focus Sash\n|-damage|p2a: Flutter Mane|1/100\n|-damage|p1b: Rillaboom|78/100|[from] Recoil\n|move|p2b: Koraidon|Flare Blitz|p1b: Rillaboom\n|-supereffective|p1b: Rillaboom\n|-damage|p1b: Rillaboom|0 fnt\n|faint|p1b: Rillaboom\n|-damage|p2b: Koraidon|0 fnt|[from] Recoil\n|faint|p2b: Koraidon\n|\n|-weather|SunnyDay|[upkeep]\n|-heal|p2a: Flutter Mane|7/100|[from] Grassy Terrain\n|upkeep\n|\n|t:|1745971367\n|switch|p1b: Kyogre|Kyogre, L50|100/100\n|switch|p2b: Urshifu|Urshifu, L50, M|100/100\n|-weather|RainDance|[from] ability: Drizzle|[of] p1b: Kyogre\n|-end|p2a: Flutter Mane|Protosynthesis\n|turn|3\n|inactive|tzarii has 30 seconds left.\n|\n|t:|1745971396\n|move|p2a: Flutter Mane|Protect|p2a: Flutter Mane\n|-singleturn|p2a: Flutter Mane|Protect\n|move|p2b: Urshifu|Sucker Punch|p1b: Kyogre\n|-damage|p1b: Kyogre|43/100\n|move|p1a: Calyrex|Glacial Lance|p2b: Urshifu|[spread] p2b\n|-activate|p2a: Flutter Mane|move: Protect\n|-damage|p2b: Urshifu|40/100\n|move|p1b: Kyogre|Thunder|p2b: Urshifu\n|-crit|p2b: Urshifu\n|-damage|p2b: Urshifu|0 fnt\n|faint|p2b: Urshifu\n|\n|-weather|RainDance|[upkeep]\n|-heal|p1b: Kyogre|49/100|[from] Grassy Terrain\n|-heal|p2a: Flutter Mane|14/100|[from] Grassy Terrain\n|upkeep\n|\n|t:|1745971406\n|switch|p2b: Groudon|Groudon, L50|100/100\n|-weather|SunnyDay|[from] ability: Drought|[of] p2b: Groudon\n|-activate|p2a: Flutter Mane|ability: Protosynthesis\n|-start|p2a: Flutter Mane|protosynthesisspe\n|turn|4\n|\n|t:|1745971421\n|move|p1a: Calyrex|Glacial Lance|p2b: Groudon|[spread] p2a,p2b\n|-supereffective|p2b: Groudon\n|-damage|p2a: Flutter Mane|0 fnt\n|-damage|p2b: Groudon|25/100\n|faint|p2a: Flutter Mane\n|-end|p2a: Flutter Mane|Protosynthesis|[silent]\n|-ability|p1a: Calyrex|Chilling Neigh|boost\n|-boost|p1a: Calyrex|atk|1\n|move|p2b: Groudon|Precipice Blades|p1b: Kyogre|[spread] p1a,p1b\n|-supereffective|p1a: Calyrex\n|-damage|p1a: Calyrex|40/100\n|-damage|p1b: Kyogre|0 fnt\n|faint|p1b: Kyogre\n|\n|-weather|SunnyDay|[upkeep]\n|-heal|p1a: Calyrex|46/100|[from] Grassy Terrain\n|-heal|p2b: Groudon|31/100|[from] Grassy Terrain\n|upkeep\n|\n|t:|1745971436\n|switch|p1b: Urshifu|Urshifu-Rapid-Strike, L50, F|100/100\n|turn|5\n|\n|t:|1745971442\n|move|p1b: Urshifu|Protect|p1b: Urshifu\n|-singleturn|p1b: Urshifu|Protect\n|move|p1a: Calyrex|Glacial Lance|p2b: Groudon\n|-supereffective|p2b: Groudon\n|-damage|p2b: Groudon|0 fnt\n|faint|p2b: Groudon\n|\n|win|Jerm626\n||tzarii is ready for game 2.\n||Jerm626 is ready for game 2.\n|uhtml|next|Next: <a href=\"/battle-gen9vgc2025regibo3-2353586596\"><strong>Game 2 of 3</strong></a>\n", "uploadtime": 1745971794, "views": 6, "formatid": "gen9vgc2025regibo3", "rating": null, "private": 0, "password": null}