{"id": "gen9vgc2025regibo3-2353453057", "format": "[Gen 9] VGC 2025 Reg I (Bo3)", "players": ["mtrx_cheeky", "Grennijathingy"], "log": "|j|\u2606mtrx_cheeky\n|j|\u2606Grennijathingy\n|html|<table width=\"100%\"><tr><td align=\"left\">mtrx_cheeky</td><td align=\"right\">Grennijathingy</tr><tr><td align=\"left\"><i class=\"fa fa-circle\"></i> <i class=\"fa fa-circle-o\"></i> </td><td align=\"right\"><i class=\"fa fa-circle-o\"></i> <i class=\"fa fa-circle\"></i> </tr></table>\n|uhtml|bestof|<h2><strong>Game 3</strong> of <a href=\"/game-bestof3-gen9vgc2025regibo3-2353444138\">a best-of-3</a></h2>\n|t:|1745957290\n|gametype|doubles\n|player|p1|mtrx_cheeky|102|\n|player|p2|Grennijathingy|cameraman|\n|teamsize|p1|6\n|teamsize|p2|6\n|gen|9\n|tier|[Gen 9] VGC 2025 Reg I (Bo3)\n|rule|Species Clause: Limit one of each Pok\u00e9mon\n|rule|Item Clause: Limit 1 of each item\n|clearpoke\n|poke|p1|Miraidon, L50|\n|poke|p1|Whimsicott, L50, M|\n|poke|p1|Ogerpon-Cornerstone, L50, F|\n|poke|p1|Incineroar, L50, M|\n|poke|p1|Urshifu-*, L50, M|\n|poke|p1|Kyogre, L50|\n|poke|p2|Lunala, L50|\n|poke|p2|Kyogre, L50|\n|poke|p2|Iron Valiant, L50|\n|poke|p2|Urshifu-*, L50, M|\n|poke|p2|Ogerpon-Cornerstone, L50, F|\n|poke|p2|Incineroar, L50, M|\n|teampreview|4\n|showteam|p1|Miraidon||ChoiceSpecs|HadronEngine|ElectroDrift,DracoMeteor,VoltSwitch,DazzlingGleam||||||50|,,,,,Fairy]Whimsicott||CovertCloak|Prankster|Tailwind,Encore,Taunt,Moonblast|||M|||50|,,,,,Ghost]Ogerpon-Cornerstone||CornerstoneMask|Sturdy|IvyCudgel,HornLeech,FollowMe,Protect|||F|||50|,,,,,Rock]Incineroar||AssaultVest|Intimidate|FakeOut,FlareBlitz,KnockOff,Protect|||M|||50|,,,,,Bug]Urshifu-Rapid-Strike||FocusSash|UnseenFist|SurgingStrikes,CloseCombat,AquaJet,PoisonJab|||M|||50|,,,,,Stellar]Kyogre||ChoiceScarf|Drizzle|WaterSpout,OriginPulse,IceBeam,Thunder||||||50|,,,,,Grass\n|showteam|p2|Lunala||Leftovers|ShadowShield|Protect,MoongeistBeam,Moonblast,WideGuard||||||50|,,,,,Fairy]Kyogre||ChoiceSpecs|Drizzle|WaterSpout,OriginPulse,Thunder,IceBeam||||||50|,,,,,Grass]Iron Valiant||MentalHerb|QuarkDrive|WideGuard,QuickGuard,Taunt,Moonblast||||||50|,,,,,Ghost]Urshifu-Rapid-Strike||SafetyGoggles|UnseenFist|SurgingStrikes,CloseCombat,FirePunch,ThunderPunch|||M|||50|,,,,,Fire]Ogerpon-Cornerstone||CornerstoneMask|Sturdy|SpikyShield,IvyCudgel,HornLeech,FollowMe|||F|||50|,,,,,Rock]Incineroar||AssaultVest|Intimidate|FakeOut,Uturn,FirePunch,DarkestLariat|||M|||50|,,,,,Stellar\n|\n|t:|1745957301\n|start\n|switch|p1a: Miraidon|Miraidon, L50|100/100\n|switch|p1b: Whimsicott|Whimsicott, L50, M|100/100\n|switch|p2a: Incineroar|Incineroar, L50, M|100/100\n|switch|p2b: Ogerpon|Ogerpon-Cornerstone, L50, F|100/100\n|-fieldstart|move: Electric Terrain|[from] ability: Hadron Engine|[of] p1a: Miraidon\n|-ability|p2a: Incineroar|Intimidate|boost\n|-unboost|p1a: Miraidon|atk|1\n|-unboost|p1b: Whimsicott|atk|1\n|turn|1\n|inactive|Battle timer is ON: inactive players will automatically lose when time's up. (requested by mtrx_cheeky)\n|\n|t:|1745957331\n|move|p2a: Incineroar|Fake Out|p1a: Miraidon\n|-damage|p1a: Miraidon|88/100\n|move|p1b: Whimsicott|Tailwind|p1b: Whimsicott\n|-sidestart|p1: mtrx_cheeky|move: Tailwind\n|cant|p1a: Miraidon|flinch\n|move|p2b: Ogerpon|Ivy Cudgel|p1a: Miraidon|[anim] Ivy Cudgel Rock\n|-damage|p1a: Miraidon|26/100\n|\n|upkeep\n|turn|2\n|inactive|mtrx_cheeky has 30 seconds left.\n|\n|t:|1745957364\n|switch|p1b: Kyogre|Kyogre, L50|100/100\n|-weather|RainDance|[from] ability: Drizzle|[of] p1b: Kyogre\n|move|p1a: Miraidon|Volt Switch|p2a: Incineroar\n|-damage|p2a: Incineroar|43/100\n|inactive|mtrx_cheeky has 30 seconds left.\n|\n|t:|1745957389\n|switch|p1a: Whimsicott|Whimsicott, L50, M|100/100|[from] Volt Switch\n|move|p2b: Ogerpon|Ivy Cudgel|p1a: Whimsicott|[anim] Ivy Cudgel Rock\n|-damage|p1a: Whimsicott|25/100\n|move|p2a: Incineroar|U-turn|p1b: Kyogre\n|-damage|p1b: Kyogre|77/100\n|\n|t:|1745957403\n|switch|p2a: Kyogre|Kyogre, L50|100/100|[from] U-turn\n|\n|-weather|RainDance|[upkeep]\n|upkeep\n|turn|3\n|inactive|mtrx_cheeky has 30 seconds left.\n|inactive|mtrx_cheeky has 20 seconds left.\n|inactive|mtrx_cheeky has 15 seconds left.\n|inactive|mtrx_cheeky has 10 seconds left.\n|inactive|mtrx_cheeky has 5 seconds left.\n|\n|t:|1745957456\n|switch|p1a: Ogerpon|Ogerpon-Cornerstone, L50, F|100/100\n|-terastallize|p1b: Kyogre|Grass\n|move|p2b: Ogerpon|Follow Me|p2b: Ogerpon\n|-singleturn|p2b: Ogerpon|move: Follow Me\n|move|p1b: Kyogre|Ice Beam|p2b: Ogerpon\n|-supereffective|p2b: Ogerpon\n|-damage|p2b: Ogerpon|19/100\n|move|p2a: Kyogre|Ice Beam|p1a: Ogerpon\n|-supereffective|p1a: Ogerpon\n|-ability|p1a: Ogerpon|Sturdy\n|-damage|p1a: Ogerpon|1/100\n|\n|-weather|RainDance|[upkeep]\n|upkeep\n|turn|4\n|inactive|mtrx_cheeky has 30 seconds left.\n|inactive|Grennijathingy has 30 seconds left.\n|inactive|Grennijathingy has 20 seconds left.\n|inactive|Grennijathingy has 15 seconds left.\n|inactive|Grennijathingy has 10 seconds left.\n|inactive|Grennijathingy has 5 seconds left.\n|\n|t:|1745957509\n|move|p1a: Ogerpon|Protect|p1a: Ogerpon\n|-singleturn|p1a: Ogerpon|Protect\n|move|p2b: Ogerpon|Spiky Shield|p2b: Ogerpon\n|-singleturn|p2b: Ogerpon|move: Protect\n|move|p1b: Kyogre|Ice Beam|p2b: Ogerpon\n|-activate|p2b: Ogerpon|move: Protect\n|move|p2a: Kyogre|Ice Beam|p1b: Kyogre\n|-supereffective|p1b: Kyogre\n|-damage|p1b: Kyogre|0 fnt\n|faint|p1b: Kyogre\n|\n|-weather|RainDance|[upkeep]\n|-sideend|p1: mtrx_cheeky|move: Tailwind\n|upkeep\n|inactive|mtrx_cheeky has 30 seconds left.\n|\n|t:|1745957543\n|switch|p1b: Whimsicott|Whimsicott, L50, M|25/100\n|turn|5\n|\n|t:|1745957556\n|-terastallize|p2a: Kyogre|Grass\n|move|p2b: Ogerpon|Follow Me|p2b: Ogerpon\n|-singleturn|p2b: Ogerpon|move: Follow Me\n|move|p1b: Whimsicott|Tailwind|p1b: Whimsicott\n|-sidestart|p1: mtrx_cheeky|move: Tailwind\n|move|p1a: Ogerpon|Horn Leech|p2b: Ogerpon\n|-damage|p2b: Ogerpon|0 fnt\n|-heal|p1a: Ogerpon|11/100|[from] drain|[of] p2b: Ogerpon\n|faint|p2b: Ogerpon\n|move|p2a: Kyogre|Ice Beam|p1b: Whimsicott\n|-supereffective|p1b: Whimsicott\n|-damage|p1b: Whimsicott|0 fnt\n|faint|p1b: Whimsicott\n|\n|-weather|RainDance|[upkeep]\n|-fieldend|move: Electric Terrain\n|upkeep\n|\n|t:|1745957574\n|switch|p1b: Miraidon|Miraidon, L50|26/100\n|switch|p2b: Incineroar|Incineroar, L50, M|43/100\n|-fieldstart|move: Electric Terrain|[from] ability: Hadron Engine|[of] p1b: Miraidon\n|-ability|p2b: Incineroar|Intimidate|boost\n|-unboost|p1a: Ogerpon|atk|1\n|-unboost|p1b: Miraidon|atk|1\n|turn|6\n|\n|t:|1745957590\n|move|p2b: Incineroar|Fake Out|p1b: Miraidon\n|-damage|p1b: Miraidon|14/100\n|cant|p1b: Miraidon|flinch\n|move|p1a: Ogerpon|Ivy Cudgel|p2b: Incineroar|[anim] Ivy Cudgel Rock\n|-supereffective|p2b: Incineroar\n|-damage|p2b: Incineroar|0 fnt\n|faint|p2b: Incineroar\n|move|p2a: Kyogre|Ice Beam|p1b: Miraidon\n|-supereffective|p1b: Miraidon\n|-damage|p1b: Miraidon|0 fnt\n|faint|p1b: Miraidon\n|\n|-weather|none\n|upkeep\n|\n|t:|1745957605\n|switch|p2b: Lunala|Lunala, L50|100/100\n|turn|7\n|\n|t:|1745957613\n|move|p1a: Ogerpon|Ivy Cudgel|p2b: Lunala|[anim] Ivy Cudgel Rock\n|-damage|p2b: Lunala|82/100\n|move|p2a: Kyogre|Ice Beam|p1a: Ogerpon\n|-supereffective|p1a: Ogerpon\n|-damage|p1a: Ogerpon|0 fnt\n|faint|p1a: Ogerpon\n|\n|win|Grennijathingy\n|l|\u2606Grennijathingy\n|player|p2|\n|l|\u2606mtrx_cheeky\n|player|p1|\n|j|\u2606Grennijathingy\n|player|p2|Grennijathingy|cameraman|\n", "uploadtime": 1745957767, "views": 9, "formatid": "gen9vgc2025regibo3", "rating": null, "private": 0, "password": null}