{"id": "gen9vgc2025regibo3-2354623925", "format": "[Gen 9] VGC 2025 Reg I (Bo3)", "players": ["maisonmargiela124", "YdocFr"], "log": "|j|\u2606maisonmargiela124\n|j|\u2606YdocFr\n|html|<table width=\"100%\"><tr><td align=\"left\">maisonmargiela124</td><td align=\"right\">YdocFr</tr><tr><td align=\"left\"><i class=\"fa fa-circle\"></i> <i class=\"fa fa-circle-o\"></i> </td><td align=\"right\"><i class=\"fa fa-circle-o\"></i> <i class=\"fa fa-circle-o\"></i> </tr></table>\n|uhtml|bestof|<h2><strong>Game 2</strong> of <a href=\"/game-bestof3-gen9vgc2025regibo3-2354621241\">a best-of-3</a></h2>\n|t:|1746104190\n|gametype|doubles\n|player|p1|maisonmargiela124|169|\n|player|p2|YdocFr|1|\n|teamsize|p1|6\n|teamsize|p2|6\n|gen|9\n|tier|[Gen 9] VGC 2025 Reg I (Bo3)\n|rule|Species Clause: Limit one of each Pok\u00e9mon\n|rule|Item Clause: Limit 1 of each item\n|clearpoke\n|poke|p1|Orthworm, L50, M|\n|poke|p1|Furret, L50, F|\n|poke|p1|Komala, L50, M|\n|poke|p1|Seviper, L50, F|\n|poke|p1|Solgaleo, L50|\n|poke|p1|Eternatus, L50|\n|poke|p2|Ambipom, L50, M|\n|poke|p2|Magnezone, L50|\n|poke|p2|Maushold, L50|\n|poke|p2|Gholdengo, L50|\n|poke|p2|Giratina-Origin, L50|\n|poke|p2|Lugia, L50|\n|teampreview|4\n|showteam|p1|Orthworm||SitrusBerry|EarthEater|ShedTail,HeavySlam,BodyPress,Protect|||M|||50|,,,,,Fairy]Furret||RockyHelmet|KeenEye|FollowMe,HelpingHand,BodySlam,Protect|||F|||50|,,,,,Dragon]Komala||LifeOrb|Comatose|BodySlam,PlayRough,SwordsDance,Protect|||M|||50|,,,,,Fairy]Seviper||BlackSludge|ShedSkin|HelpingHand,Taunt,Switcheroo,SludgeBomb|||F|||50|,,,,,Dark]Solgaleo||WeaknessPolicy|FullMetalBody|SunsteelStrike,PsychicFangs,Earthquake,Protect||||||50|,,,,,Dark]Eternatus||ChoiceSpecs|Pressure|SludgeBomb,Flamethrower,DynamaxCannon,SludgeWave||||||50|,,,,,Fire\n|showteam|p2|Ambipom||RockyHelmet|Technician|HelpingHand,Taunt,Protect,FakeOut|||M|||50|,,,,,Normal]Magnezone||Leftovers|Sturdy|Electroweb,Protect,SteelBeam,IronHead||||||50|,,,,,Electric]Maushold||WideLens|FriendGuard|PopulationBomb,FollowMe,Protect,HelpingHand||||||50|,,,,,Ghost]Gholdengo||ChoiceSpecs|GoodasGold|ShadowBall,MakeItRain,Trick,Thunderbolt||||||50|,,,,,Steel]Giratina-Origin||GriseousCore|Levitate|Poltergeist,Outrage,ShadowSneak,Protect||||||50|,,,,,Steel]Lugia||BrightPowder|Multiscale|Aeroblast,CalmMind,Recover,PsychUp||||||50|,,,,,Fairy\n|\n|t:|1746104214\n|start\n|switch|p1a: Komala|Komala, L50, M, shiny|100/100\n|switch|p1b: Furret|Furret, L50, F, shiny|100/100\n|switch|p2a: Magnezone|Magnezone, L50|100/100\n|switch|p2b: Gholdengo|Gholdengo, L50|100/100\n|-ability|p1a: Komala|Comatose\n|turn|1\n|\n|t:|1746104229\n|move|p1b: Furret|Follow Me|p1b: Furret\n|-singleturn|p1b: Furret|move: Follow Me\n|move|p1a: Komala|Swords Dance|p1a: Komala\n|-boost|p1a: Komala|atk|2\n|move|p2b: Gholdengo|Make It Rain|p1a: Komala|[spread] p1a,p1b\n|-damage|p1a: Komala|11/100\n|-damage|p1b: Furret|22/100\n|-unboost|p2b: Gholdengo|spa|1\n|move|p2a: Magnezone|Electroweb|p1a: Komala|[spread] p1a,p1b\n|-damage|p1a: Komala|0 fnt\n|-damage|p1b: Furret|0 fnt\n|faint|p1a: Komala\n|faint|p1b: Furret\n|\n|upkeep\n|\n|t:|1746104240\n|switch|p1a: Solgaleo|Solgaleo, L50, shiny|100/100\n|switch|p1b: Orthworm|Orthworm, L50, M, shiny|100/100\n|turn|2\n|\n|t:|1746104254\n|-terastallize|p2a: Magnezone|Electric\n|move|p2b: Gholdengo|Make It Rain|p1a: Solgaleo|[spread] p1a,p1b\n|-resisted|p1a: Solgaleo\n|-resisted|p1b: Orthworm\n|-damage|p1a: Solgaleo|81/100\n|-damage|p1b: Orthworm|73/100\n|-unboost|p2b: Gholdengo|spa|1\n|move|p1a: Solgaleo|Earthquake|p2a: Magnezone|[spread] p2a,p2b\n|-heal|p1b: Orthworm|98/100|[from] ability: Earth Eater|[of] p1a: Solgaleo\n|-supereffective|p2a: Magnezone\n|-supereffective|p2b: Gholdengo\n|-damage|p2a: Magnezone|53/100\n|-damage|p2b: Gholdengo|42/100\n|move|p1b: Orthworm|Body Press|p2a: Magnezone\n|-damage|p2a: Magnezone|29/100\n|move|p2a: Magnezone|Electroweb|p1b: Orthworm|[spread] p1a,p1b\n|-damage|p1a: Solgaleo|51/100\n|-damage|p1b: Orthworm|63/100\n|-unboost|p1b: Orthworm|spe|1\n|\n|-heal|p2a: Magnezone|35/100|[from] item: Leftovers\n|upkeep\n|turn|3\n|inactive|Battle timer is ON: inactive players will automatically lose when time's up. (requested by maisonmargiela124)\n|\n|t:|1746104289\n|move|p2b: Gholdengo|Make It Rain|p1b: Orthworm|[spread] p1a,p1b\n|-resisted|p1a: Solgaleo\n|-resisted|p1b: Orthworm\n|-damage|p1a: Solgaleo|37/100\n|-damage|p1b: Orthworm|45/100\n|-unboost|p2b: Gholdengo|spa|1\n|-enditem|p1b: Orthworm|Sitrus Berry|[eat]\n|-heal|p1b: Orthworm|70/100|[from] item: Sitrus Berry\n|move|p1a: Solgaleo|Earthquake|p2a: Magnezone|[spread] p2a,p2b\n|-heal|p1b: Orthworm|95/100|[from] ability: Earth Eater|[of] p1a: Solgaleo\n|-supereffective|p2a: Magnezone\n|-supereffective|p2b: Gholdengo\n|-damage|p2a: Magnezone|0 fnt\n|-damage|p2b: Gholdengo|0 fnt\n|faint|p2a: Magnezone\n|faint|p2b: Gholdengo\n|move|p1b: Orthworm|Body Press|p2: Magnezone|[notarget]\n|-fail|p1b: Orthworm\n|\n|upkeep\n|\n|t:|1746104307\n|switch|p2b: Maushold|Maushold, L50|100/100\n|switch|p2a: Giratina|Giratina-Origin, L50|100/100\n|turn|4\n|inactive|maisonmargiela124 has 30 seconds left.\n|inactive|maisonmargiela124 has 20 seconds left.\n|inactive|maisonmargiela124 has 15 seconds left.\n|\n|t:|1746104348\n|-terastallize|p1a: Solgaleo|Dark\n|move|p2b: Maushold|Helping Hand|p2a: Giratina\n|-singleturn|p2a: Giratina|Helping Hand|[of] p2b: Maushold\n|move|p2a: Giratina|Poltergeist|p1a: Solgaleo\n|-activate|p1a: Solgaleo|move: Poltergeist|Weakness Policy\n|-resisted|p1a: Solgaleo\n|-damage|p1a: Solgaleo|0 fnt\n|faint|p1a: Solgaleo\n|move|p1b: Orthworm|Body Press|p2b: Maushold\n|-supereffective|p2b: Maushold\n|-damage|p2b: Maushold|51/100\n|\n|upkeep\n|turn|5\n|\n|t:|1746104372\n|move|p2b: Maushold|Protect|p2b: Maushold\n|-singleturn|p2b: Maushold|Protect\n|move|p2a: Giratina|Poltergeist||[still]\n|-fail|p2a: Giratina\n|move|p1b: Orthworm|Body Press|p2b: Maushold\n|-activate|p2b: Maushold|move: Protect\n|\n|upkeep\n|turn|6\n|\n|t:|1746104388\n|move|p2a: Giratina|Outrage|p1b: Orthworm\n|-resisted|p1b: Orthworm\n|-damage|p1b: Orthworm|64/100\n|move|p2b: Maushold|Population Bomb|p1b: Orthworm\n|-resisted|p1b: Orthworm\n|-damage|p1b: Orthworm|62/100\n|-resisted|p1b: Orthworm\n|-damage|p1b: Orthworm|61/100\n|-resisted|p1b: Orthworm\n|-damage|p1b: Orthworm|59/100\n|-resisted|p1b: Orthworm\n|-damage|p1b: Orthworm|57/100\n|-resisted|p1b: Orthworm\n|-damage|p1b: Orthworm|55/100\n|-resisted|p1b: Orthworm\n|-damage|p1b: Orthworm|53/100\n|-resisted|p1b: Orthworm\n|-damage|p1b: Orthworm|52/100\n|-resisted|p1b: Orthworm\n|-damage|p1b: Orthworm|50/100\n|-resisted|p1b: Orthworm\n|-damage|p1b: Orthworm|48/100\n|-resisted|p1b: Orthworm\n|-crit|p1b: Orthworm\n|-damage|p1b: Orthworm|45/100\n|-hitcount|p1b: Orthworm|10\n|move|p1b: Orthworm|Body Press|p2b: Maushold\n|-supereffective|p2b: Maushold\n|-damage|p2b: Maushold|2/100\n|\n|upkeep\n|turn|7\n|inactive|maisonmargiela124 has 30 seconds left.\n|inactive|YdocFr has 30 seconds left.\n|\n|t:|1746104420\n|move|p2b: Maushold|Protect|p2b: Maushold\n|-singleturn|p2b: Maushold|Protect\n|move|p2a: Giratina|Outrage|p1b: Orthworm|[from] lockedmove\n|-resisted|p1b: Orthworm\n|-damage|p1b: Orthworm|16/100\n|move|p1b: Orthworm|Body Press|p2b: Maushold\n|-activate|p2b: Maushold|move: Protect\n|\n|upkeep\n|turn|8\n|\n|t:|1746104439\n|move|p1b: Orthworm|Protect|p1b: Orthworm\n|-singleturn|p1b: Orthworm|Protect\n|move|p2b: Maushold|Population Bomb|p1b: Orthworm\n|-activate|p1b: Orthworm|move: Protect\n|move|p2a: Giratina|Outrage|p1b: Orthworm|[from] lockedmove\n|-activate|p1b: Orthworm|move: Protect\n|-start|p2a: Giratina|confusion|[fatigue]\n|\n|upkeep\n|turn|9\n|\n|t:|1746104455\n|move|p2b: Maushold|Population Bomb|p1b: Orthworm\n|-resisted|p1b: Orthworm\n|-damage|p1b: Orthworm|15/100\n|-resisted|p1b: Orthworm\n|-damage|p1b: Orthworm|13/100\n|-resisted|p1b: Orthworm\n|-damage|p1b: Orthworm|11/100\n|-resisted|p1b: Orthworm\n|-damage|p1b: Orthworm|10/100\n|-resisted|p1b: Orthworm\n|-damage|p1b: Orthworm|8/100\n|-resisted|p1b: Orthworm\n|-damage|p1b: Orthworm|6/100\n|-resisted|p1b: Orthworm\n|-damage|p1b: Orthworm|4/100\n|-resisted|p1b: Orthworm\n|-damage|p1b: Orthworm|2/100\n|-resisted|p1b: Orthworm\n|-damage|p1b: Orthworm|0 fnt\n|faint|p1b: Orthworm\n|-hitcount|p1: Orthworm|9\n|\n|win|YdocFr\n||maisonmargiela124 is ready for game 3.\n|inactive|YdocFr has 30 seconds to confirm battle start!\n|inactive|YdocFr has 20 seconds to confirm battle start!\n||YdocFr is ready for game 3.\n|uhtml|next|Next: <a href=\"/battle-gen9vgc2025regibo3-2354626344\"><strong>Game 3 of 3</strong></a>\n", "uploadtime": 1746104803, "views": 5, "formatid": "gen9vgc2025regibo3", "rating": null, "private": 0, "password": null}