{"id": "gen9vgc2025regibo3-2353640157", "format": "[Gen 9] VGC 2025 Reg I (Bo3)", "players": ["tatsur0u", "d_malicious"], "log": "|j|\u2606tatsur0u\n|j|\u2606d_malicious\n|html|<table width=\"100%\"><tr><td align=\"left\">tatsur0u</td><td align=\"right\">d_malicious</tr><tr><td align=\"left\"><i class=\"fa fa-circle-o\"></i> <i class=\"fa fa-circle-o\"></i> </td><td align=\"right\"><i class=\"fa fa-circle-o\"></i> <i class=\"fa fa-circle-o\"></i> </tr></table>\n|uhtml|bestof|<h2><strong>Game 1</strong> of <a href=\"/game-bestof3-gen9vgc2025regibo3-2353640156\">a best-of-3</a></h2>\n|t:|1745977802\n|gametype|doubles\n|player|p1|tatsur0u|266|1309\n|player|p2|d_malicious|170|1211\n|teamsize|p1|6\n|teamsize|p2|6\n|gen|9\n|tier|[Gen 9] VGC 2025 Reg I (Bo3)\n|rated|\n|rule|Species Clause: Limit one of each Pok\u00e9mon\n|rule|Item Clause: Limit 1 of each item\n|clearpoke\n|poke|p1|Calyrex-Shadow, L50|\n|poke|p1|Zamazenta-*, L50|\n|poke|p1|Ogerpon-Hearthflame, L50, F|\n|poke|p1|Raging Bolt, L50|\n|poke|p1|Ting-Lu, L50|\n|poke|p1|Dondozo, L50, M|\n|poke|p2|Koraidon, L50|\n|poke|p2|Flutter Mane, L50|\n|poke|p2|Brute Bonnet, L50|\n|poke|p2|Chi-Yu, L50|\n|poke|p2|Ogerpon-Cornerstone, L50, F|\n|poke|p2|Lunala, L50|\n|teampreview|4\n|showteam|p1|Calyrex-Shadow||FocusSash|AsOneSpectrier|AstralBarrage,Psychic,PollenPuff,Protect||||||50|,,,,,Ghost]Zamazenta-Crowned||RustedShield|DauntlessShield|BodyPress,behemothbash,WideGuard,Protect||||||50|,,,,,Dragon]Ogerpon-Hearthflame||HearthflameMask|MoldBreaker|IvyCudgel,WoodHammer,FollowMe,SpikyShield|||F|||50|,,,,,Fire]Raging Bolt||AssaultVest|Protosynthesis|Thunderclap,Thunderbolt,Electroweb,DracoMeteor||||||50|,,,,,Fairy]Ting-Lu||FigyBerry|VesselofRuin|Ruination,ThroatChop,SandTomb,Protect||||||50|,,,,,Water]Dondozo||Leftovers|Unaware|WaveCrash,Yawn,Protect,Fissure|||M|||50|,,,,,Poison\n|showteam|p2|Koraidon||LifeOrb|OrichalcumPulse|CloseCombat,FlareBlitz,FlameCharge,Protect||||||50|,,,,,Fire]Flutter Mane||FocusSash|Protosynthesis|Moonblast,ShadowBall,IcyWind,Protect||||||50|,,,,,Normal]Brute Bonnet||CovertCloak|Protosynthesis|SeedBomb,SuckerPunch,Spore,RagePowder||||||50|,,,,,Water]Chi-Yu||ChoiceScarf|BeadsofRuin|HeatWave,Flamethrower,DarkPulse,Snarl||||||50|,,,,,Ghost]Ogerpon-Cornerstone||CornerstoneMask|Sturdy|SpikyShield,IvyCudgel,Taunt,FollowMe|||F|||50|,,,,,Rock]Lunala||PowerHerb|ShadowShield|MoongeistBeam,MeteorBeam,WideGuard,TrickRoom||||||50|,,,,,Water\n|inactive|Battle timer is ON: inactive players will automatically lose when time's up. (requested by tatsur0u)\n|\n|t:|1745977833\n|start\n|switch|p1a: Raging Bolt|Raging Bolt, L50|100/100\n|switch|p1b: Ting-Lu|Ting-Lu, L50|100/100\n|switch|p2a: Brute Bonnet|Brute Bonnet, L50|100/100\n|switch|p2b: Lunala|Lunala, L50|100/100\n|-ability|p1b: Ting-Lu|Vessel of Ruin\n|turn|1\n|\n|t:|1745977848\n|move|p2b: Lunala|Meteor Beam||[still]\n|-prepare|p2b: Lunala|Meteor Beam\n|-boost|p2b: Lunala|spa|1\n|-enditem|p2b: Lunala|Power Herb\n|-anim|p2b: Lunala|Meteor Beam|p1a: Raging Bolt\n|-damage|p1a: Raging Bolt|74/100\n|move|p1a: Raging Bolt|Electroweb|p2a: Brute Bonnet|[spread] p2a,p2b\n|-resisted|p2a: Brute Bonnet\n|-damage|p2a: Brute Bonnet|94/100\n|-damage|p2b: Lunala|95/100\n|-unboost|p2b: Lunala|spe|1\n|move|p2a: Brute Bonnet|Spore|p1a: Raging Bolt\n|-status|p1a: Raging Bolt|slp|[from] move: Spore\n|move|p1b: Ting-Lu|Throat Chop|p2b: Lunala\n|-supereffective|p2b: Lunala\n|-damage|p2b: Lunala|0 fnt\n|faint|p2b: Lunala\n|\n|upkeep\n|\n|t:|1745977865\n|switch|p2b: Chi-Yu|Chi-Yu, L50|100/100\n|-ability|p2b: Chi-Yu|Beads of Ruin\n|turn|2\n|\n|t:|1745977875\n|move|p2a: Brute Bonnet|Sucker Punch|p1a: Raging Bolt\n|-damage|p1a: Raging Bolt|48/100 slp\n|move|p2b: Chi-Yu|Dark Pulse|p1a: Raging Bolt\n|-damage|p1a: Raging Bolt|22/100 slp\n|cant|p1a: Raging Bolt|slp\n|move|p1b: Ting-Lu|Sand Tomb|p2b: Chi-Yu\n|-supereffective|p2b: Chi-Yu\n|-damage|p2b: Chi-Yu|62/100\n|-activate|p2b: Chi-Yu|move: Sand Tomb|[of] p1b: Ting-Lu\n|\n|-damage|p2b: Chi-Yu|50/100|[from] move: Sand Tomb|[partiallytrapped]\n|upkeep\n|turn|3\n|\n|t:|1745977889\n|move|p2b: Chi-Yu|Dark Pulse|p1a: Raging Bolt\n|-crit|p1a: Raging Bolt\n|-damage|p1a: Raging Bolt|0 fnt\n|faint|p1a: Raging Bolt\n|-end|p1a: Raging Bolt|Protosynthesis|[silent]\n|move|p2a: Brute Bonnet|Spore|p1b: Ting-Lu\n|-status|p1b: Ting-Lu|slp|[from] move: Spore\n|cant|p1b: Ting-Lu|slp\n|\n|-damage|p2b: Chi-Yu|38/100|[from] move: Sand Tomb|[partiallytrapped]\n|upkeep\n|\n|t:|1745977893\n|switch|p1a: Ogerpon|Ogerpon-Hearthflame, L50, F|100/100\n|-ability|p1a: Ogerpon|Mold Breaker\n|turn|4\n|\n|t:|1745977903\n|-terastallize|p1a: Ogerpon|Fire\n|detailschange|p1a: Ogerpon|Ogerpon-Hearthflame-Tera, L50, F, tera:Fire\n|-ability|p1a: Ogerpon|Embody Aspect (Hearthflame)|boost\n|-boost|p1a: Ogerpon|atk|1\n|cant|p1b: Ting-Lu|slp\n|move|p2b: Chi-Yu|Dark Pulse|p1a: Ogerpon\n|-damage|p1a: Ogerpon|56/100\n|move|p1a: Ogerpon|Ivy Cudgel|p2a: Brute Bonnet|[anim] Ivy Cudgel Fire\n|-supereffective|p2a: Brute Bonnet\n|-damage|p2a: Brute Bonnet|0 fnt\n|faint|p2a: Brute Bonnet\n|-end|p2a: Brute Bonnet|Protosynthesis|[silent]\n|\n|-damage|p2b: Chi-Yu|26/100|[from] move: Sand Tomb|[partiallytrapped]\n|upkeep\n|\n|t:|1745977916\n|switch|p2a: Koraidon|Koraidon, L50|100/100\n|-weather|SunnyDay|[from] ability: Orichalcum Pulse|[of] p2a: Koraidon\n|-activate|p2a: Koraidon|Orichalcum Pulse|[source]\n|turn|5\n|\n|t:|1745977925\n|move|p1a: Ogerpon|Spiky Shield|p1a: Ogerpon\n|-singleturn|p1a: Ogerpon|move: Protect\n|move|p2b: Chi-Yu|Dark Pulse|p1a: Ogerpon\n|-activate|p1a: Ogerpon|move: Protect\n|move|p2a: Koraidon|Flame Charge|p1b: Ting-Lu\n|-damage|p1b: Ting-Lu|71/100 slp\n|-boost|p2a: Koraidon|spe|1\n|-damage|p2a: Koraidon|91/100|[from] item: Life Orb\n|cant|p1b: Ting-Lu|slp\n|\n|-weather|SunnyDay|[upkeep]\n|-damage|p2b: Chi-Yu|13/100|[from] move: Sand Tomb|[partiallytrapped]\n|upkeep\n|turn|6\n|\n|t:|1745977945\n|switch|p1a: Calyrex|Calyrex-Shadow, L50|100/100\n|-ability|p1a: Calyrex|As One\n|-ability|p1a: Calyrex|Unnerve\n|move|p2a: Koraidon|Close Combat|p1b: Ting-Lu\n|-supereffective|p1b: Ting-Lu\n|-damage|p1b: Ting-Lu|0 fnt\n|-unboost|p2a: Koraidon|def|1\n|-unboost|p2a: Koraidon|spd|1\n|faint|p1b: Ting-Lu\n|-damage|p2a: Koraidon|81/100|[from] item: Life Orb\n|move|p2b: Chi-Yu|Dark Pulse|p1a: Calyrex\n|-supereffective|p1a: Calyrex\n|-enditem|p1a: Calyrex|Focus Sash\n|-damage|p1a: Calyrex|1/100\n|\n|-weather|SunnyDay|[upkeep]\n|-end|p2b: Chi-Yu|Sand Tomb|[partiallytrapped]\n|upkeep\n|\n|t:|1745977947\n|switch|p1b: Ogerpon|Ogerpon-Hearthflame-Tera, L50, F, tera:Fire|56/100\n|-ability|p1b: Ogerpon|Embody Aspect (Hearthflame)|boost\n|-boost|p1b: Ogerpon|atk|1\n|turn|7\n|inactive|d_malicious has 30 seconds left.\n|\n|t:|1745977973\n|move|p1b: Ogerpon|Follow Me|p1b: Ogerpon\n|-singleturn|p1b: Ogerpon|move: Follow Me\n|move|p2a: Koraidon|Flame Charge|p1b: Ogerpon\n|-resisted|p1b: Ogerpon\n|-damage|p1b: Ogerpon|29/100\n|-boost|p2a: Koraidon|spe|1\n|-damage|p2a: Koraidon|72/100|[from] item: Life Orb\n|move|p2b: Chi-Yu|Dark Pulse|p1b: Ogerpon\n|-damage|p1b: Ogerpon|0 fnt\n|faint|p1b: Ogerpon\n|move|p1a: Calyrex|Astral Barrage|p2a: Koraidon|[spread] p2a,p2b\n|-resisted|p2b: Chi-Yu\n|-crit|p2b: Chi-Yu\n|-damage|p2a: Koraidon|0 fnt\n|-damage|p2b: Chi-Yu|0 fnt\n|faint|p2a: Koraidon\n|faint|p2b: Chi-Yu\n|\n|win|tatsur0u\n||d_malicious is ready for game 2.\n|inactive|tatsur0u has 30 seconds to confirm battle start!\n", "uploadtime": 1745977988, "views": 11, "formatid": "gen9vgc2025regibo3", "rating": null, "private": 0, "password": null}