{"id": "gen9vgc2025regibo3-2353608261", "format": "[Gen 9] VGC 2025 Reg I (Bo3)", "players": ["Logan522", "toonami89"], "log": "|j|\u2606Logan522\n|j|\u2606toonami89\n|html|<table width=\"100%\"><tr><td align=\"left\">Logan522</td><td align=\"right\">toonami89</tr><tr><td align=\"left\"><i class=\"fa fa-circle-o\"></i> <i class=\"fa fa-circle-o\"></i> </td><td align=\"right\"><i class=\"fa fa-circle-o\"></i> <i class=\"fa fa-circle\"></i> </tr></table>\n|uhtml|bestof|<h2><strong>Game 2</strong> of <a href=\"/game-bestof3-gen9vgc2025regibo3-2353604419\">a best-of-3</a></h2>\n|t:|1745973993\n|gametype|doubles\n|player|p1|Logan522|twins|1179\n|player|p2|toonami89|2|1110\n|teamsize|p1|6\n|teamsize|p2|6\n|gen|9\n|tier|[Gen 9] VGC 2025 Reg I (Bo3)\n|rated|\n|rule|Species Clause: Limit one of each Pok\u00e9mon\n|rule|Item Clause: Limit 1 of each item\n|clearpoke\n|poke|p1|Miraidon, L50|\n|poke|p1|Chi-Yu, L50|\n|poke|p1|Ditto, L50|\n|poke|p1|Calyrex-Ice, L50|\n|poke|p1|Stonjourner, L50, F|\n|poke|p1|Iron Hands, L50|\n|poke|p2|Zamazenta-*, L50|\n|poke|p2|Grimmsnarl, L50, M|\n|poke|p2|Kyogre, L50|\n|poke|p2|Amoonguss, L50, F|\n|poke|p2|Indeedee-F, L50, F|\n|poke|p2|Incineroar, L50, M|\n|teampreview|4\n|showteam|p1|Miraidon||ChoiceSpecs|HadronEngine|ElectroDrift,DracoMeteor,VoltSwitch,DazzlingGleam||||||50|,,,,,Fairy]Chi-Yu||ChoiceScarf|BeadsofRuin|HeatWave,Overheat,Snarl,DarkPulse||||||50|,,,,,Ghost]Ditto||ShellBell|Imposter|Transform||||||50|,,,,,Normal]Calyrex-Ice||ClearAmulet|AsOneGlastrier|GlacialLance,Protect,TrickRoom,HighHorsepower||||||50|,,,,,Fire]Stonjourner||FocusSash|PowerSpot|WideGuard,RockSlide,Protect,Endeavor|||F|||50|,,,,,Grass]Iron Hands||AssaultVest|QuarkDrive|DrainPunch,LowKick,WildCharge,FakeOut||||||50|,,,,,Bug\n|showteam|p2|Zamazenta-Crowned||RustedShield|DauntlessShield|BodyPress,IronDefense,behemothbash,Protect||||||50|,,,,,Grass]Grimmsnarl||LightClay|Prankster|Reflect,LightScreen,SpiritBreak,PartingShot|||M|||50|,,,,,Fire]Kyogre||Leftovers|Drizzle|WaterSpout,IceBeam,Thunder,CalmMind||||||50|,,,,,Dragon]Amoonguss||RockyHelmet|Regenerator|Spore,PollenPuff,RagePowder,Protect|||F|||50|,,,,,Water]Indeedee-F||PsychicSeed|PsychicSurge|TrickRoom,FollowMe,BatonPass,HealPulse|||F|||50|,,,,,Dark]Incineroar||AssaultVest|Intimidate|FakeOut,FlareBlitz,Uturn,KnockOff|||M|||50|,,,,,Ghost\n|\n|t:|1745974016\n|start\n|switch|p1a: Miraibonk|Miraidon, L50|100/100\n|switch|p1b: Iron feet|Iron Hands, L50|100/100\n|switch|p2a: Incineroar|Incineroar, L50, M|100/100\n|switch|p2b: Grimmsnarl|Grimmsnarl, L50, M|100/100\n|-fieldstart|move: Electric Terrain|[from] ability: Hadron Engine|[of] p1a: Miraibonk\n|-activate|p1b: Iron feet|ability: Quark Drive\n|-start|p1b: Iron feet|quarkdriveatk\n|-ability|p2a: Incineroar|Intimidate|boost\n|-unboost|p1a: Miraibonk|atk|1\n|-unboost|p1b: Iron feet|atk|1\n|turn|1\n|\n|t:|1745974041\n|move|p2a: Incineroar|Fake Out|p1b: Iron feet\n|-damage|p1b: Iron feet|92/100\n|cant|p1b: Iron feet|flinch\n|move|p2b: Grimmsnarl|Light Screen|p2b: Grimmsnarl\n|-sidestart|p2: toonami89|move: Light Screen\n|move|p1a: Miraibonk|Electro Drift|p2a: Incineroar\n|-damage|p2a: Incineroar|36/100\n|\n|upkeep\n|turn|2\n|\n|t:|1745974083\n|-terastallize|p1a: Miraibonk|Fairy\n|move|p2b: Grimmsnarl|Reflect|p2b: Grimmsnarl\n|-sidestart|p2: toonami89|Reflect\n|move|p1a: Miraibonk|Electro Drift|p2a: Incineroar\n|-crit|p2a: Incineroar\n|-damage|p2a: Incineroar|0 fnt\n|faint|p2a: Incineroar\n|move|p1b: Iron feet|Low Kick|p2b: Grimmsnarl\n|-damage|p2b: Grimmsnarl|65/100\n|\n|upkeep\n|\n|t:|1745974097\n|switch|p2a: Zamazenta|Zamazenta-Crowned, L50|100/100\n|-ability|p2a: Zamazenta|Dauntless Shield|boost\n|-boost|p2a: Zamazenta|def|1\n|turn|3\n|\n|t:|1745974124\n|-end|p1b: Iron feet|Quark Drive|[silent]\n|switch|p1b: Popsicle|Calyrex-Ice, L50|100/100\n|-ability|p1b: Popsicle|As One\n|-ability|p1b: Popsicle|Unnerve\n|-terastallize|p2a: Zamazenta|Grass\n|move|p2b: Grimmsnarl|Parting Shot|p1a: Miraibonk\n|-unboost|p1a: Miraibonk|atk|1\n|-unboost|p1a: Miraibonk|spa|1\n|\n|t:|1745974132\n|switch|p2b: Amoonguss|Amoonguss, L50, F|100/100|[from] Parting Shot\n|move|p1a: Miraibonk|Electro Drift|p2b: Amoonguss\n|-resisted|p2b: Amoonguss\n|-damage|p2b: Amoonguss|67/100\n|-damage|p1a: Miraibonk|84/100|[from] item: Rocky Helmet|[of] p2b: Amoonguss\n|move|p2a: Zamazenta|Iron Defense|p2a: Zamazenta\n|-boost|p2a: Zamazenta|def|2\n|\n|upkeep\n|turn|4\n|inactive|Battle timer is ON: inactive players will automatically lose when time's up. (requested by Logan522)\n|\n|t:|1745974162\n|switch|p1a: Iron feet|Iron Hands, L50|92/100\n|-activate|p1a: Iron feet|ability: Quark Drive\n|-start|p1a: Iron feet|quarkdriveatk\n|move|p2a: Zamazenta|Body Press|p1a: Iron feet\n|-damage|p1a: Iron feet|34/100\n|move|p1b: Popsicle|Glacial Lance|p2b: Amoonguss|[spread] p2a,p2b\n|-supereffective|p2a: Zamazenta\n|-supereffective|p2b: Amoonguss\n|-damage|p2a: Zamazenta|80/100\n|-damage|p2b: Amoonguss|14/100\n|move|p2b: Amoonguss|Pollen Puff|p2a: Zamazenta\n|-heal|p2a: Zamazenta|100/100\n|\n|upkeep\n|turn|5\n|\n|t:|1745974184\n|switch|p2b: Grimmsnarl|Grimmsnarl, L50, M|65/100\n|move|p2a: Zamazenta|Protect|p2a: Zamazenta\n|-singleturn|p2a: Zamazenta|Protect\n|move|p1a: Iron feet|Fake Out|p2a: Zamazenta\n|-activate|p2a: Zamazenta|move: Protect\n|move|p1b: Popsicle|Glacial Lance|p2b: Grimmsnarl|[spread] p2b\n|-activate|p2a: Zamazenta|move: Protect\n|-crit|p2b: Grimmsnarl\n|-damage|p2b: Grimmsnarl|0 fnt\n|faint|p2b: Grimmsnarl\n|-ability|p1b: Popsicle|Chilling Neigh|boost\n|-boost|p1b: Popsicle|atk|1\n|\n|-fieldend|move: Electric Terrain\n|-end|p1a: Iron feet|Quark Drive\n|upkeep\n|\n|t:|1745974199\n|switch|p2b: Amoonguss|Amoonguss, L50, F|47/100\n|turn|6\n|inactive|toonami89 has 30 seconds left.\n|\n|t:|1745974226\n|-end|p1a: Iron feet|Quark Drive|[silent]\n|switch|p1a: Miraibonk|Miraidon, L50, tera:Fairy|84/100\n|-fieldstart|move: Electric Terrain|[from] ability: Hadron Engine|[of] p1a: Miraibonk\n|move|p2b: Amoonguss|Protect|p2b: Amoonguss\n|-singleturn|p2b: Amoonguss|Protect\n|move|p2a: Zamazenta|Body Press|p1b: Popsicle\n|-damage|p1b: Popsicle|44/100\n|move|p1b: Popsicle|Glacial Lance|p2b: Amoonguss|[spread] p2a\n|-activate|p2b: Amoonguss|move: Protect\n|-supereffective|p2a: Zamazenta\n|-damage|p2a: Zamazenta|68/100\n|\n|upkeep\n|turn|7\n|inactive|Logan522 has 30 seconds left.\n|\n|t:|1745974255\n|move|p2b: Amoonguss|Rage Powder|p2b: Amoonguss\n|-singleturn|p2b: Amoonguss|move: Rage Powder\n|move|p1a: Miraibonk|Electro Drift|p2b: Amoonguss\n|-resisted|p2b: Amoonguss\n|-damage|p2b: Amoonguss|0 fnt\n|-damage|p1a: Miraibonk|67/100|[from] item: Rocky Helmet|[of] p2b: Amoonguss\n|faint|p2b: Amoonguss\n|move|p2a: Zamazenta|Body Press|p1b: Popsicle\n|-damage|p1b: Popsicle|0 fnt\n|faint|p1b: Popsicle\n|\n|upkeep\n|\n|t:|1745974264\n|switch|p1b: Flubber|Ditto, L50, shiny|100/100\n|-transform|p1b: Flubber|p2a: Zamazenta|[from] ability: Imposter\n|-ability|p1b: Flubber|Dauntless Shield|boost\n|-boost|p1b: Flubber|def|1\n|-start|p1b: Flubber|typechange|Fighting/Steel|[silent]\n|turn|8\n|\n|t:|1745974276\n|move|p1a: Miraibonk|Electro Drift|p2a: Zamazenta\n|-resisted|p2a: Zamazenta\n|-damage|p2a: Zamazenta|42/100\n|move|p1b: Flubber|Body Press|p2a: Zamazenta\n|-damage|p2a: Zamazenta|24/100\n|move|p2a: Zamazenta|Behemoth Bash|p1a: Miraibonk\n|-supereffective|p1a: Miraibonk\n|-damage|p1a: Miraibonk|0 fnt\n|faint|p1a: Miraibonk\n|\n|-sideend|p2: toonami89|move: Light Screen\n|upkeep\n|\n|t:|1745974286\n|switch|p1a: Iron feet|Iron Hands, L50|34/100\n|-activate|p1a: Iron feet|ability: Quark Drive\n|-start|p1a: Iron feet|quarkdriveatk\n|turn|9\n|\n|t:|1745974293\n|move|p2a: Zamazenta|Protect|p2a: Zamazenta\n|-singleturn|p2a: Zamazenta|Protect\n|move|p1a: Iron feet|Fake Out|p2a: Zamazenta\n|-activate|p2a: Zamazenta|move: Protect\n|move|p1b: Flubber|Body Press|p2a: Zamazenta\n|-activate|p2a: Zamazenta|move: Protect\n|\n|-sideend|p2: toonami89|Reflect\n|upkeep\n|turn|10\n|\n|t:|1745974306\n|move|p1b: Flubber|Body Press|p2a: Zamazenta\n|-damage|p2a: Zamazenta|0 fnt\n|faint|p2a: Zamazenta\n|\n|win|Logan522\n||toonami89 is ready for game 3.\n||Logan522 is ready for game 3.\n|uhtml|next|Next: <a href=\"/battle-gen9vgc2025regibo3-2353610898\"><strong>Game 3 of 3</strong></a>\n|l|\u2606toonami89\n|player|p2|\n|l|\u2606Logan522\n|player|p1|\n", "uploadtime": 1745974701, "views": 7, "formatid": "gen9vgc2025regibo3", "rating": null, "private": 0, "password": null}