{"id": "gen9vgc2025regibo3-2353709048", "format": "[Gen 9] VGC 2025 Reg I (Bo3)", "players": ["johnbanned", "lycheesnail"], "log": "|j|\u2606johnbanned\n|j|\u2606lycheesnail\n|html|<table width=\"100%\"><tr><td align=\"left\">johnbanned</td><td align=\"right\">lycheesnail</tr><tr><td align=\"left\"><i class=\"fa fa-circle-o\"></i> <i class=\"fa fa-circle-o\"></i> </td><td align=\"right\"><i class=\"fa fa-circle-o\"></i> <i class=\"fa fa-circle-o\"></i> </tr></table>\n|uhtml|bestof|<h2><strong>Game 1</strong> of <a href=\"/game-bestof3-gen9vgc2025regibo3-2353709047\">a best-of-3</a></h2>\n|t:|1745986712\n|gametype|doubles\n|player|p1|johnbanned|baker|\n|player|p2|lycheesnail|preschoolerf|\n|teamsize|p1|6\n|teamsize|p2|6\n|gen|9\n|tier|[Gen 9] VGC 2025 Reg I (Bo3)\n|rule|Species Clause: Limit one of each Pok\u00e9mon\n|rule|Item Clause: Limit 1 of each item\n|clearpoke\n|poke|p1|Indeedee-F, L50, F|\n|poke|p1|Calyrex-Ice, L50|\n|poke|p1|Urshifu-*, L50, M|\n|poke|p1|Ogerpon-Cornerstone, L50, F|\n|poke|p1|Kyurem-White, L50|\n|poke|p1|Maushold-Four, L50|\n|poke|p2|Calyrex-Ice, L50|\n|poke|p2|Necrozma-Dawn-Wings, L50|\n|poke|p2|Indeedee-F, L50, F|\n|poke|p2|Smeargle, L50, F|\n|poke|p2|Urshifu-*, L50, F|\n|poke|p2|Torkoal, L50, M|\n|teampreview|4\n|showteam|p1|Indeedee-F||SafetyGoggles|PsychicSurge|Psychic,HelpingHand,FollowMe,TrickRoom|||F|||50|,,,,,Fairy]Calyrex-Ice||ClearAmulet|AsOneGlastrier|GlacialLance,HighHorsepower,TrickRoom,Protect||||||50|,,,,,Water]Urshifu-Rapid-Strike||ChoiceScarf|UnseenFist|CloseCombat,SurgingStrikes,Uturn,Coaching|||M|||50|,,,,,Water]Ogerpon-Cornerstone||CornerstoneMask|Sturdy|IvyCudgel,PowerWhip,FollowMe,SpikyShield|||F|||50|,,,,,Rock]Kyurem-White||AssaultVest|Turboblaze|Blizzard,FusionFlare,EarthPower,DragonPulse||||||50|,,,,,Dragon]Maushold-Four||RockyHelmet|FriendGuard|FollowMe,PopulationBomb,Protect,Taunt||||||50|,,,,,Normal\n|showteam|p2|Calyrex-Ice||ClearAmulet|AsOneGlastrier|GlacialLance,CloseCombat,TrickRoom,Protect||||||50|,,,,,Fire]Necrozma-Dawn-Wings||PowerHerb|PrismArmor|MoongeistBeam,ExpandingForce,MeteorBeam,TrickRoom||||||50|,,,,,Grass]Indeedee-F||RockyHelmet|PsychicSurge|Psychic,FollowMe,HelpingHand,TrickRoom|||F|||50|,,,,,Fairy]Smeargle||FocusSash|Technician|FakeOut,Spore,FollowMe,Decorate|||F|||50|,,,,,Grass]Urshifu||ChoiceBand|UnseenFist|WickedBlow,CloseCombat,SuckerPunch,IronHead|||F|||50|,,,,,Grass]Torkoal||ChoiceSpecs|Drought|Eruption,HeatWave,EarthPower,WeatherBall|||M|||50|,,,,,Fire\n|\n|t:|1745986745\n|start\n|switch|p1a: trick room setter|Indeedee-F, L50, F|100/100\n|switch|p1b: that horse|Calyrex-Ice, L50|100/100\n|switch|p2a: Smeargle|Smeargle, L50, F|100/100\n|switch|p2b: Calyrex|Calyrex-Ice, L50|100/100\n|-ability|p1b: that horse|As One\n|-ability|p1b: that horse|Unnerve\n|-ability|p2b: Calyrex|As One\n|-ability|p2b: Calyrex|Unnerve\n|-fieldstart|move: Psychic Terrain|[from] ability: Psychic Surge|[of] p1a: trick room setter\n|turn|1\n|\n|t:|1745986771\n|move|p1a: trick room setter|Helping Hand|p1b: that horse\n|-singleturn|p1b: that horse|Helping Hand|[of] p1a: trick room setter\n|move|p2a: Smeargle|Fake Out|p1b: that horse\n|-activate|p1b: that horse|move: Psychic Terrain\n|move|p1b: that horse|Glacial Lance|p2b: Calyrex|[spread] p2a,p2b\n|-resisted|p2b: Calyrex\n|-enditem|p2a: Smeargle|Focus Sash\n|-damage|p2a: Smeargle|1/100\n|-damage|p2b: Calyrex|80/100\n|move|p2b: Calyrex|Glacial Lance|p1b: that horse|[spread] p1a,p1b\n|-resisted|p1b: that horse\n|-damage|p1a: trick room setter|22/100\n|-damage|p1b: that horse|86/100\n|\n|upkeep\n|turn|2\n|\n|t:|1745986830\n|switch|p1a: that dragon|Kyurem-White, L50, shiny|100/100\n|-ability|p1a: that dragon|Turboblaze\n|move|p2a: Smeargle|Decorate|p2b: Calyrex\n|-boost|p2b: Calyrex|atk|2\n|-boost|p2b: Calyrex|spa|2\n|move|p1b: that horse|Glacial Lance|p2b: Calyrex|[spread] p2a,p2b\n|-resisted|p2b: Calyrex\n|-damage|p2a: Smeargle|0 fnt\n|-damage|p2b: Calyrex|66/100\n|faint|p2a: Smeargle\n|-ability|p1b: that horse|Chilling Neigh|boost\n|-boost|p1b: that horse|atk|1\n|move|p2b: Calyrex|Glacial Lance|p1b: that horse|[spread] p1a,p1b\n|-resisted|p1b: that horse\n|-damage|p1a: that dragon|3/100\n|-damage|p1b: that horse|58/100\n|\n|upkeep\n|\n|t:|1745986847\n|switch|p2a: Indeedee|Indeedee-F, L50, F|100/100\n|turn|3\n|\n|t:|1745986896\n|move|p2a: Indeedee|Follow Me|p2a: Indeedee\n|-singleturn|p2a: Indeedee|move: Follow Me\n|move|p1a: that dragon|Fusion Flare|p2a: Indeedee\n|-damage|p2a: Indeedee|59/100\n|move|p1b: that horse|Glacial Lance|p2a: Indeedee|[spread] p2a,p2b\n|-resisted|p2b: Calyrex\n|-damage|p2a: Indeedee|0 fnt\n|-damage|p2b: Calyrex|45/100\n|faint|p2a: Indeedee\n|-ability|p1b: that horse|Chilling Neigh|boost\n|-boost|p1b: that horse|atk|1\n|move|p2b: Calyrex|Glacial Lance|p1b: that horse|[spread] p1a,p1b\n|-resisted|p1b: that horse\n|-damage|p1a: that dragon|0 fnt\n|-damage|p1b: that horse|31/100\n|faint|p1a: that dragon\n|-ability|p2b: Calyrex|Chilling Neigh|boost\n|-boost|p2b: Calyrex|atk|1\n|\n|upkeep\n|\n|t:|1745986911\n|switch|p1a: that guy|Ogerpon-Cornerstone, L50, F|100/100\n|switch|p2a: Necrozma|Necrozma-Dawn-Wings, L50|100/100\n|turn|4\n|\n|t:|1745986941\n|-terastallize|p1b: that horse|Water\n|move|p1a: that guy|Spiky Shield|p1a: that guy\n|-singleturn|p1a: that guy|move: Protect\n|move|p2b: Calyrex|Protect|p2b: Calyrex\n|-singleturn|p2b: Calyrex|Protect\n|move|p2a: Necrozma|Expanding Force|p1b: that horse|[spread] p1b\n|-activate|p1a: that guy|move: Protect\n|-damage|p1b: that horse|0 fnt\n|faint|p1b: that horse\n|\n|upkeep\n|\n|t:|1745986951\n|switch|p1b: trick room setter|Indeedee-F, L50, F|22/100\n|turn|5\n|\n|t:|1745986982\n|move|p1b: trick room setter|Helping Hand|p1a: that guy\n|-singleturn|p1a: that guy|Helping Hand|[of] p1b: trick room setter\n|move|p1a: that guy|Ivy Cudgel|p2b: Calyrex|[anim] Ivy Cudgel Rock\n|-supereffective|p2b: Calyrex\n|-damage|p2b: Calyrex|0 fnt\n|faint|p2b: Calyrex\n|move|p2a: Necrozma|Expanding Force|p1b: trick room setter|[spread] p1a,p1b\n|-resisted|p1b: trick room setter\n|-damage|p1a: that guy|15/100\n|-damage|p1b: trick room setter|0 fnt\n|faint|p1b: trick room setter\n|\n|-fieldend|move: Psychic Terrain\n|upkeep\n|turn|6\n|\n|t:|1745987010\n|move|p1a: that guy|Power Whip|p2a: Necrozma\n|-damage|p2a: Necrozma|44/100\n|move|p2a: Necrozma|Moongeist Beam|p1a: that guy\n|-damage|p1a: that guy|0 fnt\n|faint|p1a: that guy\n|\n|win|lycheesnail\n||johnbanned is ready for game 2.\n|inactive|lycheesnail has 30 seconds to confirm battle start!\n||lycheesnail is ready for game 2.\n|uhtml|next|Next: <a href=\"/battle-gen9vgc2025regibo3-2353711141\"><strong>Game 2 of 3</strong></a>\n", "uploadtime": 1745987279, "views": 7, "formatid": "gen9vgc2025regibo3", "rating": null, "private": 0, "password": null}