{"id": "gen9vgc2025regibo3-2354906107", "format": "[Gen 9] VGC 2025 Reg I (Bo3)", "players": ["vgcbeta", "Reki el magias"], "log": "|j|\u2606vgcbeta\n|j|\u2606Reki el magias\n|html|<table width=\"100%\"><tr><td align=\"left\">vgcbeta</td><td align=\"right\">Reki el magias</tr><tr><td align=\"left\"><i class=\"fa fa-circle-o\"></i> <i class=\"fa fa-circle-o\"></i> </td><td align=\"right\"><i class=\"fa fa-circle-o\"></i> <i class=\"fa fa-circle-o\"></i> </tr></table>\n|uhtml|bestof|<h2><strong>Game 1</strong> of <a href=\"/game-bestof3-gen9vgc2025regibo3-2354906106\">a best-of-3</a></h2>\n|t:|1746130446\n|gametype|doubles\n|player|p1|vgcbeta|hiker-gen4|\n|player|p2|Reki el magias|266|\n|teamsize|p1|6\n|teamsize|p2|6\n|gen|9\n|tier|[Gen 9] VGC 2025 Reg I (Bo3)\n|rule|Species Clause: Limit one of each Pok\u00e9mon\n|rule|Item Clause: Limit 1 of each item\n|clearpoke\n|poke|p1|Lunala, L50|\n|poke|p1|Koraidon, L50|\n|poke|p1|Flutter Mane, L50|\n|poke|p1|Indeedee-F, L50, F|\n|poke|p1|Ogerpon-Cornerstone, L50, F|\n|poke|p1|Chi-Yu, L50|\n|poke|p2|Reshiram, L50|\n|poke|p2|Zekrom, L50|\n|poke|p2|Tornadus, L50, M|\n|poke|p2|Kingambit, L50, M|\n|poke|p2|Azumarill, L50, F|\n|poke|p2|Ogerpon-Hearthflame, L50, F|\n|teampreview|4\n|showteam|p1|Lunala||PowerHerb|ShadowShield|Protect,ExpandingForce,MoongeistBeam,MeteorBeam||||||50|,,,,,Water]Koraidon||LifeOrb|OrichalcumPulse|Protect,FlareBlitz,FlameCharge,CloseCombat||||||50|,,,,,Fire]Flutter Mane||FocusSash|Protosynthesis|Protect,Moonblast,ShadowBall,IcyWind||||||50|,,,,,Normal]Indeedee-F||RockyHelmet|PsychicSurge|FollowMe,HelpingHand,ShadowBall,TrickRoom|||F|||50|,,,,,Water]Ogerpon-Cornerstone||CornerstoneMask|Sturdy|Protect,IvyCudgel,PowerWhip,FollowMe|||F|||50|,,,,,Rock]Chi-Yu||ChoiceScarf|BeadsofRuin|HeatWave,Snarl,DarkPulse,Overheat||||||50|,,,,,Fire\n|showteam|p2|Reshiram||AssaultVest|Turboblaze|FusionFlare,DracoMeteor,EarthPower,HeatWave||||||50|,,,,,Ground]Zekrom||LifeOrb|Teravolt|FusionBolt,DragonClaw,ElectricTerrain,Protect||||||50|,,,,,Fairy]Tornadus||CovertCloak|Prankster|Tailwind,BleakwindStorm,Protect,Taunt|||M|||50|,,,,,Flying]Kingambit||BlackGlasses|Defiant|SuckerPunch,KowtowCleave,IronHead,Protect|||M|||50|,,,,,Dark]Azumarill||SitrusBerry|ThickFat|AquaJet,BellyDrum,PlayRough,Protect|||F|||50|,,,,,Water]Ogerpon-Hearthflame||HearthflameMask|MoldBreaker|IvyCudgel,WoodHammer,FollowMe,SpikyShield|||F|||50|,,,,,Fire\n|\n|t:|1746130494\n|start\n|switch|p1a: Koraidon|Koraidon, L50|100/100\n|switch|p1b: Chi-Yu|Chi-Yu, L50|100/100\n|switch|p2a: Zekrom|Zekrom, L50|100/100\n|switch|p2b: Reshiram|Reshiram, L50|100/100\n|-ability|p1b: Chi-Yu|Beads of Ruin\n|-weather|SunnyDay|[from] ability: Orichalcum Pulse|[of] p1a: Koraidon\n|-activate|p1a: Koraidon|Orichalcum Pulse|[source]\n|-ability|p2b: Reshiram|Turboblaze\n|-ability|p2a: Zekrom|Teravolt\n|turn|1\n|inactive|Battle timer is ON: inactive players will automatically lose when time's up. (requested by Reki el magias)\n|inactive|vgcbeta has 60 seconds left.\n|inactive|Reki el magias has 60 seconds left.\n|\n|t:|1746130536\n|move|p1a: Koraidon|Protect|p1a: Koraidon\n|-singleturn|p1a: Koraidon|Protect\n|move|p1b: Chi-Yu|Snarl|p2a: Zekrom|[spread] p2a,p2b\n|-damage|p2a: Zekrom|77/100\n|-damage|p2b: Reshiram|86/100\n|-unboost|p2a: Zekrom|spa|1\n|-unboost|p2b: Reshiram|spa|1\n|move|p2b: Reshiram|Fusion Flare|p1a: Koraidon\n|-activate|p1a: Koraidon|move: Protect\n|move|p2a: Zekrom|Fusion Bolt|p1b: Chi-Yu\n|-damage|p1b: Chi-Yu|0 fnt\n|faint|p1b: Chi-Yu\n|-damage|p2a: Zekrom|68/100|[from] item: Life Orb\n|\n|-weather|SunnyDay|[upkeep]\n|upkeep\n|\n|t:|1746130555\n|switch|p1b: Lunala|Lunala, L50|100/100\n|turn|2\n|inactive|vgcbeta has 30 seconds left.\n|\n|t:|1746130586\n|-terastallize|p1a: Koraidon|Fire\n|move|p2a: Zekrom|Protect|p2a: Zekrom\n|-singleturn|p2a: Zekrom|Protect\n|move|p1a: Koraidon|Close Combat|p2a: Zekrom\n|-activate|p2a: Zekrom|move: Protect\n|move|p1b: Lunala|Meteor Beam||[still]\n|-prepare|p1b: Lunala|Meteor Beam\n|-boost|p1b: Lunala|spa|1\n|-enditem|p1b: Lunala|Power Herb\n|-anim|p1b: Lunala|Meteor Beam|p2b: Reshiram\n|-supereffective|p2b: Reshiram\n|-damage|p2b: Reshiram|17/100\n|move|p2b: Reshiram|Draco Meteor|p1a: Koraidon\n|-damage|p1a: Koraidon|45/100\n|-unboost|p2b: Reshiram|spa|2\n|\n|-weather|SunnyDay|[upkeep]\n|upkeep\n|turn|3\n|inactive|vgcbeta has 30 seconds left.\n|inactive|Reki el magias has 30 seconds left.\n|\n|t:|1746130614\n|switch|p1a: Indeedee|Indeedee-F, L50, F|100/100\n|-fieldstart|move: Psychic Terrain|[from] ability: Psychic Surge|[of] p1a: Indeedee\n|-terastallize|p2a: Zekrom|Fairy\n|move|p1b: Lunala|Expanding Force|p2b: Reshiram|[spread] p2a,p2b\n|-damage|p2a: Zekrom|0 fnt\n|-damage|p2b: Reshiram|0 fnt\n|faint|p2a: Zekrom\n|faint|p2b: Reshiram\n|\n|-weather|SunnyDay|[upkeep]\n|upkeep\n|\n|t:|1746130622\n|switch|p2b: Kingambit|Kingambit, L50, M, shiny|100/100\n|switch|p2a: Ogerpon|Ogerpon-Hearthflame, L50, F|100/100\n|-ability|p2a: Ogerpon|Mold Breaker\n|turn|4\n|\n|t:|1746130639\n|move|p1a: Indeedee|Follow Me|p1a: Indeedee\n|-singleturn|p1a: Indeedee|move: Follow Me\n|move|p1b: Lunala|Expanding Force|p2a: Ogerpon|[spread] p2a\n|-immune|p2b: Kingambit\n|-damage|p2a: Ogerpon|8/100\n|move|p2a: Ogerpon|Ivy Cudgel|p1a: Indeedee|[anim] Ivy Cudgel Fire\n|-damage|p1a: Indeedee|19/100\n|move|p2b: Kingambit|Kowtow Cleave|p1a: Indeedee\n|-supereffective|p1a: Indeedee\n|-damage|p1a: Indeedee|0 fnt\n|-damage|p2b: Kingambit|84/100|[from] item: Rocky Helmet|[of] p1a: Indeedee\n|faint|p1a: Indeedee\n|\n|-weather|SunnyDay|[upkeep]\n|upkeep\n|\n|t:|1746130649\n|switch|p1a: Koraidon|Koraidon, L50, tera:Fire|45/100\n|-activate|p1a: Koraidon|ability: Orichalcum Pulse\n|turn|5\n|\n|t:|1746130662\n|move|p1a: Koraidon|Protect|p1a: Koraidon\n|-singleturn|p1a: Koraidon|Protect\n|move|p2a: Ogerpon|Spiky Shield|p2a: Ogerpon\n|-singleturn|p2a: Ogerpon|move: Protect\n|move|p1b: Lunala|Expanding Force|p2b: Kingambit|[spread] \n|-activate|p2a: Ogerpon|move: Protect\n|-immune|p2b: Kingambit\n|move|p2b: Kingambit|Kowtow Cleave|p1b: Lunala\n|-supereffective|p1b: Lunala\n|-damage|p1b: Lunala|0 fnt\n|faint|p1b: Lunala\n|\n|-weather|none\n|upkeep\n|turn|6\n|\n|t:|1746130681\n|move|p2a: Ogerpon|Follow Me|p2a: Ogerpon\n|-singleturn|p2a: Ogerpon|move: Follow Me\n|move|p1a: Koraidon|Flame Charge|p2a: Ogerpon\n|-damage|p2a: Ogerpon|0 fnt\n|-boost|p1a: Koraidon|spe|1\n|faint|p2a: Ogerpon\n|-damage|p1a: Koraidon|36/100|[from] item: Life Orb\n|move|p2b: Kingambit|Kowtow Cleave|p1a: Koraidon\n|-damage|p1a: Koraidon|0 fnt\n|faint|p1a: Koraidon\n|\n|win|Reki el magias\n||vgcbeta is ready for game 2.\n|inactive|Reki el magias has 30 seconds to confirm battle start!\n||Reki el magias is ready for game 2.\n|uhtml|next|Next: <a href=\"/battle-gen9vgc2025regibo3-2354908632\"><strong>Game 2 of 3</strong></a>\n", "uploadtime": 1746130992, "views": 5, "formatid": "gen9vgc2025regibo3", "rating": null, "private": 0, "password": null}