{"id": "gen9vgc2025regibo3-2355025693", "format": "[Gen 9] VGC 2025 Reg I (Bo3)", "players": ["akasia", "Mr.CooperCR"], "log": "|j|\u2606akasia\n|j|\u2606Mr.CooperCR\n|html|<table width=\"100%\"><tr><td align=\"left\">akasia</td><td align=\"right\">Mr.CooperCR</tr><tr><td align=\"left\"><i class=\"fa fa-circle-o\"></i> <i class=\"fa fa-circle-o\"></i> </td><td align=\"right\"><i class=\"fa fa-circle-o\"></i> <i class=\"fa fa-circle-o\"></i> </tr></table>\n|uhtml|bestof|<h2><strong>Game 1</strong> of <a href=\"/game-bestof3-gen9vgc2025regibo3-2355025692\">a best-of-3</a></h2>\n|t:|1746143476\n|gametype|doubles\n|player|p1|akasia|101|\n|player|p2|Mr.CooperCR|fantina|\n|teamsize|p1|6\n|teamsize|p2|6\n|gen|9\n|tier|[Gen 9] VGC 2025 Reg I (Bo3)\n|rule|Species Clause: Limit one of each Pok\u00e9mon\n|rule|Item Clause: Limit 1 of each item\n|clearpoke\n|poke|p1|Calyrex-Ice, L50|\n|poke|p1|Chi-Yu, L50|\n|poke|p1|Miraidon, L50|\n|poke|p1|Iron Hands, L50|\n|poke|p1|Urshifu-*, L50, M|\n|poke|p1|Farigiraf, L50, M|\n|poke|p2|Calyrex-Shadow, L50|\n|poke|p2|Terapagos, L50, M|\n|poke|p2|Incineroar, L50, F|\n|poke|p2|Rillaboom, L50, M|\n|poke|p2|Amoonguss, L50, F|\n|poke|p2|Urshifu-*, L50, M|\n|teampreview|4\n|showteam|p1|Calyrex-Ice||ClearAmulet|AsOneGlastrier|GlacialLance,HighHorsepower,TrickRoom,Protect||||||50|,,,,,Fairy]Chi-Yu||ChoiceScarf|BeadsofRuin|HeatWave,DarkPulse,Overheat,Snarl||||||50|,,,,,Ghost]Miraidon||ChoiceSpecs|HadronEngine|ElectroDrift,DracoMeteor,VoltSwitch,DazzlingGleam||||||50|,,,,,Fairy]Iron Hands||AssaultVest|QuarkDrive|DrainPunch,LowKick,WildCharge,FakeOut||||||50|,,,,,Water]Urshifu||FocusSash|UnseenFist|WickedBlow,CloseCombat,SuckerPunch,Detect|||M|||50|,,,,,Stellar]Farigiraf||ElectricSeed|ArmorTail|FoulPlay,PsychicNoise,TrickRoom,HelpingHand|||M|||50|,,,,,Water\n|showteam|p2|Calyrex-Shadow||FocusSash|AsOneSpectrier|AstralBarrage,WillOWisp,Disable,Protect||||||50|,,,,,Ghost]Terapagos||Leftovers|TeraShift|TeraStarstorm,EarthPower,CalmMind,Protect|||M|||50|,,,,,Stellar]Incineroar||SafetyGoggles|Intimidate|WillOWisp,KnockOff,FakeOut,PartingShot|||F|||50|,,,,,Bug]Rillaboom||AssaultVest|GrassySurge|FakeOut,WoodHammer,Uturn,GrassyGlide|||M|||50|,,,,,Grass]Amoonguss||RockyHelmet|Regenerator|Protect,Spore,RagePowder,SludgeBomb|||F|||50|,,,,,Water]Urshifu-Rapid-Strike||ChoiceScarf|UnseenFist|RockTomb,SurgingStrikes,Uturn,CloseCombat|||M|||50|,,,,,Water\n|c|\u2606akasia|Suerte bro acabo de hacer el team a ver que tal va xD\n|c|\u2606Mr.CooperCR|igual crack\n|c|\u2606Mr.CooperCR|yo tampoco he usado este team vamos a probarlo jajaa\n|c|\u2606akasia|Va que va jajaja\n|\n|t:|1746143592\n|start\n|switch|p1a: Calyrex|Calyrex-Ice, L50|100/100\n|switch|p1b: Chi-Yu|Chi-Yu, L50|100/100\n|switch|p2a: Incineroar|Incineroar, L50, F|100/100\n|switch|p2b: Amoonguss|Amoonguss, L50, F|100/100\n|-ability|p1a: Calyrex|As One\n|-ability|p1a: Calyrex|Unnerve\n|-ability|p1b: Chi-Yu|Beads of Ruin\n|-ability|p2a: Incineroar|Intimidate|boost\n|-fail|p1a: Calyrex|unboost|[from] item: Clear Amulet|[of] p1a: Calyrex\n|-unboost|p1b: Chi-Yu|atk|1\n|turn|1\n|\n|t:|1746143659\n|switch|p1b: Miraidon|Miraidon, L50|100/100\n|-fieldstart|move: Electric Terrain|[from] ability: Hadron Engine|[of] p1b: Miraidon\n|-terastallize|p2b: Amoonguss|Water\n|move|p1a: Calyrex|Protect|p1a: Calyrex\n|-singleturn|p1a: Calyrex|Protect\n|move|p2a: Incineroar|Knock Off|p1b: Miraidon\n|-damage|p1b: Miraidon|63/100\n|-enditem|p1b: Miraidon|Choice Specs|[from] move: Knock Off|[of] p2a: Incineroar\n|move|p2b: Amoonguss|Spore|p1a: Calyrex\n|-activate|p1a: Calyrex|move: Protect\n|\n|upkeep\n|turn|2\n|inactive|Battle timer is ON: inactive players will automatically lose when time's up. (requested by Mr.CooperCR)\n|\n|t:|1746143733\n|switch|p2b: Rillaboom|Rillaboom, L50, M|100/100\n|-fieldstart|move: Grassy Terrain|[from] ability: Grassy Surge|[of] p2b: Rillaboom\n|move|p1b: Miraidon|Draco Meteor|p2a: Incineroar|[miss]\n|-miss|p1b: Miraidon|p2a: Incineroar\n|move|p2a: Incineroar|Will-O-Wisp|p1a: Calyrex\n|-status|p1a: Calyrex|brn\n|move|p1a: Calyrex|Trick Room|p1a: Calyrex\n|-fieldstart|move: Trick Room|[of] p1a: Calyrex\n|\n|-heal|p1b: Miraidon|70/100|[from] Grassy Terrain\n|-damage|p1a: Calyrex|95/100 brn|[from] brn\n|upkeep\n|turn|3\n|inactive|Mr.CooperCR has 30 seconds left.\n|\n|t:|1746143763\n|switch|p1b: Farigiraf|Farigiraf, L50, M|100/100\n|-terastallize|p1a: Calyrex|Fairy\n|move|p1a: Calyrex|Glacial Lance|p2b: Rillaboom|[spread] p2a,p2b\n|-resisted|p2a: Incineroar\n|-supereffective|p2b: Rillaboom\n|-damage|p2a: Incineroar|88/100\n|-damage|p2b: Rillaboom|58/100\n|move|p2a: Incineroar|Knock Off|p1a: Calyrex\n|-resisted|p1a: Calyrex\n|-damage|p1a: Calyrex|84/100 brn\n|-enditem|p1a: Calyrex|Clear Amulet|[from] move: Knock Off|[of] p2a: Incineroar\n|move|p2b: Rillaboom|U-turn|p1b: Farigiraf\n|-supereffective|p1b: Farigiraf\n|-damage|p1b: Farigiraf|72/100\n|\n|t:|1746143778\n|switch|p2b: Amoonguss|Amoonguss, L50, F, tera:Water|100/100|[from] U-turn\n|\n|-heal|p1a: Calyrex|90/100 brn|[from] Grassy Terrain\n|-heal|p2a: Incineroar|94/100|[from] Grassy Terrain\n|-heal|p1b: Farigiraf|77/100|[from] Grassy Terrain\n|-damage|p1a: Calyrex|84/100 brn|[from] brn\n|upkeep\n|turn|4\n|\n|t:|1746143793\n|switch|p1b: Miraidon|Miraidon, L50|70/100\n|-fieldstart|move: Electric Terrain|[from] ability: Hadron Engine|[of] p1b: Miraidon\n|move|p1a: Calyrex|High Horsepower|p2a: Incineroar\n|-supereffective|p2a: Incineroar\n|-damage|p2a: Incineroar|61/100\n|move|p2b: Amoonguss|Sludge Bomb|p1a: Calyrex\n|-supereffective|p1a: Calyrex\n|-damage|p1a: Calyrex|54/100 brn\n|move|p2a: Incineroar|Parting Shot|p1a: Calyrex\n|-unboost|p1a: Calyrex|atk|1\n|-unboost|p1a: Calyrex|spa|1\n|\n|t:|1746143805\n|switch|p2a: Rillaboom|Rillaboom, L50, M|58/100|[from] Parting Shot\n|-fieldstart|move: Grassy Terrain|[from] ability: Grassy Surge|[of] p2a: Rillaboom\n|\n|-heal|p1a: Calyrex|60/100 brn|[from] Grassy Terrain\n|-heal|p2a: Rillaboom|64/100|[from] Grassy Terrain\n|-heal|p1b: Miraidon|76/100|[from] Grassy Terrain\n|-damage|p1a: Calyrex|54/100 brn|[from] brn\n|upkeep\n|turn|5\n|\n|t:|1746143816\n|switch|p1a: Farigiraf|Farigiraf, L50, M|77/100\n|move|p2b: Amoonguss|Spore|p1b: Miraidon\n|-status|p1b: Miraidon|slp|[from] move: Spore\n|move|p2a: Rillaboom|Wood Hammer|p1a: Farigiraf\n|-damage|p1a: Farigiraf|28/100\n|-damage|p2a: Rillaboom|46/100|[from] Recoil\n|cant|p1b: Miraidon|slp\n|\n|-heal|p1a: Farigiraf|34/100|[from] Grassy Terrain\n|-heal|p2a: Rillaboom|52/100|[from] Grassy Terrain\n|-heal|p1b: Miraidon|82/100 slp|[from] Grassy Terrain\n|upkeep\n|turn|6\n|inactive|Mr.CooperCR has 30 seconds left.\n|\n|t:|1746143849\n|move|p2b: Amoonguss|Sludge Bomb|p1a: Farigiraf\n|-damage|p1a: Farigiraf|12/100\n|move|p1a: Farigiraf|Psychic Noise|p2a: Rillaboom\n|-damage|p2a: Rillaboom|34/100\n|-start|p2a: Rillaboom|move: Heal Block\n|move|p2a: Rillaboom|U-turn|p1b: Miraidon\n|-damage|p1b: Miraidon|62/100 slp\n|\n|t:|1746143859\n|switch|p2a: Calyrex|Calyrex-Shadow, L50|100/100|[from] U-turn\n|-ability|p2a: Calyrex|As One\n|-ability|p2a: Calyrex|Unnerve\n|cant|p1b: Miraidon|slp\n|\n|-heal|p1a: Farigiraf|18/100|[from] Grassy Terrain\n|-heal|p1b: Miraidon|68/100 slp|[from] Grassy Terrain\n|-fieldend|move: Trick Room\n|upkeep\n|turn|7\n|\n|t:|1746143872\n|move|p2b: Amoonguss|Rage Powder|p2b: Amoonguss\n|-singleturn|p2b: Amoonguss|move: Rage Powder\n|move|p2a: Calyrex|Astral Barrage|p1a: Farigiraf|[spread] p1b\n|-immune|p1a: Farigiraf\n|-damage|p1b: Miraidon|25/100 slp\n|-curestatus|p1b: Miraidon|slp|[msg]\n|move|p1b: Miraidon|Electro Drift|p2b: Amoonguss\n|-supereffective|p2b: Amoonguss\n|-crit|p2b: Amoonguss\n|-damage|p2b: Amoonguss|0 fnt\n|-damage|p1b: Miraidon|9/100|[from] item: Rocky Helmet|[of] p2b: Amoonguss\n|faint|p2b: Amoonguss\n|move|p1a: Farigiraf|Foul Play|p2a: Calyrex\n|-supereffective|p2a: Calyrex\n|-damage|p2a: Calyrex|31/100\n|\n|-heal|p2a: Calyrex|37/100|[from] Grassy Terrain\n|-heal|p1b: Miraidon|15/100|[from] Grassy Terrain\n|-heal|p1a: Farigiraf|24/100|[from] Grassy Terrain\n|upkeep\n|\n|t:|1746143879\n|switch|p2b: Incineroar|Incineroar, L50, F|61/100\n|-ability|p2b: Incineroar|Intimidate|boost\n|-unboost|p1a: Farigiraf|atk|1\n|-unboost|p1b: Miraidon|atk|1\n|turn|8\n|inactive|akasia has 30 seconds left.\n|\n|t:|1746143907\n|move|p2a: Calyrex|Astral Barrage|p1b: Miraidon|[spread] p1b\n|-immune|p1a: Farigiraf\n|-damage|p1b: Miraidon|0 fnt\n|faint|p1b: Miraidon\n|-ability|p2a: Calyrex|Grim Neigh|boost\n|-boost|p2a: Calyrex|spa|1\n|move|p1a: Farigiraf|Psychic Noise|p2a: Calyrex\n|-resisted|p2a: Calyrex\n|-damage|p2a: Calyrex|24/100\n|-start|p2a: Calyrex|move: Heal Block\n|move|p2b: Incineroar|Knock Off|p1a: Farigiraf\n|-supereffective|p1a: Farigiraf\n|-damage|p1a: Farigiraf|0 fnt\n|-enditem|p1a: Farigiraf|Electric Seed|[from] move: Knock Off|[of] p2b: Incineroar\n|faint|p1a: Farigiraf\n|\n|-heal|p2b: Incineroar|67/100|[from] Grassy Terrain\n|-fieldend|move: Grassy Terrain\n|upkeep\n|\n|t:|1746143911\n|switch|p1b: Chi-Yu|Chi-Yu, L50|100/100\n|switch|p1a: Calyrex|Calyrex-Ice, L50, tera:Fairy|54/100 brn\n|-ability|p1a: Calyrex|As One\n|-ability|p1a: Calyrex|Unnerve\n|-ability|p1b: Chi-Yu|Beads of Ruin\n|turn|9\n|\n|t:|1746143928\n|move|p2a: Calyrex|Protect|p2a: Calyrex\n|-singleturn|p2a: Calyrex|Protect\n|move|p1b: Chi-Yu|Heat Wave|p2a: Calyrex|[spread] p2b\n|-activate|p2a: Calyrex|move: Protect\n|-resisted|p2b: Incineroar\n|-crit|p2b: Incineroar\n|-damage|p2b: Incineroar|31/100\n|move|p2b: Incineroar|Knock Off|p1b: Chi-Yu\n|-resisted|p1b: Chi-Yu\n|-damage|p1b: Chi-Yu|68/100\n|-enditem|p1b: Chi-Yu|Choice Scarf|[from] move: Knock Off|[of] p2b: Incineroar\n|move|p1a: Calyrex|High Horsepower|p2b: Incineroar\n|-supereffective|p2b: Incineroar\n|-damage|p2b: Incineroar|0 fnt\n|faint|p2b: Incineroar\n|-ability|p1a: Calyrex|Chilling Neigh|boost\n|-boost|p1a: Calyrex|atk|1\n|\n|-damage|p1a: Calyrex|48/100 brn|[from] brn\n|-end|p2a: Calyrex|move: Heal Block\n|upkeep\n|\n|t:|1746143940\n|switch|p2b: Rillaboom|Rillaboom, L50, M|34/100\n|-fieldstart|move: Grassy Terrain|[from] ability: Grassy Surge|[of] p2b: Rillaboom\n|turn|10\n|\n|t:|1746143956\n|move|p2b: Rillaboom|Fake Out|p1b: Chi-Yu\n|-damage|p1b: Chi-Yu|49/100\n|move|p2a: Calyrex|Astral Barrage|p1a: Calyrex|[spread] p1a,p1b\n|-resisted|p1b: Chi-Yu\n|-damage|p1a: Calyrex|0 fnt\n|-damage|p1b: Chi-Yu|4/100\n|faint|p1a: Calyrex\n|-ability|p2a: Calyrex|Grim Neigh|boost\n|-boost|p2a: Calyrex|spa|1\n|cant|p1b: Chi-Yu|flinch\n|\n|-heal|p2a: Calyrex|30/100|[from] Grassy Terrain\n|-heal|p1b: Chi-Yu|10/100|[from] Grassy Terrain\n|-heal|p2b: Rillaboom|40/100|[from] Grassy Terrain\n|upkeep\n|turn|11\n|\n|t:|1746143976\n|move|p2b: Rillaboom|Grassy Glide|p1b: Chi-Yu\n|-resisted|p1b: Chi-Yu\n|-damage|p1b: Chi-Yu|0 fnt\n|faint|p1b: Chi-Yu\n|\n|win|Mr.CooperCR\n||akasia is ready for game 2.\n||Mr.CooperCR is ready for game 2.\n|uhtml|next|Next: <a href=\"/battle-gen9vgc2025regibo3-2355030074\"><strong>Game 2 of 3</strong></a>\n|l|\u2606akasia\n|player|p1|\n", "uploadtime": 1746144397, "views": 14, "formatid": "gen9vgc2025regibo3", "rating": null, "private": 0, "password": null}