{"id": "gen9vgc2025regibo3-2353788549", "format": "[Gen 9] VGC 2025 Reg I (Bo3)", "players": ["VeganCannibal", "corndog7"], "log": "|j|\u2606VeganCannibal\n|j|\u2606corndog7\n|html|<table width=\"100%\"><tr><td align=\"left\">VeganCannibal</td><td align=\"right\">corndog7</tr><tr><td align=\"left\"><i class=\"fa fa-circle\"></i> <i class=\"fa fa-circle-o\"></i> </td><td align=\"right\"><i class=\"fa fa-circle-o\"></i> <i class=\"fa fa-circle\"></i> </tr></table>\n|uhtml|bestof|<h2><strong>Game 3</strong> of <a href=\"/game-bestof3-gen9vgc2025regibo3-2353785981\">a best-of-3</a></h2>\n|t:|1746000110\n|gametype|doubles\n|player|p1|VeganCannibal|169|1325\n|player|p2|corndog7|linebacker|1252\n|teamsize|p1|6\n|teamsize|p2|6\n|gen|9\n|tier|[Gen 9] VGC 2025 Reg I (Bo3)\n|rated|\n|rule|Species Clause: Limit one of each Pok\u00e9mon\n|rule|Item Clause: Limit 1 of each item\n|clearpoke\n|poke|p1|Calyrex-Shadow, L50|\n|poke|p1|Zamazenta-*, L50|\n|poke|p1|Incineroar, L50, F|\n|poke|p1|Weezing-Galar, L50, F|\n|poke|p1|Dondozo, L50, F|\n|poke|p1|Tatsugiri-Droopy, L50, F|\n|poke|p2|Miraidon, L50|\n|poke|p2|Farigiraf, L50, M|\n|poke|p2|Iron Hands, L50|\n|poke|p2|Iron Bundle, L50|\n|poke|p2|Ho-Oh, L50|\n|poke|p2|Ogerpon-Hearthflame, L50, F|\n|teampreview|4\n|showteam|p1|Calyrex-Shadow||FocusSash|AsOneSpectrier|AstralBarrage,Psychic,Encore,Protect||||||50|,,,,,Ghost]Zamazenta-Crowned||RustedShield|DauntlessShield|BodyPress,behemothbash,WideGuard,Imprison||||||50|,,,,,Dragon]Incineroar||AssaultVest|Intimidate|Uturn,KnockOff,FlareBlitz,FakeOut|||F|||50|,,,,,Bug]Weezing-Galar||CovertCloak|NeutralizingGas|Protect,DazzlingGleam,ToxicSpikes,Taunt|||F|||50|,,,,,Dark]Dondozo||Leftovers|Unaware|Protect,WaveCrash,OrderUp,BodyPress|||F|||50|,,,,,Grass]Tatsugiri-Droopy||SafetyGoggles|Commander|Protect,DragonPulse,Taunt,HelpingHand|||F|||50|,,,,,Poison\n|showteam|p2|Miraidon||ChoiceSpecs|HadronEngine|ElectroDrift,DracoMeteor,DazzlingGleam,VoltSwitch||||||50|,,,,,Fairy]Farigiraf||ThroatSpray|ArmorTail|HyperVoice,PsychicNoise,TrickRoom,Protect|||M|||50|,,,,,Fairy]Iron Hands||AssaultVest|QuarkDrive|FakeOut,DrainPunch,LowKick,HeavySlam||||||50|,,,,,Water]Iron Bundle||FocusSash|QuarkDrive|IcyWind,FreezeDry,Encore,Protect||||||50|,,,,,Ghost]Ho-Oh||ClearAmulet|Regenerator|SacredFire,BraveBird,Tailwind,Protect||||||50|,,,,,Grass]Ogerpon-Hearthflame||HearthflameMask|MoldBreaker|IvyCudgel,HornLeech,FollowMe,SpikyShield|||F|||50|,,,,,Fire\n|inactive|Battle timer is ON: inactive players will automatically lose when time's up. (requested by corndog7)\n|inactive|VeganCannibal also wants the timer to be on.\n|inactive|VeganCannibal has 60 seconds left.\n|\n|t:|1746000163\n|start\n|switch|p1a: Zamazenta|Zamazenta-Crowned, L50|100/100\n|switch|p1b: Weezing|Weezing-Galar, L50, F|100/100\n|switch|p2a: Miraidon|Miraidon, L50|100/100\n|switch|p2b: Farigiraf|Farigiraf, L50, M|100/100\n|-ability|p1b: Weezing|Neutralizing Gas\n|turn|1\n|inactive|VeganCannibal has 30 seconds left.\n|\n|t:|1746000194\n|move|p2a: Miraidon|Volt Switch|p1a: Zamazenta\n|-damage|p1a: Zamazenta|60/100\n|\n|t:|1746000199\n|switch|p2a: Ho-Oh|Ho-Oh, L50|100/100|[from] Volt Switch\n|move|p1a: Zamazenta|Behemoth Bash|p2b: Farigiraf\n|-damage|p2b: Farigiraf|63/100\n|move|p1b: Weezing|Dazzling Gleam|p2a: Ho-Oh|[spread] p2a,p2b\n|-resisted|p2a: Ho-Oh\n|-damage|p2a: Ho-Oh|94/100\n|-damage|p2b: Farigiraf|45/100\n|move|p2b: Farigiraf|Hyper Voice|p1a: Zamazenta|[spread] p1a,p1b\n|-resisted|p1a: Zamazenta\n|-damage|p1a: Zamazenta|49/100\n|-damage|p1b: Weezing|63/100\n|-enditem|p2b: Farigiraf|Throat Spray\n|-boost|p2b: Farigiraf|spa|1|[from] item: Throat Spray\n|\n|upkeep\n|turn|2\n|\n|t:|1746000216\n|-end|p1b: Weezing|ability: Neutralizing Gas\n|-ability|p1a: Zamazenta|Dauntless Shield|boost\n|-boost|p1a: Zamazenta|def|1\n|switch|p1b: Incineroar|Incineroar, L50, F, shiny|100/100\n|-ability|p1b: Incineroar|Intimidate|boost\n|-fail|p2a: Ho-Oh|unboost|[from] item: Clear Amulet|[of] p2a: Ho-Oh\n|-unboost|p2b: Farigiraf|atk|1\n|move|p1a: Zamazenta|Body Press|p2b: Farigiraf\n|-damage|p2b: Farigiraf|0 fnt\n|faint|p2b: Farigiraf\n|move|p2a: Ho-Oh|Brave Bird|p1a: Zamazenta\n|-damage|p1a: Zamazenta|18/100\n|-damage|p2a: Ho-Oh|84/100|[from] Recoil\n|\n|upkeep\n|\n|t:|1746000227\n|switch|p2b: Miraidon|Miraidon, L50|100/100\n|-fieldstart|move: Electric Terrain|[from] ability: Hadron Engine|[of] p2b: Miraidon\n|turn|3\n|\n|t:|1746000239\n|move|p1b: Incineroar|Fake Out|p2b: Miraidon\n|-damage|p2b: Miraidon|90/100\n|cant|p2b: Miraidon|flinch\n|move|p1a: Zamazenta|Body Press|p2b: Miraidon\n|-damage|p2b: Miraidon|34/100\n|move|p2a: Ho-Oh|Tailwind|p2a: Ho-Oh\n|-sidestart|p2: corndog7|move: Tailwind\n|\n|upkeep\n|turn|4\n|\n|t:|1746000251\n|switch|p1a: Weezing|Weezing-Galar, L50, F|63/100\n|-ability|p1a: Weezing|Neutralizing Gas\n|move|p2b: Miraidon|Volt Switch|p1a: Weezing\n|-damage|p1a: Weezing|0 fnt\n|faint|p1a: Weezing\n|-end|p1a: Weezing|ability: Neutralizing Gas\n|-activate|p2b: Miraidon|ability: Hadron Engine\n|-ability|p1b: Incineroar|Intimidate|boost\n|-fail|p2a: Ho-Oh|unboost|[from] item: Clear Amulet|[of] p2a: Ho-Oh\n|-unboost|p2b: Miraidon|atk|1\n|\n|t:|1746000257\n|switch|p2b: Ogerpon|Ogerpon-Hearthflame, L50, F|100/100|[from] Volt Switch\n|-ability|p2b: Ogerpon|Mold Breaker\n|move|p2a: Ho-Oh|Brave Bird|p1b: Incineroar\n|-damage|p1b: Incineroar|47/100\n|-damage|p2a: Ho-Oh|66/100|[from] Recoil\n|move|p1b: Incineroar|Knock Off|p2b: Ogerpon\n|-damage|p2b: Ogerpon|73/100\n|\n|upkeep\n|\n|t:|1746000274\n|switch|p1a: Zamazenta|Zamazenta-Crowned, L50|18/100\n|turn|5\n|inactive|VeganCannibal has 30 seconds left.\n|inactive|VeganCannibal has 20 seconds left.\n|\n|t:|1746000310\n|switch|p1a: Calyrex|Calyrex-Shadow, L50|100/100\n|-ability|p1a: Calyrex|As One\n|-ability|p1a: Calyrex|Unnerve\n|move|p2b: Ogerpon|Ivy Cudgel|p1a: Calyrex|[anim] Ivy Cudgel Fire\n|-damage|p1a: Calyrex|34/100\n|move|p2a: Ho-Oh|Brave Bird|p1a: Calyrex\n|-damage|p1a: Calyrex|0 fnt\n|faint|p1a: Calyrex\n|-damage|p2a: Ho-Oh|56/100|[from] Recoil\n|move|p1b: Incineroar|U-turn|p2a: Ho-Oh\n|-resisted|p2a: Ho-Oh\n|-damage|p2a: Ho-Oh|52/100\n|\n|t:|1746000321\n|switch|p1b: Zamazenta|Zamazenta-Crowned, L50|18/100|[from] U-turn\n|\n|upkeep\n|\n|t:|1746000324\n|switch|p1a: Incineroar|Incineroar, L50, F, shiny|47/100\n|-ability|p1a: Incineroar|Intimidate|boost\n|-fail|p2a: Ho-Oh|unboost|[from] item: Clear Amulet|[of] p2a: Ho-Oh\n|-unboost|p2b: Ogerpon|atk|1\n|turn|6\n|\n|t:|1746000333\n|move|p1a: Incineroar|Fake Out|p2b: Ogerpon\n|-damage|p2b: Ogerpon|61/100\n|cant|p2b: Ogerpon|flinch\n|move|p2a: Ho-Oh|Sacred Fire|p1b: Zamazenta\n|-supereffective|p1b: Zamazenta\n|-damage|p1b: Zamazenta|0 fnt\n|faint|p1b: Zamazenta\n|\n|-sideend|p2: corndog7|move: Tailwind\n|upkeep\n|turn|7\n|\n|t:|1746000343\n|switch|p2b: Miraidon|Miraidon, L50|34/100\n|-activate|p2b: Miraidon|ability: Hadron Engine\n|move|p2a: Ho-Oh|Brave Bird|p1a: Incineroar\n|-damage|p1a: Incineroar|0 fnt\n|faint|p1a: Incineroar\n|-damage|p2a: Ho-Oh|36/100|[from] Recoil\n|\n|win|corndog7\n|raw|VeganCannibal's rating: 1325 &rarr; <strong>1301</strong><br />(-24 for losing)\n|raw|corndog7's rating: 1252 &rarr; <strong>1282</strong><br />(+30 for winning)\n|l|\u2606VeganCannibal\n|player|p1|\n|l|\u2606corndog7\n|player|p2|\n", "uploadtime": 1746000344, "views": 10, "formatid": "gen9vgc2025regibo3", "rating": 1282, "private": 0, "password": null}