{"id": "gen9vgc2025regibo3-2353467437", "format": "[Gen 9] VGC 2025 Reg I (Bo3)", "players": ["Gonsute", "Ljwarrior"], "log": "|j|\u2606Gonsute\n|j|\u2606Ljwarrior\n|html|<table width=\"100%\"><tr><td align=\"left\">Gonsute</td><td align=\"right\">Ljwarrior</tr><tr><td align=\"left\"><i class=\"fa fa-circle-o\"></i> <i class=\"fa fa-circle-o\"></i> </td><td align=\"right\"><i class=\"fa fa-circle-o\"></i> <i class=\"fa fa-circle-o\"></i> </tr></table>\n|uhtml|bestof|<h2><strong>Game 1</strong> of <a href=\"/game-bestof3-gen9vgc2025regibo3-2353467436\">a best-of-3</a></h2>\n|t:|1745958621\n|gametype|doubles\n|player|p1|Gonsute|102|1265\n|player|p2|Ljwarrior|pokemonranger|1249\n|teamsize|p1|6\n|teamsize|p2|6\n|gen|9\n|tier|[Gen 9] VGC 2025 Reg I (Bo3)\n|rated|\n|rule|Species Clause: Limit one of each Pok\u00e9mon\n|rule|Item Clause: Limit 1 of each item\n|clearpoke\n|poke|p1|Miraidon, L50|\n|poke|p1|Lunala, L50|\n|poke|p1|Whimsicott, L50, M|\n|poke|p1|Chi-Yu, L50|\n|poke|p1|Urshifu-*, L50, M|\n|poke|p1|Iron Hands, L50|\n|poke|p2|Miraidon, L50|\n|poke|p2|Ho-Oh, L50|\n|poke|p2|Iron Hands, L50|\n|poke|p2|Farigiraf, L50, F|\n|poke|p2|Iron Valiant, L50|\n|poke|p2|Urshifu-*, L50, M|\n|teampreview|4\n|showteam|p1|Miraidon||ChoiceSpecs|HadronEngine|ElectroDrift,VoltSwitch,DracoMeteor,DazzlingGleam||||||50|,,,,,Fairy]Lunala||ElectricSeed|ShadowShield|MoongeistBeam,Psyshock,TrickRoom,WideGuard||||||50|,,,,,Water]Whimsicott||CovertCloak|Prankster|Moonblast,Tailwind,Encore,LightScreen|||M|||50|,,,,,Dark]Chi-Yu||ChoiceScarf|BeadsofRuin|HeatWave,DarkPulse,Overheat,Snarl||||||50|,,,,,Ghost]Urshifu-Rapid-Strike||FocusSash|UnseenFist|SurgingStrikes,CloseCombat,AquaJet,Detect|||M|||50|,,,,,Water]Iron Hands||AssaultVest|QuarkDrive|DrainPunch,LowKick,HeavySlam,FakeOut||||||50|,,,,,Water\n|showteam|p2|Miraidon||ChoiceSpecs|HadronEngine|ElectroDrift,DracoMeteor,DazzlingGleam,VoltSwitch||||||50|,,,,,Fairy]Ho-Oh||ClearAmulet|Regenerator|SacredFire,BraveBird,Tailwind,Protect||||||50|,,,,,Grass]Iron Hands||AssaultVest|QuarkDrive|WildCharge,DrainPunch,LowKick,FakeOut||||||50|,,,,,Water]Farigiraf||ElectricSeed|ArmorTail|FoulPlay,Psychic,HelpingHand,TrickRoom|||F|||50|,,,,,Fairy]Iron Valiant||FocusSash|QuarkDrive|Moonblast,WideGuard,Coaching,Protect||||||50|,,,,,Ghost]Urshifu-Rapid-Strike||ChoiceScarf|UnseenFist|SurgingStrikes,CloseCombat,AquaJet,Uturn|||M|||50|,,,,,Water\n|inactive|Battle timer is ON: inactive players will automatically lose when time's up. (requested by Gonsute)\n|inactive|Gonsute has 60 seconds left.\n|\n|t:|1745958658\n|start\n|switch|p1a: Iron Hands|Iron Hands, L50|100/100\n|switch|p1b: Chi-Yu|Chi-Yu, L50|100/100\n|switch|p2a: Ho-Oh|Ho-Oh, L50, shiny|100/100\n|switch|p2b: Iron Hands|Iron Hands, L50|100/100\n|-ability|p1b: Chi-Yu|Beads of Ruin\n|turn|1\n|inactive|Gonsute has 30 seconds left.\n|\n|t:|1745958688\n|-terastallize|p1b: Chi-Yu|Ghost\n|move|p2b: Iron Hands|Fake Out|p1a: Iron Hands\n|-damage|p1a: Iron Hands|91/100\n|cant|p1a: Iron Hands|flinch\n|move|p1b: Chi-Yu|Dark Pulse|p2a: Ho-Oh\n|-damage|p2a: Ho-Oh|63/100\n|move|p2a: Ho-Oh|Sacred Fire|p1a: Iron Hands\n|-damage|p1a: Iron Hands|58/100\n|-status|p1a: Iron Hands|brn\n|\n|-damage|p1a: Iron Hands|52/100 brn|[from] brn\n|upkeep\n|turn|2\n|inactive|Ljwarrior has 30 seconds left.\n|inactive|Ljwarrior has 20 seconds left.\n|inactive|Ljwarrior has 15 seconds left.\n|inactive|Ljwarrior has 10 seconds left.\n|\n|t:|1745958734\n|switch|p1b: Miraidon|Miraidon, L50|100/100\n|-fieldstart|move: Electric Terrain|[from] ability: Hadron Engine|[of] p1b: Miraidon\n|-activate|p2b: Iron Hands|ability: Quark Drive\n|-start|p2b: Iron Hands|quarkdriveatk\n|-activate|p1a: Iron Hands|ability: Quark Drive\n|-start|p1a: Iron Hands|quarkdriveatk\n|switch|p2a: Iron Valiant|Iron Valiant, L50, shiny|100/100\n|-activate|p2a: Iron Valiant|ability: Quark Drive\n|-start|p2a: Iron Valiant|quarkdrivespe\n|-end|p1a: Iron Hands|Quark Drive|[silent]\n|switch|p1a: Lunala|Lunala, L50|100/100\n|-enditem|p1a: Lunala|Electric Seed\n|-boost|p1a: Lunala|def|1|[from] item: Electric Seed\n|move|p2b: Iron Hands|Low Kick|p1a: Lunala\n|-immune|p1a: Lunala\n|\n|upkeep\n|turn|3\n|inactive|Gonsute has 30 seconds left.\n|inactive|Gonsute has 20 seconds left.\n|inactive|Gonsute has 15 seconds left.\n|\n|t:|1745958778\n|move|p2a: Iron Valiant|Moonblast|p1b: Miraidon\n|-supereffective|p1b: Miraidon\n|-damage|p1b: Miraidon|31/100\n|move|p1b: Miraidon|Dazzling Gleam|p2a: Iron Valiant|[spread] p2a,p2b\n|-supereffective|p2a: Iron Valiant\n|-supereffective|p2b: Iron Hands\n|-enditem|p2a: Iron Valiant|Focus Sash\n|-damage|p2a: Iron Valiant|1/100\n|-damage|p2b: Iron Hands|58/100\n|move|p1a: Lunala|Psyshock|p2a: Iron Valiant\n|-supereffective|p2a: Iron Valiant\n|-damage|p2a: Iron Valiant|0 fnt\n|faint|p2a: Iron Valiant\n|-end|p2a: Iron Valiant|Quark Drive|[silent]\n|move|p2b: Iron Hands|Low Kick|p1b: Miraidon\n|-damage|p1b: Miraidon|0 fnt\n|faint|p1b: Miraidon\n|\n|upkeep\n|\n|t:|1745958795\n|switch|p1b: Chi-Yu|Chi-Yu, L50, tera:Ghost|100/100\n|switch|p2a: Ho-Oh|Ho-Oh, L50, shiny|96/100\n|-ability|p1b: Chi-Yu|Beads of Ruin\n|turn|4\n|\n|t:|1745958812\n|move|p1b: Chi-Yu|Dark Pulse|p2a: Ho-Oh\n|-crit|p2a: Ho-Oh\n|-damage|p2a: Ho-Oh|40/100\n|move|p1a: Lunala|Psyshock|p2b: Iron Hands\n|-supereffective|p2b: Iron Hands\n|-damage|p2b: Iron Hands|0 fnt\n|faint|p2b: Iron Hands\n|-end|p2b: Iron Hands|Quark Drive|[silent]\n|move|p2a: Ho-Oh|Sacred Fire|p1a: Lunala\n|-damage|p1a: Lunala|85/100\n|-status|p1a: Lunala|brn\n|\n|-damage|p1a: Lunala|79/100 brn|[from] brn\n|upkeep\n|\n|t:|1745958823\n|switch|p2b: Miraidon|Miraidon, L50|100/100\n|-activate|p2b: Miraidon|ability: Hadron Engine\n|turn|5\n|\n|t:|1745958837\n|switch|p1a: Iron Hands|Iron Hands, L50|52/100 brn\n|-activate|p1a: Iron Hands|ability: Quark Drive\n|-start|p1a: Iron Hands|quarkdriveatk\n|-terastallize|p2b: Miraidon|Fairy\n|move|p2a: Ho-Oh|Protect|p2a: Ho-Oh\n|-singleturn|p2a: Ho-Oh|Protect\n|move|p1b: Chi-Yu|Dark Pulse|p2a: Ho-Oh\n|-activate|p2a: Ho-Oh|move: Protect\n|move|p2b: Miraidon|Electro Drift|p1a: Iron Hands\n|-resisted|p1a: Iron Hands\n|-damage|p1a: Iron Hands|0 fnt\n|faint|p1a: Iron Hands\n|-end|p1a: Iron Hands|Quark Drive|[silent]\n|\n|upkeep\n|\n|t:|1745958852\n|switch|p1a: Lunala|Lunala, L50|79/100 brn\n|turn|6\n|\n|t:|1745958860\n|move|p1b: Chi-Yu|Dark Pulse|p2a: Ho-Oh\n|-damage|p2a: Ho-Oh|3/100\n|move|p2b: Miraidon|Electro Drift|p1a: Lunala\n|-damage|p1a: Lunala|0 fnt\n|faint|p1a: Lunala\n|move|p2a: Ho-Oh|Sacred Fire|p1b: Chi-Yu\n|-crit|p1b: Chi-Yu\n|-damage|p1b: Chi-Yu|0 fnt\n|faint|p1b: Chi-Yu\n|\n|win|Ljwarrior\n|l|\u2606Gonsute\n|player|p1|\n||Gonsute is ready for game 2.\n||Ljwarrior is ready for game 2.\n|uhtml|next|Next: <a href=\"/battle-gen9vgc2025regibo3-2353469994\"><strong>Game 2 of 3</strong></a>\n", "uploadtime": 1745959181, "views": 7, "formatid": "gen9vgc2025regibo3", "rating": null, "private": 0, "password": null}