{"id": "gen9vgc2025regibo3-2355070605", "format": "[Gen 9] VGC 2025 Reg I (Bo3)", "players": ["TWO PIECE TOM", "mavvyvgc"], "log": "|j|\u2606TWO PIECE TOM\n|j|\u2606mavvyvgc\n|html|<table width=\"100%\"><tr><td align=\"left\">TWO PIECE TOM</td><td align=\"right\">mavvyvgc</tr><tr><td align=\"left\"><i class=\"fa fa-circle-o\"></i> <i class=\"fa fa-circle-o\"></i> </td><td align=\"right\"><i class=\"fa fa-circle-o\"></i> <i class=\"fa fa-circle\"></i> </tr></table>\n|uhtml|bestof|<h2><strong>Game 2</strong> of <a href=\"/game-bestof3-gen9vgc2025regibo3-2355066984\">a best-of-3</a></h2>\n|t:|1746148808\n|gametype|doubles\n|player|p1|TWO PIECE TOM|swimmer-gen4dp|1000\n|player|p2|mavvyvgc|riley|1048\n|teamsize|p1|6\n|teamsize|p2|6\n|gen|9\n|tier|[Gen 9] VGC 2025 Reg I (Bo3)\n|rated|\n|rule|Species Clause: Limit one of each Pok\u00e9mon\n|rule|Item Clause: Limit 1 of each item\n|clearpoke\n|poke|p1|Kyogre, L50|\n|poke|p1|Tsareena, L50, F|\n|poke|p1|Roaring Moon, L50|\n|poke|p1|Chien-Pao, L50|\n|poke|p1|Urshifu-*, L50, F|\n|poke|p1|Raging Bolt, L50|\n|poke|p2|Koraidon, L50|\n|poke|p2|Calyrex-Shadow, L50|\n|poke|p2|Charizard, L50, M|\n|poke|p2|Klefki, L50, F|\n|poke|p2|Urshifu-*, L50, F|\n|poke|p2|Whimsicott, L50, F|\n|teampreview|4\n|showteam|p1|Kyogre||MysticWater|Drizzle|WaterSpout,OriginPulse,IceBeam,Protect||||||50|,,,,,Grass]Tsareena||LoadedDice|QueenlyMajesty|BulletSeed,TripleAxel,Taunt,Protect|||F|||50|,,,,,Ice]Roaring Moon||BoosterEnergy|Protosynthesis|KnockOff,Acrobatics,Tailwind,Protect||||||50|,,,,,Flying]Chien-Pao||FocusSash|SwordofRuin|IceSpinner,SacredSword,SuckerPunch,Protect||||||50|,,,,,Stellar]Urshifu-Rapid-Strike||ChoiceScarf|UnseenFist|SurgingStrikes,CloseCombat,AquaJet,Uturn|||F|||50|,,,,,Water]Raging Bolt||SafetyGoggles|Protosynthesis|Thunderbolt,Thunderclap,DracoMeteor,Protect||||||50|,,,,,Poison\n|showteam|p2|Koraidon||ClearAmulet|OrichalcumPulse|CollisionCourse,FlareBlitz,SwordsDance,Protect||||||50|,,,,,Fire]Calyrex-Shadow||FocusSash|AsOneSpectrier|DarkPulse,AstralBarrage,NastyPlot,Protect||||||50|,,,,,Ghost]Charizard||ChoiceSpecs|SolarPower|Protect,HeatWave,Overheat,AirSlash|||M|||50|,,,,,Grass]Klefki||SitrusBerry|Prankster|Protect,LightScreen,Reflect,FlashCannon|||F|||50|,,,,,Water]Urshifu-Rapid-Strike||ChoiceBand|UnseenFist|CloseCombat,AquaJet,FirePunch,SurgingStrikes|||F|||50|,,,,,Fire]Whimsicott||CovertCloak|Prankster|Tailwind,HelpingHand,SunnyDay,Protect|||F|||50|,,,,,Normal\n|\n|t:|1746148842\n|start\n|switch|p1a: Roaring Moon|Roaring Moon, L50|100/100\n|switch|p1b: Urshifu|Urshifu-Rapid-Strike, L50, F|100/100\n|switch|p2a: Klefki|Klefki, L50, F|100/100\n|switch|p2b: Urshifu|Urshifu-Rapid-Strike, L50, F|100/100\n|-enditem|p1a: Roaring Moon|Booster Energy\n|-activate|p1a: Roaring Moon|ability: Protosynthesis|[fromitem]\n|-start|p1a: Roaring Moon|protosynthesisspe\n|turn|1\n|\n|t:|1746148877\n|-terastallize|p1b: Urshifu|Water\n|move|p2a: Klefki|Reflect|p2a: Klefki\n|-sidestart|p2: mavvyvgc|Reflect\n|move|p1a: Roaring Moon|Tailwind|p1a: Roaring Moon\n|-sidestart|p1: TWO PIECE TOM|move: Tailwind\n|move|p1b: Urshifu|Surging Strikes|p2a: Klefki\n|-crit|p2a: Klefki\n|-damage|p2a: Klefki|75/100\n|-crit|p2a: Klefki\n|-damage|p2a: Klefki|46/100\n|-enditem|p2a: Klefki|Sitrus Berry|[eat]\n|-heal|p2a: Klefki|71/100|[from] item: Sitrus Berry\n|-crit|p2a: Klefki\n|-damage|p2a: Klefki|44/100\n|-hitcount|p2a: Klefki|3\n|move|p2b: Urshifu|Surging Strikes|p1a: Roaring Moon\n|-resisted|p1a: Roaring Moon\n|-crit|p1a: Roaring Moon\n|-damage|p1a: Roaring Moon|85/100\n|-resisted|p1a: Roaring Moon\n|-crit|p1a: Roaring Moon\n|-damage|p1a: Roaring Moon|69/100\n|-resisted|p1a: Roaring Moon\n|-crit|p1a: Roaring Moon\n|-damage|p1a: Roaring Moon|52/100\n|-hitcount|p1a: Roaring Moon|3\n|\n|upkeep\n|turn|2\n|\n|t:|1746148913\n|move|p2a: Klefki|Light Screen|p2a: Klefki\n|-sidestart|p2: mavvyvgc|move: Light Screen\n|move|p1a: Roaring Moon|Acrobatics|p2b: Urshifu\n|-supereffective|p2b: Urshifu\n|-damage|p2b: Urshifu|47/100\n|move|p1b: Urshifu|Surging Strikes|p2a: Klefki\n|-crit|p2a: Klefki\n|-damage|p2a: Klefki|18/100\n|-crit|p2a: Klefki\n|-damage|p2a: Klefki|0 fnt\n|faint|p2a: Klefki\n|-hitcount|p2: Klefki|2\n|move|p2b: Urshifu|Surging Strikes|p1a: Roaring Moon\n|-resisted|p1a: Roaring Moon\n|-crit|p1a: Roaring Moon\n|-damage|p1a: Roaring Moon|34/100\n|-resisted|p1a: Roaring Moon\n|-crit|p1a: Roaring Moon\n|-damage|p1a: Roaring Moon|19/100\n|-resisted|p1a: Roaring Moon\n|-crit|p1a: Roaring Moon\n|-damage|p1a: Roaring Moon|2/100\n|-hitcount|p1a: Roaring Moon|3\n|\n|upkeep\n|\n|t:|1746148935\n|switch|p2a: Koraidon|Koraidon, L50|100/100\n|-weather|SunnyDay|[from] ability: Orichalcum Pulse|[of] p2a: Koraidon\n|-activate|p2a: Koraidon|Orichalcum Pulse|[source]\n|turn|3\n|\n|t:|1746148954\n|move|p1a: Roaring Moon|Protect|p1a: Roaring Moon\n|-singleturn|p1a: Roaring Moon|Protect\n|move|p1b: Urshifu|Surging Strikes|p2a: Koraidon\n|-resisted|p2a: Koraidon\n|-crit|p2a: Koraidon\n|-damage|p2a: Koraidon|94/100\n|-resisted|p2a: Koraidon\n|-crit|p2a: Koraidon\n|-damage|p2a: Koraidon|88/100\n|-resisted|p2a: Koraidon\n|-crit|p2a: Koraidon\n|-damage|p2a: Koraidon|82/100\n|-hitcount|p2a: Koraidon|3\n|move|p2a: Koraidon|Swords Dance|p2a: Koraidon\n|-boost|p2a: Koraidon|atk|2\n|move|p2b: Urshifu|Surging Strikes|p1b: Urshifu\n|-resisted|p1b: Urshifu\n|-crit|p1b: Urshifu\n|-damage|p1b: Urshifu|94/100\n|-resisted|p1b: Urshifu\n|-crit|p1b: Urshifu\n|-damage|p1b: Urshifu|87/100\n|-resisted|p1b: Urshifu\n|-crit|p1b: Urshifu\n|-damage|p1b: Urshifu|81/100\n|-hitcount|p1b: Urshifu|3\n|\n|-weather|SunnyDay|[upkeep]\n|upkeep\n|turn|4\n|\n|t:|1746148982\n|move|p1a: Roaring Moon|Acrobatics|p2b: Urshifu\n|-supereffective|p2b: Urshifu\n|-damage|p2b: Urshifu|2/100\n|move|p1b: Urshifu|Surging Strikes|p2a: Koraidon\n|-resisted|p2a: Koraidon\n|-crit|p2a: Koraidon\n|-damage|p2a: Koraidon|76/100\n|-resisted|p2a: Koraidon\n|-crit|p2a: Koraidon\n|-damage|p2a: Koraidon|70/100\n|-resisted|p2a: Koraidon\n|-crit|p2a: Koraidon\n|-damage|p2a: Koraidon|64/100\n|-hitcount|p2a: Koraidon|3\n|move|p2a: Koraidon|Collision Course|p1b: Urshifu\n|-damage|p1b: Urshifu|0 fnt\n|faint|p1b: Urshifu\n|move|p2b: Urshifu|Surging Strikes|p1a: Roaring Moon\n|-resisted|p1a: Roaring Moon\n|-crit|p1a: Roaring Moon\n|-damage|p1a: Roaring Moon|0 fnt\n|faint|p1a: Roaring Moon\n|-end|p1a: Roaring Moon|Protosynthesis|[silent]\n|-hitcount|p1: Roaring Moon|1\n|\n|-weather|SunnyDay|[upkeep]\n|-sideend|p1: TWO PIECE TOM|move: Tailwind\n|upkeep\n|\n|t:|1746149001\n|switch|p1a: Raging Bolt|Raging Bolt, L50|100/100\n|switch|p1b: Chien-Pao|Chien-Pao, L50|100/100\n|-ability|p1b: Chien-Pao|Sword of Ruin\n|-activate|p1a: Raging Bolt|ability: Protosynthesis\n|-start|p1a: Raging Bolt|protosynthesisspa\n|turn|5\n|c|\u2606mavvyvgc|no kyogre?\n|\n|t:|1746149028\n|switch|p2b: Calyrex|Calyrex-Shadow, L50|100/100\n|-ability|p2b: Calyrex|As One\n|-ability|p2b: Calyrex|Unnerve\n|move|p1a: Raging Bolt|Thunderclap||[still]\n|-fail|p1a: Raging Bolt\n|move|p2a: Koraidon|Collision Course|p1b: Chien-Pao\n|-supereffective|p1b: Chien-Pao\n|-enditem|p1b: Chien-Pao|Focus Sash\n|-damage|p1b: Chien-Pao|1/100\n|move|p1b: Chien-Pao|Ice Spinner|p2a: Koraidon\n|-supereffective|p2a: Koraidon\n|-damage|p2a: Koraidon|2/100\n|\n|-weather|SunnyDay|[upkeep]\n|-sideend|p2: mavvyvgc|Reflect\n|upkeep\n|turn|6\n|\n|t:|1746149052\n|move|p1b: Chien-Pao|Protect|p1b: Chien-Pao\n|-singleturn|p1b: Chien-Pao|Protect\n|move|p1a: Raging Bolt|Thunderclap|p2a: Koraidon\n|-resisted|p2a: Koraidon\n|-damage|p2a: Koraidon|0 fnt\n|faint|p2a: Koraidon\n|move|p2b: Calyrex|Astral Barrage|p1a: Raging Bolt|[spread] p1a\n|-activate|p1b: Chien-Pao|move: Protect\n|-damage|p1a: Raging Bolt|48/100\n|\n|-weather|SunnyDay|[upkeep]\n|-sideend|p2: mavvyvgc|move: Light Screen\n|upkeep\n|\n|t:|1746149064\n|switch|p2a: Urshifu|Urshifu-Rapid-Strike, L50, F|2/100\n|turn|7\n|\n|t:|1746149085\n|move|p1b: Chien-Pao|Sucker Punch|p2b: Calyrex\n|-supereffective|p2b: Calyrex\n|-enditem|p2b: Calyrex|Focus Sash\n|-damage|p2b: Calyrex|1/100\n|move|p2a: Urshifu|Aqua Jet|p1b: Chien-Pao\n|-damage|p1b: Chien-Pao|0 fnt\n|faint|p1b: Chien-Pao\n|move|p1a: Raging Bolt|Thunderclap||[still]\n|-fail|p1a: Raging Bolt\n|move|p2b: Calyrex|Astral Barrage|p1a: Raging Bolt\n|-damage|p1a: Raging Bolt|0 fnt\n|faint|p1a: Raging Bolt\n|-end|p1a: Raging Bolt|Protosynthesis|[silent]\n|\n|win|mavvyvgc\n|raw|TWO PIECE TOM's rating: 1000 &rarr; <strong>1000</strong><br />(+0 for losing)\n|raw|mavvyvgc's rating: 1048 &rarr; <strong>1076</strong><br />(+28 for winning)\n", "uploadtime": 1746149101, "views": 4, "formatid": "gen9vgc2025regibo3", "rating": 1000, "private": 0, "password": null}