{"id": "gen9vgc2025regibo3-2354944549", "format": "[Gen 9] VGC 2025 Reg I (Bo3)", "players": ["Jasondddd", "WyzerxVS36"], "log": "|j|\u2606Jasondddd\n|j|\u2606WyzerxVS36\n|html|<table width=\"100%\"><tr><td align=\"left\">Jasondddd</td><td align=\"right\">WyzerxVS36</tr><tr><td align=\"left\"><i class=\"fa fa-circle-o\"></i> <i class=\"fa fa-circle-o\"></i> </td><td align=\"right\"><i class=\"fa fa-circle-o\"></i> <i class=\"fa fa-circle-o\"></i> </tr></table>\n|uhtml|bestof|<h2><strong>Game 1</strong> of <a href=\"/game-bestof3-gen9vgc2025regibo3-2354944548\">a best-of-3</a></h2>\n|t:|1746134303\n|gametype|doubles\n|player|p1|Jasondddd|170|1395\n|player|p2|WyzerxVS36|sabrina|1388\n|teamsize|p1|6\n|teamsize|p2|6\n|gen|9\n|tier|[Gen 9] VGC 2025 Reg I (Bo3)\n|rated|\n|rule|Species Clause: Limit one of each Pok\u00e9mon\n|rule|Item Clause: Limit 1 of each item\n|clearpoke\n|poke|p1|Zamazenta-*, L50|\n|poke|p1|Moltres, L50|\n|poke|p1|Calyrex-Shadow, L50|\n|poke|p1|Ogerpon-Cornerstone, L50, F|\n|poke|p1|Grimmsnarl, L50, M|\n|poke|p1|Rillaboom, L50, F|\n|poke|p2|Lunala, L50|\n|poke|p2|Calyrex-Ice, L50|\n|poke|p2|Ogerpon-Wellspring, L50, F|\n|poke|p2|Indeedee-F, L50, F|\n|poke|p2|Incineroar, L50, F|\n|poke|p2|Iron Hands, L50|\n|teampreview|4\n|showteam|p1|Zamazenta-Crowned||RustedShield|DauntlessShield|Protect,WideGuard,BodyPress,behemothbash||||||50|,,,,,Dragon]Moltres||CovertCloak|FlameBody|Protect,HeatWave,AirSlash,Tailwind||||||50|,,,,,Grass]Calyrex-Shadow||Leftovers|AsOneSpectrier|Protect,GigaDrain,AstralBarrage,CalmMind||||||50|,,,,,Grass]Ogerpon-Cornerstone||CornerstoneMask|Sturdy|SpikyShield,IvyCudgel,HornLeech,FollowMe|||F|||50|,,,,,Rock]Grimmsnarl||LightClay|Prankster|ThunderWave,LightScreen,Reflect,SpiritBreak|||M|||50|,,,,,Water]Rillaboom||AssaultVest|GrassySurge|FakeOut,Uturn,GrassyGlide,WoodHammer|||F|||50|,,,,,Fire\n|showteam|p2|Lunala||PowerHerb|ShadowShield|MoongeistBeam,MeteorBeam,ExpandingForce,TrickRoom||||||50|,,,,,Water]Calyrex-Ice||ClearAmulet|AsOneGlastrier|GlacialLance,HighHorsepower,TrickRoom,Protect||||||50|,,,,,Normal]Ogerpon-Wellspring||WellspringMask|WaterAbsorb|IvyCudgel,WoodHammer,Taunt,FollowMe|||F|||50|,,,,,Water]Indeedee-F||RockyHelmet|PsychicSurge|FollowMe,DazzlingGleam,TrickRoom,HelpingHand|||F|||50|,,,,,Fairy]Incineroar||SafetyGoggles|Intimidate|FlareBlitz,PartingShot,KnockOff,FakeOut|||F|||50|,,,,,Ghost]Iron Hands||AssaultVest|QuarkDrive|WildCharge,DrainPunch,LowKick,FakeOut||||||50|,,,,,Water\n|\n|t:|1746134389\n|start\n|switch|p1a: Calyrex|Calyrex-Shadow, L50|100/100\n|switch|p1b: Zamazenta|Zamazenta-Crowned, L50|100/100\n|switch|p2a: Incineroar|Incineroar, L50, F|100/100\n|switch|p2b: Calyrex|Calyrex-Ice, L50|100/100\n|-ability|p1a: Calyrex|As One\n|-ability|p1a: Calyrex|Unnerve\n|-ability|p2b: Calyrex|As One\n|-ability|p2b: Calyrex|Unnerve\n|-ability|p1b: Zamazenta|Dauntless Shield|boost\n|-boost|p1b: Zamazenta|def|1\n|-ability|p2a: Incineroar|Intimidate|boost\n|-unboost|p1a: Calyrex|atk|1\n|-unboost|p1b: Zamazenta|atk|1\n|turn|1\n|\n|t:|1746134435\n|-terastallize|p2b: Calyrex|Normal\n|move|p2a: Incineroar|Fake Out|p1b: Zamazenta\n|-resisted|p1b: Zamazenta\n|-damage|p1b: Zamazenta|98/100\n|move|p1a: Calyrex|Giga Drain|p2b: Calyrex\n|-damage|p2b: Calyrex|84/100\n|cant|p1b: Zamazenta|flinch\n|move|p2b: Calyrex|Trick Room|p2b: Calyrex\n|-fieldstart|move: Trick Room|[of] p2b: Calyrex\n|\n|upkeep\n|turn|2\n|inactive|Battle timer is ON: inactive players will automatically lose when time's up. (requested by Jasondddd)\n|\n|t:|1746134509\n|switch|p2b: Lunala|Lunala, L50, shiny|100/100\n|move|p1a: Calyrex|Protect|p1a: Calyrex\n|-singleturn|p1a: Calyrex|Protect\n|move|p2a: Incineroar|Parting Shot|p1b: Zamazenta\n|-unboost|p1b: Zamazenta|atk|1\n|-unboost|p1b: Zamazenta|spa|1\n|\n|t:|1746134520\n|switch|p2a: Iron Hands|Iron Hands, L50|100/100|[from] Parting Shot\n|move|p1b: Zamazenta|Body Press|p2b: Lunala\n|-immune|p2b: Lunala\n|\n|upkeep\n|turn|3\n|inactive|Jasondddd has 30 seconds left.\n|inactive|WyzerxVS36 has 30 seconds left.\n|inactive|WyzerxVS36 has 20 seconds left.\n|inactive|WyzerxVS36 has 15 seconds left.\n|inactive|Jasondddd has 20 seconds left.\n|inactive|WyzerxVS36 has 10 seconds left.\n|inactive|Jasondddd has 15 seconds left.\n|inactive|Jasondddd has 10 seconds left.\n|inactive|Jasondddd has 5 seconds left.\n|\n|t:|1746134584\n|switch|p1a: Rillaboom|Rillaboom, L50, F|100/100\n|-fieldstart|move: Grassy Terrain|[from] ability: Grassy Surge|[of] p1a: Rillaboom\n|-terastallize|p1b: Zamazenta|Dragon\n|move|p2a: Iron Hands|Drain Punch|p1a: Rillaboom\n|-damage|p1a: Rillaboom|59/100\n|move|p2b: Lunala|Moongeist Beam|p1a: Rillaboom\n|-damage|p1a: Rillaboom|24/100\n|move|p1b: Zamazenta|Behemoth Bash|p2b: Lunala\n|-damage|p2b: Lunala|93/100\n|\n|-heal|p1a: Rillaboom|30/100|[from] Grassy Terrain\n|-heal|p2b: Lunala|99/100|[from] Grassy Terrain\n|-heal|p1b: Zamazenta|100/100|[from] Grassy Terrain\n|upkeep\n|turn|4\n|inactive|WyzerxVS36 has 30 seconds left.\n|inactive|WyzerxVS36 has 20 seconds left.\n|inactive|WyzerxVS36 has 15 seconds left.\n|\n|t:|1746134625\n|move|p2a: Iron Hands|Low Kick|p1b: Zamazenta\n|-damage|p1b: Zamazenta|73/100\n|move|p1a: Rillaboom|Wood Hammer|p2b: Lunala\n|-damage|p2b: Lunala|38/100\n|-damage|p1a: Rillaboom|8/100|[from] Recoil\n|move|p2b: Lunala|Meteor Beam||[still]\n|-prepare|p2b: Lunala|Meteor Beam\n|-boost|p2b: Lunala|spa|1\n|-enditem|p2b: Lunala|Power Herb\n|-anim|p2b: Lunala|Meteor Beam|p1a: Rillaboom\n|-damage|p1a: Rillaboom|0 fnt\n|faint|p1a: Rillaboom\n|move|p1b: Zamazenta|Body Press|p2a: Iron Hands\n|-damage|p2a: Iron Hands|56/100\n|\n|-heal|p2a: Iron Hands|62/100|[from] Grassy Terrain\n|-heal|p2b: Lunala|44/100|[from] Grassy Terrain\n|-heal|p1b: Zamazenta|79/100|[from] Grassy Terrain\n|upkeep\n|\n|t:|1746134644\n|switch|p1a: Calyrex|Calyrex-Shadow, L50|100/100\n|-ability|p1a: Calyrex|As One\n|-ability|p1a: Calyrex|Unnerve\n|turn|5\n|\n|t:|1746134664\n|-end|p2a: Iron Hands|Quark Drive|[silent]\n|switch|p2a: Calyrex|Calyrex-Ice, L50, tera:Normal|84/100\n|-ability|p2a: Calyrex|As One\n|-ability|p2a: Calyrex|Unnerve\n|switch|p2b: Incineroar|Incineroar, L50, F|100/100\n|-ability|p2b: Incineroar|Intimidate|boost\n|-unboost|p1a: Calyrex|atk|1\n|-unboost|p1b: Zamazenta|atk|1\n|move|p1a: Calyrex|Protect|p1a: Calyrex\n|-singleturn|p1a: Calyrex|Protect\n|move|p1b: Zamazenta|Body Press|p2a: Calyrex\n|-supereffective|p2a: Calyrex\n|-damage|p2a: Calyrex|0 fnt\n|faint|p2a: Calyrex\n|\n|-heal|p1b: Zamazenta|85/100|[from] Grassy Terrain\n|-fieldend|move: Trick Room\n|upkeep\n|\n|t:|1746134683\n|switch|p2a: Lunala|Lunala, L50, shiny|44/100\n|turn|6\n|\n|t:|1746134697\n|switch|p2a: Iron Hands|Iron Hands, L50|62/100\n|move|p1a: Calyrex|Astral Barrage|p2b: Incineroar|[spread] p2a,p2b\n|-resisted|p2b: Incineroar\n|-damage|p2a: Iron Hands|32/100\n|-damage|p2b: Incineroar|74/100\n|move|p1b: Zamazenta|Body Press|p2b: Incineroar\n|-supereffective|p2b: Incineroar\n|-damage|p2b: Incineroar|0 fnt\n|faint|p2b: Incineroar\n|\n|-heal|p1b: Zamazenta|91/100|[from] Grassy Terrain\n|-heal|p2a: Iron Hands|38/100|[from] Grassy Terrain\n|upkeep\n|-message|WyzerxVS36 forfeited.\n|\n|win|Jasondddd\n||WyzerxVS36 is ready for game 2.\n||Jasondddd is ready for game 2.\n|uhtml|next|Next: <a href=\"/battle-gen9vgc2025regibo3-2354948475\"><strong>Game 2 of 3</strong></a>\n|l|\u2606Jasondddd\n|player|p1|\n|l|\u2606WyzerxVS36\n|player|p2|\n", "uploadtime": 1746135074, "views": 6, "formatid": "gen9vgc2025regibo3", "rating": null, "private": 0, "password": null}