{"id": "gen9vgc2025regibo3-2354954062", "format": "[Gen 9] VGC 2025 Reg I (Bo3)", "players": ["playerxd23214", "HelhiemFiend"], "log": "|j|\u2606playerxd23214\n|j|\u2606HelhiemFiend\n|html|<table width=\"100%\"><tr><td align=\"left\">playerxd23214</td><td align=\"right\">HelhiemFiend</tr><tr><td align=\"left\"><i class=\"fa fa-circle-o\"></i> <i class=\"fa fa-circle-o\"></i> </td><td align=\"right\"><i class=\"fa fa-circle-o\"></i> <i class=\"fa fa-circle\"></i> </tr></table>\n|uhtml|bestof|<h2><strong>Game 2</strong> of <a href=\"/game-bestof3-gen9vgc2025regibo3-2354951385\">a best-of-3</a></h2>\n|t:|1746135305\n|gametype|doubles\n|player|p1|playerxd23214|102|1198\n|player|p2|HelhiemFiend|170|1152\n|teamsize|p1|6\n|teamsize|p2|6\n|gen|9\n|tier|[Gen 9] VGC 2025 Reg I (Bo3)\n|rated|\n|rule|Species Clause: Limit one of each Pok\u00e9mon\n|rule|Item Clause: Limit 1 of each item\n|clearpoke\n|poke|p1|Zacian-*, L50|\n|poke|p1|Grimmsnarl, L50, M|\n|poke|p1|Charizard, L50, M|\n|poke|p1|Groudon, L50|\n|poke|p1|Gastrodon-East, L50, M|\n|poke|p1|Incineroar, L50, F|\n|poke|p2|Calyrex-Ice, L50|\n|poke|p2|Zamazenta-*, L50|\n|poke|p2|Incineroar, L50, F|\n|poke|p2|Flutter Mane, L50|\n|poke|p2|Chien-Pao, L50|\n|poke|p2|Grimmsnarl, L50, M|\n|teampreview|4\n|showteam|p1|Zacian-Crowned||RustedSword|IntrepidSword|behemothblade,SwordsDance,PlayRough,Protect||||||50|,,,,,Ground]Grimmsnarl||LightClay|Prankster|ThunderWave,LightScreen,FoulPlay,Reflect|||M|||50|,,,,,Ghost]Charizard||ChoiceScarf|SolarPower|Overheat,HeatWave,DragonPulse,WeatherBall|||M|||50|,,,,,Ghost]Groudon||ClearAmulet|Drought|HeatCrash,PrecipiceBlades,Protect,StompingTantrum||||||50|,,,,,Fire]Gastrodon-East||Leftovers|StormDrain|Protect,Yawn,IceBeam,EarthPower|||M|||50|,,,,,Fairy]Incineroar||SafetyGoggles|Intimidate|FakeOut,PartingShot,FlareBlitz,Taunt|||F|||50|,,,,,Ghost\n|showteam|p2|Calyrex-Ice||ClearAmulet|AsOneGlastrier|GlacialLance,HighHorsepower,TrickRoom,Protect||||||50|,,,,,Fire]Zamazenta-Crowned||RustedShield|DauntlessShield|BodyPress,IronDefense,WideGuard,Protect||||||50|,,,,,Dragon]Incineroar||AssaultVest|Intimidate|FlareBlitz,KnockOff,FakeOut,Uturn|||F|||50|,,,,,Grass]Flutter Mane||BoosterEnergy|Protosynthesis|Moonblast,ShadowBall,IcyWind,Protect||||||50|,,,,,Normal]Chien-Pao||FocusSash|SwordofRuin|IceSpinner,ThroatChop,SuckerPunch,Protect||||||50|,,,,,Ghost]Grimmsnarl||LightClay|Prankster|SpiritBreak,ThunderWave,LightScreen,Reflect|||M|||50|,,,,,Ghost\n|inactive|Battle timer is ON: inactive players will automatically lose when time's up. (requested by HelhiemFiend)\n|inactive|playerxd23214 has 60 seconds left.\n|\n|t:|1746135355\n|start\n|switch|p1a: Zacian|Zacian-Crowned, L50, shiny|100/100\n|switch|p1b: Groudon|Groudon, L50|100/100\n|switch|p2a: Cringe|Incineroar, L50, F|100/100\n|switch|p2b: He Protec|Zamazenta-Crowned, L50|100/100\n|-ability|p1a: Zacian|Intrepid Sword|boost\n|-boost|p1a: Zacian|atk|1\n|-ability|p2b: He Protec|Dauntless Shield|boost\n|-boost|p2b: He Protec|def|1\n|-weather|SunnyDay|[from] ability: Drought|[of] p1b: Groudon\n|-ability|p2a: Cringe|Intimidate|boost\n|-unboost|p1a: Zacian|atk|1\n|-fail|p1b: Groudon|unboost|[from] item: Clear Amulet|[of] p1b: Groudon\n|turn|1\n|inactive|playerxd23214 has 30 seconds left.\n|inactive|HelhiemFiend has 30 seconds left.\n|inactive|HelhiemFiend has 20 seconds left.\n|inactive|HelhiemFiend has 15 seconds left.\n|inactive|playerxd23214 has 20 seconds left.\n|inactive|HelhiemFiend has 10 seconds left.\n|inactive|HelhiemFiend has 5 seconds left.\n|\n|t:|1746135410\n|switch|p1a: Charizard|Charizard, L50, M, shiny|100/100\n|move|p2b: He Protec|Body Press|p1b: Groudon\n|-damage|p1b: Groudon|55/100\n|move|p1b: Groudon|Precipice Blades|p2a: Cringe|[spread] p2a\n|-miss|p1b: Groudon|p2b: He Protec\n|-supereffective|p2a: Cringe\n|-damage|p2a: Cringe|3/100\n|move|p2a: Cringe|Flare Blitz|p1b: Groudon\n|-damage|p1b: Groudon|0 fnt\n|faint|p1b: Groudon\n|-damage|p2a: Cringe|0 fnt|[from] Recoil\n|faint|p2a: Cringe\n|\n|-weather|SunnyDay|[upkeep]\n|-damage|p1a: Charizard|88/100|[from] ability: Solar Power|[of] p1a: Charizard\n|upkeep\n|\n|t:|1746135427\n|switch|p1b: Zacian|Zacian-Crowned, L50, shiny|100/100\n|switch|p2a: Mutter Flane|Flutter Mane, L50|100/100\n|-activate|p2a: Mutter Flane|ability: Protosynthesis\n|-start|p2a: Mutter Flane|protosynthesisspe\n|turn|2\n|\n|t:|1746135443\n|-terastallize|p2b: He Protec|Dragon\n|move|p2a: Mutter Flane|Shadow Ball|p1a: Charizard\n|-damage|p1a: Charizard|29/100\n|-unboost|p1a: Charizard|spd|1\n|move|p1a: Charizard|Weather Ball|p2b: He Protec\n|-resisted|p2b: He Protec\n|-damage|p2b: He Protec|65/100\n|move|p1b: Zacian|Behemoth Blade|p2a: Mutter Flane\n|-supereffective|p2a: Mutter Flane\n|-damage|p2a: Mutter Flane|0 fnt\n|faint|p2a: Mutter Flane\n|-end|p2a: Mutter Flane|Protosynthesis|[silent]\n|move|p2b: He Protec|Iron Defense|p2b: He Protec\n|-boost|p2b: He Protec|def|2\n|\n|-weather|SunnyDay|[upkeep]\n|-damage|p1a: Charizard|17/100|[from] ability: Solar Power|[of] p1a: Charizard\n|upkeep\n|\n|t:|1746135460\n|switch|p2a: Normal Stats|Calyrex-Ice, L50|100/100\n|-ability|p2a: Normal Stats|As One\n|-ability|p2a: Normal Stats|Unnerve\n|turn|3\n|\n|t:|1746135472\n|switch|p1a: Grimmsnarl|Grimmsnarl, L50, M|100/100\n|move|p2b: He Protec|Protect|p2b: He Protec\n|-singleturn|p2b: He Protec|Protect\n|move|p1b: Zacian|Play Rough|p2b: He Protec\n|-activate|p2b: He Protec|move: Protect\n|move|p2a: Normal Stats|Glacial Lance|p1b: Zacian|[spread] p1a,p1b\n|-resisted|p1b: Zacian\n|-damage|p1a: Grimmsnarl|40/100\n|-damage|p1b: Zacian|78/100\n|\n|-weather|SunnyDay|[upkeep]\n|upkeep\n|turn|4\n|\n|t:|1746135489\n|move|p1a: Grimmsnarl|Reflect|p1a: Grimmsnarl\n|-sidestart|p1: playerxd23214|Reflect\n|move|p1b: Zacian|Behemoth Blade|p2a: Normal Stats\n|-supereffective|p2a: Normal Stats\n|-crit|p2a: Normal Stats\n|-damage|p2a: Normal Stats|0 fnt\n|faint|p2a: Normal Stats\n|move|p2b: He Protec|Body Press|p1b: Zacian\n|-damage|p1b: Zacian|14/100\n|\n|-weather|SunnyDay|[upkeep]\n|upkeep\n|turn|5\n|\n|t:|1746135502\n|move|p2b: He Protec|Protect|p2b: He Protec\n|-singleturn|p2b: He Protec|Protect\n|move|p1a: Grimmsnarl|Thunder Wave|p2b: He Protec\n|-activate|p2b: He Protec|move: Protect\n|move|p1b: Zacian|Swords Dance|p1b: Zacian\n|-boost|p1b: Zacian|atk|2\n|\n|-weather|none\n|upkeep\n|turn|6\n|\n|t:|1746135509\n|move|p1a: Grimmsnarl|Thunder Wave|p2b: He Protec\n|-status|p2b: He Protec|par\n|move|p1b: Zacian|Play Rough|p2b: He Protec\n|-supereffective|p2b: He Protec\n|-damage|p2b: He Protec|21/100 par\n|-unboost|p2b: He Protec|atk|1\n|cant|p2b: He Protec|par\n|\n|upkeep\n|turn|7\n|c|\u2606playerxd23214|gg\n|c|\u2606HelhiemFiend|gg\n|\n|t:|1746135526\n|-terastallize|p1a: Grimmsnarl|Ghost\n|move|p1b: Zacian|Behemoth Blade|p2b: He Protec\n|-damage|p2b: He Protec|0 fnt\n|faint|p2b: He Protec\n|\n|win|playerxd23214\n||HelhiemFiend is ready for game 3.\n||playerxd23214 is ready for game 3.\n|uhtml|next|Next: <a href=\"/battle-gen9vgc2025regibo3-2354956179\"><strong>Game 3 of 3</strong></a>\n|l|\u2606HelhiemFiend\n|player|p2|\n|l|\u2606playerxd23214\n|player|p1|\n", "uploadtime": 1746135890, "views": 6, "formatid": "gen9vgc2025regibo3", "rating": null, "private": 0, "password": null}