{"id": "gen9vgc2025regibo3-2354395268", "format": "[Gen 9] VGC 2025 Reg I (Bo3)", "players": ["reshblueice", "laZb0nes2"], "log": "|j|\u2606reshblueice\n|j|\u2606laZb0nes2\n|html|<table width=\"100%\"><tr><td align=\"left\">reshblueice</td><td align=\"right\">laZb0nes2</tr><tr><td align=\"left\"><i class=\"fa fa-circle-o\"></i> <i class=\"fa fa-circle-o\"></i> </td><td align=\"right\"><i class=\"fa fa-circle-o\"></i> <i class=\"fa fa-circle\"></i> </tr></table>\n|uhtml|bestof|<h2><strong>Game 2</strong> of <a href=\"/game-bestof3-gen9vgc2025regibo3-2354391981\">a best-of-3</a></h2>\n|t:|1746066090\n|gametype|doubles\n|player|p1|reshblueice|sabrina|1083\n|player|p2|laZb0nes2|pokemonranger-gen4|1149\n|teamsize|p1|6\n|teamsize|p2|6\n|gen|9\n|tier|[Gen 9] VGC 2025 Reg I (Bo3)\n|rated|\n|rule|Species Clause: Limit one of each Pok\u00e9mon\n|rule|Item Clause: Limit 1 of each item\n|clearpoke\n|poke|p1|Calyrex-Ice, L50|\n|poke|p1|Reshiram, L50|\n|poke|p1|Indeedee-F, L50, F|\n|poke|p1|Smeargle, L50, M|\n|poke|p1|Urshifu-*, L50, F|\n|poke|p1|Hatterene, L50, F|\n|poke|p2|Terapagos, L50, M|\n|poke|p2|Ho-Oh, L50|\n|poke|p2|Incineroar, L50, F|\n|poke|p2|Rillaboom, L50, M|\n|poke|p2|Ogerpon-Cornerstone, L50, F|\n|poke|p2|Urshifu-*, L50, F|\n|teampreview|4\n|showteam|p1|Calyrex-Ice||ClearAmulet|AsOneGlastrier|GlacialLance,HighHorsepower,TrickRoom,Protect||||||50|,,,,,Water]Reshiram||WideLens|Turboblaze|BlueFlare,DracoMeteor,HeatWave,Protect||||||50|,,,,,Grass]Indeedee-F||PsychicSeed|PsychicSurge|Psychic,FollowMe,HelpingHand,TrickRoom|||F|||50|,,,,,Fairy]Smeargle||FocusSash|Moody|FakeOut,FollowMe,Decorate,WideGuard|||M|||50|,,,,,Ghost]Urshifu||ChoiceBand|UnseenFist|WickedBlow,CloseCombat,SuckerPunch,Uturn|||F|||50|,,,,,Dark]Hatterene||LifeOrb|MagicBounce|ExpandingForce,DazzlingGleam,TrickRoom,Protect|||F|||50|,,,,,Fire\n|showteam|p2|Terapagos||Leftovers|TeraShift|CalmMind,TeraStarstorm,EarthPower,Protect|||M|||50|,,,,,Stellar]Ho-Oh||ClearAmulet|Regenerator|SacredFire,BraveBird,Tailwind,Protect||||||50|,,,,,Grass]Incineroar||SafetyGoggles|Intimidate|KnockOff,FakeOut,WillOWisp,PartingShot|||F|||50|,,,,,Water]Rillaboom||AssaultVest|GrassySurge|GrassyGlide,WoodHammer,Uturn,FakeOut|||M|||50|,,,,,Fire]Ogerpon-Cornerstone||CornerstoneMask|Sturdy|IvyCudgel,PowerWhip,FollowMe,SpikyShield|||F|||50|,,,,,Rock]Urshifu-Rapid-Strike||ChoiceScarf|UnseenFist|SurgingStrikes,CloseCombat,Uturn,Coaching|||F|||50|,,,,,Water\n|inactive|Battle timer is ON: inactive players will automatically lose when time's up. (requested by reshblueice)\n|\n|t:|1746066160\n|start\n|switch|p1a: Calyrex|Calyrex-Ice, L50|100/100\n|switch|p1b: Indeedee|Indeedee-F, L50, F|100/100\n|switch|p2a: Terapagos|Terapagos, L50, M|100/100\n|switch|p2b: Incineroar|Incineroar, L50, F|100/100\n|-activate|p2a: Terapagos|ability: Tera Shift\n|detailschange|p2a: Terapagos|Terapagos-Terastal, L50, M\n|-heal|p2a: Terapagos|100/100|[silent]\n|-ability|p1a: Calyrex|As One\n|-ability|p1a: Calyrex|Unnerve\n|-fieldstart|move: Psychic Terrain|[from] ability: Psychic Surge|[of] p1b: Indeedee\n|-enditem|p1b: Indeedee|Psychic Seed\n|-boost|p1b: Indeedee|spd|1|[from] item: Psychic Seed\n|-ability|p2b: Incineroar|Intimidate|boost\n|-fail|p1a: Calyrex|unboost|[from] item: Clear Amulet|[of] p1a: Calyrex\n|-unboost|p1b: Indeedee|atk|1\n|turn|1\n|inactive|reshblueice has 30 seconds left.\n|\n|t:|1746066187\n|switch|p2a: Rillaboom|Rillaboom, L50, M|100/100\n|-fieldstart|move: Grassy Terrain|[from] ability: Grassy Surge|[of] p2a: Rillaboom\n|move|p2b: Incineroar|Fake Out|p1a: Calyrex\n|-damage|p1a: Calyrex|94/100\n|move|p1b: Indeedee|Follow Me|p1b: Indeedee\n|-singleturn|p1b: Indeedee|move: Follow Me\n|cant|p1a: Calyrex|flinch\n|\n|-heal|p1a: Calyrex|99/100|[from] Grassy Terrain\n|upkeep\n|turn|2\n|\n|t:|1746066212\n|switch|p1b: Reshiram|Reshiram, L50|100/100\n|-ability|p1b: Reshiram|Turboblaze\n|move|p1a: Calyrex|Protect|p1a: Calyrex\n|-singleturn|p1a: Calyrex|Protect\n|move|p2a: Rillaboom|Wood Hammer|p1a: Calyrex\n|-activate|p1a: Calyrex|move: Protect\n|move|p2b: Incineroar|Knock Off|p1a: Calyrex\n|-activate|p1a: Calyrex|move: Protect\n|\n|-heal|p1a: Calyrex|100/100|[from] Grassy Terrain\n|upkeep\n|turn|3\n|inactive|reshblueice has 30 seconds left.\n|\n|t:|1746066241\n|switch|p1a: Indeedee|Indeedee-F, L50, F|100/100\n|-fieldstart|move: Psychic Terrain|[from] ability: Psychic Surge|[of] p1a: Indeedee\n|-terastallize|p2a: Rillaboom|Fire\n|move|p2a: Rillaboom|Wood Hammer|p1a: Indeedee\n|-crit|p1a: Indeedee\n|-damage|p1a: Indeedee|12/100\n|-damage|p2a: Rillaboom|75/100|[from] Recoil\n|move|p2b: Incineroar|Knock Off|p1a: Indeedee\n|-supereffective|p1a: Indeedee\n|-damage|p1a: Indeedee|0 fnt\n|faint|p1a: Indeedee\n|move|p1b: Reshiram|Heat Wave|p2a: Rillaboom|[spread] p2a,p2b\n|-resisted|p2a: Rillaboom\n|-resisted|p2b: Incineroar\n|-crit|p2b: Incineroar\n|-damage|p2a: Rillaboom|59/100\n|-damage|p2b: Incineroar|71/100\n|\n|upkeep\n|\n|t:|1746066251\n|switch|p1a: Calyrex|Calyrex-Ice, L50|100/100\n|-ability|p1a: Calyrex|As One\n|-ability|p1a: Calyrex|Unnerve\n|turn|4\n|inactive|reshblueice has 30 seconds left.\n|inactive|laZb0nes2 has 30 seconds left.\n|inactive|reshblueice has 20 seconds left.\n|\n|t:|1746066288\n|switch|p2a: Ho-Oh|Ho-Oh, L50|100/100\n|-terastallize|p1a: Calyrex|Water\n|move|p2b: Incineroar|Knock Off|p1a: Calyrex\n|-damage|p1a: Calyrex|76/100\n|-enditem|p1a: Calyrex|Clear Amulet|[from] move: Knock Off|[of] p2b: Incineroar\n|move|p1b: Reshiram|Draco Meteor|p2b: Incineroar\n|-damage|p2b: Incineroar|1/100\n|-unboost|p1b: Reshiram|spa|2\n|move|p1a: Calyrex|Trick Room|p1a: Calyrex\n|-fieldstart|move: Trick Room|[of] p1a: Calyrex\n|\n|upkeep\n|turn|5\n|inactive|laZb0nes2 has 30 seconds left.\n|inactive|reshblueice has 30 seconds left.\n|inactive|laZb0nes2 has 20 seconds left.\n|inactive|laZb0nes2 has 15 seconds left.\n|inactive|laZb0nes2 has 10 seconds left.\n|\n|t:|1746066335\n|switch|p2b: Terapagos|Terapagos-Terastal, L50, M|100/100\n|move|p1a: Calyrex|Glacial Lance|p2b: Terapagos|[spread] p2a,p2b\n|-activate|p2b: Terapagos|ability: Tera Shell\n|-resisted|p2b: Terapagos\n|-damage|p2a: Ho-Oh|55/100\n|-damage|p2b: Terapagos|78/100\n|move|p1b: Reshiram|Heat Wave|p2a: Ho-Oh|[spread] p2a,p2b\n|-resisted|p2a: Ho-Oh\n|-damage|p2a: Ho-Oh|48/100\n|-damage|p2b: Terapagos|55/100\n|move|p2a: Ho-Oh|Brave Bird|p1a: Calyrex\n|-damage|p1a: Calyrex|37/100\n|-damage|p2a: Ho-Oh|35/100|[from] Recoil\n|\n|-heal|p2b: Terapagos|61/100|[from] item: Leftovers\n|upkeep\n|turn|6\n|\n|t:|1746066346\n|switch|p1b: Urshifu|Urshifu, L50, F|100/100\n|switch|p2a: Rillaboom|Rillaboom, L50, M, tera:Fire|59/100\n|-fieldstart|move: Grassy Terrain|[from] ability: Grassy Surge|[of] p2a: Rillaboom\n|move|p2b: Terapagos|Protect|p2b: Terapagos\n|-singleturn|p2b: Terapagos|Protect\n|move|p1a: Calyrex|Glacial Lance|p2a: Rillaboom|[spread] p2a\n|-activate|p2b: Terapagos|move: Protect\n|-resisted|p2a: Rillaboom\n|-damage|p2a: Rillaboom|33/100\n|\n|-heal|p1a: Calyrex|43/100|[from] Grassy Terrain\n|-heal|p2a: Rillaboom|38/100|[from] Grassy Terrain\n|-heal|p2b: Terapagos|68/100|[from] Grassy Terrain\n|-heal|p2b: Terapagos|74/100|[from] item: Leftovers\n|upkeep\n|turn|7\n|inactive|laZb0nes2 has 30 seconds left.\n|\n|t:|1746066373\n|switch|p2b: Ho-Oh|Ho-Oh, L50|68/100\n|move|p1a: Calyrex|Glacial Lance|p2b: Ho-Oh|[spread] p2a,p2b\n|-resisted|p2a: Rillaboom\n|-damage|p2a: Rillaboom|11/100\n|-damage|p2b: Ho-Oh|24/100\n|move|p1b: Urshifu|Close Combat|p2b: Ho-Oh\n|-resisted|p2b: Ho-Oh\n|-damage|p2b: Ho-Oh|0 fnt\n|-unboost|p1b: Urshifu|def|1\n|-unboost|p1b: Urshifu|spd|1\n|faint|p2b: Ho-Oh\n|move|p2a: Rillaboom|Wood Hammer|p1a: Calyrex\n|-supereffective|p1a: Calyrex\n|-damage|p1a: Calyrex|0 fnt\n|faint|p1a: Calyrex\n|-damage|p2a: Rillaboom|0 fnt|[from] Recoil\n|faint|p2a: Rillaboom\n|\n|upkeep\n|\n|t:|1746066381\n|switch|p1a: Reshiram|Reshiram, L50|100/100\n|switch|p2b: Incineroar|Incineroar, L50, F|1/100\n|switch|p2a: Terapagos|Terapagos-Terastal, L50, M|74/100\n|-ability|p1a: Reshiram|Turboblaze\n|-ability|p2b: Incineroar|Intimidate|boost\n|-unboost|p1a: Reshiram|atk|1\n|-unboost|p1b: Urshifu|atk|1\n|turn|8\n|inactive|laZb0nes2 has 30 seconds left.\n|inactive|laZb0nes2 has 20 seconds left.\n|\n|t:|1746066419\n|move|p2b: Incineroar|Fake Out|p1b: Urshifu\n|-damage|p1b: Urshifu|86/100\n|move|p1a: Reshiram|Heat Wave|p2b: Incineroar|[spread] p2a,p2b\n|-resisted|p2b: Incineroar\n|-damage|p2a: Terapagos|36/100\n|-damage|p2b: Incineroar|0 fnt\n|faint|p2b: Incineroar\n|cant|p1b: Urshifu|flinch\n|move|p2a: Terapagos|Tera Starstorm|p1b: Urshifu\n|-damage|p1b: Urshifu|0 fnt\n|faint|p1b: Urshifu\n|\n|-heal|p2a: Terapagos|42/100|[from] Grassy Terrain\n|-heal|p2a: Terapagos|48/100|[from] item: Leftovers\n|-fieldend|move: Trick Room\n|upkeep\n|turn|9\n|\n|t:|1746066424\n|move|p2a: Terapagos|Earth Power|p1a: Reshiram\n|-supereffective|p1a: Reshiram\n|-damage|p1a: Reshiram|62/100\n|move|p1a: Reshiram|Blue Flare|p2a: Terapagos\n|-damage|p2a: Terapagos|0 fnt\n|faint|p2a: Terapagos\n|\n|win|reshblueice\n||reshblueice is ready for game 3.\n|inactive|laZb0nes2 has 30 seconds to confirm battle start!\n||laZb0nes2 is ready for game 3.\n|uhtml|next|Next: <a href=\"/battle-gen9vgc2025regibo3-2354398076\"><strong>Game 3 of 3</strong></a>\n|l|\u2606reshblueice\n|player|p1|\n", "uploadtime": 1746066801, "views": 15, "formatid": "gen9vgc2025regibo3", "rating": null, "private": 0, "password": null}