{"id": "gen9vgc2025regibo3-2354466409", "format": "[Gen 9] VGC 2025 Reg I (Bo3)", "players": ["Geopocket", "Wo0oorthy"], "log": "|j|\u2606Geopocket\n|j|\u2606Wo0oorthy\n|html|<table width=\"100%\"><tr><td align=\"left\">Geopocket</td><td align=\"right\">Wo0oorthy</tr><tr><td align=\"left\"><i class=\"fa fa-circle\"></i> <i class=\"fa fa-circle-o\"></i> </td><td align=\"right\"><i class=\"fa fa-circle-o\"></i> <i class=\"fa fa-circle-o\"></i> </tr></table>\n|uhtml|bestof|<h2><strong>Game 2</strong> of <a href=\"/game-bestof3-gen9vgc2025regibo3-2354465072\">a best-of-3</a></h2>\n|t:|1746076069\n|gametype|doubles\n|player|p1|Geopocket|juan|1276\n|player|p2|Wo0oorthy|dawn-gen4pt|1174\n|teamsize|p1|6\n|teamsize|p2|6\n|gen|9\n|tier|[Gen 9] VGC 2025 Reg I (Bo3)\n|rated|\n|rule|Species Clause: Limit one of each Pok\u00e9mon\n|rule|Item Clause: Limit 1 of each item\n|clearpoke\n|poke|p1|Koraidon, L50|\n|poke|p1|Lunala, L50|\n|poke|p1|Raging Bolt, L50|\n|poke|p1|Chi-Yu, L50|\n|poke|p1|Flutter Mane, L50|\n|poke|p1|Brute Bonnet, L50|\n|poke|p2|Koraidon, L50|\n|poke|p2|Ho-Oh, L50|\n|poke|p2|Brute Bonnet, L50|\n|poke|p2|Gastrodon, L50, M|\n|poke|p2|Bronzong, L50|\n|poke|p2|Raging Bolt, L50|\n|teampreview|4\n|showteam|p1|Koraidon||LifeOrb|OrichalcumPulse|CloseCombat,FlareBlitz,FlameCharge,Protect||||||50|,,,,,Fire]Lunala||PowerHerb|ShadowShield|MoongeistBeam,MeteorBeam,TrickRoom,WideGuard||||||50|,,,,,Water]Raging Bolt||SafetyGoggles|Protosynthesis|Thunderbolt,DracoMeteor,Thunderclap,Protect||||||50|,,,,,Electric]Chi-Yu||ChoiceScarf|BeadsofRuin|HeatWave,DarkPulse,Snarl,Overheat||||||50|,,,,,Ghost]Flutter Mane||FocusSash|Protosynthesis|Moonblast,IcyWind,ShadowBall,Protect||||||50|,,,,,Normal]Brute Bonnet||CovertCloak|Protosynthesis|Spore,RagePowder,SuckerPunch,SeedBomb||||||50|,,,,,Water\n|showteam|p2|Koraidon||LifeOrb|OrichalcumPulse|CloseCombat,Protect,Uturn,FlareBlitz||||||50|,,,,,Fire]Ho-Oh||RockyHelmet|Regenerator|SacredFire,BraveBird,Tailwind,Protect||||||50|,,,,,Ground]Brute Bonnet||CovertCloak|Protosynthesis|SuckerPunch,RagePowder,Spore,SeedBomb||||||50|,,,,,Grass]Gastrodon||Leftovers|StormDrain|IcyWind,EarthPower,Yawn,Protect|||M|||50|,,,,,Poison]Bronzong||MentalHerb|Levitate|TrickRoom,GyroBall,Safeguard,SkillSwap||||||50|,,,,,Ghost]Raging Bolt||AssaultVest|Protosynthesis|Thunderclap,Electroweb,DragonPulse,VoltSwitch||||||50|,,,,,Electric\n|\n|t:|1746076081\n|start\n|switch|p1a: Flutter Mane|Flutter Mane, L50|100/100\n|switch|p1b: Lunala|Lunala, L50|100/100\n|switch|p2a: Brute Bonnet|Brute Bonnet, L50, shiny|100/100\n|switch|p2b: Raging Bolt|Raging Bolt, L50|100/100\n|turn|1\n|\n|t:|1746076107\n|move|p2a: Brute Bonnet|Sucker Punch|p1a: Flutter Mane\n|-damage|p1a: Flutter Mane|34/100\n|move|p1a: Flutter Mane|Moonblast|p2a: Brute Bonnet\n|-supereffective|p2a: Brute Bonnet\n|-damage|p2a: Brute Bonnet|32/100\n|move|p1b: Lunala|Meteor Beam||[still]\n|-prepare|p1b: Lunala|Meteor Beam\n|-boost|p1b: Lunala|spa|1\n|-enditem|p1b: Lunala|Power Herb\n|-anim|p1b: Lunala|Meteor Beam|p2a: Brute Bonnet\n|-damage|p2a: Brute Bonnet|0 fnt\n|faint|p2a: Brute Bonnet\n|-end|p2a: Brute Bonnet|Protosynthesis|[silent]\n|move|p2b: Raging Bolt|Electroweb|p1a: Flutter Mane|[spread] p1a,p1b\n|-damage|p1a: Flutter Mane|10/100\n|-damage|p1b: Lunala|94/100\n|-unboost|p1a: Flutter Mane|spe|1\n|-unboost|p1b: Lunala|spe|1\n|\n|upkeep\n|\n|t:|1746076124\n|switch|p2a: Ho-Oh|Ho-Oh, L50|100/100\n|turn|2\n|\n|t:|1746076142\n|move|p2a: Ho-Oh|Protect|p2a: Ho-Oh\n|-singleturn|p2a: Ho-Oh|Protect\n|move|p1a: Flutter Mane|Icy Wind|p2b: Raging Bolt|[spread] p2b\n|-activate|p2a: Ho-Oh|move: Protect\n|-supereffective|p2b: Raging Bolt\n|-damage|p2b: Raging Bolt|85/100\n|-unboost|p2b: Raging Bolt|spe|1\n|move|p1b: Lunala|Moongeist Beam|p2b: Raging Bolt\n|-damage|p2b: Raging Bolt|39/100\n|move|p2b: Raging Bolt|Electroweb|p1a: Flutter Mane|[spread] p1a,p1b\n|-damage|p1a: Flutter Mane|0 fnt\n|-damage|p1b: Lunala|78/100\n|-unboost|p1b: Lunala|spe|1\n|faint|p1a: Flutter Mane\n|-end|p1a: Flutter Mane|Protosynthesis|[silent]\n|\n|upkeep\n|\n|t:|1746076164\n|switch|p1a: Raging Bolt|Raging Bolt, L50|100/100\n|turn|3\n|\n|t:|1746076194\n|-terastallize|p2a: Ho-Oh|Ground\n|move|p2a: Ho-Oh|Brave Bird|p1b: Lunala\n|-damage|p1b: Lunala|33/100\n|-damage|p2a: Ho-Oh|83/100|[from] Recoil\n|move|p1a: Raging Bolt|Draco Meteor|p2b: Raging Bolt\n|-supereffective|p2b: Raging Bolt\n|-damage|p2b: Raging Bolt|0 fnt\n|-unboost|p1a: Raging Bolt|spa|2\n|faint|p2b: Raging Bolt\n|-end|p2b: Raging Bolt|Protosynthesis|[silent]\n|move|p1b: Lunala|Moongeist Beam|p2a: Ho-Oh\n|-damage|p2a: Ho-Oh|32/100\n|\n|upkeep\n|\n|t:|1746076208\n|switch|p2b: Koraidon|Koraidon, L50|100/100\n|-weather|SunnyDay|[from] ability: Orichalcum Pulse|[of] p2b: Koraidon\n|-activate|p1a: Raging Bolt|ability: Protosynthesis\n|-start|p1a: Raging Bolt|protosynthesisdef\n|-activate|p2b: Koraidon|Orichalcum Pulse|[source]\n|turn|4\n|\n|t:|1746076233\n|-end|p1a: Raging Bolt|Protosynthesis|[silent]\n|switch|p1a: Koraidon|Koraidon, L50|100/100\n|-activate|p1a: Koraidon|ability: Orichalcum Pulse\n|move|p2b: Koraidon|Close Combat|p1a: Koraidon\n|-damage|p1a: Koraidon|0 fnt\n|-unboost|p2b: Koraidon|def|1\n|-unboost|p2b: Koraidon|spd|1\n|faint|p1a: Koraidon\n|-damage|p2b: Koraidon|91/100|[from] item: Life Orb\n|move|p2a: Ho-Oh|Sacred Fire|p1b: Lunala\n|-damage|p1b: Lunala|0 fnt\n|faint|p1b: Lunala\n|\n|-weather|SunnyDay|[upkeep]\n|upkeep\n|\n|t:|1746076255\n|switch|p1b: Raging Bolt|Raging Bolt, L50|100/100\n|-activate|p1b: Raging Bolt|ability: Protosynthesis\n|-start|p1b: Raging Bolt|protosynthesisspa\n|turn|5\n|\n|t:|1746076267\n|-terastallize|p1b: Raging Bolt|Electric\n|move|p2b: Koraidon|Protect|p2b: Koraidon\n|-singleturn|p2b: Koraidon|Protect\n|move|p1b: Raging Bolt|Thunderclap||[still]\n|-fail|p1b: Raging Bolt\n|move|p2a: Ho-Oh|Sacred Fire|p1b: Raging Bolt\n|-damage|p1b: Raging Bolt|55/100\n|-status|p1b: Raging Bolt|brn\n|\n|-weather|SunnyDay|[upkeep]\n|-damage|p1b: Raging Bolt|48/100 brn|[from] brn\n|upkeep\n|turn|6\n|c|\u2606Geopocket|pfff\n|\n|t:|1746076288\n|move|p1b: Raging Bolt|Thunderclap|p2b: Koraidon\n|-resisted|p2b: Koraidon\n|-damage|p2b: Koraidon|41/100\n|move|p2b: Koraidon|Close Combat|p1b: Raging Bolt\n|-damage|p1b: Raging Bolt|0 fnt\n|-unboost|p2b: Koraidon|def|1\n|-unboost|p2b: Koraidon|spd|1\n|faint|p1b: Raging Bolt\n|-end|p1b: Raging Bolt|Protosynthesis|[silent]\n|-damage|p2b: Koraidon|32/100|[from] item: Life Orb\n|\n|win|Wo0oorthy\n||Geopocket is ready for game 3.\n|inactive|Wo0oorthy has 30 seconds to confirm battle start!\n||Wo0oorthy is ready for game 3.\n|uhtml|next|Next: <a href=\"/battle-gen9vgc2025regibo3-2354467738\"><strong>Game 3 of 3</strong></a>\n|l|\u2606Wo0oorthy\n|player|p2|\n|l|\u2606Geopocket\n|player|p1|\n", "uploadtime": 1746076615, "views": 7, "formatid": "gen9vgc2025regibo3", "rating": null, "private": 0, "password": null}