{"id": "gen9vgc2025regibo3-2353493977", "format": "[Gen 9] VGC 2025 Reg I (Bo3)", "players": ["Raiyzer", "angandi01"], "log": "|j|\u2606Raiyzer\n|j|\u2606angandi01\n|html|<table width=\"100%\"><tr><td align=\"left\">Raiyzer</td><td align=\"right\">angandi01</tr><tr><td align=\"left\"><i class=\"fa fa-circle-o\"></i> <i class=\"fa fa-circle-o\"></i> </td><td align=\"right\"><i class=\"fa fa-circle-o\"></i> <i class=\"fa fa-circle-o\"></i> </tr></table>\n|uhtml|bestof|<h2><strong>Game 1</strong> of <a href=\"/game-bestof3-gen9vgc2025regibo3-2353493976\">a best-of-3</a></h2>\n|t:|1745961215\n|gametype|doubles\n|player|p1|Raiyzer|102|1180\n|player|p2|angandi01|101|1206\n|teamsize|p1|6\n|teamsize|p2|6\n|gen|9\n|tier|[Gen 9] VGC 2025 Reg I (Bo3)\n|rated|\n|rule|Species Clause: Limit one of each Pok\u00e9mon\n|rule|Item Clause: Limit 1 of each item\n|clearpoke\n|poke|p1|Calyrex-Shadow, L50|\n|poke|p1|Koraidon, L50|\n|poke|p1|Roaring Moon, L50|\n|poke|p1|Incineroar, L50, F|\n|poke|p1|Ogerpon-Hearthflame, L50, F|\n|poke|p1|Raging Bolt, L50|\n|poke|p2|Miraidon, L50|\n|poke|p2|Ho-Oh, L50|\n|poke|p2|Iron Hands, L50|\n|poke|p2|Urshifu-*, L50, F|\n|poke|p2|Ursaluna, L50, M|\n|poke|p2|Farigiraf, L50, F|\n|teampreview|4\n|showteam|p1|Calyrex-Shadow||CovertCloak|AsOneSpectrier|AstralBarrage,Psychic,Protect,NastyPlot||||||50|,,,,,Dark]Koraidon||LifeOrb|OrichalcumPulse|FlareBlitz,FlameCharge,Protect,CloseCombat||||||50|,,,,,Fire]Roaring Moon||BoosterEnergy|Protosynthesis|Acrobatics,KnockOff,Protect,Tailwind||||||50|,,,,,Flying]Incineroar||SafetyGoggles|Intimidate|KnockOff,PartingShot,FakeOut,Taunt|||F|||50|,,,,,Bug]Ogerpon-Hearthflame||HearthflameMask|MoldBreaker|IvyCudgel,FollowMe,HornLeech,SpikyShield|||F|||50|,,,,,Fire]Raging Bolt||AssaultVest|Protosynthesis|Thunderclap,Thunderbolt,Snarl,DracoMeteor||||||50|,,,,,Fairy\n|showteam|p2|Miraidon||ChoiceSpecs|HadronEngine|ElectroDrift,DracoMeteor,DazzlingGleam,VoltSwitch||||||50|,,,,,Fairy]Ho-Oh||ClearAmulet|Regenerator|SacredFire,BraveBird,Tailwind,Protect||||||50|,,,,,Grass]Iron Hands||AssaultVest|QuarkDrive|FakeOut,WildCharge,DrainPunch,LowKick||||||50|,,,,,Grass]Urshifu||FocusSash|UnseenFist|WickedBlow,CloseCombat,SuckerPunch,Protect|||F|||50|,,,,,Dark]Ursaluna||FlameOrb|Guts|Facade,Earthquake,HeadlongRush,Protect|||M|||50|,,,,,Fairy]Farigiraf||ElectricSeed|ArmorTail|PsychicFangs,FoulPlay,TrickRoom,HelpingHand|||F|||50|,,,,,Water\n|\n|t:|1745961277\n|start\n|switch|p1a: Incineroar|Incineroar, L50, F|100/100\n|switch|p1b: Raging Bolt|Raging Bolt, L50|100/100\n|switch|p2a: Miraidon|Miraidon, L50|100/100\n|switch|p2b: Farigiraf|Farigiraf, L50, F|100/100\n|-fieldstart|move: Electric Terrain|[from] ability: Hadron Engine|[of] p2a: Miraidon\n|-enditem|p2b: Farigiraf|Electric Seed\n|-boost|p2b: Farigiraf|def|1|[from] item: Electric Seed\n|-ability|p1a: Incineroar|Intimidate|boost\n|-unboost|p2a: Miraidon|atk|1\n|-unboost|p2b: Farigiraf|atk|1\n|turn|1\n|inactive|Battle timer is ON: inactive players will automatically lose when time's up. (requested by Raiyzer)\n|inactive|angandi01 has 60 seconds left.\n|inactive|Raiyzer has 60 seconds left.\n|\n|t:|1745961319\n|-terastallize|p1b: Raging Bolt|Fairy\n|move|p2a: Miraidon|Volt Switch|p1a: Incineroar\n|-damage|p1a: Incineroar|24/100\n|\n|t:|1745961341\n|switch|p2a: Ursaluna|Ursaluna, L50, M|100/100|[from] Volt Switch\n|move|p1b: Raging Bolt|Snarl|p2b: Farigiraf|[spread] p2a,p2b\n|-supereffective|p2b: Farigiraf\n|-damage|p2a: Ursaluna|88/100\n|-damage|p2b: Farigiraf|70/100\n|-unboost|p2a: Ursaluna|spa|1\n|-unboost|p2b: Farigiraf|spa|1\n|move|p1a: Incineroar|Parting Shot|p2a: Ursaluna\n|-unboost|p2a: Ursaluna|atk|1\n|-unboost|p2a: Ursaluna|spa|1\n|\n|t:|1745961352\n|switch|p1a: Roaring Moon|Roaring Moon, L50|100/100|[from] Parting Shot\n|-enditem|p1a: Roaring Moon|Booster Energy\n|-activate|p1a: Roaring Moon|ability: Protosynthesis|[fromitem]\n|-start|p1a: Roaring Moon|protosynthesisspe\n|move|p2b: Farigiraf|Trick Room|p2b: Farigiraf\n|-fieldstart|move: Trick Room|[of] p2b: Farigiraf\n|\n|-status|p2a: Ursaluna|brn|[from] item: Flame Orb\n|upkeep\n|turn|2\n|inactive|angandi01 has 30 seconds left.\n|inactive|angandi01 has 20 seconds left.\n|\n|t:|1745961390\n|-end|p1a: Roaring Moon|Protosynthesis|[silent]\n|switch|p1a: Incineroar|Incineroar, L50, F|24/100\n|-ability|p1a: Incineroar|Intimidate|boost\n|-unboost|p2a: Ursaluna|atk|1\n|-unboost|p2b: Farigiraf|atk|1\n|move|p2b: Farigiraf|Helping Hand|p2a: Ursaluna\n|-singleturn|p2a: Ursaluna|Helping Hand|[of] p2b: Farigiraf\n|move|p2a: Ursaluna|Facade|p1a: Incineroar\n|-damage|p1a: Incineroar|0 fnt\n|faint|p1a: Incineroar\n|move|p1b: Raging Bolt|Thunderbolt|p2b: Farigiraf\n|-damage|p2b: Farigiraf|11/100\n|\n|-damage|p2a: Ursaluna|82/100 brn|[from] brn\n|upkeep\n|\n|t:|1745961403\n|switch|p1a: Koraidon|Koraidon, L50|100/100\n|-weather|SunnyDay|[from] ability: Orichalcum Pulse|[of] p1a: Koraidon\n|-activate|p1b: Raging Bolt|ability: Protosynthesis\n|-start|p1b: Raging Bolt|protosynthesisspa\n|-activate|p1a: Koraidon|Orichalcum Pulse|[source]\n|turn|3\n|inactive|angandi01 has 30 seconds left.\n|\n|t:|1745961429\n|move|p2b: Farigiraf|Helping Hand|p2a: Ursaluna\n|-singleturn|p2a: Ursaluna|Helping Hand|[of] p2b: Farigiraf\n|move|p1a: Koraidon|Protect|p1a: Koraidon\n|-singleturn|p1a: Koraidon|Protect\n|move|p2a: Ursaluna|Facade|p1b: Raging Bolt\n|-damage|p1b: Raging Bolt|21/100\n|move|p1b: Raging Bolt|Snarl|p2a: Ursaluna|[spread] p2a,p2b\n|-supereffective|p2b: Farigiraf\n|-damage|p2a: Ursaluna|66/100 brn\n|-damage|p2b: Farigiraf|0 fnt\n|-unboost|p2a: Ursaluna|spa|1\n|faint|p2b: Farigiraf\n|\n|-weather|SunnyDay|[upkeep]\n|-damage|p2a: Ursaluna|60/100 brn|[from] brn\n|upkeep\n|\n|t:|1745961446\n|switch|p2b: Ho-Oh|Ho-Oh, L50|100/100\n|turn|4\n|\n|t:|1745961466\n|move|p1b: Raging Bolt|Thunderclap|p2b: Ho-Oh\n|-supereffective|p2b: Ho-Oh\n|-damage|p2b: Ho-Oh|27/100\n|move|p2a: Ursaluna|Earthquake|p1a: Koraidon|[spread] p1a,p1b\n|-immune|p2b: Ho-Oh\n|-damage|p1a: Koraidon|70/100\n|-damage|p1b: Raging Bolt|0 fnt\n|faint|p1b: Raging Bolt\n|-end|p1b: Raging Bolt|Protosynthesis|[silent]\n|move|p2b: Ho-Oh|Brave Bird|p1a: Koraidon\n|-supereffective|p1a: Koraidon\n|-damage|p1a: Koraidon|0 fnt\n|faint|p1a: Koraidon\n|-damage|p2b: Ho-Oh|8/100|[from] Recoil\n|\n|-weather|SunnyDay|[upkeep]\n|-damage|p2a: Ursaluna|54/100 brn|[from] brn\n|upkeep\n|\n|t:|1745961481\n|switch|p1a: Roaring Moon|Roaring Moon, L50|100/100\n|-activate|p1a: Roaring Moon|ability: Protosynthesis\n|-start|p1a: Roaring Moon|protosynthesisspe\n|turn|5\n|-message|Raiyzer forfeited.\n|\n|win|angandi01\n||Raiyzer is ready for game 2.\n||angandi01 is ready for game 2.\n|uhtml|next|Next: <a href=\"/battle-gen9vgc2025regibo3-2353496915\"><strong>Game 2 of 3</strong></a>\n", "uploadtime": 1745961708, "views": 30, "formatid": "gen9vgc2025regibo3", "rating": null, "private": 0, "password": null}