{"id": "gen9vgc2025regibo3-2353744950", "format": "[Gen 9] VGC 2025 Reg I (Bo3)", "players": ["L10n Escanor", "Priest_of_Talos"], "log": "|j|\u2606L10n Escanor\n|j|\u2606Priest_of_Talos\n|html|<table width=\"100%\"><tr><td align=\"left\">L10n Escanor</td><td align=\"right\">Priest_of_Talos</tr><tr><td align=\"left\"><i class=\"fa fa-circle-o\"></i> <i class=\"fa fa-circle-o\"></i> </td><td align=\"right\"><i class=\"fa fa-circle-o\"></i> <i class=\"fa fa-circle\"></i> </tr></table>\n|uhtml|bestof|<h2><strong>Game 2</strong> of <a href=\"/game-bestof3-gen9vgc2025regibo3-2353743085\">a best-of-3</a></h2>\n|t:|1745992619\n|gametype|doubles\n|player|p1|L10n Escanor|steven|1013\n|player|p2|Priest_of_Talos|170|1132\n|teamsize|p1|6\n|teamsize|p2|6\n|gen|9\n|tier|[Gen 9] VGC 2025 Reg I (Bo3)\n|rated|\n|rule|Species Clause: Limit one of each Pok\u00e9mon\n|rule|Item Clause: Limit 1 of each item\n|clearpoke\n|poke|p1|Koraidon, L50|\n|poke|p1|Calyrex-Shadow, L50|\n|poke|p1|Tornadus, L50, M|\n|poke|p1|Ogerpon-Cornerstone, L50, F|\n|poke|p1|Rillaboom, L50, M|\n|poke|p1|Incineroar, L50, M|\n|poke|p2|Iron Hands, L50|\n|poke|p2|Chi-Yu, L50|\n|poke|p2|Miraidon, L50|\n|poke|p2|Whimsicott, L50, M|\n|poke|p2|Lunala, L50|\n|poke|p2|Farigiraf, L50, F|\n|teampreview|4\n|showteam|p1|Koraidon||ClearAmulet|OrichalcumPulse|FlareBlitz,CloseCombat,FlameCharge,Protect||||||50|,,,,,Fire]Calyrex-Shadow||FocusSash|AsOneSpectrier|AstralBarrage,Psychic,NastyPlot,Protect||||||50|,,,,,Dark]Tornadus||CovertCloak|Prankster|AirSlash,Tailwind,SunnyDay,Taunt|||M|||50|,,,,,Dark]Ogerpon-Cornerstone||CornerstoneMask|Sturdy|IvyCudgel,FollowMe,FocusEnergy,SpikyShield|||F|||50|,,,,,Rock]Rillaboom||AssaultVest|GrassySurge|WoodHammer,GrassyGlide,Uturn,FakeOut|||M|||50|,,,,,Fire]Incineroar||SafetyGoggles|Intimidate|FlareBlitz,KnockOff,PartingShot,FakeOut|||M|||50|,,,,,Bug\n|showteam|p2|Iron Hands||AssaultVest|QuarkDrive|LowKick,WildCharge,FakeOut,BrickBreak||||||50|,,,,,Water]Chi-Yu||ChoiceScarf|BeadsofRuin|HeatWave,Overheat,DarkPulse,Snarl||||||50|,,,,,Ghost]Miraidon||ChoiceSpecs|HadronEngine|ElectroDrift,DracoMeteor,VoltSwitch,DazzlingGleam||||||50|,,,,,Fairy]Whimsicott||CovertCloak|Prankster|Moonblast,LightScreen,Tailwind,Encore|||M|||50|,,,,,Dark]Lunala||PowerHerb|ShadowShield|MoongeistBeam,MeteorBeam,WideGuard,DazzlingGleam||||||50|,,,,,Fairy]Farigiraf||ElectricSeed|ArmorTail|TrickRoom,FoulPlay,Psychic,HelpingHand|||F|||50|,,,,,Fairy\n|\n|t:|1745992702\n|start\n|switch|p1a: Calyrex|Calyrex-Shadow, L50|100/100\n|switch|p1b: Incineroar|Incineroar, L50, M, shiny|100/100\n|switch|p2a: Farigiraf|Farigiraf, L50, F|100/100\n|switch|p2b: Lunala|Lunala, L50|100/100\n|-ability|p1a: Calyrex|As One\n|-ability|p1a: Calyrex|Unnerve\n|-ability|p1b: Incineroar|Intimidate|boost\n|-unboost|p2a: Farigiraf|atk|1\n|-unboost|p2b: Lunala|atk|1\n|turn|1\n|\n|t:|1745992732\n|switch|p2a: Iron Hands|Iron Hands, L50|100/100\n|-terastallize|p1a: Calyrex|Dark\n|move|p1a: Calyrex|Astral Barrage|p2b: Lunala|[spread] p2a,p2b\n|-supereffective|p2b: Lunala\n|-damage|p2a: Iron Hands|76/100\n|-damage|p2b: Lunala|36/100\n|move|p2b: Lunala|Meteor Beam||[still]\n|-prepare|p2b: Lunala|Meteor Beam\n|-boost|p2b: Lunala|spa|1\n|-enditem|p2b: Lunala|Power Herb\n|-anim|p2b: Lunala|Meteor Beam|p1b: Incineroar\n|-supereffective|p1b: Incineroar\n|-damage|p1b: Incineroar|0 fnt\n|faint|p1b: Incineroar\n|\n|upkeep\n|\n|t:|1745992770\n|switch|p1b: Ogerpon|Ogerpon-Cornerstone, L50, F|100/100\n|turn|2\n|\n|t:|1745992805\n|-end|p2a: Iron Hands|Quark Drive|[silent]\n|switch|p2a: Farigiraf|Farigiraf, L50, F|100/100\n|move|p2b: Lunala|Wide Guard|p2b: Lunala\n|-singleturn|p2b: Lunala|Wide Guard\n|move|p1a: Calyrex|Astral Barrage|p2b: Lunala|[spread] \n|-activate|p2a: Farigiraf|move: Wide Guard\n|-activate|p2b: Lunala|move: Wide Guard\n|move|p1b: Ogerpon|Ivy Cudgel|p2b: Lunala|[anim] Ivy Cudgel Rock\n|-damage|p2b: Lunala|0 fnt\n|faint|p2b: Lunala\n|\n|upkeep\n|\n|t:|1745992820\n|switch|p2b: Iron Hands|Iron Hands, L50|76/100\n|turn|3\n|\n|t:|1745992851\n|move|p2b: Iron Hands|Fake Out|p1a: Calyrex\n|-damage|p1a: Calyrex|85/100\n|move|p1b: Ogerpon|Follow Me|p1b: Ogerpon\n|-singleturn|p1b: Ogerpon|move: Follow Me\n|cant|p1a: Calyrex|flinch\n|move|p2a: Farigiraf|Trick Room|p2a: Farigiraf\n|-fieldstart|move: Trick Room|[of] p2a: Farigiraf\n|\n|upkeep\n|turn|4\n|\n|t:|1745992871\n|move|p2b: Iron Hands|Low Kick|p1b: Ogerpon\n|-supereffective|p1b: Ogerpon\n|-damage|p1b: Ogerpon|12/100\n|move|p2a: Farigiraf|Psychic|p1b: Ogerpon\n|-damage|p1b: Ogerpon|0 fnt\n|faint|p1b: Ogerpon\n|move|p1a: Calyrex|Psychic|p2b: Iron Hands\n|-supereffective|p2b: Iron Hands\n|-damage|p2b: Iron Hands|21/100\n|-unboost|p2b: Iron Hands|spd|1\n|\n|upkeep\n|\n|t:|1745992881\n|switch|p1b: Koraidon|Koraidon, L50|100/100\n|-weather|SunnyDay|[from] ability: Orichalcum Pulse|[of] p1b: Koraidon\n|-activate|p1b: Koraidon|Orichalcum Pulse|[source]\n|turn|5\n|\n|t:|1745992933\n|move|p2b: Iron Hands|Low Kick|p1a: Calyrex\n|-supereffective|p1a: Calyrex\n|-damage|p1a: Calyrex|0 fnt\n|faint|p1a: Calyrex\n|move|p2a: Farigiraf|Psychic|p1b: Koraidon\n|-supereffective|p1b: Koraidon\n|-damage|p1b: Koraidon|35/100\n|move|p1b: Koraidon|Flame Charge|p2a: Farigiraf\n|-damage|p2a: Farigiraf|63/100\n|-boost|p1b: Koraidon|spe|1\n|\n|-weather|SunnyDay|[upkeep]\n|upkeep\n|turn|6\n|\n|t:|1745992951\n|move|p1b: Koraidon|Protect|p1b: Koraidon\n|-singleturn|p1b: Koraidon|Protect\n|move|p2b: Iron Hands|Low Kick|p1b: Koraidon\n|-activate|p1b: Koraidon|move: Protect\n|move|p2a: Farigiraf|Psychic|p1b: Koraidon\n|-activate|p1b: Koraidon|move: Protect\n|\n|-weather|SunnyDay|[upkeep]\n|upkeep\n|turn|7\n|\n|t:|1745992960\n|move|p1b: Koraidon|Protect||[still]\n|-fail|p1b: Koraidon\n|move|p2b: Iron Hands|Low Kick|p1b: Koraidon\n|-damage|p1b: Koraidon|0 fnt\n|faint|p1b: Koraidon\n|\n|win|Priest_of_Talos\n|raw|L10n Escanor's rating: 1013 &rarr; <strong>1005</strong><br />(-8 for losing)\n|raw|Priest_of_Talos's rating: 1132 &rarr; <strong>1149</strong><br />(+17 for winning)\n|l|\u2606Priest_of_Talos\n|player|p2|\n", "uploadtime": 1745993015, "views": 7, "formatid": "gen9vgc2025regibo3", "rating": 1005, "private": 0, "password": null}