{"id": "gen9vgc2025regibo3-2353626389", "format": "[Gen 9] VGC 2025 Reg I (Bo3)", "players": ["Odeio Corinthians", "Cyb3rstr4w"], "log": "|j|\u2606Odeio Corinthians\n|j|\u2606Cyb3rstr4w\n|html|<table width=\"100%\"><tr><td align=\"left\">Odeio Corinthians</td><td align=\"right\">Cyb3rstr4w</tr><tr><td align=\"left\"><i class=\"fa fa-circle-o\"></i> <i class=\"fa fa-circle-o\"></i> </td><td align=\"right\"><i class=\"fa fa-circle-o\"></i> <i class=\"fa fa-circle-o\"></i> </tr></table>\n|uhtml|bestof|<h2><strong>Game 1</strong> of <a href=\"/game-bestof3-gen9vgc2025regibo3-2353626388\">a best-of-3</a></h2>\n|t:|1745976195\n|gametype|doubles\n|player|p1|Odeio Corinthians|chuck|1285\n|player|p2|Cyb3rstr4w|pokemaniac|1256\n|teamsize|p1|6\n|teamsize|p2|6\n|gen|9\n|tier|[Gen 9] VGC 2025 Reg I (Bo3)\n|rated|\n|rule|Species Clause: Limit one of each Pok\u00e9mon\n|rule|Item Clause: Limit 1 of each item\n|clearpoke\n|poke|p1|Koraidon, L50|\n|poke|p1|Lunala, L50|\n|poke|p1|Chi-Yu, L50|\n|poke|p1|Ursaluna, L50, F|\n|poke|p1|Brute Bonnet, L50|\n|poke|p1|Flutter Mane, L50|\n|poke|p2|Koraidon, L50|\n|poke|p2|Brute Bonnet, L50|\n|poke|p2|Raging Bolt, L50|\n|poke|p2|Incineroar, L50, F|\n|poke|p2|Ogerpon-Cornerstone, L50, F|\n|poke|p2|Calyrex-Shadow, L50|\n|teampreview|4\n|showteam|p1|Koraidon||LifeOrb|OrichalcumPulse|FlareBlitz,FlameCharge,CloseCombat,Protect||||||50|,,,,,Fire]Lunala||PowerHerb|ShadowShield|MoongeistBeam,MeteorBeam,WideGuard,TrickRoom||||||50|,,,,,Water]Chi-Yu||ChoiceScarf|BeadsofRuin|Overheat,HeatWave,DarkPulse,Snarl||||||50|,,,,,Ghost]Ursaluna||FlameOrb|Guts|Facade,Earthquake,HeadlongRush,Protect|||F|||50|,,,,,Water]Brute Bonnet||CovertCloak|Protosynthesis|SeedBomb,SuckerPunch,Spore,RagePowder||||||50|,,,,,Water]Flutter Mane||FocusSash|Protosynthesis|Moonblast,IcyWind,ShadowBall,Protect||||||50|,,,,,Normal\n|showteam|p2|Koraidon||LifeOrb|OrichalcumPulse|CloseCombat,FlareBlitz,FlameCharge,Protect||||||50|,,,,,Fire]Brute Bonnet||CovertCloak|Protosynthesis|Protect,SuckerPunch,Spore,RagePowder||||||50|,,,,,Water]Raging Bolt||AssaultVest|Protosynthesis|Thunderbolt,Thunderclap,DracoMeteor,Electroweb||||||50|,,,,,Bug]Incineroar||SafetyGoggles|Intimidate|KnockOff,FlareBlitz,PartingShot,FakeOut|||F|||50|,,,,,Ghost]Ogerpon-Cornerstone||CornerstoneMask|Sturdy|IvyCudgel,Taunt,FollowMe,SpikyShield|||F|||50|,,,,,Rock]Calyrex-Shadow||FocusSash|AsOneSpectrier|AstralBarrage,Psychic,NastyPlot,Protect||||||50|,,,,,Ghost\n|inactive|Battle timer is ON: inactive players will automatically lose when time's up. (requested by Cyb3rstr4w)\n|inactive|Odeio Corinthians has 60 seconds left.\n|\n|t:|1745976266\n|start\n|switch|p1a: Lunala|Lunala, L50|100/100\n|switch|p1b: Brute Bonnet|Brute Bonnet, L50|100/100\n|switch|p2a: Brute Bonnet|Brute Bonnet, L50|100/100\n|switch|p2b: Koraidon|Koraidon, L50|100/100\n|-weather|SunnyDay|[from] ability: Orichalcum Pulse|[of] p2b: Koraidon\n|-activate|p1b: Brute Bonnet|ability: Protosynthesis\n|-start|p1b: Brute Bonnet|protosynthesisdef\n|-activate|p2a: Brute Bonnet|ability: Protosynthesis\n|-start|p2a: Brute Bonnet|protosynthesisdef\n|-activate|p2b: Koraidon|Orichalcum Pulse|[source]\n|turn|1\n|inactive|Odeio Corinthians has 30 seconds left.\n|inactive|Cyb3rstr4w has 30 seconds left.\n|inactive|Cyb3rstr4w has 20 seconds left.\n|inactive|Odeio Corinthians has 20 seconds left.\n|inactive|Cyb3rstr4w has 15 seconds left.\n|inactive|Odeio Corinthians has 15 seconds left.\n|inactive|Cyb3rstr4w has 10 seconds left.\n|inactive|Odeio Corinthians has 10 seconds left.\n|inactive|Cyb3rstr4w has 5 seconds left.\n|\n|t:|1745976320\n|-terastallize|p1b: Brute Bonnet|Water\n|move|p2b: Koraidon|Close Combat|p1b: Brute Bonnet\n|-damage|p1b: Brute Bonnet|41/100\n|-unboost|p2b: Koraidon|def|1\n|-unboost|p2b: Koraidon|spd|1\n|-damage|p2b: Koraidon|91/100|[from] item: Life Orb\n|move|p1a: Lunala|Meteor Beam||[still]\n|-prepare|p1a: Lunala|Meteor Beam\n|-boost|p1a: Lunala|spa|1\n|-enditem|p1a: Lunala|Power Herb\n|-anim|p1a: Lunala|Meteor Beam|p2b: Koraidon\n|-resisted|p2b: Koraidon\n|-damage|p2b: Koraidon|33/100\n|move|p2a: Brute Bonnet|Spore|p1a: Lunala\n|-status|p1a: Lunala|slp|[from] move: Spore\n|move|p1b: Brute Bonnet|Spore|p2b: Koraidon\n|-status|p2b: Koraidon|slp|[from] move: Spore\n|\n|-weather|SunnyDay|[upkeep]\n|upkeep\n|turn|2\n|inactive|Odeio Corinthians has 30 seconds left.\n|inactive|Cyb3rstr4w has 30 seconds left.\n|inactive|Odeio Corinthians has 20 seconds left.\n|inactive|Cyb3rstr4w has 20 seconds left.\n|inactive|Cyb3rstr4w has 15 seconds left.\n|\n|t:|1745976365\n|switch|p2b: Raging Bolt|Raging Bolt, L50|100/100\n|-activate|p2b: Raging Bolt|ability: Protosynthesis\n|-start|p2b: Raging Bolt|protosynthesisspa\n|move|p2a: Brute Bonnet|Sucker Punch|p1a: Lunala\n|-supereffective|p1a: Lunala\n|-damage|p1a: Lunala|52/100 slp\n|cant|p1a: Lunala|slp\n|move|p1b: Brute Bonnet|Seed Bomb|p2b: Raging Bolt\n|-resisted|p2b: Raging Bolt\n|-damage|p2b: Raging Bolt|88/100\n|\n|-weather|SunnyDay|[upkeep]\n|upkeep\n|turn|3\n|\n|t:|1745976385\n|-end|p2a: Brute Bonnet|Protosynthesis|[silent]\n|switch|p2a: Koraidon|Koraidon, L50|33/100 slp\n|-activate|p2a: Koraidon|ability: Orichalcum Pulse\n|cant|p1a: Lunala|slp\n|move|p2b: Raging Bolt|Draco Meteor|p1a: Lunala\n|-damage|p1a: Lunala|0 fnt\n|-unboost|p2b: Raging Bolt|spa|2\n|faint|p1a: Lunala\n|move|p1b: Brute Bonnet|Spore|p2b: Raging Bolt\n|-status|p2b: Raging Bolt|slp|[from] move: Spore\n|\n|-weather|SunnyDay|[upkeep]\n|upkeep\n|\n|t:|1745976397\n|switch|p1a: Koraidon|Koraidon, L50|100/100\n|-activate|p1a: Koraidon|ability: Orichalcum Pulse\n|turn|4\n|inactive|Cyb3rstr4w has 30 seconds left.\n|inactive|Cyb3rstr4w has 20 seconds left.\n|inactive|Cyb3rstr4w has 15 seconds left.\n|inactive|Cyb3rstr4w has 10 seconds left.\n|\n|t:|1745976443\n|move|p1a: Koraidon|Close Combat|p2a: Koraidon\n|-damage|p2a: Koraidon|0 fnt\n|-unboost|p1a: Koraidon|def|1\n|-unboost|p1a: Koraidon|spd|1\n|faint|p2a: Koraidon\n|-damage|p1a: Koraidon|91/100|[from] item: Life Orb\n|cant|p2b: Raging Bolt|slp\n|move|p1b: Brute Bonnet|Spore|p2b: Raging Bolt\n|-fail|p2b: Raging Bolt|slp\n|\n|-weather|SunnyDay|[upkeep]\n|upkeep\n|\n|t:|1745976454\n|switch|p2a: Brute Bonnet|Brute Bonnet, L50|100/100\n|-activate|p2a: Brute Bonnet|ability: Protosynthesis\n|-start|p2a: Brute Bonnet|protosynthesisdef\n|turn|5\n|\n|t:|1745976469\n|move|p2a: Brute Bonnet|Protect|p2a: Brute Bonnet\n|-singleturn|p2a: Brute Bonnet|Protect\n|move|p1a: Koraidon|Close Combat|p2a: Brute Bonnet\n|-activate|p2a: Brute Bonnet|move: Protect\n|-curestatus|p2b: Raging Bolt|slp|[msg]\n|move|p2b: Raging Bolt|Electroweb|p1a: Koraidon|[spread] p1a,p1b\n|-resisted|p1a: Koraidon\n|-supereffective|p1b: Brute Bonnet\n|-damage|p1a: Koraidon|79/100\n|-damage|p1b: Brute Bonnet|18/100\n|-unboost|p1a: Koraidon|spe|1\n|move|p1b: Brute Bonnet|Spore|p2a: Brute Bonnet\n|-activate|p2a: Brute Bonnet|move: Protect\n|\n|-weather|none\n|-end|p2b: Raging Bolt|Protosynthesis\n|-end|p1b: Brute Bonnet|Protosynthesis\n|-end|p2a: Brute Bonnet|Protosynthesis\n|upkeep\n|turn|6\n|inactive|Odeio Corinthians has 30 seconds left.\n|inactive|Cyb3rstr4w has 30 seconds left.\n|\n|t:|1745976499\n|switch|p1a: Chi-Yu|Chi-Yu, L50|100/100\n|-ability|p1a: Chi-Yu|Beads of Ruin\n|-end|p2b: Raging Bolt|Protosynthesis|[silent]\n|switch|p2b: Calyrex|Calyrex-Shadow, L50|100/100\n|-ability|p2b: Calyrex|As One\n|-ability|p2b: Calyrex|Unnerve\n|move|p1b: Brute Bonnet|Sucker Punch||[still]\n|-fail|p1b: Brute Bonnet\n|move|p2a: Brute Bonnet|Spore|p1a: Chi-Yu\n|-status|p1a: Chi-Yu|slp|[from] move: Spore\n|\n|upkeep\n|turn|7\n|inactive|Cyb3rstr4w has 30 seconds left.\n|\n|t:|1745976529\n|-terastallize|p2b: Calyrex|Ghost\n|move|p2a: Brute Bonnet|Sucker Punch|p1a: Chi-Yu\n|-resisted|p1a: Chi-Yu\n|-damage|p1a: Chi-Yu|78/100 slp\n|move|p1b: Brute Bonnet|Sucker Punch|p2b: Calyrex\n|-supereffective|p2b: Calyrex\n|-damage|p2b: Calyrex|24/100\n|cant|p1a: Chi-Yu|slp\n|move|p2b: Calyrex|Astral Barrage|p1a: Chi-Yu|[spread] p1a,p1b\n|-resisted|p1a: Chi-Yu\n|-damage|p1a: Chi-Yu|39/100 slp\n|-damage|p1b: Brute Bonnet|0 fnt\n|faint|p1b: Brute Bonnet\n|-end|p1b: Brute Bonnet|Protosynthesis|[silent]\n|-ability|p2b: Calyrex|Grim Neigh|boost\n|-boost|p2b: Calyrex|spa|1\n|\n|upkeep\n|\n|t:|1745976541\n|switch|p1b: Koraidon|Koraidon, L50|79/100\n|-weather|SunnyDay|[from] ability: Orichalcum Pulse|[of] p1b: Koraidon\n|-activate|p2a: Brute Bonnet|ability: Protosynthesis\n|-start|p2a: Brute Bonnet|protosynthesisdef\n|-activate|p1b: Koraidon|Orichalcum Pulse|[source]\n|turn|8\n|\n|t:|1745976554\n|move|p2a: Brute Bonnet|Sucker Punch|p1a: Chi-Yu\n|-resisted|p1a: Chi-Yu\n|-damage|p1a: Chi-Yu|19/100 slp\n|cant|p1a: Chi-Yu|slp\n|move|p2b: Calyrex|Astral Barrage|p1a: Chi-Yu|[spread] p1a,p1b\n|-resisted|p1a: Chi-Yu\n|-damage|p1a: Chi-Yu|0 fnt\n|-damage|p1b: Koraidon|0 fnt\n|faint|p1a: Chi-Yu\n|faint|p1b: Koraidon\n|\n|win|Cyb3rstr4w\n||Cyb3rstr4w is ready for game 2.\n||Odeio Corinthians is ready for game 2.\n|uhtml|next|Next: <a href=\"/battle-gen9vgc2025regibo3-2353629473\"><strong>Game 2 of 3</strong></a>\n", "uploadtime": 1745976826, "views": 13, "formatid": "gen9vgc2025regibo3", "rating": null, "private": 0, "password": null}