{"id": "gen9vgc2025regibo3-2354244178", "format": "[Gen 9] VGC 2025 Reg I (Bo3)", "players": ["MightyDynamo", "Sticky Glob"], "log": "|j|\u2606MightyDynamo\n|j|\u2606Sticky Glob\n|html|<table width=\"100%\"><tr><td align=\"left\">MightyDynamo</td><td align=\"right\">Sticky Glob</tr><tr><td align=\"left\"><i class=\"fa fa-circle-o\"></i> <i class=\"fa fa-circle-o\"></i> </td><td align=\"right\"><i class=\"fa fa-circle-o\"></i> <i class=\"fa fa-circle-o\"></i> </tr></table>\n|uhtml|bestof|<h2><strong>Game 1</strong> of <a href=\"/game-bestof3-gen9vgc2025regibo3-2354244177\">a best-of-3</a></h2>\n|t:|1746048441\n|gametype|doubles\n|player|p1|MightyDynamo|colress|1269\n|player|p2|Sticky Glob|clown|1307\n|teamsize|p1|6\n|teamsize|p2|6\n|gen|9\n|tier|[Gen 9] VGC 2025 Reg I (Bo3)\n|rated|\n|rule|Species Clause: Limit one of each Pok\u00e9mon\n|rule|Item Clause: Limit 1 of each item\n|clearpoke\n|poke|p1|Kyogre, L50|\n|poke|p1|Calyrex-Shadow, L50|\n|poke|p1|Incineroar, L50, F|\n|poke|p1|Rillaboom, L50, M|\n|poke|p1|Urshifu-*, L50, F|\n|poke|p1|Roaring Moon, L50|\n|poke|p2|Calyrex-Shadow, L50|\n|poke|p2|Tornadus, L50, M|\n|poke|p2|Urshifu-*, L50, F|\n|poke|p2|Zamazenta-*, L50|\n|poke|p2|Rillaboom, L50, M|\n|poke|p2|Chien-Pao, L50|\n|teampreview|4\n|showteam|p1|Kyogre||MysticWater|Drizzle|WaterSpout,OriginPulse,IceBeam,Protect||||||50|,,,,,Grass]Calyrex-Shadow||FocusSash|AsOneSpectrier|AstralBarrage,Encore,Disable,Protect||||||50|,,,,,Dark]Incineroar||SafetyGoggles|Blaze|FakeOut,WillOWisp,PartingShot,KnockOff|||F|||50|,,,,,Bug]Rillaboom||AssaultVest|Overgrow|FakeOut,GrassyGlide,Uturn,WoodHammer|||M|||50|,,,,,Fire]Urshifu-Rapid-Strike||ChoiceScarf|UnseenFist|SurgingStrikes,CloseCombat,AquaJet,Uturn|||F|||50|,,,,,Ghost]Roaring Moon||BoosterEnergy|Protosynthesis|KnockOff,Acrobatics,Tailwind,Protect||||||50|,,,,,Flying\n|showteam|p2|Calyrex-Shadow||FocusSash|AsOneSpectrier|AstralBarrage,Psychic,Encore,Protect||||||50|,,,,,Ghost]Tornadus||RockyHelmet|Prankster|Tailwind,RainDance,BleakwindStorm,Protect|||M|||50|,,,,,Dark]Urshifu-Rapid-Strike||MysticWater|UnseenFist|SurgingStrikes,CloseCombat,AquaJet,Detect|||F|||50|,,,,,Water]Zamazenta-Crowned||RustedShield|DauntlessShield|BodyPress,HeavySlam,WideGuard,Protect||||||50|,,,,,Ghost]Rillaboom||AssaultVest|GrassySurge|WoodHammer,Uturn,GrassyGlide,FakeOut|||M|||50|,,,,,Fire]Chien-Pao||LifeOrb|SwordofRuin|IcicleCrash,IceShard,SuckerPunch,Protect||||||50|,,,,,Stellar\n|inactive|Battle timer is ON: inactive players will automatically lose when time's up. (requested by Sticky Glob)\n|inactive|MightyDynamo also wants the timer to be on.\n|inactive|MightyDynamo has 60 seconds left.\n|inactive|Sticky Glob has 60 seconds left.\n|\n|t:|1746048499\n|start\n|switch|p1a: Incineroar|Incineroar, L50, F|100/100\n|switch|p1b: Roaring Moon|Roaring Moon, L50|100/100\n|switch|p2a: Zamazenta|Zamazenta-Crowned, L50|100/100\n|switch|p2b: Rillaboom|Rillaboom, L50, M|100/100\n|-ability|p2a: Zamazenta|Dauntless Shield|boost\n|-boost|p2a: Zamazenta|def|1\n|-fieldstart|move: Grassy Terrain|[from] ability: Grassy Surge|[of] p2b: Rillaboom\n|-enditem|p1b: Roaring Moon|Booster Energy\n|-activate|p1b: Roaring Moon|ability: Protosynthesis|[fromitem]\n|-start|p1b: Roaring Moon|protosynthesisspe\n|turn|1\n|inactive|MightyDynamo has 30 seconds left.\n|\n|t:|1746048534\n|move|p2b: Rillaboom|Fake Out|p1a: Incineroar\n|-damage|p1a: Incineroar|92/100\n|cant|p1a: Incineroar|flinch\n|move|p1b: Roaring Moon|Tailwind|p1b: Roaring Moon\n|-sidestart|p1: MightyDynamo|move: Tailwind\n|move|p2a: Zamazenta|Body Press|p1a: Incineroar\n|-supereffective|p1a: Incineroar\n|-damage|p1a: Incineroar|0 fnt\n|faint|p1a: Incineroar\n|\n|upkeep\n|inactive|MightyDynamo has 30 seconds left.\n|inactive|MightyDynamo has 20 seconds left.\n|\n|t:|1746048569\n|switch|p1a: Calyrex|Calyrex-Shadow, L50|100/100\n|-ability|p1a: Calyrex|As One\n|-ability|p1a: Calyrex|Unnerve\n|turn|2\n|inactive|MightyDynamo has 30 seconds left.\n|inactive|MightyDynamo has 20 seconds left.\n|\n|t:|1746048608\n|move|p2a: Zamazenta|Wide Guard|p2a: Zamazenta\n|-singleturn|p2a: Zamazenta|Wide Guard\n|move|p1b: Roaring Moon|Acrobatics|p2b: Rillaboom\n|-supereffective|p2b: Rillaboom\n|-damage|p2b: Rillaboom|33/100\n|move|p1a: Calyrex|Encore|p2a: Zamazenta\n|-start|p2a: Zamazenta|Encore\n|move|p2b: Rillaboom|U-turn|p1b: Roaring Moon\n|-supereffective|p1b: Roaring Moon\n|-damage|p1b: Roaring Moon|52/100\n|\n|t:|1746048620\n|switch|p2b: Tornadus|Tornadus, L50, M|100/100|[from] U-turn\n|\n|-heal|p1b: Roaring Moon|58/100|[from] Grassy Terrain\n|upkeep\n|turn|3\n|inactive|MightyDynamo has 30 seconds left.\n|inactive|MightyDynamo has 20 seconds left.\n|inactive|MightyDynamo has 15 seconds left.\n|inactive|MightyDynamo has 10 seconds left.\n|inactive|MightyDynamo has 5 seconds left.\n|\n|t:|1746048672\n|move|p2a: Zamazenta|Wide Guard|p2a: Zamazenta\n|-singleturn|p2a: Zamazenta|Wide Guard\n|move|p1b: Roaring Moon|Knock Off|p2a: Zamazenta\n|-resisted|p2a: Zamazenta\n|-damage|p2a: Zamazenta|93/100\n|move|p1a: Calyrex|Disable|p2a: Zamazenta\n|-start|p2a: Zamazenta|Disable|Wide Guard\n|move|p2b: Tornadus|Bleakwind Storm|p1a: Calyrex|[spread] p1a,p1b\n|-damage|p1a: Calyrex|69/100\n|-damage|p1b: Roaring Moon|29/100\n|-unboost|p1a: Calyrex|spe|1\n|\n|-heal|p1b: Roaring Moon|35/100|[from] Grassy Terrain\n|-heal|p1a: Calyrex|75/100|[from] Grassy Terrain\n|-heal|p2a: Zamazenta|99/100|[from] Grassy Terrain\n|upkeep\n|turn|4\n|inactive|MightyDynamo has 30 seconds left.\n|inactive|Sticky Glob has 30 seconds left.\n|inactive|MightyDynamo has 20 seconds left.\n|inactive|Sticky Glob has 20 seconds left.\n|inactive|MightyDynamo has 15 seconds left.\n|\n|t:|1746048713\n|switch|p1a: Kyogre|Kyogre, L50|100/100\n|-weather|RainDance|[from] ability: Drizzle|[of] p1a: Kyogre\n|switch|p2a: Rillaboom|Rillaboom, L50, M|33/100\n|-terastallize|p2b: Tornadus|Dark\n|move|p1b: Roaring Moon|Knock Off|p2a: Rillaboom\n|-damage|p2a: Rillaboom|0 fnt\n|-enditem|p2a: Rillaboom|Assault Vest|[from] move: Knock Off|[of] p1b: Roaring Moon\n|faint|p2a: Rillaboom\n|move|p2b: Tornadus|Bleakwind Storm|p1a: Kyogre|[spread] p1a,p1b\n|-damage|p1a: Kyogre|79/100\n|-damage|p1b: Roaring Moon|5/100\n|-unboost|p1b: Roaring Moon|spe|1\n|\n|-weather|RainDance|[upkeep]\n|-heal|p1b: Roaring Moon|11/100|[from] Grassy Terrain\n|-heal|p1a: Kyogre|85/100|[from] Grassy Terrain\n|-sideend|p1: MightyDynamo|move: Tailwind\n|upkeep\n|\n|t:|1746048731\n|switch|p2a: Zamazenta|Zamazenta-Crowned, L50|99/100\n|turn|5\n|\n|t:|1746048742\n|move|p1a: Kyogre|Protect|p1a: Kyogre\n|-singleturn|p1a: Kyogre|Protect\n|move|p2b: Tornadus|Tailwind|p2b: Tornadus\n|-sidestart|p2: Sticky Glob|move: Tailwind\n|move|p2a: Zamazenta|Body Press|p1a: Kyogre\n|-activate|p1a: Kyogre|move: Protect\n|move|p1b: Roaring Moon|Tailwind|p1b: Roaring Moon\n|-sidestart|p1: MightyDynamo|move: Tailwind\n|\n|-weather|RainDance|[upkeep]\n|-heal|p2a: Zamazenta|100/100|[from] Grassy Terrain\n|-heal|p1b: Roaring Moon|17/100|[from] Grassy Terrain\n|-heal|p1a: Kyogre|90/100|[from] Grassy Terrain\n|-fieldend|move: Grassy Terrain\n|upkeep\n|turn|6\n|inactive|MightyDynamo has 30 seconds left.\n|\n|t:|1746048775\n|-end|p1b: Roaring Moon|Protosynthesis|[silent]\n|switch|p1b: Calyrex|Calyrex-Shadow, L50|75/100\n|-ability|p1b: Calyrex|As One\n|-ability|p1b: Calyrex|Unnerve\n|move|p2a: Zamazenta|Body Press|p1a: Kyogre\n|-damage|p1a: Kyogre|45/100\n|move|p2b: Tornadus|Bleakwind Storm|p1b: Calyrex|[spread] p1a,p1b\n|-damage|p1a: Kyogre|25/100\n|-damage|p1b: Calyrex|39/100\n|move|p1a: Kyogre|Water Spout|p2b: Tornadus|[spread] p2a,p2b\n|-damage|p2a: Zamazenta|79/100\n|-damage|p2b: Tornadus|58/100\n|\n|-weather|RainDance|[upkeep]\n|upkeep\n|turn|7\n|inactive|MightyDynamo has 30 seconds left.\n|\n|t:|1746048805\n|move|p1b: Calyrex|Astral Barrage|p2a: Zamazenta|[spread] p2a,p2b\n|-resisted|p2b: Tornadus\n|-damage|p2a: Zamazenta|37/100\n|-damage|p2b: Tornadus|20/100\n|move|p2a: Zamazenta|Body Press|p1a: Kyogre\n|-damage|p1a: Kyogre|0 fnt\n|faint|p1a: Kyogre\n|move|p2b: Tornadus|Bleakwind Storm|p1b: Calyrex\n|-damage|p1b: Calyrex|0 fnt\n|faint|p1b: Calyrex\n|\n|-weather|RainDance|[upkeep]\n|upkeep\n|\n|t:|1746048815\n|switch|p1b: Roaring Moon|Roaring Moon, L50|17/100\n|turn|8\n|-message|MightyDynamo forfeited.\n|\n|win|Sticky Glob\n", "uploadtime": 1746048819, "views": 6, "formatid": "gen9vgc2025regibo3", "rating": null, "private": 0, "password": null}