{"id": "gen9vgc2025regibo3-2354901905", "format": "[Gen 9] VGC 2025 Reg I (Bo3)", "players": ["MangoFurret", "noice_cue_crew30"], "log": "|j|\u2606MangoFurret\n|j|\u2606noice_cue_crew30\n|html|<table width=\"100%\"><tr><td align=\"left\">MangoFurret</td><td align=\"right\">noice_cue_crew30</tr><tr><td align=\"left\"><i class=\"fa fa-circle\"></i> <i class=\"fa fa-circle-o\"></i> </td><td align=\"right\"><i class=\"fa fa-circle-o\"></i> <i class=\"fa fa-circle\"></i> </tr></table>\n|uhtml|bestof|<h2><strong>Game 3</strong> of <a href=\"/game-bestof3-gen9vgc2025regibo3-2354898042\">a best-of-3</a></h2>\n|t:|1746130033\n|gametype|doubles\n|player|p1|MangoFurret|unknown|1321\n|player|p2|noice_cue_crew30|101|1393\n|teamsize|p1|6\n|teamsize|p2|6\n|gen|9\n|tier|[Gen 9] VGC 2025 Reg I (Bo3)\n|rated|\n|rule|Species Clause: Limit one of each Pok\u00e9mon\n|rule|Item Clause: Limit 1 of each item\n|clearpoke\n|poke|p1|Kyogre, L50|\n|poke|p1|Zamazenta-*, L50|\n|poke|p1|Amoonguss, L50, F|\n|poke|p1|Chien-Pao, L50|\n|poke|p1|Urshifu-*, L50, M|\n|poke|p1|Roaring Moon, L50|\n|poke|p2|Zamazenta-*, L50|\n|poke|p2|Miraidon, L50|\n|poke|p2|Volcarona, L50, M|\n|poke|p2|Grimmsnarl, L50, M|\n|poke|p2|Chien-Pao, L50|\n|poke|p2|Iron Hands, L50|\n|teampreview|4\n|showteam|p1|Kyogre||MysticWater|Drizzle|WaterSpout,HydroPump,IceBeam,Protect||||||50|,,,,,Grass]Zamazenta-Crowned||RustedShield|DauntlessShield|behemothbash,BodyPress,WideGuard,Protect||||||50|,,,,,Grass]Amoonguss||RockyHelmet|Regenerator|RagePowder,Spore,SludgeBomb,Protect|||F|||50|,,,,,Fairy]Chien-Pao||FocusSash|SwordofRuin|IceSpinner,SuckerPunch,ThroatChop,Protect||||||50|,,,,,Ghost]Urshifu-Rapid-Strike||ChoiceScarf|UnseenFist|SurgingStrikes,CloseCombat,Uturn,Coaching|||M|||50|,,,,,Ghost]Roaring Moon||BoosterEnergy|Protosynthesis|KnockOff,Acrobatics,Tailwind,Protect||||||50|,,,,,Flying\n|showteam|p2|Zamazenta-Crowned||RustedShield|DauntlessShield|HeavySlam,BodyPress,WideGuard,Protect||||||50|,,,,,Dragon]Miraidon||ChoiceSpecs|HadronEngine|ElectroDrift,VoltSwitch,DracoMeteor,DazzlingGleam||||||50|,,,,,Fairy]Volcarona||Leftovers|FlameBody|FieryDance,GigaDrain,QuiverDance,Protect|||M|||50|,,,,,Grass]Grimmsnarl||LightClay|Prankster|Reflect,LightScreen,ThunderWave,FoulPlay|||M|||50|,,,,,Ghost]Chien-Pao||FocusSash|SwordofRuin|IcicleCrash,SuckerPunch,ThroatChop,Protect||||||50|,,,,,Stellar]Iron Hands||AssaultVest|QuarkDrive|FakeOut,WildCharge,LowKick,DrainPunch||||||50|,,,,,Bug\n|\n|t:|1746130056\n|start\n|switch|p1a: Ilgattopardo|Chien-Pao, L50|100/100\n|switch|p1b: Waloatzu|Urshifu-Rapid-Strike, L50, M|100/100\n|switch|p2a: Miraidon|Miraidon, L50|100/100\n|switch|p2b: Chien-Pao|Chien-Pao, L50|100/100\n|-ability|p1a: Ilgattopardo|Sword of Ruin\n|-fieldstart|move: Electric Terrain|[from] ability: Hadron Engine|[of] p2a: Miraidon\n|-ability|p2b: Chien-Pao|Sword of Ruin\n|turn|1\n|\n|t:|1746130094\n|move|p1b: Waloatzu|Surging Strikes|p2b: Chien-Pao\n|-crit|p2b: Chien-Pao\n|-damage|p2b: Chien-Pao|71/100\n|-crit|p2b: Chien-Pao\n|-damage|p2b: Chien-Pao|38/100\n|-crit|p2b: Chien-Pao\n|-damage|p2b: Chien-Pao|9/100\n|-hitcount|p2b: Chien-Pao|3\n|move|p1a: Ilgattopardo|Ice Spinner|p2a: Miraidon\n|-supereffective|p2a: Miraidon\n|-damage|p2a: Miraidon|0 fnt\n|-fieldend|move: Electric Terrain\n|faint|p2a: Miraidon\n|move|p2b: Chien-Pao|Throat Chop|p1a: Ilgattopardo\n|-resisted|p1a: Ilgattopardo\n|-damage|p1a: Ilgattopardo|69/100\n|-start|p1a: Ilgattopardo|Throat Chop|[silent]\n|\n|upkeep\n|\n|t:|1746130113\n|switch|p2a: Zamazenta|Zamazenta-Crowned, L50|100/100\n|-ability|p2a: Zamazenta|Dauntless Shield|boost\n|-boost|p2a: Zamazenta|def|1\n|turn|2\n|\n|t:|1746130121\n|move|p2b: Chien-Pao|Sucker Punch|p1b: Waloatzu\n|-resisted|p1b: Waloatzu\n|-damage|p1b: Waloatzu|76/100\n|move|p1b: Waloatzu|Surging Strikes|p2a: Zamazenta\n|-crit|p2a: Zamazenta\n|-damage|p2a: Zamazenta|83/100\n|-crit|p2a: Zamazenta\n|-damage|p2a: Zamazenta|65/100\n|-crit|p2a: Zamazenta\n|-damage|p2a: Zamazenta|46/100\n|-hitcount|p2a: Zamazenta|3\n|move|p1a: Ilgattopardo|Ice Spinner|p2a: Zamazenta\n|-resisted|p2a: Zamazenta\n|-damage|p2a: Zamazenta|36/100\n|move|p2a: Zamazenta|Heavy Slam|p1a: Ilgattopardo\n|-supereffective|p1a: Ilgattopardo\n|-damage|p1a: Ilgattopardo|0 fnt\n|faint|p1a: Ilgattopardo\n|\n|upkeep\n|\n|t:|1746130138\n|switch|p1a: Impostor|Amoonguss, L50, F|100/100\n|turn|3\n|\n|t:|1746130153\n|move|p1a: Impostor|Rage Powder|p1a: Impostor\n|-singleturn|p1a: Impostor|move: Rage Powder\n|move|p1b: Waloatzu|Surging Strikes|p2a: Zamazenta\n|-crit|p2a: Zamazenta\n|-damage|p2a: Zamazenta|17/100\n|-crit|p2a: Zamazenta\n|-damage|p2a: Zamazenta|0 fnt\n|faint|p2a: Zamazenta\n|-hitcount|p2: Zamazenta|2\n|move|p2b: Chien-Pao|Icicle Crash|p1a: Impostor\n|-supereffective|p1a: Impostor\n|-damage|p1a: Impostor|0 fnt\n|faint|p1a: Impostor\n|\n|upkeep\n|\n|t:|1746130165\n|switch|p2a: Volcarona|Volcarona, L50, M|100/100\n|switch|p1a: BigFish|Kyogre, L50|100/100\n|-weather|RainDance|[from] ability: Drizzle|[of] p1a: BigFish\n|turn|4\n|\n|t:|1746130182\n|-terastallize|p2a: Volcarona|Grass\n|-terastallize|p1a: BigFish|Grass\n|move|p2b: Chien-Pao|Sucker Punch|p1a: BigFish\n|-damage|p1a: BigFish|55/100\n|move|p1b: Waloatzu|Surging Strikes|p2b: Chien-Pao\n|-crit|p2b: Chien-Pao\n|-damage|p2b: Chien-Pao|0 fnt\n|faint|p2b: Chien-Pao\n|-hitcount|p2: Chien-Pao|1\n|move|p2a: Volcarona|Giga Drain|p1b: Waloatzu\n|-supereffective|p1b: Waloatzu\n|-damage|p1b: Waloatzu|0 fnt\n|faint|p1b: Waloatzu\n|move|p1a: BigFish|Water Spout|p2a: Volcarona\n|-resisted|p2a: Volcarona\n|-damage|p2a: Volcarona|58/100\n|\n|-weather|RainDance|[upkeep]\n|-heal|p2a: Volcarona|64/100|[from] item: Leftovers\n|upkeep\n|turn|5\n|\n|t:|1746130202\n|move|p2a: Volcarona|Protect|p2a: Volcarona\n|-singleturn|p2a: Volcarona|Protect\n|move|p1a: BigFish|Ice Beam|p2a: Volcarona\n|-activate|p2a: Volcarona|move: Protect\n|\n|-weather|RainDance|[upkeep]\n|-heal|p2a: Volcarona|70/100|[from] item: Leftovers\n|upkeep\n|turn|6\n|\n|t:|1746130214\n|move|p2a: Volcarona|Fiery Dance|p1a: BigFish\n|-supereffective|p1a: BigFish\n|-damage|p1a: BigFish|26/100\n|move|p1a: BigFish|Ice Beam|p2a: Volcarona\n|-supereffective|p2a: Volcarona\n|-damage|p2a: Volcarona|3/100\n|\n|-weather|RainDance|[upkeep]\n|-heal|p2a: Volcarona|10/100|[from] item: Leftovers\n|upkeep\n|turn|7\n|\n|t:|1746130235\n|move|p2a: Volcarona|Fiery Dance|p1a: BigFish\n|-supereffective|p1a: BigFish\n|-damage|p1a: BigFish|0 fnt\n|-boost|p2a: Volcarona|spa|1\n|faint|p1a: BigFish\n|\n|win|noice_cue_crew30\n|raw|MangoFurret's rating: 1321 &rarr; <strong>1305</strong><br />(-16 for losing)\n|raw|noice_cue_crew30's rating: 1393 &rarr; <strong>1409</strong><br />(+16 for winning)\n|l|\u2606noice_cue_crew30\n|player|p2|\n", "uploadtime": 1746130272, "views": 7, "formatid": "gen9vgc2025regibo3", "rating": 1305, "private": 0, "password": null}