{"id": "gen9vgc2025regibo3-2354052873", "format": "[Gen 9] VGC 2025 Reg I (Bo3)", "players": ["sergio23perez", "atlpreplup"], "log": "|j|\u2606sergio23perez\n|j|\u2606atlpreplup\n|html|<table width=\"100%\"><tr><td align=\"left\">sergio23perez</td><td align=\"right\">atlpreplup</tr><tr><td align=\"left\"><i class=\"fa fa-circle-o\"></i> <i class=\"fa fa-circle-o\"></i> </td><td align=\"right\"><i class=\"fa fa-circle-o\"></i> <i class=\"fa fa-circle-o\"></i> </tr></table>\n|uhtml|bestof|<h2><strong>Game 1</strong> of <a href=\"/game-bestof3-gen9vgc2025regibo3-2354052872\">a best-of-3</a></h2>\n|t:|1746030819\n|gametype|doubles\n|player|p1|sergio23perez|1|1261\n|player|p2|atlpreplup|170|1316\n|teamsize|p1|6\n|teamsize|p2|6\n|gen|9\n|tier|[Gen 9] VGC 2025 Reg I (Bo3)\n|rated|\n|rule|Species Clause: Limit one of each Pok\u00e9mon\n|rule|Item Clause: Limit 1 of each item\n|clearpoke\n|poke|p1|Miraidon, L50|\n|poke|p1|Ho-Oh, L50|\n|poke|p1|Urshifu-*, L50, F|\n|poke|p1|Iron Hands, L50|\n|poke|p1|Iron Treads, L50|\n|poke|p1|Farigiraf, L50, M|\n|poke|p2|Calyrex-Shadow, L50|\n|poke|p2|Incineroar, L50, F|\n|poke|p2|Koraidon, L50|\n|poke|p2|Brute Bonnet, L50|\n|poke|p2|Indeedee-F, L50, F|\n|poke|p2|Whimsicott, L50, M|\n|teampreview|4\n|showteam|p1|Miraidon||ChoiceSpecs|HadronEngine|DazzlingGleam,ElectroDrift,DracoMeteor,VoltSwitch||||||50|,,,,,Fairy]Ho-Oh||ClearAmulet|Regenerator|Tailwind,Protect,SacredFire,BraveBird||||||50|,,,,,Grass]Urshifu||FocusSash|UnseenFist|WickedBlow,SuckerPunch,CloseCombat,Detect|||F|||50|,,,,,Dark]Iron Hands||AssaultVest|QuarkDrive|WildCharge,LowKick,HeavySlam,FakeOut||||||50|,,,,,Poison]Iron Treads||ChoiceBand|QuarkDrive|HighHorsepower,IronHead,SteelRoller,RockSlide||||||50|,,,,,Ghost]Farigiraf||ElectricSeed|ArmorTail|Psychic,Roar,TrickRoom,HelpingHand|||M|||50|,,,,,Water\n|showteam|p2|Calyrex-Shadow||FocusSash|AsOneSpectrier|AstralBarrage,ExpandingForce,Disable,Protect||||||50|,,,,,Dark]Incineroar||AssaultVest|Intimidate|FakeOut,FlareBlitz,KnockOff,Uturn|||F|||50|,,,,,Bug]Koraidon||ClearAmulet|OrichalcumPulse|CollisionCourse,FlareBlitz,FlameCharge,Protect||||||50|,,,,,Fire]Brute Bonnet||RockyHelmet|Protosynthesis|SeedBomb,SuckerPunch,Spore,RagePowder||||||50|,,,,,Water]Indeedee-F||PsychicSeed|PsychicSurge|Psychic,HelpingHand,FollowMe,TrickRoom|||F|||50|,,,,,Water]Whimsicott||CovertCloak|Prankster|Moonblast,Tailwind,Encore,LightScreen|||M|||50|,,,,,Dark\n|inactive|Battle timer is ON: inactive players will automatically lose when time's up. (requested by sergio23perez)\n|inactive|sergio23perez has 60 seconds left.\n|inactive|atlpreplup has 60 seconds left.\n|inactive|sergio23perez has 30 seconds left.\n|\n|t:|1746030890\n|start\n|switch|p1a: Ho-Oh|Ho-Oh, L50|100/100\n|switch|p1b: Miraidon|Miraidon, L50|100/100\n|switch|p2a: Calyrex|Calyrex-Shadow, L50|100/100\n|switch|p2b: Indeedee|Indeedee-F, L50, F|100/100\n|-ability|p2a: Calyrex|As One\n|-ability|p2a: Calyrex|Unnerve\n|-fieldstart|move: Electric Terrain|[from] ability: Hadron Engine|[of] p1b: Miraidon\n|-fieldstart|move: Psychic Terrain|[from] ability: Psychic Surge|[of] p2b: Indeedee\n|-enditem|p2b: Indeedee|Psychic Seed\n|-boost|p2b: Indeedee|spd|1|[from] item: Psychic Seed\n|turn|1\n|inactive|atlpreplup has 30 seconds left.\n|inactive|atlpreplup has 20 seconds left.\n|inactive|atlpreplup has 15 seconds left.\n|inactive|atlpreplup has 10 seconds left.\n|\n|t:|1746030937\n|move|p2b: Indeedee|Helping Hand|p2a: Calyrex\n|-singleturn|p2a: Calyrex|Helping Hand|[of] p2b: Indeedee\n|move|p2a: Calyrex|Expanding Force|p1a: Ho-Oh|[spread] p1a,p1b\n|-damage|p1a: Ho-Oh|42/100\n|-damage|p1b: Miraidon|12/100\n|move|p1b: Miraidon|Volt Switch|p2b: Indeedee\n|-damage|p2b: Indeedee|64/100\n|\n|t:|1746030950\n|switch|p1b: crimsonracer|Iron Treads, L50, shiny|100/100|[from] Volt Switch\n|move|p1a: Ho-Oh|Sacred Fire|p2b: Indeedee\n|-damage|p2b: Indeedee|13/100\n|\n|upkeep\n|turn|2\n|inactive|atlpreplup has 30 seconds left.\n|\n|t:|1746030984\n|switch|p1a: Miraidon|Miraidon, L50|12/100\n|-fieldstart|move: Electric Terrain|[from] ability: Hadron Engine|[of] p1a: Miraidon\n|-activate|p1b: crimsonracer|ability: Quark Drive\n|-start|p1b: crimsonracer|quarkdrivespe\n|move|p2b: Indeedee|Helping Hand|p2a: Calyrex\n|-singleturn|p2a: Calyrex|Helping Hand|[of] p2b: Indeedee\n|move|p1b: crimsonracer|Rock Slide|p2b: Indeedee|[spread] p2a,p2b\n|-damage|p2a: Calyrex|68/100\n|-damage|p2b: Indeedee|0 fnt\n|faint|p2b: Indeedee\n|cant|p2a: Calyrex|flinch\n|\n|upkeep\n|\n|t:|1746030999\n|switch|p2b: Brute Bonnet|Brute Bonnet, L50|100/100\n|turn|3\n|\n|t:|1746031006\n|switch|p1a: mythicdreamr|Farigiraf, L50, M, shiny|100/100\n|-enditem|p1a: mythicdreamr|Electric Seed\n|-boost|p1a: mythicdreamr|def|1|[from] item: Electric Seed\n|move|p2b: Brute Bonnet|Sucker Punch||[still]\n|cant|p1a: mythicdreamr|ability: Armor Tail|Sucker Punch|[of] p2b: Brute Bonnet\n|move|p1b: crimsonracer|Rock Slide|p2a: Calyrex|[spread] p2a,p2b\n|-damage|p2a: Calyrex|36/100\n|-damage|p2b: Brute Bonnet|83/100\n|move|p2a: Calyrex|Astral Barrage|p1b: crimsonracer|[spread] p1b\n|-immune|p1a: mythicdreamr\n|-damage|p1b: crimsonracer|26/100\n|\n|upkeep\n|turn|4\n|\n|t:|1746031030\n|move|p2b: Brute Bonnet|Rage Powder|p2b: Brute Bonnet\n|-singleturn|p2b: Brute Bonnet|move: Rage Powder\n|move|p1b: crimsonracer|Rock Slide|p2b: Brute Bonnet|[spread] p2a,p2b\n|-damage|p2a: Calyrex|7/100\n|-damage|p2b: Brute Bonnet|67/100\n|move|p2a: Calyrex|Astral Barrage|p1b: crimsonracer|[spread] p1b\n|-immune|p1a: mythicdreamr\n|-damage|p1b: crimsonracer|0 fnt\n|faint|p1b: crimsonracer\n|-end|p1b: crimsonracer|Quark Drive|[silent]\n|-ability|p2a: Calyrex|Grim Neigh|boost\n|-boost|p2a: Calyrex|spa|1\n|move|p1a: mythicdreamr|Psychic|p2b: Brute Bonnet\n|-immune|p2b: Brute Bonnet\n|\n|upkeep\n|\n|t:|1746031037\n|switch|p1b: Ho-Oh|Ho-Oh, L50|75/100\n|turn|5\n|inactive|atlpreplup has 30 seconds left.\n|\n|t:|1746031070\n|move|p2b: Brute Bonnet|Rage Powder|p2b: Brute Bonnet\n|-singleturn|p2b: Brute Bonnet|move: Rage Powder\n|move|p2a: Calyrex|Astral Barrage|p1b: Ho-Oh|[spread] p1b\n|-immune|p1a: mythicdreamr\n|-damage|p1b: Ho-Oh|27/100\n|move|p1b: Ho-Oh|Sacred Fire|p2b: Brute Bonnet\n|-supereffective|p2b: Brute Bonnet\n|-damage|p2b: Brute Bonnet|0 fnt\n|faint|p2b: Brute Bonnet\n|-end|p2b: Brute Bonnet|Protosynthesis|[silent]\n|move|p1a: mythicdreamr|Psychic|p2a: Calyrex\n|-resisted|p2a: Calyrex\n|-damage|p2a: Calyrex|0 fnt\n|faint|p2a: Calyrex\n|\n|upkeep\n|\n|t:|1746031085\n|switch|p2b: Koraidon|Koraidon, L50|100/100\n|-weather|SunnyDay|[from] ability: Orichalcum Pulse|[of] p2b: Koraidon\n|-activate|p2b: Koraidon|Orichalcum Pulse|[source]\n|turn|6\n|inactive|atlpreplup has 30 seconds left.\n|\n|t:|1746031118\n|switch|p1b: Miraidon|Miraidon, L50|12/100\n|-activate|p1b: Miraidon|ability: Hadron Engine\n|-terastallize|p2b: Koraidon|Fire\n|move|p2b: Koraidon|Flare Blitz|p1b: Miraidon\n|-resisted|p1b: Miraidon\n|-damage|p1b: Miraidon|0 fnt\n|faint|p1b: Miraidon\n|-damage|p2b: Koraidon|97/100|[from] Recoil\n|move|p1a: mythicdreamr|Psychic|p2b: Koraidon\n|-damage|p2b: Koraidon|70/100\n|\n|-weather|SunnyDay|[upkeep]\n|-fieldend|move: Electric Terrain\n|upkeep\n|\n|t:|1746031129\n|switch|p1b: Ho-Oh|Ho-Oh, L50|60/100\n|turn|7\n|\n|t:|1746031136\n|move|p2b: Koraidon|Protect|p2b: Koraidon\n|-singleturn|p2b: Koraidon|Protect\n|move|p1b: Ho-Oh|Brave Bird|p2b: Koraidon\n|-activate|p2b: Koraidon|move: Protect\n|move|p1a: mythicdreamr|Psychic|p2b: Koraidon\n|-activate|p2b: Koraidon|move: Protect\n|\n|-weather|SunnyDay|[upkeep]\n|upkeep\n|turn|8\n|\n|t:|1746031147\n|move|p2b: Koraidon|Flare Blitz|p1b: Ho-Oh\n|-resisted|p1b: Ho-Oh\n|-damage|p1b: Ho-Oh|5/100\n|-damage|p2b: Koraidon|51/100|[from] Recoil\n|move|p1b: Ho-Oh|Brave Bird|p2b: Koraidon\n|-crit|p2b: Koraidon\n|-damage|p2b: Koraidon|0 fnt\n|faint|p2b: Koraidon\n|-damage|p1b: Ho-Oh|0 fnt|[from] Recoil\n|faint|p1b: Ho-Oh\n|\n|win|sergio23perez\n||sergio23perez is ready for game 2.\n|inactive|atlpreplup has 30 seconds to confirm battle start!\n||atlpreplup is ready for game 2.\n|uhtml|next|Next: <a href=\"/battle-gen9vgc2025regibo3-2354056861\"><strong>Game 2 of 3</strong></a>\n|l|\u2606sergio23perez\n|player|p1|\n", "uploadtime": 1746031613, "views": 27, "formatid": "gen9vgc2025regibo3", "rating": null, "private": 0, "password": null}