{"id": "gen9vgc2025regibo3-2355099066", "format": "[Gen 9] VGC 2025 Reg I (Bo3)", "players": ["Bionicsonic", "log764"], "log": "|j|\u2606Bionicsonic\n|j|\u2606log764\n|html|<table width=\"100%\"><tr><td align=\"left\">Bionicsonic</td><td align=\"right\">log764</tr><tr><td align=\"left\"><i class=\"fa fa-circle-o\"></i> <i class=\"fa fa-circle-o\"></i> </td><td align=\"right\"><i class=\"fa fa-circle-o\"></i> <i class=\"fa fa-circle-o\"></i> </tr></table>\n|uhtml|bestof|<h2><strong>Game 1</strong> of <a href=\"/game-bestof3-gen9vgc2025regibo3-2355099065\">a best-of-3</a></h2>\n|t:|1746152337\n|gametype|doubles\n|player|p1|Bionicsonic|riley|\n|player|p2|log764|ingo|\n|teamsize|p1|6\n|teamsize|p2|6\n|gen|9\n|tier|[Gen 9] VGC 2025 Reg I (Bo3)\n|rule|Species Clause: Limit one of each Pok\u00e9mon\n|rule|Item Clause: Limit 1 of each item\n|clearpoke\n|poke|p1|Pelipper, L50, F|\n|poke|p1|Palafin, L50, M|\n|poke|p1|Archaludon, L50, F|\n|poke|p1|Rillaboom, L50, M|\n|poke|p1|Baxcalibur, L50, M|\n|poke|p1|Clefairy, L50, M|\n|poke|p2|Skarmory, L50, M|\n|poke|p2|Glimmora, L50, M|\n|poke|p2|Toxapex, L50, F|\n|poke|p2|Electrode, L50|\n|poke|p2|Metagross, L50|\n|poke|p2|Dragapult, L50, M|\n|teampreview|4\n|showteam|p1|Pelipper||FocusSash|Drizzle|WideGuard,Protect,Tailwind,Hurricane|||F|||50|,,,,,Ghost]Palafin||ChoiceBand|ZerotoHero|JetPunch,CloseCombat,FlipTurn,WaveCrash|||M|||50|,,,,,Fire]Archaludon||AssaultVest|Stamina|DracoMeteor,FlashCannon,ElectroShot,BodyPress|||F|||50|,,,,,Grass]Rillaboom||MiracleSeed|GrassySurge|WoodHammer,Uturn,FakeOut,Protect|||M|||50|,,,,,Fire]Baxcalibur||ClearAmulet|ThermalExchange|IceShard,GlaiveRush,Protect,SwordsDance|||M|||50|,,,,,Poison]Clefairy||Eviolite|FriendGuard|FollowMe,Protect,Imprison,Sing|||M|||50|,,,,,Grass\n|showteam|p2|Skarmory||RockyHelmet|KeenEye|DrillPeck,Spikes,Whirlwind,Protect|||M|||50|,,,,,Steel]Glimmora||PowerHerb|ToxicDebris|MeteorBeam,SludgeWave,StealthRock,SpikyShield|||M|||50|,,,,,Grass]Toxapex||Leftovers|Regenerator|ToxicSpikes,SludgeWave,WideGuard,BanefulBunker|||F|||50|,,,,,Dragon]Electrode||FocusSash|Soundproof|Thunderbolt,Electroweb,TeraBlast,Protect||||||50|,,,,,Ground]Metagross||AssaultVest|ClearBody|StompingTantrum,BulletPunch,PsychicFangs,HeavySlam||||||50|,,,,,Flying]Dragapult||LifeOrb|Infiltrator|DragonDarts,DragonTail,ShadowBall,Protect|||M|||50|,,,,,Dragon\n|\n|t:|1746152382\n|start\n|switch|p1a: Plipper|Pelipper, L50, F, shiny|100/100\n|switch|p1b: NoHope|Palafin, L50, M, shiny|100/100\n|switch|p2a: the hat man|Dragapult, L50, M|100/100\n|switch|p2b: acetaminophen|Skarmory, L50, M|100/100\n|-weather|RainDance|[from] ability: Drizzle|[of] p1a: Plipper\n|turn|1\n|\n|t:|1746152413\n|move|p1b: NoHope|Flip Turn|p2b: acetaminophen\n|-damage|p2b: acetaminophen|74/100\n|-damage|p1b: NoHope|84/100|[from] item: Rocky Helmet|[of] p2b: acetaminophen\n|\n|t:|1746152420\n|detailschange|p1b: NoHope|Palafin-Hero, L50, M, shiny\n|switch|p1b: 5RillaBooms|Rillaboom, L50, M|100/100|[from] Flip Turn\n|-fieldstart|move: Grassy Terrain|[from] ability: Grassy Surge|[of] p1b: 5RillaBooms\n|move|p1a: Plipper|Tailwind|p1a: Plipper\n|-sidestart|p1: Bionicsonic|move: Tailwind\n|move|p2b: acetaminophen|Spikes|p1a: Plipper\n|-sidestart|p1: Bionicsonic|Spikes\n|move|p2a: the hat man|Dragon Tail|p1a: Plipper\n|-damage|p1a: Plipper|55/100\n|-damage|p2a: the hat man|91/100|[from] item: Life Orb\n|drag|p1a: NoHope|Palafin-Hero, L50, M, shiny|84/100\n|-damage|p1a: NoHope|72/100|[from] Spikes\n|-activate|p1a: NoHope|ability: Zero to Hero\n|\n|-weather|RainDance|[upkeep]\n|-heal|p1a: NoHope|78/100|[from] Grassy Terrain\n|-heal|p2a: the hat man|97/100|[from] Grassy Terrain\n|upkeep\n|turn|2\n|\n|t:|1746152454\n|move|p2a: the hat man|Protect|p2a: the hat man\n|-singleturn|p2a: the hat man|Protect\n|move|p1b: 5RillaBooms|Fake Out|p2b: acetaminophen\n|-resisted|p2b: acetaminophen\n|-damage|p2b: acetaminophen|70/100\n|-damage|p1b: 5RillaBooms|84/100|[from] item: Rocky Helmet|[of] p2b: acetaminophen\n|move|p1a: NoHope|Wave Crash|p2a: the hat man\n|-activate|p2a: the hat man|move: Protect\n|cant|p2b: acetaminophen|flinch\n|\n|-weather|RainDance|[upkeep]\n|-heal|p1a: NoHope|84/100|[from] Grassy Terrain\n|-heal|p1b: 5RillaBooms|90/100|[from] Grassy Terrain\n|-heal|p2a: the hat man|100/100|[from] Grassy Terrain\n|upkeep\n|turn|3\n|\n|t:|1746152500\n|move|p1b: 5RillaBooms|Protect|p1b: 5RillaBooms\n|-singleturn|p1b: 5RillaBooms|Protect\n|move|p1a: NoHope|Wave Crash|p2a: the hat man\n|-resisted|p2a: the hat man\n|-damage|p2a: the hat man|0 fnt\n|faint|p2a: the hat man\n|-damage|p1a: NoHope|53/100|[from] Recoil\n|move|p2b: acetaminophen|Spikes|p1a: NoHope\n|-sidestart|p1: Bionicsonic|Spikes\n|\n|-weather|RainDance|[upkeep]\n|-heal|p1a: NoHope|60/100|[from] Grassy Terrain\n|-heal|p1b: 5RillaBooms|96/100|[from] Grassy Terrain\n|upkeep\n|\n|t:|1746152511\n|switch|p2a: ibuprofen|Glimmora, L50, M|100/100\n|turn|4\n|\n|t:|1746152529\n|move|p2a: ibuprofen|Spiky Shield|p2a: ibuprofen\n|-singleturn|p2a: ibuprofen|move: Protect\n|move|p2b: acetaminophen|Protect|p2b: acetaminophen\n|-singleturn|p2b: acetaminophen|Protect\n|move|p1a: NoHope|Wave Crash|p2a: ibuprofen\n|-activate|p2a: ibuprofen|move: Protect\n|-damage|p1a: NoHope|47/100|[from] Spiky Shield|[of] p2a: ibuprofen\n|move|p1b: 5RillaBooms|U-turn|p2a: ibuprofen\n|-activate|p2a: ibuprofen|move: Protect\n|-damage|p1b: 5RillaBooms|84/100|[from] Spiky Shield|[of] p2a: ibuprofen\n|\n|-weather|RainDance|[upkeep]\n|-heal|p1a: NoHope|53/100|[from] Grassy Terrain\n|-heal|p1b: 5RillaBooms|89/100|[from] Grassy Terrain\n|-sideend|p1: Bionicsonic|move: Tailwind\n|upkeep\n|turn|5\n|\n|t:|1746152564\n|move|p1a: NoHope|Wave Crash|p2a: ibuprofen\n|-supereffective|p2a: ibuprofen\n|-damage|p2a: ibuprofen|0 fnt\n|-activate|p2a: ibuprofen|ability: Toxic Debris\n|-sidestart|p1: Bionicsonic|move: Toxic Spikes\n|faint|p2a: ibuprofen\n|-damage|p1a: NoHope|24/100|[from] Recoil\n|move|p1b: 5RillaBooms|Wood Hammer|p2b: acetaminophen\n|-resisted|p2b: acetaminophen\n|-damage|p2b: acetaminophen|56/100\n|-damage|p1b: 5RillaBooms|73/100|[from] item: Rocky Helmet|[of] p2b: acetaminophen\n|-damage|p1b: 5RillaBooms|69/100|[from] Recoil\n|move|p2b: acetaminophen|Drill Peck|p1b: 5RillaBooms\n|-supereffective|p1b: 5RillaBooms\n|-damage|p1b: 5RillaBooms|24/100\n|\n|-weather|none\n|-heal|p1a: NoHope|30/100|[from] Grassy Terrain\n|-heal|p1b: 5RillaBooms|30/100|[from] Grassy Terrain\n|-fieldend|move: Grassy Terrain\n|upkeep\n|\n|t:|1746152580\n|switch|p2a: the laxative|Metagross, L50, shiny|100/100\n|turn|6\n|\n|t:|1746152594\n|move|p2b: acetaminophen|Protect|p2b: acetaminophen\n|-singleturn|p2b: acetaminophen|Protect\n|move|p1a: NoHope|Wave Crash|p2b: acetaminophen\n|-activate|p2b: acetaminophen|move: Protect\n|move|p1b: 5RillaBooms|U-turn|p2b: acetaminophen\n|-activate|p2b: acetaminophen|move: Protect\n|move|p2a: the laxative|Heavy Slam|p1b: 5RillaBooms\n|-damage|p1b: 5RillaBooms|0 fnt\n|faint|p1b: 5RillaBooms\n|\n|upkeep\n|\n|t:|1746152604\n|switch|p1b: Plipper|Pelipper, L50, F, shiny|55/100\n|-weather|RainDance|[from] ability: Drizzle|[of] p1b: Plipper\n|turn|7\n|\n|t:|1746152620\n|move|p1b: Plipper|Wide Guard|p1b: Plipper\n|-singleturn|p1b: Plipper|Wide Guard\n|move|p1a: NoHope|Wave Crash|p2b: acetaminophen\n|-damage|p2b: acetaminophen|0 fnt\n|-damage|p1a: NoHope|14/100|[from] item: Rocky Helmet|[of] p2b: acetaminophen\n|faint|p2b: acetaminophen\n|-damage|p1a: NoHope|0 fnt|[from] Recoil\n|faint|p1a: NoHope\n|move|p2a: the laxative|Heavy Slam|p1b: Plipper\n|-resisted|p1b: Plipper\n|-damage|p1b: Plipper|16/100\n|\n|-weather|RainDance|[upkeep]\n|upkeep\n|\n|t:|1746152631\n|switch|p1a: Dundundoodididi|Archaludon, L50, F|100/100\n|-damage|p1a: Dundundoodididi|84/100|[from] Spikes\n|turn|8\n|\n|t:|1746152681\n|move|p2a: the laxative|Bullet Punch|p1b: Plipper\n|-resisted|p1b: Plipper\n|-damage|p1b: Plipper|3/100\n|move|p1b: Plipper|Hurricane|p2a: the laxative\n|-resisted|p2a: the laxative\n|-crit|p2a: the laxative\n|-damage|p2a: the laxative|80/100\n|move|p1a: Dundundoodididi|Body Press|p2a: the laxative\n|-damage|p2a: the laxative|63/100\n|\n|-weather|RainDance|[upkeep]\n|upkeep\n|turn|9\n|\n|t:|1746152704\n|move|p1b: Plipper|Hurricane|p2a: the laxative\n|-resisted|p2a: the laxative\n|-damage|p2a: the laxative|48/100\n|-start|p2a: the laxative|confusion\n|move|p1a: Dundundoodididi|Body Press|p2a: the laxative\n|-damage|p2a: the laxative|30/100\n|-activate|p2a: the laxative|confusion\n|-damage|p2a: the laxative|18/100|[from] confusion\n|\n|-weather|RainDance|[upkeep]\n|upkeep\n|turn|10\n|\n|t:|1746152719\n|-terastallize|p2a: the laxative|Flying\n|-activate|p2a: the laxative|confusion\n|move|p2a: the laxative|Bullet Punch|p1b: Plipper\n|-resisted|p1b: Plipper\n|-damage|p1b: Plipper|0 fnt\n|faint|p1b: Plipper\n|move|p1a: Dundundoodididi|Draco Meteor|p2a: the laxative\n|-damage|p2a: the laxative|0 fnt\n|-unboost|p1a: Dundundoodididi|spa|2\n|faint|p2a: the laxative\n|\n|win|Bionicsonic\n|inactive|Bionicsonic has 30 seconds to confirm battle start!\n|inactive|log764 has 30 seconds to confirm battle start!\n|l|\u2606log764\n|player|p2|\n|l|\u2606Bionicsonic\n|player|p1|\n||log764 is ready for game 2.\n||Bionicsonic is ready for game 2.\n|uhtml|next|Next: <a href=\"/battle-gen9vgc2025regibo3-2355102265\"><strong>Game 2 of 3</strong></a>\n", "uploadtime": 1746153069, "views": 9, "formatid": "gen9vgc2025regibo3", "rating": null, "private": 0, "password": null}