{"id": "gen9vgc2025regibo3-2354561065", "format": "[Gen 9] VGC 2025 Reg I (Bo3)", "players": ["bogel", "vigsengaming"], "log": "|j|\u2606bogel\n|j|\u2606vigsengaming\n|html|<table width=\"100%\"><tr><td align=\"left\">bogel</td><td align=\"right\">vigsengaming</tr><tr><td align=\"left\"><i class=\"fa fa-circle-o\"></i> <i class=\"fa fa-circle-o\"></i> </td><td align=\"right\"><i class=\"fa fa-circle-o\"></i> <i class=\"fa fa-circle-o\"></i> </tr></table>\n|uhtml|bestof|<h2><strong>Game 1</strong> of <a href=\"/game-bestof3-gen9vgc2025regibo3-2354561064\">a best-of-3</a></h2>\n|t:|1746094673\n|gametype|doubles\n|player|p1|bogel|1|1001\n|player|p2|vigsengaming|265|1090\n|teamsize|p1|6\n|teamsize|p2|6\n|gen|9\n|tier|[Gen 9] VGC 2025 Reg I (Bo3)\n|rated|\n|rule|Species Clause: Limit one of each Pok\u00e9mon\n|rule|Item Clause: Limit 1 of each item\n|clearpoke\n|poke|p1|Iron Jugulis, L50|\n|poke|p1|Miraidon, L50|\n|poke|p1|Ursaluna, L50, F|\n|poke|p1|Palkia, L50|\n|poke|p1|Iron Moth, L50|\n|poke|p1|Ogerpon-Cornerstone, L50, F|\n|poke|p2|Koraidon, L50|\n|poke|p2|Terapagos, L50, M|\n|poke|p2|Farigiraf, L50, F|\n|poke|p2|Incineroar, L50, M|\n|poke|p2|Whimsicott, L50, F|\n|poke|p2|Ogerpon-Hearthflame, L50, F|\n|teampreview|4\n|showteam|p1|Iron Jugulis||CovertCloak|QuarkDrive|DragonCheer,AirSlash,Snarl,Tailwind||||||50|,,,,,Ground]Miraidon||ScopeLens|HadronEngine|DracoMeteor,Discharge,Protect,DazzlingGleam||||||50|,,,,,Fairy]Ursaluna||FlameOrb|Guts|Facade,Protect,HeadlongRush,Earthquake|||F|||50|,,,,,Ghost]Palkia||LustrousOrb|Telepathy|SpacialRend,HydroPump,TrickRoom,PsychUp||||||50|,,,,,Steel]Iron Moth||PowerHerb|QuarkDrive|MeteorBeam,Protect,SludgeWave,FieryDance||||||50|,,,,,Fairy]Ogerpon-Cornerstone||CornerstoneMask|Sturdy|IvyCudgel,PowerWhip,FollowMe,SpikyShield|||F|||50|,,,,,Rock\n|showteam|p2|Koraidon||AssaultVest|OrichalcumPulse|FlareBlitz,CollisionCourse,FlameCharge,Uturn||||||50|,,,,,Fire]Terapagos||PowerHerb|TeraShift|MeteorBeam,TeraStarstorm,EarthPower,Protect|||M|||50|,,,,,Stellar]Farigiraf||SafetyGoggles|ArmorTail|Psychic,Protect,TrickRoom,Imprison|||F|||50|,,,,,Ground]Incineroar||RockyHelmet|Intimidate|FakeOut,KnockOff,WillOWisp,PartingShot|||M|||50|,,,,,Bug]Whimsicott||CovertCloak|Prankster|Tailwind,Moonblast,Encore,HelpingHand|||F|||50|,,,,,Water]Ogerpon-Hearthflame||HearthflameMask|MoldBreaker|IvyCudgel,HornLeech,SpikyShield,FollowMe|||F|||50|,,,,,Fire\n|inactive|Battle timer is ON: inactive players will automatically lose when time's up. (requested by bogel)\n|inactive|bogel has 60 seconds left.\n|inactive|vigsengaming has 60 seconds left.\n|\n|t:|1746094724\n|start\n|switch|p1a: Iron Moth|Iron Moth, L50, shiny|100/100\n|switch|p1b: Miraidon|Miraidon, L50|100/100\n|switch|p2a: Incineroar|Incineroar, L50, M|100/100\n|switch|p2b: Terapagos|Terapagos, L50, M|100/100\n|-activate|p2b: Terapagos|ability: Tera Shift\n|detailschange|p2b: Terapagos|Terapagos-Terastal, L50, M\n|-heal|p2b: Terapagos|100/100|[silent]\n|-fieldstart|move: Electric Terrain|[from] ability: Hadron Engine|[of] p1b: Miraidon\n|-activate|p1a: Iron Moth|ability: Quark Drive\n|-start|p1a: Iron Moth|quarkdrivespe\n|-ability|p2a: Incineroar|Intimidate|boost\n|-unboost|p1a: Iron Moth|atk|1\n|-unboost|p1b: Miraidon|atk|1\n|turn|1\n|inactive|bogel has 30 seconds left.\n|inactive|vigsengaming has 30 seconds left.\n|\n|t:|1746094753\n|move|p1a: Iron Moth|Protect|p1a: Iron Moth\n|-singleturn|p1a: Iron Moth|Protect\n|move|p1b: Miraidon|Protect|p1b: Miraidon\n|-singleturn|p1b: Miraidon|Protect\n|move|p2a: Incineroar|Fake Out|p1a: Iron Moth\n|-activate|p1a: Iron Moth|move: Protect\n|move|p2b: Terapagos|Meteor Beam||[still]\n|-prepare|p2b: Terapagos|Meteor Beam\n|-boost|p2b: Terapagos|spa|1\n|-enditem|p2b: Terapagos|Power Herb\n|-anim|p2b: Terapagos|Meteor Beam|p1a: Iron Moth\n|-activate|p1a: Iron Moth|move: Protect\n|\n|upkeep\n|turn|2\n|\n|t:|1746094767\n|move|p1a: Iron Moth|Meteor Beam||[still]\n|-prepare|p1a: Iron Moth|Meteor Beam\n|-boost|p1a: Iron Moth|spa|1\n|-enditem|p1a: Iron Moth|Power Herb\n|-anim|p1a: Iron Moth|Meteor Beam|p2a: Incineroar\n|-supereffective|p2a: Incineroar\n|-damage|p2a: Incineroar|11/100\n|move|p1b: Miraidon|Draco Meteor|p2b: Terapagos\n|-activate|p2b: Terapagos|ability: Tera Shell\n|-resisted|p2b: Terapagos\n|-damage|p2b: Terapagos|58/100\n|-unboost|p1b: Miraidon|spa|2\n|move|p2b: Terapagos|Meteor Beam||[still]\n|-prepare|p2b: Terapagos|Meteor Beam\n|-boost|p2b: Terapagos|spa|1\n|move|p2a: Incineroar|Parting Shot|p1b: Miraidon\n|-unboost|p1b: Miraidon|atk|1\n|-unboost|p1b: Miraidon|spa|1\n|\n|t:|1746094785\n|switch|p2a: Ogerpon|Ogerpon-Hearthflame, L50, F|100/100|[from] Parting Shot\n|-ability|p2a: Ogerpon|Mold Breaker\n|\n|upkeep\n|turn|3\n|inactive|bogel has 30 seconds left.\n|\n|t:|1746094814\n|move|p1a: Iron Moth|Protect|p1a: Iron Moth\n|-singleturn|p1a: Iron Moth|Protect\n|move|p1b: Miraidon|Protect|p1b: Miraidon\n|-singleturn|p1b: Miraidon|Protect\n|move|p2a: Ogerpon|Follow Me|p2a: Ogerpon\n|-singleturn|p2a: Ogerpon|move: Follow Me\n|move|p2b: Terapagos|Meteor Beam|p1a: Iron Moth|[from] lockedmove\n|-activate|p1a: Iron Moth|move: Protect\n|\n|upkeep\n|turn|4\n|\n|t:|1746094834\n|switch|p1b: Ursaluna|Ursaluna, L50, F|100/100\n|-terastallize|p2b: Terapagos|Stellar\n|detailschange|p2b: Terapagos|Terapagos-Stellar, L50, M, tera:Stellar\n|-heal|p2b: Terapagos|69/100|[silent]\n|-ability|p2b: Terapagos|Teraform Zero\n|-fieldend|move: Electric Terrain\n|-end|p1a: Iron Moth|Quark Drive\n|move|p2a: Ogerpon|Follow Me|p2a: Ogerpon\n|-singleturn|p2a: Ogerpon|move: Follow Me\n|move|p1a: Iron Moth|Sludge Wave|p2a: Ogerpon|[spread] p1b,p2a,p2b\n|-resisted|p1b: Ursaluna\n|-supereffective|p2a: Ogerpon\n|-damage|p1b: Ursaluna|78/100\n|-damage|p2a: Ogerpon|0 fnt\n|-damage|p2b: Terapagos|35/100\n|faint|p2a: Ogerpon\n|move|p2b: Terapagos|Tera Starstorm|p1b: Ursaluna|[spread] p1a,p1b\n|-damage|p1a: Iron Moth|22/100\n|-damage|p1b: Ursaluna|13/100\n|\n|-status|p1b: Ursaluna|brn|[from] item: Flame Orb\n|upkeep\n|\n|t:|1746094853\n|switch|p2a: Incineroar|Incineroar, L50, M|11/100\n|-ability|p2a: Incineroar|Intimidate|boost\n|-unboost|p1a: Iron Moth|atk|1\n|-unboost|p1b: Ursaluna|atk|1\n|turn|5\n|\n|t:|1746094865\n|move|p1a: Iron Moth|Protect|p1a: Iron Moth\n|-singleturn|p1a: Iron Moth|Protect\n|move|p2a: Incineroar|Fake Out|p1a: Iron Moth\n|-activate|p1a: Iron Moth|move: Protect\n|move|p2b: Terapagos|Tera Starstorm|p1b: Ursaluna|[spread] p1b\n|-activate|p1a: Iron Moth|move: Protect\n|-damage|p1b: Ursaluna|0 fnt\n|faint|p1b: Ursaluna\n|\n|upkeep\n|\n|t:|1746094873\n|switch|p1b: Miraidon|Miraidon, L50|100/100\n|-fieldstart|move: Electric Terrain|[from] ability: Hadron Engine|[of] p1b: Miraidon\n|-activate|p1a: Iron Moth|ability: Quark Drive\n|-start|p1a: Iron Moth|quarkdrivespa\n|turn|6\n|\n|t:|1746094884\n|switch|p2a: Koraidon|Koraidon, L50|100/100\n|-weather|SunnyDay|[from] ability: Orichalcum Pulse|[of] p2a: Koraidon\n|-activate|p2a: Koraidon|Orichalcum Pulse|[source]\n|move|p1b: Miraidon|Protect|p1b: Miraidon\n|-singleturn|p1b: Miraidon|Protect\n|move|p2b: Terapagos|Protect|p2b: Terapagos\n|-singleturn|p2b: Terapagos|Protect\n|move|p1a: Iron Moth|Sludge Wave|p2b: Terapagos|[spread] p2a\n|-activate|p1b: Miraidon|move: Protect\n|-activate|p2b: Terapagos|move: Protect\n|-damage|p2a: Koraidon|61/100\n|\n|-weather|SunnyDay|[upkeep]\n|upkeep\n|turn|7\n|inactive|bogel has 30 seconds left.\n|inactive|bogel has 20 seconds left.\n|inactive|bogel has 15 seconds left.\n|\n|t:|1746094927\n|-terastallize|p1b: Miraidon|Fairy\n|move|p2a: Koraidon|Flare Blitz|p1a: Iron Moth\n|-resisted|p1a: Iron Moth\n|-damage|p1a: Iron Moth|0 fnt\n|faint|p1a: Iron Moth\n|-end|p1a: Iron Moth|Quark Drive|[silent]\n|-damage|p2a: Koraidon|56/100|[from] Recoil\n|move|p1b: Miraidon|Dazzling Gleam|p2a: Koraidon|[spread] p2a,p2b\n|-supereffective|p2a: Koraidon\n|-damage|p2a: Koraidon|0 fnt\n|-damage|p2b: Terapagos|5/100\n|faint|p2a: Koraidon\n|move|p2b: Terapagos|Earth Power|p1b: Miraidon\n|-damage|p1b: Miraidon|35/100\n|\n|-weather|SunnyDay|[upkeep]\n|upkeep\n|\n|t:|1746094943\n|switch|p2a: Incineroar|Incineroar, L50, M|11/100\n|switch|p1a: Palkia|Palkia, L50|100/100\n|-ability|p2a: Incineroar|Intimidate|boost\n|-unboost|p1a: Palkia|atk|1\n|-unboost|p1b: Miraidon|atk|1\n|turn|8\n|\n|t:|1746094967\n|move|p1b: Miraidon|Protect|p1b: Miraidon\n|-singleturn|p1b: Miraidon|Protect\n|move|p2a: Incineroar|Fake Out|p1a: Palkia\n|-damage|p1a: Palkia|90/100\n|cant|p1a: Palkia|flinch\n|move|p2b: Terapagos|Tera Starstorm|p1a: Palkia|[spread] p1a\n|-activate|p1b: Miraidon|move: Protect\n|-crit|p1a: Palkia\n|-damage|p1a: Palkia|0 fnt\n|faint|p1a: Palkia\n|\n|-weather|SunnyDay|[upkeep]\n|upkeep\n|turn|9\n|\n|t:|1746094981\n|move|p1b: Miraidon|Dazzling Gleam|p2a: Incineroar|[spread] p2a,p2b\n|-crit|p2a: Incineroar\n|-crit|p2b: Terapagos\n|-damage|p2a: Incineroar|0 fnt\n|-damage|p2b: Terapagos|0 fnt\n|faint|p2a: Incineroar\n|faint|p2b: Terapagos\n|\n|win|bogel\n||bogel is ready for game 2.\n|l|\u2606vigsengaming\n|player|p2|\n||vigsengaming is ready for game 2.\n|uhtml|next|Next: <a href=\"/battle-gen9vgc2025regibo3-2354562827\"><strong>Game 2 of 3</strong></a>\n|l|\u2606bogel\n|player|p1|\n", "uploadtime": 1746095265, "views": 7, "formatid": "gen9vgc2025regibo3", "rating": null, "private": 0, "password": null}