{"id": "gen9vgc2025regibo3-2353622927", "format": "[Gen 9] VGC 2025 Reg I (Bo3)", "players": ["teamliquidwolfey", "ShinigamiRowlet"], "log": "|j|\u2606teamliquidwolfey\n|j|\u2606ShinigamiRowlet\n|html|<table width=\"100%\"><tr><td align=\"left\">teamliquidwolfey</td><td align=\"right\">ShinigamiRowlet</tr><tr><td align=\"left\"><i class=\"fa fa-circle\"></i> <i class=\"fa fa-circle-o\"></i> </td><td align=\"right\"><i class=\"fa fa-circle-o\"></i> <i class=\"fa fa-circle-o\"></i> </tr></table>\n|uhtml|bestof|<h2><strong>Game 2</strong> of <a href=\"/game-bestof3-gen9vgc2025regibo3-2353620797\">a best-of-3</a></h2>\n|t:|1745975782\n|gametype|doubles\n|player|p1|teamliquidwolfey|iris-gen5bw2|1134\n|player|p2|ShinigamiRowlet|li|1158\n|teamsize|p1|6\n|teamsize|p2|6\n|gen|9\n|tier|[Gen 9] VGC 2025 Reg I (Bo3)\n|rated|\n|rule|Species Clause: Limit one of each Pok\u00e9mon\n|rule|Item Clause: Limit 1 of each item\n|clearpoke\n|poke|p1|Miraidon, L50|\n|poke|p1|Calyrex-Ice, L50|\n|poke|p1|Ogerpon-Hearthflame, L50, F|\n|poke|p1|Farigiraf, L50, M|\n|poke|p1|Iron Hands, L50|\n|poke|p1|Iron Bundle, L50|\n|poke|p2|Terapagos, L50, M|\n|poke|p2|Incineroar, L50, F|\n|poke|p2|Amoonguss, L50, M|\n|poke|p2|Calyrex-Shadow, L50|\n|poke|p2|Tornadus, L50, M|\n|poke|p2|Urshifu-*, L50, F|\n|teampreview|4\n|showteam|p1|Miraidon||ChoiceSpecs|HadronEngine|ElectroDrift,VoltSwitch,DracoMeteor,DazzlingGleam||||||50|,,,,,Fairy]Calyrex-Ice||ClearAmulet|AsOneGlastrier|GlacialLance,HighHorsepower,TrickRoom,Protect||||||50|,,,,,Water]Ogerpon-Hearthflame||HearthflameMask|MoldBreaker|IvyCudgel,WoodHammer,FollowMe,SpikyShield|||F|||50|,,,,,Fire]Farigiraf||ElectricSeed|ArmorTail|FoulPlay,Psychic,HelpingHand,TrickRoom|||M|||50|,,,,,Water]Iron Hands||AssaultVest|QuarkDrive|FakeOut,DrainPunch,LowKick,WildCharge||||||50|,,,,,Water]Iron Bundle||FocusSash|QuarkDrive|HydroPump,FreezeDry,IcyWind,Protect||||||50|,,,,,Ghost\n|showteam|p2|Terapagos||Leftovers|TeraShift|TeraStarstorm,EarthPower,CalmMind,Protect|||M|||50|,,,,,Stellar]Incineroar||SafetyGoggles|Intimidate|FakeOut,WillOWisp,KnockOff,PartingShot|||F|||50|,,,,,Ghost]Amoonguss||RockyHelmet|Regenerator|PollenPuff,Spore,Protect,RagePowder|||M|||50|,,,,,Water]Calyrex-Shadow||FocusSash|AsOneSpectrier|AstralBarrage,Psychic,WillOWisp,Protect||||||50|,,,,,Ghost]Tornadus||CovertCloak|Prankster|Tailwind,RainDance,BleakwindStorm,Protect|||M|||50|,,,,,Dark]Urshifu-Rapid-Strike||MysticWater|UnseenFist|SurgingStrikes,Taunt,AquaJet,Detect|||F|||50|,,,,,Water\n|inactive|Battle timer is ON: inactive players will automatically lose when time's up. (requested by teamliquidwolfey)\n|inactive|teamliquidwolfey has 60 seconds left.\n|\n|t:|1745975813\n|start\n|switch|p1a: Miraidon|Miraidon, L50|100/100\n|switch|p1b: Iron Hands|Iron Hands, L50|100/100\n|switch|p2a: Calyrex|Calyrex-Shadow, L50|100/100\n|switch|p2b: Incineroar|Incineroar, L50, F|100/100\n|-ability|p2a: Calyrex|As One\n|-ability|p2a: Calyrex|Unnerve\n|-fieldstart|move: Electric Terrain|[from] ability: Hadron Engine|[of] p1a: Miraidon\n|-activate|p1b: Iron Hands|ability: Quark Drive\n|-start|p1b: Iron Hands|quarkdriveatk\n|-ability|p2b: Incineroar|Intimidate|boost\n|-unboost|p1a: Miraidon|atk|1\n|-unboost|p1b: Iron Hands|atk|1\n|turn|1\n|inactive|ShinigamiRowlet has 30 seconds left.\n|inactive|teamliquidwolfey has 30 seconds left.\n|inactive|ShinigamiRowlet has 20 seconds left.\n|inactive|ShinigamiRowlet has 15 seconds left.\n|\n|t:|1745975855\n|move|p2b: Incineroar|Fake Out|p1a: Miraidon\n|-damage|p1a: Miraidon|90/100\n|move|p2a: Calyrex|Astral Barrage|p1a: Miraidon|[spread] p1a,p1b\n|-damage|p1a: Miraidon|42/100\n|-damage|p1b: Iron Hands|73/100\n|cant|p1a: Miraidon|flinch\n|move|p1b: Iron Hands|Wild Charge|p2a: Calyrex\n|-crit|p2a: Calyrex\n|-enditem|p2a: Calyrex|Focus Sash\n|-damage|p2a: Calyrex|1/100\n|-damage|p1b: Iron Hands|54/100|[from] Recoil\n|\n|upkeep\n|turn|2\n|inactive|ShinigamiRowlet has 30 seconds left.\n|inactive|teamliquidwolfey has 30 seconds left.\n|inactive|ShinigamiRowlet has 20 seconds left.\n|\n|t:|1745975892\n|move|p2a: Calyrex|Protect|p2a: Calyrex\n|-singleturn|p2a: Calyrex|Protect\n|move|p1a: Miraidon|Volt Switch|p2b: Incineroar\n|-crit|p2b: Incineroar\n|-damage|p2b: Incineroar|0 fnt\n|faint|p2b: Incineroar\n|\n|t:|1745975902\n|switch|p1a: Calyrex|Calyrex-Ice, L50|100/100|[from] Volt Switch\n|-ability|p1a: Calyrex|As One\n|-ability|p1a: Calyrex|Unnerve\n|move|p1b: Iron Hands|Wild Charge|p2a: Calyrex\n|-activate|p2a: Calyrex|move: Protect\n|\n|upkeep\n|\n|t:|1745975923\n|switch|p2b: Terapagos|Terapagos, L50, M|100/100\n|-activate|p2b: Terapagos|ability: Tera Shift\n|detailschange|p2b: Terapagos|Terapagos-Terastal, L50, M\n|-heal|p2b: Terapagos|100/100|[silent]\n|turn|3\n|inactive|teamliquidwolfey has 30 seconds left.\n|inactive|ShinigamiRowlet has 30 seconds left.\n|inactive|teamliquidwolfey has 20 seconds left.\n|\n|t:|1745975958\n|-terastallize|p2b: Terapagos|Stellar\n|detailschange|p2b: Terapagos|Terapagos-Stellar, L50, M, tera:Stellar\n|-heal|p2b: Terapagos|100/100|[silent]\n|-ability|p2b: Terapagos|Teraform Zero\n|-fieldend|move: Electric Terrain\n|-end|p1b: Iron Hands|Quark Drive\n|move|p1a: Calyrex|Protect|p1a: Calyrex\n|-singleturn|p1a: Calyrex|Protect\n|move|p2a: Calyrex|Astral Barrage|p1a: Calyrex|[spread] p1b\n|-activate|p1a: Calyrex|move: Protect\n|-damage|p1b: Iron Hands|26/100\n|move|p2b: Terapagos|Tera Starstorm|p1a: Calyrex|[spread] p1b\n|-activate|p1a: Calyrex|move: Protect\n|-damage|p1b: Iron Hands|9/100\n|move|p1b: Iron Hands|Wild Charge|p2a: Calyrex\n|-damage|p2a: Calyrex|0 fnt\n|faint|p2a: Calyrex\n|-damage|p1b: Iron Hands|8/100|[from] Recoil\n|\n|upkeep\n|\n|t:|1745975974\n|switch|p2a: Amoonguss|Amoonguss, L50, M, shiny|100/100\n|turn|4\n|\n|t:|1745975991\n|switch|p1a: Miraidon|Miraidon, L50|42/100\n|-fieldstart|move: Electric Terrain|[from] ability: Hadron Engine|[of] p1a: Miraidon\n|-activate|p1b: Iron Hands|ability: Quark Drive\n|-start|p1b: Iron Hands|quarkdriveatk\n|move|p2b: Terapagos|Calm Mind|p2b: Terapagos\n|-boost|p2b: Terapagos|spa|1\n|-boost|p2b: Terapagos|spd|1\n|move|p1b: Iron Hands|Drain Punch|p2b: Terapagos\n|-supereffective|p2b: Terapagos\n|-damage|p2b: Terapagos|65/100\n|-heal|p1b: Iron Hands|27/100|[from] drain|[of] p2b: Terapagos\n|move|p2a: Amoonguss|Spore|p1a: Miraidon\n|-activate|p1a: Miraidon|move: Electric Terrain\n|\n|-heal|p2b: Terapagos|72/100|[from] item: Leftovers\n|upkeep\n|turn|5\n|inactive|teamliquidwolfey has 30 seconds left.\n|\n|t:|1745976020\n|move|p2a: Amoonguss|Protect|p2a: Amoonguss\n|-singleturn|p2a: Amoonguss|Protect\n|move|p1a: Miraidon|Volt Switch|p2b: Terapagos\n|-damage|p2b: Terapagos|27/100\n|\n|t:|1745976026\n|switch|p1a: Ogerpon|Ogerpon-Hearthflame, L50, F|100/100|[from] Volt Switch\n|-ability|p1a: Ogerpon|Mold Breaker\n|move|p2b: Terapagos|Tera Starstorm|p1a: Ogerpon|[spread] p1a,p1b\n|-damage|p1a: Ogerpon|52/100\n|-damage|p1b: Iron Hands|3/100\n|move|p1b: Iron Hands|Wild Charge|p2a: Amoonguss\n|-activate|p2a: Amoonguss|move: Protect\n|\n|-heal|p2b: Terapagos|34/100|[from] item: Leftovers\n|upkeep\n|turn|6\n|\n|t:|1745976050\n|move|p1a: Ogerpon|Spiky Shield|p1a: Ogerpon\n|-singleturn|p1a: Ogerpon|move: Protect\n|move|p2b: Terapagos|Tera Starstorm|p1b: Iron Hands|[spread] p1b\n|-activate|p1a: Ogerpon|move: Protect\n|-damage|p1b: Iron Hands|0 fnt\n|faint|p1b: Iron Hands\n|-end|p1b: Iron Hands|Quark Drive|[silent]\n|move|p2a: Amoonguss|Pollen Puff|p2b: Terapagos\n|-heal|p2b: Terapagos|83/100\n|\n|-heal|p2b: Terapagos|90/100|[from] item: Leftovers\n|upkeep\n|\n|t:|1745976059\n|switch|p1b: Calyrex|Calyrex-Ice, L50|100/100\n|-ability|p1b: Calyrex|As One\n|-ability|p1b: Calyrex|Unnerve\n|turn|7\n|\n|t:|1745976081\n|move|p2a: Amoonguss|Protect|p2a: Amoonguss\n|-singleturn|p2a: Amoonguss|Protect\n|move|p1a: Ogerpon|Ivy Cudgel|p2a: Amoonguss|[anim] Ivy Cudgel Fire\n|-activate|p2a: Amoonguss|move: Protect\n|move|p2b: Terapagos|Tera Starstorm|p1a: Ogerpon|[spread] p1a,p1b\n|-damage|p1a: Ogerpon|0 fnt\n|-damage|p1b: Calyrex|68/100\n|faint|p1a: Ogerpon\n|move|p1b: Calyrex|Glacial Lance|p2b: Terapagos|[spread] p2b\n|-activate|p2a: Amoonguss|move: Protect\n|-damage|p2b: Terapagos|61/100\n|\n|-heal|p2b: Terapagos|67/100|[from] item: Leftovers\n|upkeep\n|\n|t:|1745976085\n|switch|p1a: Miraidon|Miraidon, L50|42/100\n|-activate|p1a: Miraidon|ability: Hadron Engine\n|turn|8\n|inactive|ShinigamiRowlet has 30 seconds left.\n|inactive|ShinigamiRowlet has 20 seconds left.\n|inactive|ShinigamiRowlet has 15 seconds left.\n|inactive|teamliquidwolfey has 30 seconds left.\n|inactive|ShinigamiRowlet has 10 seconds left.\n|inactive|ShinigamiRowlet has 5 seconds left.\n|\n|t:|1745976149\n|move|p2a: Amoonguss|Protect|p2a: Amoonguss\n|-singleturn|p2a: Amoonguss|Protect\n|move|p1a: Miraidon|Draco Meteor|p2b: Terapagos\n|-damage|p2b: Terapagos|10/100\n|-unboost|p1a: Miraidon|spa|2\n|move|p2b: Terapagos|Tera Starstorm|p1b: Calyrex|[spread] p1a,p1b\n|-damage|p1a: Miraidon|0 fnt\n|-damage|p1b: Calyrex|34/100\n|faint|p1a: Miraidon\n|move|p1b: Calyrex|Glacial Lance|p2b: Terapagos|[spread] p2b\n|-activate|p2a: Amoonguss|move: Protect\n|-damage|p2b: Terapagos|0 fnt\n|faint|p2b: Terapagos\n|-ability|p1b: Calyrex|Chilling Neigh|boost\n|-boost|p1b: Calyrex|atk|1\n|\n|-fieldend|move: Electric Terrain\n|upkeep\n|turn|9\n|c|\u2606teamliquidwolfey|gg\n|\n|t:|1745976170\n|move|p1b: Calyrex|Glacial Lance|p2a: Amoonguss\n|-supereffective|p2a: Amoonguss\n|-damage|p2a: Amoonguss|0 fnt\n|faint|p2a: Amoonguss\n|\n|win|teamliquidwolfey\n|raw|teamliquidwolfey's rating: 1134 &rarr; <strong>1161</strong><br />(+27 for winning)\n|raw|ShinigamiRowlet's rating: 1158 &rarr; <strong>1131</strong><br />(-27 for losing)\n|l|\u2606ShinigamiRowlet\n|player|p2|\n", "uploadtime": 1745976231, "views": 6, "formatid": "gen9vgc2025regibo3", "rating": 1131, "private": 0, "password": null}