{"id": "gen9vgc2025regibo3-2354193707", "format": "[Gen 9] VGC 2025 Reg I (Bo3)", "players": ["CrtDaGoat", "miraidons the goat"], "log": "|j|\u2606CrtDaGoat\n|j|\u2606miraidons the goat\n|html|<table width=\"100%\"><tr><td align=\"left\">CrtDaGoat</td><td align=\"right\">miraidons the goat</tr><tr><td align=\"left\"><i class=\"fa fa-circle-o\"></i> <i class=\"fa fa-circle-o\"></i> </td><td align=\"right\"><i class=\"fa fa-circle-o\"></i> <i class=\"fa fa-circle-o\"></i> </tr></table>\n|uhtml|bestof|<h2><strong>Game 1</strong> of <a href=\"/game-bestof3-gen9vgc2025regibo3-2354193705\">a best-of-3</a></h2>\n|t:|1746043322\n|gametype|doubles\n|player|p1|CrtDaGoat|n|1079\n|player|p2|miraidons the goat|lisia-masters|1177\n|teamsize|p1|6\n|teamsize|p2|6\n|gen|9\n|tier|[Gen 9] VGC 2025 Reg I (Bo3)\n|rated|\n|rule|Species Clause: Limit one of each Pok\u00e9mon\n|rule|Item Clause: Limit 1 of each item\n|clearpoke\n|poke|p1|Tornadus, L50, M|\n|poke|p1|Chien-Pao, L50|\n|poke|p1|Kyogre, L50|\n|poke|p1|Rillaboom, L50, M|\n|poke|p1|Incineroar, L50, F|\n|poke|p1|Zacian-*, L50|\n|poke|p2|Calyrex-Shadow, L50|\n|poke|p2|Koraidon, L50|\n|poke|p2|Chi-Yu, L50|\n|poke|p2|Indeedee-F, L50, F|\n|poke|p2|Whimsicott, L50, F|\n|poke|p2|Ditto, L50|\n|teampreview|4\n|showteam|p1|Tornadus||CovertCloak|Prankster|BleakwindStorm,Protect,Taunt,Tailwind|||M|||50|,,,,,Ground]Chien-Pao||FocusSash|SwordofRuin|SacredSword,IcicleCrash,Protect,SuckerPunch||||||50|,,,,,Ghost]Kyogre||ChoiceScarf|Drizzle|WaterSpout,IceBeam,Thunder,OriginPulse||||||50|,,,,,Water]Rillaboom||AssaultVest|GrassySurge|WoodHammer,GrassyGlide,FakeOut,HighHorsepower|||M|||50|,,,,,Fire]Incineroar||SafetyGoggles|Intimidate|WillOWisp,PartingShot,KnockOff,FakeOut|||F|||50|,,,,,Ghost]Zacian-Crowned||RustedSword|IntrepidSword|CloseCombat,behemothblade,Protect,PlayRough||||||50|,,,,,Normal\n|showteam|p2|Calyrex-Shadow||ChoiceSpecs|AsOneSpectrier|AstralBarrage,ExpandingForce,PollenPuff,Psyshock||||||50|,,,,,Dark]Koraidon||LifeOrb|OrichalcumPulse|CloseCombat,FlareBlitz,DragonClaw,Protect||||||50|,,,,,Fire]Chi-Yu||ChoiceScarf|BeadsofRuin|Snarl,DarkPulse,HeatWave,Overheat||||||50|,,,,,Fire]Indeedee-F||PsychicSeed|PsychicSurge|FollowMe,TrickRoom,HelpingHand,ShadowBall|||F|||50|,,,,,Steel]Whimsicott||CovertCloak|Prankster|Tailwind,Encore,Moonblast,SunnyDay|||F|||50|,,,,,Dark]Ditto||FocusSash|Imposter|Transform||||||50|,,,,,Ghost\n|inactive|Battle timer is ON: inactive players will automatically lose when time's up. (requested by CrtDaGoat)\n|\n|t:|1746043354\n|start\n|switch|p1a: Incineroar|Incineroar, L50, F|100/100\n|switch|p1b: Tornadus|Tornadus, L50, M|100/100\n|switch|p2a: tumbleweed|Whimsicott, L50, F, shiny|100/100\n|switch|p2b: better bike|Koraidon, L50|100/100\n|-weather|SunnyDay|[from] ability: Orichalcum Pulse|[of] p2b: better bike\n|-activate|p2b: better bike|Orichalcum Pulse|[source]\n|-ability|p1a: Incineroar|Intimidate|boost\n|-unboost|p2a: tumbleweed|atk|1\n|-unboost|p2b: better bike|atk|1\n|turn|1\n|inactive|miraidons the goat has 30 seconds left.\n|\n|t:|1746043386\n|switch|p2b: copycat|Ditto, L50, shiny|100/100\n|-transform|p2b: copycat|p1a: Incineroar|[from] ability: Imposter\n|-ability|p2b: copycat|Intimidate|boost\n|-unboost|p1a: Incineroar|atk|1\n|-unboost|p1b: Tornadus|atk|1\n|switch|p2a: mind tricks|Calyrex-Shadow, L50|100/100\n|-ability|p2a: mind tricks|As One\n|-ability|p2a: mind tricks|Unnerve\n|switch|p1a: Kyogre|Kyogre, L50|100/100\n|-weather|RainDance|[from] ability: Drizzle|[of] p1a: Kyogre\n|move|p1b: Tornadus|Tailwind|p1b: Tornadus\n|-sidestart|p1: CrtDaGoat|move: Tailwind\n|\n|-weather|RainDance|[upkeep]\n|upkeep\n|turn|2\n|inactive|miraidons the goat has 30 seconds left.\n|\n|t:|1746043412\n|switch|p1a: Incineroar|Incineroar, L50, F|100/100\n|-ability|p1a: Incineroar|Intimidate|boost\n|-unboost|p2a: mind tricks|atk|1\n|-unboost|p2b: copycat|atk|1\n|move|p2b: copycat|Fake Out|p1a: Incineroar\n|-damage|p1a: Incineroar|94/100\n|move|p1b: Tornadus|Bleakwind Storm|p2a: mind tricks|[spread] p2a,p2b\n|-damage|p2a: mind tricks|63/100\n|-damage|p2b: copycat|58/100\n|move|p2a: mind tricks|Astral Barrage|p1a: Incineroar|[spread] p1a,p1b\n|-resisted|p1a: Incineroar\n|-damage|p1a: Incineroar|56/100\n|-damage|p1b: Tornadus|0 fnt\n|faint|p1b: Tornadus\n|-ability|p2a: mind tricks|Grim Neigh|boost\n|-boost|p2a: mind tricks|spa|1\n|\n|-weather|RainDance|[upkeep]\n|upkeep\n|\n|t:|1746043419\n|switch|p1b: Kyogre|Kyogre, L50|100/100\n|turn|3\n|\n|t:|1746043431\n|switch|p2b: better bike|Koraidon, L50|100/100\n|-weather|SunnyDay|[from] ability: Orichalcum Pulse|[of] p2b: better bike\n|-activate|p2b: better bike|Orichalcum Pulse|[source]\n|-terastallize|p1b: Kyogre|Water\n|move|p1b: Kyogre|Water Spout|p2b: better bike|[spread] p2a,p2b\n|-resisted|p2b: better bike\n|-damage|p2a: mind tricks|20/100\n|-damage|p2b: better bike|79/100\n|move|p1a: Incineroar|Knock Off|p2b: better bike\n|-resisted|p2b: better bike\n|-damage|p2b: better bike|63/100\n|-enditem|p2b: better bike|Life Orb|[from] move: Knock Off|[of] p1a: Incineroar\n|move|p2a: mind tricks|Astral Barrage|p1b: Kyogre|[spread] p1a,p1b\n|-resisted|p1a: Incineroar\n|-damage|p1a: Incineroar|0 fnt\n|-damage|p1b: Kyogre|3/100\n|faint|p1a: Incineroar\n|-ability|p2a: mind tricks|Grim Neigh|boost\n|-boost|p2a: mind tricks|spa|1\n|\n|-weather|SunnyDay|[upkeep]\n|upkeep\n|\n|t:|1746043439\n|switch|p1a: Zacian|Zacian-Crowned, L50|100/100\n|-ability|p1a: Zacian|Intrepid Sword|boost\n|-boost|p1a: Zacian|atk|1\n|turn|4\n|\n|t:|1746043458\n|switch|p2a: tumbleweed|Whimsicott, L50, F, shiny|100/100\n|switch|p2b: copycat|Ditto, L50, shiny|58/100\n|-transform|p2b: copycat|p1a: Zacian|[from] ability: Imposter\n|-ability|p2b: copycat|Intrepid Sword|boost\n|-boost|p2b: copycat|atk|1\n|move|p1b: Kyogre|Water Spout|p2a: tumbleweed|[spread] p2a,p2b\n|-resisted|p2a: tumbleweed\n|-damage|p2a: tumbleweed|99/100\n|-damage|p2b: copycat|57/100\n|move|p1a: Zacian|Play Rough|p2a: tumbleweed\n|-damage|p2a: tumbleweed|10/100\n|\n|-weather|SunnyDay|[upkeep]\n|-sideend|p1: CrtDaGoat|move: Tailwind\n|upkeep\n|turn|5\n|-message|CrtDaGoat forfeited.\n|\n|win|miraidons the goat\n|l|\u2606CrtDaGoat\n|player|p1|\n", "uploadtime": 1746043482, "views": 9, "formatid": "gen9vgc2025regibo3", "rating": null, "private": 0, "password": null}