{"id": "gen9vgc2025regibo3-2354168911", "format": "[Gen 9] VGC 2025 Reg I (Bo3)", "players": ["Deadlyshirts", "GunPlusMask"], "log": "|j|\u2606Deadlyshirts\n|j|\u2606GunPlusMask\n|html|<table width=\"100%\"><tr><td align=\"left\">Deadlyshirts</td><td align=\"right\">GunPlusMask</tr><tr><td align=\"left\"><i class=\"fa fa-circle-o\"></i> <i class=\"fa fa-circle-o\"></i> </td><td align=\"right\"><i class=\"fa fa-circle-o\"></i> <i class=\"fa fa-circle-o\"></i> </tr></table>\n|uhtml|bestof|<h2><strong>Game 1</strong> of <a href=\"/game-bestof3-gen9vgc2025regibo3-2354168910\">a best-of-3</a></h2>\n|t:|1746040938\n|gametype|doubles\n|player|p1|Deadlyshirts|265|\n|player|p2|GunPlusMask|n|\n|teamsize|p1|6\n|teamsize|p2|6\n|gen|9\n|tier|[Gen 9] VGC 2025 Reg I (Bo3)\n|rule|Species Clause: Limit one of each Pok\u00e9mon\n|rule|Item Clause: Limit 1 of each item\n|clearpoke\n|poke|p1|Bombirdier, L50, M|\n|poke|p1|Dusclops, L50, F|\n|poke|p1|Terapagos, L50, M|\n|poke|p1|Rillaboom, L50, F|\n|poke|p1|Primarina, L50, F|\n|poke|p1|Greninja-*, L50, M|\n|poke|p2|Ursaluna-Bloodmoon, L50, M|\n|poke|p2|Porygon2, L50|\n|poke|p2|Urshifu-*, L50, M|\n|poke|p2|Incineroar, L50, M|\n|poke|p2|Gholdengo, L50|\n|poke|p2|Miraidon, L50|\n|teampreview|4\n|showteam|p1|Bombirdier||StonePlate|RockyPayload|RockSlide,SuckerPunch,PartingShot,TeraBlast|||M|||50|,,,,,Rock]Dusclops||Eviolite|Frisk|TrickRoom,HelpingHand,Haze,PainSplit|||F|||50|,,,,,Normal]Terapagos||ClearAmulet|TeraShift|DazzlingGleam,TeraStarstorm,IceBeam,Protect|||M|||50|,,,,,Stellar]Rillaboom||WeaknessPolicy|GrassySurge|DrumBeating,FakeOut,KnockOff,GrassPledge|||F|||50|,,,,,Ghost]Primarina||LifeOrb|LiquidVoice|DazzlingGleam,HyperVoice,IcyWind,WaterPledge|||F|||50|,,,,,Water]Greninja||ChoiceScarf|Protean|WaterPledge,SludgeWave,TeraBlast,IcyWind|||M|||50|,,,,,Water\n|showteam|p2|Ursaluna-Bloodmoon||LifeOrb|MindsEye|BloodMoon,EarthPower,Moonblast,Protect|||M|||50|,,,,,Normal]Porygon2||Eviolite|Trace|TrickRoom,TriAttack,ThunderWave,IceBeam||||||50|,,,,,Ghost]Urshifu-Rapid-Strike||FocusSash|UnseenFist|CloseCombat,SurgingStrikes,IceSpinner,Protect|||M|||50|,,,,,Dark]Incineroar||AssaultVest|Intimidate|FakeOut,KnockOff,PartingShot,FlareBlitz|||M|||50|,,,,,Fire]Gholdengo||ChoiceSpecs|GoodasGold|MakeItRain,TeraBlast,ShadowBall,DazzlingGleam||||||50|,,,,,Steel]Miraidon||ChoiceScarf|HadronEngine|ElectroDrift,DragonPulse,DazzlingGleam,TeraBlast||||||50|,,,,,Fairy\n|\n|t:|1746040969\n|start\n|switch|p1a: Dusclops|Dusclops, L50, F, shiny|100/100\n|switch|p1b: Rillaboom|Rillaboom, L50, F|100/100\n|switch|p2a: Incineroar|Incineroar, L50, M, shiny|100/100\n|switch|p2b: Urshifu|Urshifu-Rapid-Strike, L50, M|100/100\n|-fieldstart|move: Grassy Terrain|[from] ability: Grassy Surge|[of] p1b: Rillaboom\n|-ability|p2a: Incineroar|Intimidate|boost\n|-unboost|p1a: Dusclops|atk|1\n|-unboost|p1b: Rillaboom|atk|1\n|-item|p2a: Incineroar|Assault Vest|[from] ability: Frisk|[of] p1a: Dusclops\n|-item|p2b: Urshifu|Focus Sash|[from] ability: Frisk|[of] p1a: Dusclops\n|turn|1\n|\n|t:|1746040985\n|move|p1b: Rillaboom|Fake Out|p2b: Urshifu\n|-damage|p2b: Urshifu|91/100\n|move|p2a: Incineroar|Fake Out|p1b: Rillaboom\n|-damage|p1b: Rillaboom|83/100\n|cant|p2b: Urshifu|flinch\n|move|p1a: Dusclops|Pain Split|p2a: Incineroar\n|-sethp|p2a: Incineroar|87/100|[from] move: Pain Split|[silent]\n|-sethp|p1a: Dusclops|100/100|[from] move: Pain Split\n|\n|-heal|p2b: Urshifu|96/100|[from] Grassy Terrain\n|-heal|p1b: Rillaboom|89/100|[from] Grassy Terrain\n|-heal|p2a: Incineroar|93/100|[from] Grassy Terrain\n|upkeep\n|turn|2\n|\n|t:|1746041008\n|switch|p1b: Terapagos|Terapagos, L50, M|100/100\n|-activate|p1b: Terapagos|ability: Tera Shift\n|detailschange|p1b: Terapagos|Terapagos-Terastal, L50, M\n|-heal|p1b: Terapagos|100/100|[silent]\n|move|p2b: Urshifu|Ice Spinner|p1b: Terapagos\n|-activate|p1b: Terapagos|ability: Tera Shell\n|-resisted|p1b: Terapagos\n|-damage|p1b: Terapagos|87/100\n|-fieldend|move: Grassy Terrain\n|move|p2a: Incineroar|Knock Off|p1b: Terapagos\n|-damage|p1b: Terapagos|34/100\n|-enditem|p1b: Terapagos|Clear Amulet|[from] move: Knock Off|[of] p2a: Incineroar\n|move|p1a: Dusclops|Trick Room|p1a: Dusclops\n|-fieldstart|move: Trick Room|[of] p1a: Dusclops\n|\n|upkeep\n|turn|3\n|\n|t:|1746041032\n|switch|p2a: Miraidon|Miraidon, L50|100/100\n|-fieldstart|move: Electric Terrain|[from] ability: Hadron Engine|[of] p2a: Miraidon\n|move|p1a: Dusclops|Helping Hand|p1b: Terapagos\n|-singleturn|p1b: Terapagos|Helping Hand|[of] p1a: Dusclops\n|move|p2b: Urshifu|Protect|p2b: Urshifu\n|-singleturn|p2b: Urshifu|Protect\n|move|p1b: Terapagos|Dazzling Gleam|p2b: Urshifu|[spread] p2a\n|-activate|p2b: Urshifu|move: Protect\n|-supereffective|p2a: Miraidon\n|-damage|p2a: Miraidon|52/100\n|\n|upkeep\n|turn|4\n|\n|t:|1746041049\n|switch|p1a: Rillaboom|Rillaboom, L50, F|89/100\n|-fieldstart|move: Grassy Terrain|[from] ability: Grassy Surge|[of] p1a: Rillaboom\n|switch|p1b: Primarina|Primarina, L50, F|100/100\n|move|p2b: Urshifu|Surging Strikes|p1a: Rillaboom\n|-resisted|p1a: Rillaboom\n|-crit|p1a: Rillaboom\n|-damage|p1a: Rillaboom|78/100\n|-resisted|p1a: Rillaboom\n|-crit|p1a: Rillaboom\n|-damage|p1a: Rillaboom|66/100\n|-resisted|p1a: Rillaboom\n|-crit|p1a: Rillaboom\n|-damage|p1a: Rillaboom|54/100\n|-hitcount|p1a: Rillaboom|3\n|move|p2a: Miraidon|Electro Drift|p1b: Primarina\n|-supereffective|p1b: Primarina\n|-damage|p1b: Primarina|0 fnt\n|faint|p1b: Primarina\n|\n|-heal|p1a: Rillaboom|60/100|[from] Grassy Terrain\n|-heal|p2b: Urshifu|100/100|[from] Grassy Terrain\n|-heal|p2a: Miraidon|58/100|[from] Grassy Terrain\n|upkeep\n|\n|t:|1746041053\n|switch|p1b: Terapagos|Terapagos-Terastal, L50, M|34/100\n|turn|5\n|\n|t:|1746041075\n|-terastallize|p1b: Terapagos|Stellar\n|detailschange|p1b: Terapagos|Terapagos-Stellar, L50, M, tera:Stellar\n|-heal|p1b: Terapagos|52/100|[silent]\n|-ability|p1b: Terapagos|Teraform Zero\n|-fieldend|move: Grassy Terrain\n|-terastallize|p2a: Miraidon|Fairy\n|move|p1a: Rillaboom|Fake Out|p2b: Urshifu\n|-damage|p2b: Urshifu|87/100\n|move|p1b: Terapagos|Tera Starstorm|p2a: Miraidon|[spread] p2a,p2b\n|-supereffective|p2a: Miraidon\n|-damage|p2a: Miraidon|0 fnt\n|-damage|p2b: Urshifu|31/100\n|faint|p2a: Miraidon\n|cant|p2b: Urshifu|flinch\n|\n|upkeep\n|\n|t:|1746041095\n|switch|p2a: Incineroar|Incineroar, L50, M, shiny|93/100\n|-ability|p2a: Incineroar|Intimidate|boost\n|-unboost|p1a: Rillaboom|atk|1\n|-unboost|p1b: Terapagos|atk|1\n|turn|6\n|\n|t:|1746041120\n|switch|p1b: Dusclops|Dusclops, L50, F, shiny|100/100\n|-item|p2a: Incineroar|Assault Vest|[from] ability: Frisk|[of] p1b: Dusclops\n|-item|p2b: Urshifu|Focus Sash|[from] ability: Frisk|[of] p1b: Dusclops\n|move|p2a: Incineroar|Fake Out|p1b: Dusclops\n|-immune|p1b: Dusclops\n|move|p1a: Rillaboom|Knock Off|p2a: Incineroar\n|-resisted|p2a: Incineroar\n|-damage|p2a: Incineroar|82/100\n|-enditem|p2a: Incineroar|Assault Vest|[from] move: Knock Off|[of] p1a: Rillaboom\n|move|p2b: Urshifu|Ice Spinner|p1a: Rillaboom\n|-supereffective|p1a: Rillaboom\n|-damage|p1a: Rillaboom|0 fnt\n|faint|p1a: Rillaboom\n|\n|-fieldend|move: Trick Room\n|upkeep\n|\n|t:|1746041131\n|switch|p1a: Terapagos|Terapagos-Stellar, L50, M, tera:Stellar|52/100\n|turn|7\n|\n|t:|1746041149\n|move|p2b: Urshifu|Close Combat|p1a: Terapagos\n|-supereffective|p1a: Terapagos\n|-damage|p1a: Terapagos|0 fnt\n|-unboost|p2b: Urshifu|def|1\n|-unboost|p2b: Urshifu|spd|1\n|faint|p1a: Terapagos\n|move|p2a: Incineroar|Knock Off|p1b: Dusclops\n|-supereffective|p1b: Dusclops\n|-damage|p1b: Dusclops|38/100\n|-enditem|p1b: Dusclops|Eviolite|[from] move: Knock Off|[of] p2a: Incineroar\n|move|p1b: Dusclops|Haze|p1b: Dusclops\n|-clearallboost\n|\n|upkeep\n|turn|8\n|-message|Deadlyshirts forfeited.\n|\n|win|GunPlusMask\n|l|\u2606Deadlyshirts\n|player|p1|\n||Deadlyshirts is ready for game 2.\n|inactive|GunPlusMask has 30 seconds to confirm battle start!\n||GunPlusMask is ready for game 2.\n|uhtml|next|Next: <a href=\"/battle-gen9vgc2025regibo3-2354171231\"><strong>Game 2 of 3</strong></a>\n", "uploadtime": 1746041455, "views": 6, "formatid": "gen9vgc2025regibo3", "rating": null, "private": 0, "password": null}