{"id": "gen9vgc2025regibo3-2355101029", "format": "[Gen 9] VGC 2025 Reg I (Bo3)", "players": ["mediocrememez", "Mirkovi"], "log": "|j|\u2606mediocrememez\n|j|\u2606Mirkovi\n|html|<table width=\"100%\"><tr><td align=\"left\">mediocrememez</td><td align=\"right\">Mirkovi</tr><tr><td align=\"left\"><i class=\"fa fa-circle-o\"></i> <i class=\"fa fa-circle-o\"></i> </td><td align=\"right\"><i class=\"fa fa-circle-o\"></i> <i class=\"fa fa-circle\"></i> </tr></table>\n|uhtml|bestof|<h2><strong>Game 2</strong> of <a href=\"/game-bestof3-gen9vgc2025regibo3-2355098834\">a best-of-3</a></h2>\n|t:|1746152587\n|gametype|doubles\n|player|p1|mediocrememez|dawn|1174\n|player|p2|Mirkovi|lucas|1092\n|teamsize|p1|6\n|teamsize|p2|6\n|gen|9\n|tier|[Gen 9] VGC 2025 Reg I (Bo3)\n|rated|\n|rule|Species Clause: Limit one of each Pok\u00e9mon\n|rule|Item Clause: Limit 1 of each item\n|clearpoke\n|poke|p1|Calyrex-Ice, L50|\n|poke|p1|Farigiraf, L50, M|\n|poke|p1|Incineroar, L50, M|\n|poke|p1|Miraidon, L50|\n|poke|p1|Ogerpon-Cornerstone, L50, F|\n|poke|p1|Urshifu-*, L50, F|\n|poke|p2|Zamazenta-*, L50|\n|poke|p2|Amoonguss, L50, M|\n|poke|p2|Chien-Pao, L50|\n|poke|p2|Urshifu-*, L50, F|\n|poke|p2|Tornadus, L50, M|\n|poke|p2|Kyogre, L50|\n|teampreview|4\n|showteam|p1|Calyrex-Ice||ClearAmulet|AsOneGlastrier|Protect,TrickRoom,GlacialLance,HighHorsepower||||||50|,,,,,Fire]Farigiraf||ThroatSpray|ArmorTail|TrickRoom,Psychic,HyperVoice,HelpingHand|||M|||50|,,,,,Fairy]Incineroar||SafetyGoggles|Intimidate|FakeOut,WillOWisp,KnockOff,PartingShot|||M|||50|,,,,,Ghost]Miraidon||AssaultVest|HadronEngine|VoltSwitch,DracoMeteor,ElectroDrift,DazzlingGleam||||||50|,,,,,Fairy]Ogerpon-Cornerstone||CornerstoneMask|Sturdy|FollowMe,SpikyShield,IvyCudgel,HornLeech|||F|||50|,,,,,Rock]Urshifu-Rapid-Strike||FocusSash|UnseenFist|Detect,SurgingStrikes,CloseCombat,AquaJet|||F|||50|,,,,,Fighting\n|showteam|p2|Zamazenta-Crowned||RustedShield|DauntlessShield|BodyPress,HeavySlam,WideGuard,Protect||||||50|,,,,,Dragon]Amoonguss||RockyHelmet|Regenerator|Spore,RagePowder,PollenPuff,Protect|||M|||50|,,,,,Water]Chien-Pao||FocusSash|SwordofRuin|IceSpinner,SuckerPunch,ThroatChop,Protect||||||50|,,,,,Ghost]Urshifu-Rapid-Strike||ChoiceScarf|UnseenFist|SurgingStrikes,CloseCombat,Uturn,RainDance|||F|||50|,,,,,Water]Tornadus||CovertCloak|Prankster|BleakwindStorm,Tailwind,Taunt,RainDance|||M|||50|,,,,,Steel]Kyogre||MysticWater|Drizzle|OriginPulse,IceBeam,WaterSpout,Protect||||||50|,,,,,Grass\n|inactive|Battle timer is ON: inactive players will automatically lose when time's up. (requested by mediocrememez)\n|inactive|Mirkovi has 60 seconds left.\n|\n|t:|1746152645\n|start\n|switch|p1a: Miraidon|Miraidon, L50|100/100\n|switch|p1b: Ogerpon|Ogerpon-Cornerstone, L50, F|100/100\n|switch|p2a: I Come With Mud|Tornadus, L50, M|100/100\n|switch|p2b: Kyogre|Kyogre, L50|100/100\n|-fieldstart|move: Electric Terrain|[from] ability: Hadron Engine|[of] p1a: Miraidon\n|-weather|RainDance|[from] ability: Drizzle|[of] p2b: Kyogre\n|turn|1\n|\n|t:|1746152666\n|-terastallize|p2b: Kyogre|Grass\n|move|p2a: I Come With Mud|Tailwind|p2a: I Come With Mud\n|-sidestart|p2: Mirkovi|move: Tailwind\n|move|p2b: Kyogre|Water Spout|p1a: Miraidon|[spread] p1a,p1b\n|-resisted|p1a: Miraidon\n|-crit|p1a: Miraidon\n|-damage|p1a: Miraidon|39/100\n|-ability|p1b: Ogerpon|Sturdy\n|-damage|p1b: Ogerpon|1/100\n|move|p1a: Miraidon|Volt Switch|p2a: I Come With Mud\n|-supereffective|p2a: I Come With Mud\n|-damage|p2a: I Come With Mud|0 fnt\n|faint|p2a: I Come With Mud\n|\n|t:|1746152688\n|switch|p1a: Calyrex|Calyrex-Ice, L50|100/100|[from] Volt Switch\n|-ability|p1a: Calyrex|As One\n|-ability|p1a: Calyrex|Unnerve\n|move|p1b: Ogerpon|Horn Leech|p2b: Kyogre\n|-resisted|p2b: Kyogre\n|-damage|p2b: Kyogre|80/100\n|-heal|p1b: Ogerpon|13/100|[from] drain|[of] p2b: Kyogre\n|\n|-weather|RainDance|[upkeep]\n|upkeep\n|\n|t:|1746152698\n|switch|p2a: Show Me How|Zamazenta-Crowned, L50|100/100\n|-ability|p2a: Show Me How|Dauntless Shield|boost\n|-boost|p2a: Show Me How|def|1\n|turn|2\n|\n|t:|1746152715\n|move|p1b: Ogerpon|Follow Me|p1b: Ogerpon\n|-singleturn|p1b: Ogerpon|move: Follow Me\n|move|p2a: Show Me How|Body Press|p1b: Ogerpon\n|-supereffective|p1b: Ogerpon\n|-damage|p1b: Ogerpon|0 fnt\n|faint|p1b: Ogerpon\n|move|p2b: Kyogre|Water Spout|p1a: Calyrex\n|-damage|p1a: Calyrex|3/100\n|move|p1a: Calyrex|Trick Room|p1a: Calyrex\n|-fieldstart|move: Trick Room|[of] p1a: Calyrex\n|\n|-weather|RainDance|[upkeep]\n|upkeep\n|\n|t:|1746152725\n|switch|p1b: Incineroar|Incineroar, L50, M|100/100\n|-ability|p1b: Incineroar|Intimidate|boost\n|-unboost|p2a: Show Me How|atk|1\n|-unboost|p2b: Kyogre|atk|1\n|turn|3\n|\n|t:|1746152738\n|-terastallize|p1b: Incineroar|Ghost\n|move|p1a: Calyrex|Protect|p1a: Calyrex\n|-singleturn|p1a: Calyrex|Protect\n|move|p2a: Show Me How|Protect|p2a: Show Me How\n|-singleturn|p2a: Show Me How|Protect\n|move|p1b: Incineroar|Knock Off|p2b: Kyogre\n|-damage|p2b: Kyogre|44/100\n|-enditem|p2b: Kyogre|Mystic Water|[from] move: Knock Off|[of] p1b: Incineroar\n|move|p2b: Kyogre|Water Spout|p1b: Incineroar|[spread] p1b\n|-activate|p1a: Calyrex|move: Protect\n|-damage|p1b: Incineroar|60/100\n|\n|-weather|RainDance|[upkeep]\n|upkeep\n|turn|4\n|\n|t:|1746152763\n|switch|p2a: Lauren|Urshifu-Rapid-Strike, L50, F|100/100\n|move|p1a: Calyrex|Glacial Lance|p2a: Lauren|[spread] p2a,p2b\n|-resisted|p2a: Lauren\n|-supereffective|p2b: Kyogre\n|-damage|p2a: Lauren|70/100\n|-damage|p2b: Kyogre|0 fnt\n|faint|p2b: Kyogre\n|-ability|p1a: Calyrex|Chilling Neigh|boost\n|-boost|p1a: Calyrex|atk|1\n|move|p1b: Incineroar|Will-O-Wisp|p2a: Lauren|[miss]\n|-miss|p1b: Incineroar|p2a: Lauren\n|\n|-weather|RainDance|[upkeep]\n|-sideend|p2: Mirkovi|move: Tailwind\n|upkeep\n|\n|t:|1746152775\n|switch|p2b: Show Me How|Zamazenta-Crowned, L50|100/100\n|turn|5\n|inactive|mediocrememez has 30 seconds left.\n|\n|t:|1746152801\n|move|p1a: Calyrex|High Horsepower|p2b: Show Me How\n|-supereffective|p2b: Show Me How\n|-damage|p2b: Show Me How|26/100\n|move|p1b: Incineroar|Will-O-Wisp|p2a: Lauren|[miss]\n|-miss|p1b: Incineroar|p2a: Lauren\n|move|p2b: Show Me How|Body Press|p1a: Calyrex\n|-damage|p1a: Calyrex|0 fnt\n|faint|p1a: Calyrex\n|move|p2a: Lauren|Surging Strikes|p1b: Incineroar\n|-crit|p1b: Incineroar\n|-damage|p1b: Incineroar|38/100\n|-crit|p1b: Incineroar\n|-damage|p1b: Incineroar|15/100\n|-crit|p1b: Incineroar\n|-damage|p1b: Incineroar|0 fnt\n|faint|p1b: Incineroar\n|-hitcount|p1: Incineroar|3\n|\n|-weather|none\n|-fieldend|move: Electric Terrain\n|upkeep\n|c|\u2606mediocrememez|ggwp\n|-message|mediocrememez forfeited.\n|raw|mediocrememez's rating: 1174 &rarr; <strong>1143</strong><br />(-31 for losing)\n|raw|Mirkovi's rating: 1092 &rarr; <strong>1124</strong><br />(+32 for winning)\n|\n|win|Mirkovi\n|l|\u2606mediocrememez\n|player|p1|\n|c|\u2606Mirkovi|gg\n", "uploadtime": 1746152943, "views": 4, "formatid": "gen9vgc2025regibo3", "rating": 1124, "private": 0, "password": null}