{"id": "gen9vgc2025regibo3-2354608771", "format": "[Gen 9] VGC 2025 Reg I (Bo3)", "players": ["Ytterby", "wibe guarb"], "log": "|j|\u2606Ytterby\n|j|\u2606wibe guarb\n|html|<table width=\"100%\"><tr><td align=\"left\">Ytterby</td><td align=\"right\">wibe guarb</tr><tr><td align=\"left\"><i class=\"fa fa-circle\"></i> <i class=\"fa fa-circle-o\"></i> </td><td align=\"right\"><i class=\"fa fa-circle-o\"></i> <i class=\"fa fa-circle\"></i> </tr></table>\n|uhtml|bestof|<h2><strong>Game 3</strong> of <a href=\"/game-bestof3-gen9vgc2025regibo3-2354598583\">a best-of-3</a></h2>\n|t:|1746102286\n|gametype|doubles\n|player|p1|Ytterby|brycenman|\n|player|p2|wibe guarb|ninjaboy|\n|teamsize|p1|6\n|teamsize|p2|6\n|gen|9\n|tier|[Gen 9] VGC 2025 Reg I (Bo3)\n|rule|Species Clause: Limit one of each Pok\u00e9mon\n|rule|Item Clause: Limit 1 of each item\n|clearpoke\n|poke|p1|Dragonite, L50, F|\n|poke|p1|Iron Valiant, L50|\n|poke|p1|Miraidon, L50|\n|poke|p1|Grimmsnarl, L50, M|\n|poke|p1|Giratina, L50|\n|poke|p1|Weezing, L50, F|\n|poke|p2|Basculegion, L50, M|\n|poke|p2|Kyogre, L50|\n|poke|p2|Weezing-Galar, L50, F|\n|poke|p2|Dialga-Origin, L50|\n|poke|p2|Wo-Chien, L50|\n|poke|p2|Indeedee-F, L50, F|\n|teampreview|4\n|showteam|p1|Dragonite||ChoiceBand|InnerFocus|ExtremeSpeed,BreakingSwipe,Outrage,StompingTantrum|||F|||50|,,,,,Normal]Iron Valiant||FocusSash|QuarkDrive|WideGuard,Coaching,Protect,SpiritBreak||||||50|,,,,,Ghost]Miraidon||AssaultVest|HadronEngine|ElectroDrift,ParabolicCharge,DracoMeteor,VoltSwitch||||||50|,,,,,Electric]Grimmsnarl||LightClay|Prankster|ScaryFace,SpiritBreak,LightScreen,Reflect|||M|||50|,,,,,Ghost]Giratina||Leftovers|Pressure|Protect,ShadowForce,ShadowSneak,WillOWisp||||||50|,,,,,Fairy]Weezing||SitrusBerry|NeutralizingGas|Protect,Haze,SludgeBomb,Taunt|||F|||50|,,,,,Fire\n|showteam|p2|Basculegion||ChoiceBand|SwiftSwim|WaveCrash,LastRespects,FlipTurn,AquaJet|||M|||50|,,,,,Grass]Kyogre||AssaultVest|Drizzle|WaterSpout,HydroPump,IceBeam,Thunder||||||50|,,,,,Grass]Weezing-Galar||CovertCloak|NeutralizingGas|StrangeSteam,WillOWisp,Taunt,Protect|||F|||50|,,,,,Grass]Dialga-Origin||AdamantCrystal|Pressure|DragonPulse,FlashCannon,TrickRoom,Protect||||||50|,,,,,Bug]Wo-Chien||Leftovers|TabletsofRuin|KnockOff,PollenPuff,LeechSeed,Protect||||||50|,,,,,Poison]Indeedee-F||SafetyGoggles|PsychicSurge|FollowMe,TrickRoom,HealPulse,Psychic|||F|||50|,,,,,Dragon\n|\n|t:|1746102337\n|start\n|switch|p1a: Uranus|Iron Valiant, L50|100/100\n|switch|p1b: Tangle|Grimmsnarl, L50, M, shiny|100/100\n|switch|p2a: Weezing|Weezing-Galar, L50, F|100/100\n|switch|p2b: Dialga|Dialga-Origin, L50|100/100\n|-ability|p2a: Weezing|Neutralizing Gas\n|turn|1\n|\n|t:|1746102361\n|move|p2b: Dialga|Protect|p2b: Dialga\n|-singleturn|p2b: Dialga|Protect\n|move|p1a: Uranus|Spirit Break|p2b: Dialga\n|-activate|p2b: Dialga|move: Protect\n|move|p2a: Weezing|Strange Steam|p1a: Uranus\n|-supereffective|p1a: Uranus\n|-crit|p1a: Uranus\n|-enditem|p1a: Uranus|Focus Sash\n|-damage|p1a: Uranus|1/100\n|move|p1b: Tangle|Light Screen|p1b: Tangle\n|-sidestart|p1: Ytterby|move: Light Screen\n|\n|upkeep\n|turn|2\n|\n|t:|1746102432\n|-end|p1a: Uranus|Quark Drive|[silent]\n|switch|p1a: Dragon Booster|Miraidon, L50|100/100\n|move|p2a: Weezing|Will-O-Wisp|p1b: Tangle|[miss]\n|-miss|p2a: Weezing|p1b: Tangle\n|move|p1b: Tangle|Scary Face|p1a: Dragon Booster\n|-unboost|p1a: Dragon Booster|spe|2\n|move|p2b: Dialga|Trick Room|p2b: Dialga\n|-fieldstart|move: Trick Room|[of] p2b: Dialga\n|\n|upkeep\n|turn|3\n|\n|t:|1746102454\n|-end|p2a: Weezing|ability: Neutralizing Gas\n|-fieldstart|move: Electric Terrain|[from] ability: Hadron Engine|[of] p1a: Dragon Booster\n|-ability|p2b: Dialga|Pressure\n|switch|p2a: Indeedee|Indeedee-F, L50, F|100/100\n|-fieldstart|move: Psychic Terrain|[from] ability: Psychic Surge|[of] p2a: Indeedee\n|-terastallize|p1a: Dragon Booster|Electric\n|move|p1a: Dragon Booster|Electro Drift|p2a: Indeedee\n|-damage|p2a: Indeedee|49/100\n|move|p1b: Tangle|Spirit Break|p2b: Dialga\n|-damage|p2b: Dialga|78/100\n|-unboost|p2b: Dialga|spa|1\n|move|p2b: Dialga|Flash Cannon|p1b: Tangle\n|-supereffective|p1b: Tangle\n|-damage|p1b: Tangle|54/100\n|-unboost|p1b: Tangle|spd|1\n|\n|upkeep\n|turn|4\n|\n|t:|1746102492\n|switch|p2a: Wo-Chien|Wo-Chien, L50|100/100\n|-ability|p2a: Wo-Chien|Tablets of Ruin\n|move|p1a: Dragon Booster|Electro Drift|p2a: Wo-Chien\n|-resisted|p2a: Wo-Chien\n|-damage|p2a: Wo-Chien|78/100\n|move|p1b: Tangle|Spirit Break|p2b: Dialga\n|-damage|p2b: Dialga|62/100\n|-unboost|p2b: Dialga|spa|1\n|move|p2b: Dialga|Flash Cannon|p1b: Tangle\n|-supereffective|p1b: Tangle\n|-damage|p1b: Tangle|2/100\n|-unboost|p1b: Tangle|spd|1\n|\n|-heal|p2a: Wo-Chien|84/100|[from] item: Leftovers\n|upkeep\n|turn|5\n|\n|t:|1746102564\n|switch|p2b: Weezing|Weezing-Galar, L50, F|100/100\n|-ability|p2b: Weezing|Neutralizing Gas\n|-terastallize|p2a: Wo-Chien|Poison\n|move|p1a: Dragon Booster|Draco Meteor|p2a: Wo-Chien\n|-damage|p2a: Wo-Chien|44/100\n|-unboost|p1a: Dragon Booster|spa|2\n|move|p1b: Tangle|Spirit Break|p2a: Wo-Chien\n|-resisted|p2a: Wo-Chien\n|-damage|p2a: Wo-Chien|30/100\n|-unboost|p2a: Wo-Chien|spa|1\n|move|p2a: Wo-Chien|Pollen Puff|p1b: Tangle\n|-damage|p1b: Tangle|0 fnt\n|faint|p1b: Tangle\n|\n|-heal|p2a: Wo-Chien|36/100|[from] item: Leftovers\n|upkeep\n|\n|t:|1746102588\n|switch|p1b: OG|Dragonite, L50, F|100/100\n|turn|6\n|\n|t:|1746102603\n|move|p2a: Wo-Chien|Protect|p2a: Wo-Chien\n|-singleturn|p2a: Wo-Chien|Protect\n|move|p1a: Dragon Booster|Electro Drift|p2b: Weezing\n|-crit|p2b: Weezing\n|-damage|p2b: Weezing|0 fnt\n|faint|p2b: Weezing\n|-end|p2b: Weezing|ability: Neutralizing Gas\n|-fieldstart|move: Electric Terrain|[from] ability: Hadron Engine|[of] p1a: Dragon Booster\n|-ability|p2a: Wo-Chien|Tablets of Ruin\n|move|p1b: OG|Stomping Tantrum|p2a: Wo-Chien\n|-activate|p2a: Wo-Chien|move: Protect\n|\n|-heal|p2a: Wo-Chien|41/100|[from] item: Leftovers\n|-fieldend|move: Trick Room\n|upkeep\n|\n|t:|1746102627\n|switch|p2b: Dialga|Dialga-Origin, L50|62/100\n|-ability|p2b: Dialga|Pressure\n|turn|7\n|\n|t:|1746102681\n|move|p1b: OG|Stomping Tantrum|p2a: Wo-Chien\n|-supereffective|p2a: Wo-Chien\n|-damage|p2a: Wo-Chien|0 fnt\n|faint|p2a: Wo-Chien\n|move|p1a: Dragon Booster|Electro Drift|p2b: Dialga\n|-resisted|p2b: Dialga\n|-damage|p2b: Dialga|37/100\n|move|p2b: Dialga|Trick Room|p2b: Dialga\n|-fieldstart|move: Trick Room|[of] p2b: Dialga\n|\n|upkeep\n|\n|t:|1746102685\n|switch|p2a: Indeedee|Indeedee-F, L50, F|49/100\n|-fieldstart|move: Psychic Terrain|[from] ability: Psychic Surge|[of] p2a: Indeedee\n|turn|8\n|\n|t:|1746102695\n|move|p1a: Dragon Booster|Volt Switch|p2a: Indeedee\n|-damage|p2a: Indeedee|30/100\n|\n|t:|1746102698\n|switch|p1a: Uranus|Iron Valiant, L50|1/100|[from] Volt Switch\n|move|p2a: Indeedee|Heal Pulse|p2b: Dialga\n|-heal|p2b: Dialga|87/100\n|move|p2b: Dialga|Dragon Pulse|p1b: OG\n|-supereffective|p1b: OG\n|-damage|p1b: OG|21/100\n|move|p1b: OG|Stomping Tantrum|p2b: Dialga\n|-supereffective|p2b: Dialga\n|-damage|p2b: Dialga|22/100\n|\n|-sideend|p1: Ytterby|move: Light Screen\n|upkeep\n|turn|9\n|\n|t:|1746102732\n|switch|p1b: Dragon Booster|Miraidon, L50, tera:Electric|100/100\n|-fieldstart|move: Electric Terrain|[from] ability: Hadron Engine|[of] p1b: Dragon Booster\n|-activate|p1a: Uranus|ability: Quark Drive\n|-start|p1a: Uranus|quarkdrivespe\n|move|p1a: Uranus|Protect|p1a: Uranus\n|-singleturn|p1a: Uranus|Protect\n|move|p2a: Indeedee|Psychic|p1a: Uranus\n|-activate|p1a: Uranus|move: Protect\n|move|p2b: Dialga|Dragon Pulse|p1b: Dragon Booster\n|-damage|p1b: Dragon Booster|63/100\n|\n|upkeep\n|turn|10\n|\n|t:|1746102782\n|move|p2b: Dialga|Protect|p2b: Dialga\n|-singleturn|p2b: Dialga|Protect\n|move|p2a: Indeedee|Psychic|p1a: Uranus\n|-supereffective|p1a: Uranus\n|-damage|p1a: Uranus|0 fnt\n|faint|p1a: Uranus\n|-end|p1a: Uranus|Quark Drive|[silent]\n|move|p1b: Dragon Booster|Parabolic Charge|p2b: Dialga|[spread] p2a\n|-activate|p2b: Dialga|move: Protect\n|-damage|p2a: Indeedee|0 fnt\n|-heal|p1b: Dragon Booster|77/100|[from] drain|[of] p2a: Indeedee\n|faint|p2a: Indeedee\n|\n|upkeep\n|\n|t:|1746102793\n|switch|p1a: OG|Dragonite, L50, F|21/100\n|turn|11\n|\n|t:|1746102801\n|move|p1a: OG|Extreme Speed|p2b: Dialga\n|-resisted|p2b: Dialga\n|-damage|p2b: Dialga|6/100\n|move|p2b: Dialga|Dragon Pulse|p1a: OG\n|-supereffective|p1a: OG\n|-damage|p1a: OG|0 fnt\n|faint|p1a: OG\n|move|p1b: Dragon Booster|Electro Drift|p2b: Dialga\n|-resisted|p2b: Dialga\n|-damage|p2b: Dialga|0 fnt\n|faint|p2b: Dialga\n|\n|win|Ytterby\n", "uploadtime": 1746102824, "views": 7, "formatid": "gen9vgc2025regibo3", "rating": null, "private": 0, "password": null}