{"id": "gen9vgc2025regibo3-2353515176", "format": "[Gen 9] VGC 2025 Reg I (Bo3)", "players": ["laZb0nes2", "Pelosis"], "log": "|j|\u2606laZb0nes2\n|j|\u2606Pelosis\n|html|<table width=\"100%\"><tr><td align=\"left\">laZb0nes2</td><td align=\"right\">Pelosis</tr><tr><td align=\"left\"><i class=\"fa fa-circle\"></i> <i class=\"fa fa-circle-o\"></i> </td><td align=\"right\"><i class=\"fa fa-circle-o\"></i> <i class=\"fa fa-circle-o\"></i> </tr></table>\n|uhtml|bestof|<h2><strong>Game 2</strong> of <a href=\"/game-bestof3-gen9vgc2025regibo3-2353508919\">a best-of-3</a></h2>\n|t:|1745963380\n|gametype|doubles\n|player|p1|laZb0nes2|pokemonranger-gen4|1115\n|player|p2|Pelosis|blackbelt-gen4dp|1050\n|teamsize|p1|6\n|teamsize|p2|6\n|gen|9\n|tier|[Gen 9] VGC 2025 Reg I (Bo3)\n|rated|\n|rule|Species Clause: Limit one of each Pok\u00e9mon\n|rule|Item Clause: Limit 1 of each item\n|clearpoke\n|poke|p1|Terapagos, L50, M|\n|poke|p1|Ho-Oh, L50|\n|poke|p1|Incineroar, L50, M|\n|poke|p1|Rillaboom, L50, F|\n|poke|p1|Ogerpon-Cornerstone, L50, F|\n|poke|p1|Flutter Mane, L50|\n|poke|p2|Koraidon, L50|\n|poke|p2|Calyrex-Shadow, L50|\n|poke|p2|Weezing-Galar, L50, M|\n|poke|p2|Iron Hands, L50|\n|poke|p2|Chi-Yu, L50|\n|poke|p2|Ogerpon-Cornerstone, L50, F|\n|teampreview|4\n|showteam|p1|Terapagos||Leftovers|TeraShift|CalmMind,TeraStarstorm,EarthPower,Protect|||M|||50|,,,,,Stellar]Ho-Oh||ClearAmulet|Regenerator|SacredFire,BraveBird,Tailwind,Protect||||||50|,,,,,Grass]Incineroar||SafetyGoggles|Intimidate|KnockOff,FakeOut,WillOWisp,PartingShot|||M|||50|,,,,,Water]Rillaboom||AssaultVest|GrassySurge|GrassyGlide,WoodHammer,Uturn,FakeOut|||F|||50|,,,,,Fire]Ogerpon-Cornerstone||CornerstoneMask|Sturdy|IvyCudgel,PowerWhip,FollowMe,SpikyShield|||F|||50|,,,,,Rock]Flutter Mane||BoosterEnergy|Protosynthesis|Moonblast,ShadowBall,Protect,Taunt||||||50|,,,,,Fairy\n|showteam|p2|Koraidon||AbilityShield|OrichalcumPulse|FlareBlitz,CollisionCourse,FlameCharge,Protect||||||50|,,,,,Fire]Calyrex-Shadow||FocusSash|AsOneSpectrier|AstralBarrage,Psychic,Encore,Protect||||||50|,,,,,Ghost]Weezing-Galar||CovertCloak|NeutralizingGas|ToxicSpikes,StrangeSteam,Taunt,Protect|||M|||50|,,,,,Dark]Iron Hands||AssaultVest|QuarkDrive|DrainPunch,LowKick,WildCharge,FakeOut||||||50|,,,,,Water]Chi-Yu||ChoiceScarf|BeadsofRuin|HeatWave,DarkPulse,Overheat,Snarl||||||50|,,,,,Ghost]Ogerpon-Cornerstone||CornerstoneMask|Sturdy|IvyCudgel,PowerWhip,FollowMe,SpikyShield|||F|||50|,,,,,Rock\n|c|\u2606Pelosis|haha i need play this now, good luck!!\n|inactive|Battle timer is ON: inactive players will automatically lose when time's up. (requested by Pelosis)\n|c|\u2606laZb0nes2|you too!!\n|inactive|Pelosis has 60 seconds left.\n|\n|t:|1745963449\n|start\n|switch|p1a: Ho-Oh|Ho-Oh, L50|100/100\n|switch|p1b: Incineroar|Incineroar, L50, M|100/100\n|switch|p2a: Ogerpon|Ogerpon-Cornerstone, L50, F|100/100\n|switch|p2b: Iron Hands|Iron Hands, L50|100/100\n|-ability|p1b: Incineroar|Intimidate|boost\n|-unboost|p2a: Ogerpon|atk|1\n|-unboost|p2b: Iron Hands|atk|1\n|turn|1\n|inactive|Pelosis has 30 seconds left.\n|\n|t:|1745963476\n|move|p1b: Incineroar|Fake Out|p2a: Ogerpon\n|-resisted|p2a: Ogerpon\n|-damage|p2a: Ogerpon|94/100\n|move|p2b: Iron Hands|Fake Out|p1a: Ho-Oh\n|-damage|p1a: Ho-Oh|93/100\n|cant|p2a: Ogerpon|flinch\n|cant|p1a: Ho-Oh|flinch\n|\n|upkeep\n|turn|2\n|inactive|laZb0nes2 has 30 seconds left.\n|inactive|Pelosis has 30 seconds left.\n|inactive|laZb0nes2 has 20 seconds left.\n|inactive|Pelosis has 20 seconds left.\n|inactive|laZb0nes2 has 15 seconds left.\n|inactive|Pelosis has 15 seconds left.\n|inactive|laZb0nes2 has 10 seconds left.\n|inactive|laZb0nes2 has 5 seconds left.\n|\n|t:|1745963526\n|move|p1a: Ho-Oh|Protect|p1a: Ho-Oh\n|-singleturn|p1a: Ho-Oh|Protect\n|move|p2a: Ogerpon|Ivy Cudgel|p1a: Ho-Oh|[anim] Ivy Cudgel Rock\n|-activate|p1a: Ho-Oh|move: Protect\n|move|p1b: Incineroar|Parting Shot|p2b: Iron Hands\n|-unboost|p2b: Iron Hands|atk|1\n|-unboost|p2b: Iron Hands|spa|1\n|c|\u2606Pelosis|i knew it haha\n|\n|t:|1745963534\n|switch|p1b: Terapagos|Terapagos, L50, M|100/100|[from] Parting Shot\n|-activate|p1b: Terapagos|ability: Tera Shift\n|detailschange|p1b: Terapagos|Terapagos-Terastal, L50, M\n|-heal|p1b: Terapagos|100/100|[silent]\n|move|p2b: Iron Hands|Wild Charge|p1b: Terapagos\n|-activate|p1b: Terapagos|ability: Tera Shell\n|-resisted|p1b: Terapagos\n|-damage|p1b: Terapagos|90/100\n|-damage|p2b: Iron Hands|98/100|[from] Recoil\n|\n|-heal|p1b: Terapagos|97/100|[from] item: Leftovers\n|upkeep\n|turn|3\n|c|\u2606Pelosis|but i thought you change\n|inactive|laZb0nes2 has 30 seconds left.\n|inactive|Pelosis has 30 seconds left.\n|inactive|laZb0nes2 has 20 seconds left.\n|inactive|Pelosis has 20 seconds left.\n|inactive|laZb0nes2 has 15 seconds left.\n|inactive|Pelosis has 15 seconds left.\n|inactive|Pelosis has 10 seconds left.\n|\n|t:|1745963580\n|-end|p2b: Iron Hands|Quark Drive|[silent]\n|switch|p2b: Koraidon|Koraidon, L50|100/100\n|-weather|SunnyDay|[from] ability: Orichalcum Pulse|[of] p2b: Koraidon\n|-activate|p2b: Koraidon|Orichalcum Pulse|[source]\n|-terastallize|p2a: Ogerpon|Rock\n|detailschange|p2a: Ogerpon|Ogerpon-Cornerstone-Tera, L50, F, tera:Rock\n|-ability|p2a: Ogerpon|Embody Aspect (Cornerstone)|boost\n|-boost|p2a: Ogerpon|def|1\n|-terastallize|p1a: Ho-Oh|Grass\n|move|p1b: Terapagos|Protect|p1b: Terapagos\n|-singleturn|p1b: Terapagos|Protect\n|move|p2a: Ogerpon|Ivy Cudgel|p1a: Ho-Oh|[anim] Ivy Cudgel Rock\n|-damage|p1a: Ho-Oh|56/100\n|move|p1a: Ho-Oh|Tailwind|p1a: Ho-Oh\n|-sidestart|p1: laZb0nes2|move: Tailwind\n|\n|-weather|SunnyDay|[upkeep]\n|-heal|p1b: Terapagos|100/100|[from] item: Leftovers\n|upkeep\n|turn|4\n|inactive|laZb0nes2 has 30 seconds left.\n|inactive|Pelosis has 30 seconds left.\n|\n|t:|1745963614\n|switch|p1a: Incineroar|Incineroar, L50, M|100/100\n|-ability|p1a: Incineroar|Intimidate|boost\n|-unboost|p2a: Ogerpon|atk|1\n|-unboost|p2b: Koraidon|atk|1\n|switch|p2a: Weezing|Weezing-Galar, L50, M|100/100\n|-ability|p2a: Weezing|Neutralizing Gas\n|-block|p2b: Koraidon|item: Ability Shield\n|move|p1b: Terapagos|Earth Power|p2a: Weezing\n|-supereffective|p2a: Weezing\n|-damage|p2a: Weezing|44/100\n|move|p2b: Koraidon|Collision Course|p1b: Terapagos\n|-supereffective|p1b: Terapagos\n|-damage|p1b: Terapagos|0 fnt\n|faint|p1b: Terapagos\n|\n|-weather|SunnyDay|[upkeep]\n|upkeep\n|inactive|laZb0nes2 has 30 seconds left.\n|\n|t:|1745963640\n|switch|p1b: Ho-Oh|Ho-Oh, L50, tera:Grass|90/100\n|turn|5\n|c|\u2606Pelosis|nice play anyway bro, so very good the change and earth power\n|inactive|Pelosis has 30 seconds left.\n|\n|t:|1745963668\n|move|p2b: Koraidon|Protect|p2b: Koraidon\n|-singleturn|p2b: Koraidon|Protect\n|move|p2a: Weezing|Protect|p2a: Weezing\n|-singleturn|p2a: Weezing|Protect\n|move|p1a: Incineroar|Fake Out|p2b: Koraidon\n|-activate|p2b: Koraidon|move: Protect\n|move|p1b: Ho-Oh|Brave Bird|p2b: Koraidon\n|-activate|p2b: Koraidon|move: Protect\n|\n|-weather|SunnyDay|[upkeep]\n|upkeep\n|turn|6\n|inactive|Pelosis has 30 seconds left.\n|inactive|Pelosis has 20 seconds left.\n|\n|t:|1745963706\n|move|p1b: Ho-Oh|Brave Bird|p2b: Koraidon\n|-supereffective|p2b: Koraidon\n|-damage|p2b: Koraidon|2/100\n|-damage|p1b: Ho-Oh|61/100|[from] Recoil\n|move|p1a: Incineroar|Parting Shot|p2a: Weezing\n|-unboost|p2a: Weezing|atk|1\n|-unboost|p2a: Weezing|spa|1\n|c|\u2606laZb0nes2|that survive is insane\n|\n|t:|1745963716\n|switch|p1a: Flutter Mane|Flutter Mane, L50|100/100|[from] Parting Shot\n|move|p2b: Koraidon|Flare Blitz|p1b: Ho-Oh\n|-supereffective|p1b: Ho-Oh\n|-damage|p1b: Ho-Oh|0 fnt\n|faint|p1b: Ho-Oh\n|-damage|p2b: Koraidon|0 fnt|[from] Recoil\n|faint|p2b: Koraidon\n|move|p2a: Weezing|Taunt|p1a: Flutter Mane\n|-start|p1a: Flutter Mane|move: Taunt\n|\n|-weather|SunnyDay|[upkeep]\n|-sideend|p1: laZb0nes2|move: Tailwind\n|upkeep\n|c|\u2606Pelosis|yes\n|c|\u2606Pelosis|ahaha\n|\n|t:|1745963740\n|switch|p2b: Ogerpon|Ogerpon-Cornerstone-Tera, L50, F, tera:Rock|94/100\n|switch|p1b: Incineroar|Incineroar, L50, M|100/100\n|turn|7\n|inactive|Pelosis has 30 seconds left.\n|inactive|Pelosis has 20 seconds left.\n|inactive|laZb0nes2 has 30 seconds left.\n|inactive|laZb0nes2 has 20 seconds left.\n|inactive|laZb0nes2 has 15 seconds left.\n|\n|t:|1745963796\n|move|p2b: Ogerpon|Spiky Shield|p2b: Ogerpon\n|-singleturn|p2b: Ogerpon|move: Protect\n|move|p2a: Weezing|Protect|p2a: Weezing\n|-singleturn|p2a: Weezing|Protect\n|move|p1b: Incineroar|Fake Out|p2b: Ogerpon\n|-activate|p2b: Ogerpon|move: Protect\n|-damage|p1b: Incineroar|88/100|[from] Spiky Shield|[of] p2b: Ogerpon\n|move|p1a: Flutter Mane|Moonblast|p2b: Ogerpon\n|-activate|p2b: Ogerpon|move: Protect\n|\n|-weather|none\n|upkeep\n|turn|8\n|inactive|Pelosis has 30 seconds left.\n|\n|t:|1745963828\n|move|p1a: Flutter Mane|Moonblast|p2b: Ogerpon\n|-damage|p2b: Ogerpon|45/100\n|-unboost|p2b: Ogerpon|spa|1\n|move|p2b: Ogerpon|Ivy Cudgel|p1a: Flutter Mane|[anim] Ivy Cudgel Rock\n|-damage|p1a: Flutter Mane|0 fnt\n|faint|p1a: Flutter Mane\n|-end|p1a: Flutter Mane|Protosynthesis|[silent]\n|move|p1b: Incineroar|Will-O-Wisp|p2b: Ogerpon\n|-status|p2b: Ogerpon|brn\n|move|p2a: Weezing|Taunt|p1b: Incineroar\n|-start|p1b: Incineroar|move: Taunt\n|\n|-damage|p2b: Ogerpon|40/100 brn|[from] brn\n|upkeep\n|turn|9\n|\n|t:|1745963850\n|move|p2b: Ogerpon|Ivy Cudgel|p1b: Incineroar|[anim] Ivy Cudgel Rock\n|-supereffective|p1b: Incineroar\n|-crit|p1b: Incineroar\n|-damage|p1b: Incineroar|0 fnt\n|faint|p1b: Incineroar\n|\n|win|Pelosis\n|c|\u2606Pelosis|nicee\n||Pelosis is ready for game 3.\n|inactive|laZb0nes2 has 30 seconds to confirm battle start!\n|c|\u2606laZb0nes2|gr\n|c|\u2606Pelosis|:D\n|c|\u2606Pelosis|same\n|inactive|laZb0nes2 has 20 seconds to confirm battle start!\n|inactive|laZb0nes2 has 10 seconds to confirm battle start!\n||laZb0nes2 is ready for game 3.\n|uhtml|next|Next: <a href=\"/battle-gen9vgc2025regibo3-2353519815\"><strong>Game 3 of 3</strong></a>\n|l|\u2606Pelosis\n|player|p2|\n", "uploadtime": 1745963872, "views": 27, "formatid": "gen9vgc2025regibo3", "rating": null, "private": 0, "password": null}