{"id": "gen9vgc2025regibo3-2353716199", "format": "[Gen 9] VGC 2025 Reg I (Bo3)", "players": ["svnzv", "Soratami"], "log": "|j|\u2606svnzv\n|j|\u2606Soratami\n|html|<table width=\"100%\"><tr><td align=\"left\">svnzv</td><td align=\"right\">Soratami</tr><tr><td align=\"left\"><i class=\"fa fa-circle-o\"></i> <i class=\"fa fa-circle-o\"></i> </td><td align=\"right\"><i class=\"fa fa-circle-o\"></i> <i class=\"fa fa-circle\"></i> </tr></table>\n|uhtml|bestof|<h2><strong>Game 2</strong> of <a href=\"/game-bestof3-gen9vgc2025regibo3-2353715126\">a best-of-3</a></h2>\n|t:|1745987797\n|gametype|doubles\n|player|p1|svnzv|kimonogirl|1105\n|player|p2|Soratami|ethan|1165\n|teamsize|p1|6\n|teamsize|p2|6\n|gen|9\n|tier|[Gen 9] VGC 2025 Reg I (Bo3)\n|rated|\n|rule|Species Clause: Limit one of each Pok\u00e9mon\n|rule|Item Clause: Limit 1 of each item\n|clearpoke\n|poke|p1|Lunala, L50|\n|poke|p1|Miraidon, L50|\n|poke|p1|Entei, L50|\n|poke|p1|Iron Hands, L50|\n|poke|p1|Ogerpon-Wellspring, L50, F|\n|poke|p1|Thundurus, L50, M|\n|poke|p2|Koraidon, L50|\n|poke|p2|Calyrex-Shadow, L50|\n|poke|p2|Chi-Yu, L50|\n|poke|p2|Venusaur, L50, F|\n|poke|p2|Indeedee-F, L50, F|\n|poke|p2|Walking Wake, L50|\n|teampreview|4\n|showteam|p1|Lunala||PowerHerb|ShadowShield|TrickRoom,MoongeistBeam,MeteorBeam,WideGuard||||||50|,,,,,Water]Miraidon||ChoiceSpecs|HadronEngine|ElectroDrift,DracoMeteor,DazzlingGleam,VoltSwitch||||||50|,,,,,Fairy]Entei||LifeOrb|InnerFocus|SacredFire,ExtremeSpeed,Protect,StompingTantrum||||||50|,,,,,Stellar]Iron Hands||AssaultVest|QuarkDrive|DrainPunch,ThunderPunch,FakeOut,HeavySlam||||||50|,,,,,Bug]Ogerpon-Wellspring||WellspringMask|WaterAbsorb|HornLeech,IvyCudgel,FollowMe,SpikyShield|||F|||50|,,,,,Water]Thundurus||SitrusBerry|Prankster|WildboltStorm,RainDance,Protect,ThunderWave|||M|||50|,,,,,Fire\n|showteam|p2|Koraidon||LoadedDice|OrichalcumPulse|CloseCombat,FlareBlitz,ScaleShot,Protect||||||50|,,,,,Fire]Calyrex-Shadow||FocusSash|AsOneSpectrier|AstralBarrage,Disable,ExpandingForce,Protect||||||50|,,,,,Ghost]Chi-Yu||ChoiceScarf|BeadsofRuin|HeatWave,DarkPulse,Overheat,Snarl||||||50|,,,,,Fire]Venusaur||SitrusBerry|Chlorophyll|HelpingHand,SleepPowder,SolarBeam,Protect|||F|||50|,,,,,Water]Indeedee-F||RockyHelmet|PsychicSurge|FollowMe,Imprison,TrickRoom,ShadowBall|||F|||50|,,,,,Water]Walking Wake||ChoiceSpecs|Protosynthesis|DracoMeteor,HydroSteam,Flamethrower,FlipTurn||||||50|,,,,,Water\n|inactive|Battle timer is ON: inactive players will automatically lose when time's up. (requested by svnzv)\n|inactive|Soratami also wants the timer to be on.\n|\n|t:|1745987816\n|start\n|switch|p1a: Miraidon|Miraidon, L50|100/100\n|switch|p1b: Thundurus|Thundurus, L50, M|100/100\n|switch|p2a: Koraidon|Koraidon, L50|100/100\n|switch|p2b: Chi-Yu|Chi-Yu, L50|100/100\n|-ability|p2b: Chi-Yu|Beads of Ruin\n|-fieldstart|move: Electric Terrain|[from] ability: Hadron Engine|[of] p1a: Miraidon\n|-weather|SunnyDay|[from] ability: Orichalcum Pulse|[of] p2a: Koraidon\n|-activate|p2a: Koraidon|Orichalcum Pulse|[source]\n|turn|1\n|\n|t:|1745987836\n|switch|p2a: Indeedee|Indeedee-F, L50, F|100/100\n|-fieldstart|move: Psychic Terrain|[from] ability: Psychic Surge|[of] p2a: Indeedee\n|-terastallize|p2b: Chi-Yu|Fire\n|-terastallize|p1b: Thundurus|Fire\n|move|p1b: Thundurus|Rain Dance|p1b: Thundurus\n|-weather|RainDance\n|move|p2b: Chi-Yu|Heat Wave|p1b: Thundurus|[spread] p1a,p1b\n|-resisted|p1a: Miraidon\n|-resisted|p1b: Thundurus\n|-damage|p1a: Miraidon|88/100\n|-damage|p1b: Thundurus|80/100\n|move|p1a: Miraidon|Volt Switch|p2b: Chi-Yu\n|-damage|p2b: Chi-Yu|37/100\n|\n|t:|1745987853\n|switch|p1a: Iron Hands|Iron Hands, L50|100/100|[from] Volt Switch\n|\n|-weather|RainDance|[upkeep]\n|upkeep\n|turn|2\n|\n|t:|1745987864\n|switch|p2a: Koraidon|Koraidon, L50|100/100\n|-weather|SunnyDay|[from] ability: Orichalcum Pulse|[of] p2a: Koraidon\n|-activate|p2a: Koraidon|Orichalcum Pulse|[source]\n|move|p1b: Thundurus|Protect|p1b: Thundurus\n|-singleturn|p1b: Thundurus|Protect\n|move|p2b: Chi-Yu|Heat Wave|p1a: Iron Hands|[spread] p1a\n|-activate|p1b: Thundurus|move: Protect\n|-damage|p1a: Iron Hands|44/100\n|move|p1a: Iron Hands|Drain Punch|p2b: Chi-Yu\n|-damage|p2b: Chi-Yu|0 fnt\n|-heal|p1a: Iron Hands|54/100|[from] drain|[of] p2b: Chi-Yu\n|faint|p2b: Chi-Yu\n|\n|-weather|SunnyDay|[upkeep]\n|upkeep\n|\n|t:|1745987880\n|switch|p2b: Indeedee|Indeedee-F, L50, F|100/100\n|turn|3\n|\n|t:|1745987886\n|move|p2b: Indeedee|Follow Me|p2b: Indeedee\n|-singleturn|p2b: Indeedee|move: Follow Me\n|move|p1b: Thundurus|Rain Dance|p1b: Thundurus\n|-weather|RainDance\n|move|p2a: Koraidon|Scale Shot|p1b: Thundurus\n|-damage|p1b: Thundurus|65/100\n|-damage|p1b: Thundurus|50/100\n|-enditem|p1b: Thundurus|Sitrus Berry|[eat]\n|-heal|p1b: Thundurus|75/100|[from] item: Sitrus Berry\n|-damage|p1b: Thundurus|59/100\n|-damage|p1b: Thundurus|45/100\n|-damage|p1b: Thundurus|31/100\n|-hitcount|p1b: Thundurus|5\n|-unboost|p2a: Koraidon|def|1\n|-boost|p2a: Koraidon|spe|1\n|move|p1a: Iron Hands|Drain Punch|p2b: Indeedee\n|-damage|p2b: Indeedee|58/100\n|-heal|p1a: Iron Hands|69/100|[from] drain|[of] p2b: Indeedee\n|-damage|p1a: Iron Hands|53/100|[from] item: Rocky Helmet|[of] p2b: Indeedee\n|\n|-weather|RainDance|[upkeep]\n|upkeep\n|turn|4\n|inactive|Soratami has 30 seconds left.\n|\n|t:|1745987914\n|move|p1b: Thundurus|Protect|p1b: Thundurus\n|-singleturn|p1b: Thundurus|Protect\n|move|p2b: Indeedee|Follow Me|p2b: Indeedee\n|-singleturn|p2b: Indeedee|move: Follow Me\n|move|p2a: Koraidon|Scale Shot|p1a: Iron Hands\n|-damage|p1a: Iron Hands|43/100\n|-crit|p1a: Iron Hands\n|-damage|p1a: Iron Hands|27/100\n|-damage|p1a: Iron Hands|17/100\n|-damage|p1a: Iron Hands|7/100\n|-hitcount|p1a: Iron Hands|4\n|-unboost|p2a: Koraidon|def|1\n|-boost|p2a: Koraidon|spe|1\n|move|p1a: Iron Hands|Drain Punch|p2b: Indeedee\n|-damage|p2b: Indeedee|17/100\n|-heal|p1a: Iron Hands|22/100|[from] drain|[of] p2b: Indeedee\n|-damage|p1a: Iron Hands|5/100|[from] item: Rocky Helmet|[of] p2b: Indeedee\n|\n|-weather|RainDance|[upkeep]\n|upkeep\n|turn|5\n|inactive|Soratami has 30 seconds left.\n|\n|t:|1745987948\n|switch|p2b: Calyrex|Calyrex-Shadow, L50|100/100\n|-ability|p2b: Calyrex|As One\n|-ability|p2b: Calyrex|Unnerve\n|move|p2a: Koraidon|Scale Shot|p1b: Thundurus\n|-damage|p1b: Thundurus|17/100\n|-damage|p1b: Thundurus|3/100\n|-crit|p1b: Thundurus\n|-damage|p1b: Thundurus|0 fnt\n|faint|p1b: Thundurus\n|-hitcount|p1: Thundurus|3\n|-unboost|p2a: Koraidon|def|1\n|-boost|p2a: Koraidon|spe|1\n|move|p1a: Iron Hands|Drain Punch|p2a: Koraidon\n|-damage|p2a: Koraidon|4/100\n|-heal|p1a: Iron Hands|42/100|[from] drain|[of] p2a: Koraidon\n|\n|-weather|RainDance|[upkeep]\n|-fieldend|move: Psychic Terrain\n|upkeep\n|\n|t:|1745987957\n|switch|p1b: Entei|Entei, L50|100/100\n|turn|6\n|inactive|Soratami has 30 seconds left.\n|\n|t:|1745987988\n|switch|p2b: Indeedee|Indeedee-F, L50, F|17/100\n|-fieldstart|move: Psychic Terrain|[from] ability: Psychic Surge|[of] p2b: Indeedee\n|move|p1b: Entei|Protect|p1b: Entei\n|-singleturn|p1b: Entei|Protect\n|move|p2a: Koraidon|Scale Shot|p1a: Iron Hands\n|-damage|p1a: Iron Hands|33/100\n|-damage|p1a: Iron Hands|23/100\n|-damage|p1a: Iron Hands|13/100\n|-damage|p1a: Iron Hands|3/100\n|-damage|p1a: Iron Hands|0 fnt\n|faint|p1a: Iron Hands\n|-end|p1a: Iron Hands|Quark Drive|[silent]\n|-hitcount|p1: Iron Hands|5\n|-unboost|p2a: Koraidon|def|1\n|-boost|p2a: Koraidon|spe|1\n|\n|-weather|RainDance|[upkeep]\n|upkeep\n|\n|t:|1745987995\n|switch|p1a: Miraidon|Miraidon, L50|88/100\n|-fieldstart|move: Electric Terrain|[from] ability: Hadron Engine|[of] p1a: Miraidon\n|turn|7\n|inactive|Soratami has 30 seconds left.\n|\n|t:|1745988023\n|move|p1b: Entei|Extreme Speed|p2a: Koraidon\n|-damage|p2a: Koraidon|0 fnt\n|faint|p2a: Koraidon\n|-damage|p1b: Entei|91/100|[from] item: Life Orb\n|move|p2b: Indeedee|Follow Me|p2b: Indeedee\n|-singleturn|p2b: Indeedee|move: Follow Me\n|move|p1a: Miraidon|Electro Drift|p2b: Indeedee\n|-damage|p2b: Indeedee|0 fnt\n|-damage|p1a: Miraidon|71/100|[from] item: Rocky Helmet|[of] p2b: Indeedee\n|faint|p2b: Indeedee\n|\n|-weather|none\n|upkeep\n|\n|t:|1745988036\n|switch|p2a: Calyrex|Calyrex-Shadow, L50|100/100\n|-ability|p2a: Calyrex|As One\n|-ability|p2a: Calyrex|Unnerve\n|turn|8\n|\n|t:|1745988060\n|move|p2a: Calyrex|Disable|p1a: Miraidon\n|-start|p1a: Miraidon|Disable|Electro Drift\n|cant|p1a: Miraidon|Disable|Electro Drift\n|move|p1b: Entei|Sacred Fire|p2a: Calyrex\n|-damage|p2a: Calyrex|22/100\n|-damage|p1b: Entei|81/100|[from] item: Life Orb\n|\n|upkeep\n|turn|9\n|\n|t:|1745988071\n|move|p1b: Entei|Protect|p1b: Entei\n|-singleturn|p1b: Entei|Protect\n|move|p2a: Calyrex|Astral Barrage|p1b: Entei|[spread] p1a\n|-activate|p1b: Entei|move: Protect\n|-damage|p1a: Miraidon|28/100\n|-activate|p1a: Miraidon|move: Struggle\n|move|p1a: Miraidon|Struggle|p2a: Calyrex\n|-damage|p2a: Calyrex|10/100\n|-damage|p1a: Miraidon|3/100|[from] recoil\n|\n|upkeep\n|turn|10\n|\n|t:|1745988087\n|move|p2a: Calyrex|Astral Barrage|p1b: Entei|[spread] p1a,p1b\n|-damage|p1a: Miraidon|0 fnt\n|-damage|p1b: Entei|17/100\n|faint|p1a: Miraidon\n|-ability|p2a: Calyrex|Grim Neigh|boost\n|-boost|p2a: Calyrex|spa|1\n|move|p1b: Entei|Sacred Fire|p2a: Calyrex\n|-damage|p2a: Calyrex|0 fnt\n|faint|p2a: Calyrex\n|-damage|p1b: Entei|7/100|[from] item: Life Orb\n|\n|win|svnzv\n|l|\u2606svnzv\n|player|p1|\n||svnzv is ready for game 3.\n||Soratami is ready for game 3.\n|uhtml|next|Next: <a href=\"/battle-gen9vgc2025regibo3-2353718154\"><strong>Game 3 of 3</strong></a>\n|l|\u2606Soratami\n|player|p2|\n", "uploadtime": 1745988391, "views": 7, "formatid": "gen9vgc2025regibo3", "rating": null, "private": 0, "password": null}