{"id": "gen9vgc2025regibo3-2353762626", "format": "[Gen 9] VGC 2025 Reg I (Bo3)", "players": ["Thagin", "Solar Eclips3"], "log": "|j|\u2606Thagin\n|j|\u2606Solar Eclips3\n|html|<table width=\"100%\"><tr><td align=\"left\">Thagin</td><td align=\"right\">Solar Eclips3</tr><tr><td align=\"left\"><i class=\"fa fa-circle-o\"></i> <i class=\"fa fa-circle-o\"></i> </td><td align=\"right\"><i class=\"fa fa-circle-o\"></i> <i class=\"fa fa-circle-o\"></i> </tr></table>\n|uhtml|bestof|<h2><strong>Game 1</strong> of <a href=\"/game-bestof3-gen9vgc2025regibo3-2353762625\">a best-of-3</a></h2>\n|t:|1745995750\n|gametype|doubles\n|player|p1|Thagin|serena-masters|1167\n|player|p2|Solar Eclips3|acetrainersnow|1137\n|teamsize|p1|6\n|teamsize|p2|6\n|gen|9\n|tier|[Gen 9] VGC 2025 Reg I (Bo3)\n|rated|\n|rule|Species Clause: Limit one of each Pok\u00e9mon\n|rule|Item Clause: Limit 1 of each item\n|clearpoke\n|poke|p1|Terapagos, L50, M|\n|poke|p1|Calyrex-Shadow, L50|\n|poke|p1|Incineroar, L50, M|\n|poke|p1|Rillaboom, L50, M|\n|poke|p1|Amoonguss, L50, F|\n|poke|p1|Urshifu-*, L50, F|\n|poke|p2|Gouging Fire, L50|\n|poke|p2|Raging Bolt, L50|\n|poke|p2|Volcarona, L50, F|\n|poke|p2|Iron Valiant, L50|\n|poke|p2|Koraidon, L50|\n|poke|p2|Calyrex-Ice, L50|\n|teampreview|4\n|showteam|p1|Terapagos||Leftovers|TeraShift|Protect,TeraStarstorm,EarthPower,CalmMind|||M|||50|,,,,,Stellar]Calyrex-Shadow||FocusSash|AsOneSpectrier|Protect,AstralBarrage,Encore,Disable||||||50|,,,,,Ghost]Incineroar||SafetyGoggles|Intimidate|KnockOff,PartingShot,WillOWisp,FakeOut|||M|||50|,,,,,Bug]Rillaboom||AssaultVest|GrassySurge|WoodHammer,GrassyGlide,Uturn,FakeOut|||M|||50|,,,,,Fire]Amoonguss||RockyHelmet|Regenerator|Protect,Spore,RagePowder,PollenPuff|||F|||50|,,,,,Water]Urshifu-Rapid-Strike||ChoiceScarf|UnseenFist|SurgingStrikes,CloseCombat,Coaching,Uturn|||F|||50|,,,,,Water\n|showteam|p2|Gouging Fire||CovertCloak|Protosynthesis|SunnyDay,Howl,Protect,BreakingSwipe||||||50|,,,,,Fairy]Raging Bolt||LifeOrb|Protosynthesis|Thunderbolt,Thunderclap,DracoMeteor,Protect||||||50|,,,,,Electric]Volcarona||RockyHelmet|FlameBody|HeatWave,RagePowder,WillOWisp,Tailwind|||F|||50|,,,,,Water]Iron Valiant||BoosterEnergy|QuarkDrive|SpiritBreak,WideGuard,Coaching,Encore||||||50|,,,,,Ghost]Koraidon||ClearAmulet|OrichalcumPulse|FlareBlitz,CollisionCourse,FlameCharge,Protect||||||50|,,,,,Fire]Calyrex-Ice||AssaultVest|AsOneGlastrier|GlacialLance,HighHorsepower,ThroatChop,SolarBlade||||||50|,,,,,Water\n|inactive|Battle timer is ON: inactive players will automatically lose when time's up. (requested by Thagin)\n|\n|t:|1745995805\n|start\n|switch|p1a: Incineroar|Incineroar, L50, M|100/100\n|switch|p1b: Terapagos|Terapagos, L50, M|100/100\n|switch|p2a: Koraidon|Koraidon, L50|100/100\n|switch|p2b: \u7d27\u6025\u6388\u8bfe|Gouging Fire, L50|100/100\n|-activate|p1b: Terapagos|ability: Tera Shift\n|detailschange|p1b: Terapagos|Terapagos-Terastal, L50, M\n|-heal|p1b: Terapagos|100/100|[silent]\n|-weather|SunnyDay|[from] ability: Orichalcum Pulse|[of] p2a: Koraidon\n|-activate|p2b: \u7d27\u6025\u6388\u8bfe|ability: Protosynthesis\n|-start|p2b: \u7d27\u6025\u6388\u8bfe|protosynthesisspe\n|-activate|p2a: Koraidon|Orichalcum Pulse|[source]\n|-ability|p1a: Incineroar|Intimidate|boost\n|-fail|p2a: Koraidon|unboost|[from] item: Clear Amulet|[of] p2a: Koraidon\n|-unboost|p2b: \u7d27\u6025\u6388\u8bfe|atk|1\n|turn|1\n|\n|t:|1745995819\n|move|p2b: \u7d27\u6025\u6388\u8bfe|Howl|p2b: \u7d27\u6025\u6388\u8bfe|[spread] p2a,p2b\n|-boost|p2a: Koraidon|atk|1\n|-boost|p2b: \u7d27\u6025\u6388\u8bfe|atk|1\n|move|p2a: Koraidon|Collision Course|p1a: Incineroar\n|-supereffective|p1a: Incineroar\n|-damage|p1a: Incineroar|0 fnt\n|faint|p1a: Incineroar\n|move|p1b: Terapagos|Calm Mind|p1b: Terapagos\n|-boost|p1b: Terapagos|spa|1\n|-boost|p1b: Terapagos|spd|1\n|\n|-weather|SunnyDay|[upkeep]\n|upkeep\n|\n|t:|1745995825\n|switch|p1a: Amoonguss|Amoonguss, L50, F|100/100\n|turn|2\n|inactive|Solar Eclips3 has 30 seconds left.\n|\n|t:|1745995851\n|-terastallize|p1a: Amoonguss|Water\n|move|p1b: Terapagos|Protect|p1b: Terapagos\n|-singleturn|p1b: Terapagos|Protect\n|move|p2b: \u7d27\u6025\u6388\u8bfe|Breaking Swipe|p1a: Amoonguss|[spread] p1a\n|-activate|p1b: Terapagos|move: Protect\n|-damage|p1a: Amoonguss|84/100\n|-unboost|p1a: Amoonguss|atk|1\n|-damage|p2b: \u7d27\u6025\u6388\u8bfe|84/100|[from] item: Rocky Helmet|[of] p1a: Amoonguss\n|move|p2a: Koraidon|Flare Blitz|p1a: Amoonguss\n|-resisted|p1a: Amoonguss\n|-damage|p1a: Amoonguss|25/100\n|-damage|p2a: Koraidon|84/100|[from] item: Rocky Helmet|[of] p1a: Amoonguss\n|-damage|p2a: Koraidon|64/100|[from] Recoil\n|move|p1a: Amoonguss|Spore|p2a: Koraidon\n|-status|p2a: Koraidon|slp|[from] move: Spore\n|\n|-weather|SunnyDay|[upkeep]\n|upkeep\n|turn|3\n|\n|t:|1745995867\n|switch|p1a: Calyrex|Calyrex-Shadow, L50|100/100\n|-ability|p1a: Calyrex|As One\n|-ability|p1a: Calyrex|Unnerve\n|move|p2b: \u7d27\u6025\u6388\u8bfe|Breaking Swipe|p1a: Calyrex|[spread] p1a,p1b\n|-activate|p1b: Terapagos|ability: Tera Shell\n|-resisted|p1b: Terapagos\n|-damage|p1a: Calyrex|78/100\n|-damage|p1b: Terapagos|93/100\n|-unboost|p1a: Calyrex|atk|1\n|-unboost|p1b: Terapagos|atk|1\n|cant|p2a: Koraidon|slp\n|move|p1b: Terapagos|Calm Mind|p1b: Terapagos\n|-boost|p1b: Terapagos|spa|1\n|-boost|p1b: Terapagos|spd|1\n|\n|-weather|SunnyDay|[upkeep]\n|-heal|p1b: Terapagos|99/100|[from] item: Leftovers\n|upkeep\n|turn|4\n|inactive|Solar Eclips3 has 30 seconds left.\n|inactive|Solar Eclips3 has 20 seconds left.\n|inactive|Solar Eclips3 has 15 seconds left.\n|inactive|Solar Eclips3 has 10 seconds left.\n|inactive|Solar Eclips3 has 5 seconds left.\n|\n|t:|1745995920\n|cant|p2a: Koraidon|slp\n|move|p2b: \u7d27\u6025\u6388\u8bfe|Howl|p2b: \u7d27\u6025\u6388\u8bfe|[spread] p2a,p2b\n|-boost|p2a: Koraidon|atk|1\n|-boost|p2b: \u7d27\u6025\u6388\u8bfe|atk|1\n|move|p1a: Calyrex|Astral Barrage|p2a: Koraidon|[spread] p2a,p2b\n|-damage|p2a: Koraidon|20/100 slp\n|-damage|p2b: \u7d27\u6025\u6388\u8bfe|33/100\n|move|p1b: Terapagos|Earth Power|p2b: \u7d27\u6025\u6388\u8bfe\n|-supereffective|p2b: \u7d27\u6025\u6388\u8bfe\n|-damage|p2b: \u7d27\u6025\u6388\u8bfe|0 fnt\n|faint|p2b: \u7d27\u6025\u6388\u8bfe\n|-end|p2b: \u7d27\u6025\u6388\u8bfe|Protosynthesis|[silent]\n|\n|-weather|SunnyDay|[upkeep]\n|-heal|p1b: Terapagos|100/100|[from] item: Leftovers\n|upkeep\n|\n|t:|1745995924\n|switch|p2b: \u671d\u8c12|Raging Bolt, L50|100/100\n|-activate|p2b: \u671d\u8c12|ability: Protosynthesis\n|-start|p2b: \u671d\u8c12|protosynthesisspa\n|turn|5\n|\n|t:|1745995938\n|-terastallize|p2b: \u671d\u8c12|Electric\n|move|p1a: Calyrex|Astral Barrage|p2b: \u671d\u8c12|[spread] p2a,p2b\n|-damage|p2a: Koraidon|0 fnt\n|-damage|p2b: \u671d\u8c12|55/100\n|faint|p2a: Koraidon\n|-ability|p1a: Calyrex|Grim Neigh|boost\n|-boost|p1a: Calyrex|spa|1\n|move|p1b: Terapagos|Earth Power|p2b: \u671d\u8c12\n|-supereffective|p2b: \u671d\u8c12\n|-damage|p2b: \u671d\u8c12|0 fnt\n|faint|p2b: \u671d\u8c12\n|-end|p2b: \u671d\u8c12|Protosynthesis|[silent]\n|\n|-weather|none\n|upkeep\n|-message|Solar Eclips3 forfeited.\n|\n|win|Thagin\n|l|\u2606Solar Eclips3\n|player|p2|\n||Thagin is ready for game 2.\n|inactive|Solar Eclips3 has 30 seconds to confirm battle start!\n|inactive|Solar Eclips3 has 20 seconds to confirm battle start!\n|inactive|Solar Eclips3 has 10 seconds to confirm battle start!\n|uhtml|next|Next: <a href=\"/battle-gen9vgc2025regibo3-2353764071\"><strong>Game 2 of 3</strong></a>\n|l|\u2606Thagin\n|player|p1|\n", "uploadtime": 1745996312, "views": 6, "formatid": "gen9vgc2025regibo3", "rating": null, "private": 0, "password": null}