{"id": "gen9vgc2025regibo3-2354573190", "format": "[Gen 9] VGC 2025 Reg I (Bo3)", "players": ["DrXJ13", "Ziopppeppe"], "log": "|j|\u2606DrXJ13\n|j|\u2606Ziopppeppe\n|html|<table width=\"100%\"><tr><td align=\"left\">DrXJ13</td><td align=\"right\">Ziopppeppe</tr><tr><td align=\"left\"><i class=\"fa fa-circle\"></i> <i class=\"fa fa-circle-o\"></i> </td><td align=\"right\"><i class=\"fa fa-circle-o\"></i> <i class=\"fa fa-circle-o\"></i> </tr></table>\n|uhtml|bestof|<h2><strong>Game 2</strong> of <a href=\"/game-bestof3-gen9vgc2025regibo3-2354571792\">a best-of-3</a></h2>\n|t:|1746096819\n|gametype|doubles\n|player|p1|DrXJ13|clair|1113\n|player|p2|Ziopppeppe|2|1190\n|teamsize|p1|6\n|teamsize|p2|6\n|gen|9\n|tier|[Gen 9] VGC 2025 Reg I (Bo3)\n|rated|\n|rule|Species Clause: Limit one of each Pok\u00e9mon\n|rule|Item Clause: Limit 1 of each item\n|clearpoke\n|poke|p1|Calyrex-Shadow, L50|\n|poke|p1|Terapagos, L50, M|\n|poke|p1|Tornadus, L50, M|\n|poke|p1|Urshifu-*, L50, F|\n|poke|p1|Incineroar, L50, F|\n|poke|p1|Ogerpon-Cornerstone, L50, F|\n|poke|p2|Calyrex-Shadow, L50|\n|poke|p2|Koraidon, L50|\n|poke|p2|Brute Bonnet, L50|\n|poke|p2|Chi-Yu, L50|\n|poke|p2|Incineroar, L50, F|\n|poke|p2|Rillaboom, L50, M|\n|teampreview|4\n|showteam|p1|Calyrex-Shadow||LifeOrb|AsOneSpectrier|AstralBarrage,DrainingKiss,NastyPlot,Protect||||||50|,,,,,Fairy]Terapagos||ChoiceSpecs|TeraShift|TeraStarstorm,HyperBeam,EarthPower,IceBeam|||M|||50|,,,,,Stellar]Tornadus||CovertCloak|Prankster|Tailwind,BleakwindStorm,Taunt,RainDance|||M|||50|,,,,,Dark]Urshifu-Rapid-Strike||MysticWater|UnseenFist|SurgingStrikes,CloseCombat,AquaJet,Detect|||F|||50|,,,,,Grass]Incineroar||RockyHelmet|Intimidate|FakeOut,FlareBlitz,KnockOff,PartingShot|||F|||50|,,,,,Ghost]Ogerpon-Cornerstone||CornerstoneMask|Sturdy|IvyCudgel,WoodHammer,FollowMe,SpikyShield|||F|||50|,,,,,Rock\n|showteam|p2|Calyrex-Shadow||FocusSash|AsOneSpectrier|AstralBarrage,Protect,NastyPlot,TeraBlast||||||50|,,,,,Water]Koraidon||ClearAmulet|OrichalcumPulse|FlareBlitz,CollisionCourse,Protect,FlameCharge||||||50|,,,,,Fire]Brute Bonnet||CovertCloak|Protosynthesis|SuckerPunch,Spore,Protect,RagePowder||||||50|,,,,,Water]Chi-Yu||ChoiceScarf|BeadsofRuin|Snarl,Overheat,HeatWave,DarkPulse||||||50|,,,,,Ghost]Incineroar||SafetyGoggles|Intimidate|FakeOut,WillOWisp,PartingShot,KnockOff|||F|||50|,,,,,Bug]Rillaboom||AssaultVest|GrassySurge|FakeOut,WoodHammer,GrassyGlide,Uturn|||M|||50|,,,,,Fire\n|inactive|Battle timer is ON: inactive players will automatically lose when time's up. (requested by DrXJ13)\n|\n|t:|1746096841\n|start\n|switch|p1a: Maximiliano|Tornadus, L50, M|100/100\n|switch|p1b: Bragulat|Calyrex-Shadow, L50|100/100\n|switch|p2a: Brute Bonnet|Brute Bonnet, L50|100/100\n|switch|p2b: Chi-Yu|Chi-Yu, L50|100/100\n|-ability|p1b: Bragulat|As One\n|-ability|p1b: Bragulat|Unnerve\n|-ability|p2b: Chi-Yu|Beads of Ruin\n|turn|1\n|inactive|DrXJ13 has 30 seconds left.\n|\n|t:|1746096869\n|-terastallize|p1b: Bragulat|Fairy\n|move|p1b: Bragulat|Protect|p1b: Bragulat\n|-singleturn|p1b: Bragulat|Protect\n|move|p1a: Maximiliano|Tailwind|p1a: Maximiliano\n|-sidestart|p1: DrXJ13|move: Tailwind\n|move|p2b: Chi-Yu|Snarl|p1a: Maximiliano|[spread] p1a\n|-activate|p1b: Bragulat|move: Protect\n|-damage|p1a: Maximiliano|63/100\n|move|p2a: Brute Bonnet|Spore|p1a: Maximiliano\n|-status|p1a: Maximiliano|slp|[from] move: Spore\n|\n|upkeep\n|turn|2\n|inactive|DrXJ13 has 30 seconds left.\n|\n|t:|1746096899\n|-terastallize|p2a: Brute Bonnet|Water\n|move|p1b: Bragulat|Draining Kiss|p2a: Brute Bonnet\n|-damage|p2a: Brute Bonnet|56/100\n|-damage|p1b: Bragulat|91/100|[from] item: Life Orb\n|cant|p1a: Maximiliano|slp\n|move|p2b: Chi-Yu|Snarl|p1a: Maximiliano|[spread] p1a,p1b\n|-resisted|p1b: Bragulat\n|-damage|p1a: Maximiliano|25/100 slp\n|-damage|p1b: Bragulat|75/100\n|-unboost|p1b: Bragulat|spa|1\n|move|p2a: Brute Bonnet|Spore|p1b: Bragulat\n|-status|p1b: Bragulat|slp|[from] move: Spore\n|\n|upkeep\n|turn|3\n|inactive|Ziopppeppe has 30 seconds left.\n|\n|t:|1746096928\n|switch|p1a: Napolitana|Incineroar, L50, F|100/100\n|-ability|p1a: Napolitana|Intimidate|boost\n|-unboost|p2a: Brute Bonnet|atk|1\n|-unboost|p2b: Chi-Yu|atk|1\n|-end|p2a: Brute Bonnet|Protosynthesis|[silent]\n|switch|p2a: Calyrex|Calyrex-Shadow, L50|100/100\n|-ability|p2a: Calyrex|As One\n|-ability|p2a: Calyrex|Unnerve\n|cant|p1b: Bragulat|slp\n|move|p2b: Chi-Yu|Snarl|p1b: Bragulat|[spread] p1a,p1b\n|-resisted|p1a: Napolitana\n|-resisted|p1b: Bragulat\n|-damage|p1a: Napolitana|87/100\n|-damage|p1b: Bragulat|62/100 slp\n|-unboost|p1a: Napolitana|spa|1\n|-unboost|p1b: Bragulat|spa|1\n|\n|upkeep\n|turn|4\n|inactive|Ziopppeppe has 30 seconds left.\n|inactive|Ziopppeppe has 20 seconds left.\n|\n|t:|1746096966\n|switch|p2b: Brute Bonnet|Brute Bonnet, L50, tera:Water|56/100\n|-curestatus|p1b: Bragulat|slp|[msg]\n|move|p1b: Bragulat|Nasty Plot|p1b: Bragulat\n|-boost|p1b: Bragulat|spa|2\n|move|p2a: Calyrex|Nasty Plot|p2a: Calyrex\n|-boost|p2a: Calyrex|spa|2\n|move|p1a: Napolitana|Knock Off|p2a: Calyrex\n|-supereffective|p2a: Calyrex\n|-enditem|p2a: Calyrex|Focus Sash\n|-damage|p2a: Calyrex|1/100\n|\n|-sideend|p1: DrXJ13|move: Tailwind\n|upkeep\n|turn|5\n|inactive|Ziopppeppe has 30 seconds left.\n|\n|t:|1746096993\n|move|p2a: Calyrex|Protect|p2a: Calyrex\n|-singleturn|p2a: Calyrex|Protect\n|move|p1b: Bragulat|Protect|p1b: Bragulat\n|-singleturn|p1b: Bragulat|Protect\n|move|p1a: Napolitana|Parting Shot|p2a: Calyrex\n|-activate|p2a: Calyrex|move: Protect\n|move|p2b: Brute Bonnet|Spore|p1b: Bragulat\n|-activate|p1b: Bragulat|move: Protect\n|\n|upkeep\n|turn|6\n|\n|t:|1746097016\n|switch|p1b: Maximiliano|Tornadus, L50, M|25/100 slp\n|move|p2a: Calyrex|Astral Barrage|p1b: Maximiliano|[spread] p1a,p1b\n|-resisted|p1a: Napolitana\n|-crit|p1b: Maximiliano\n|-damage|p1a: Napolitana|45/100\n|-damage|p1b: Maximiliano|0 fnt\n|faint|p1b: Maximiliano\n|-ability|p2a: Calyrex|Grim Neigh|boost\n|-boost|p2a: Calyrex|spa|1\n|move|p1a: Napolitana|Knock Off|p2a: Calyrex\n|-supereffective|p2a: Calyrex\n|-damage|p2a: Calyrex|0 fnt\n|faint|p2a: Calyrex\n|move|p2b: Brute Bonnet|Spore|p1a: Napolitana\n|-status|p1a: Napolitana|slp|[from] move: Spore\n|\n|upkeep\n|\n|t:|1746097027\n|switch|p2a: Koraidon|Koraidon, L50|100/100\n|switch|p1b: Bragulat|Calyrex-Shadow, L50, tera:Fairy|62/100\n|-ability|p1b: Bragulat|As One\n|-ability|p1b: Bragulat|Unnerve\n|-weather|SunnyDay|[from] ability: Orichalcum Pulse|[of] p2a: Koraidon\n|-activate|p2b: Brute Bonnet|ability: Protosynthesis\n|-start|p2b: Brute Bonnet|protosynthesisatk\n|-activate|p2a: Koraidon|Orichalcum Pulse|[source]\n|turn|7\n|\n|t:|1746097044\n|move|p1b: Bragulat|Protect|p1b: Bragulat\n|-singleturn|p1b: Bragulat|Protect\n|move|p2b: Brute Bonnet|Rage Powder|p2b: Brute Bonnet\n|-singleturn|p2b: Brute Bonnet|move: Rage Powder\n|move|p2a: Koraidon|Flame Charge|p1b: Bragulat\n|-activate|p1b: Bragulat|move: Protect\n|cant|p1a: Napolitana|slp\n|\n|-weather|SunnyDay|[upkeep]\n|upkeep\n|turn|8\n|\n|t:|1746097064\n|move|p2b: Brute Bonnet|Rage Powder|p2b: Brute Bonnet\n|-singleturn|p2b: Brute Bonnet|move: Rage Powder\n|move|p1b: Bragulat|Draining Kiss|p2b: Brute Bonnet\n|-damage|p2b: Brute Bonnet|25/100\n|-heal|p1b: Bragulat|88/100|[from] drain|[of] p2b: Brute Bonnet\n|-damage|p1b: Bragulat|78/100|[from] item: Life Orb\n|move|p2a: Koraidon|Flare Blitz|p1b: Bragulat\n|-damage|p1b: Bragulat|0 fnt\n|faint|p1b: Bragulat\n|-damage|p2a: Koraidon|71/100|[from] Recoil\n|cant|p1a: Napolitana|slp\n|\n|-weather|SunnyDay|[upkeep]\n|upkeep\n|\n|t:|1746097072\n|switch|p1b: Sigmashio|Urshifu-Rapid-Strike, L50, F|100/100\n|turn|9\n|\n|t:|1746097082\n|move|p2a: Koraidon|Collision Course|p1a: Napolitana\n|-supereffective|p1a: Napolitana\n|-damage|p1a: Napolitana|0 fnt\n|-damage|p2a: Koraidon|55/100|[from] item: Rocky Helmet|[of] p1a: Napolitana\n|faint|p1a: Napolitana\n|move|p1b: Sigmashio|Close Combat|p2a: Koraidon\n|-damage|p2a: Koraidon|5/100\n|-unboost|p1b: Sigmashio|def|1\n|-unboost|p1b: Sigmashio|spd|1\n|move|p2b: Brute Bonnet|Spore|p1b: Sigmashio\n|-status|p1b: Sigmashio|slp|[from] move: Spore\n|\n|-weather|SunnyDay|[upkeep]\n|upkeep\n|turn|10\n|-message|DrXJ13 forfeited.\n|\n|win|Ziopppeppe\n||DrXJ13 is ready for game 3.\n|l|\u2606Ziopppeppe\n|player|p2|\n||Ziopppeppe is ready for game 3.\n|uhtml|next|Next: <a href=\"/battle-gen9vgc2025regibo3-2354574815\"><strong>Game 3 of 3</strong></a>\n", "uploadtime": 1746097294, "views": 9, "formatid": "gen9vgc2025regibo3", "rating": null, "private": 0, "password": null}