{"id": "gen9vgc2025regibo3-2354272856", "format": "[Gen 9] VGC 2025 Reg I (Bo3)", "players": ["bigkingrollo", "thepartysneverover"], "log": "|j|\u2606bigkingrollo\n|j|\u2606thepartysneverover\n|html|<table width=\"100%\"><tr><td align=\"left\">bigkingrollo</td><td align=\"right\">thepartysneverover</tr><tr><td align=\"left\"><i class=\"fa fa-circle-o\"></i> <i class=\"fa fa-circle-o\"></i> </td><td align=\"right\"><i class=\"fa fa-circle-o\"></i> <i class=\"fa fa-circle-o\"></i> </tr></table>\n|uhtml|bestof|<h2><strong>Game 1</strong> of <a href=\"/game-bestof3-gen9vgc2025regibo3-2354272855\">a best-of-3</a></h2>\n|t:|1746051507\n|gametype|doubles\n|player|p1|bigkingrollo|169|1073\n|player|p2|thepartysneverover|266|1000\n|teamsize|p1|6\n|teamsize|p2|6\n|gen|9\n|tier|[Gen 9] VGC 2025 Reg I (Bo3)\n|rated|\n|rule|Species Clause: Limit one of each Pok\u00e9mon\n|rule|Item Clause: Limit 1 of each item\n|clearpoke\n|poke|p1|Lunala, L50|\n|poke|p1|Ninetales-Alola, L50, F|\n|poke|p1|Amoonguss, L50, M|\n|poke|p1|Scrafty, L50, F|\n|poke|p1|Raging Bolt, L50|\n|poke|p1|Kyurem-White, L50|\n|poke|p2|Eternatus, L50|\n|poke|p2|Ogerpon-Cornerstone, L50, F|\n|poke|p2|Ho-Oh, L50|\n|poke|p2|Chien-Pao, L50|\n|poke|p2|Iron Valiant, L50|\n|poke|p2|Urshifu-*, L50, M|\n|teampreview|4\n|showteam|p1|Lunala||PowerHerb|ShadowShield|MoongeistBeam,MeteorBeam,WideGuard,Tailwind||||||50|,,,,,Water]Ninetales-Alola||LightClay|SnowWarning|Blizzard,AuroraVeil,Encore,IcyWind|||F|||50|,,,,,Water]Amoonguss||SitrusBerry|Regenerator|PollenPuff,Spore,RagePowder,Protect|||M|||50|,,,,,Water]Scrafty||ClearAmulet|Intimidate|FakeOut,KnockOff,LowKick,Detect|||F|||50|,,,,,Fairy]Raging Bolt||AssaultVest|Protosynthesis|Thunderclap,Electroweb,DracoMeteor,VoltSwitch||||||50|,,,,,Electric]Kyurem-White||ChoiceSpecs|Turboblaze|Blizzard,FreezeDry,IcyWind,FusionFlare||||||50|,,,,,Ice\n|showteam|p2|Eternatus||PowerHerb|Pressure|SludgeBomb,DynamaxCannon,MeteorBeam,Protect||||||50|,,,,,Poison]Ogerpon-Cornerstone||CornerstoneMask|Sturdy|SpikyShield,IvyCudgel,PowerWhip,FollowMe|||F|||50|,,,,,Rock]Ho-Oh||ClearAmulet|Regenerator|Protect,SacredFire,BraveBird,Tailwind||||||50|,,,,,Grass]Chien-Pao||FocusSash|SwordofRuin|IceSpinner,SuckerPunch,ThroatChop,Protect||||||50|,,,,,Stellar]Iron Valiant||BoosterEnergy|QuarkDrive|Moonblast,WideGuard,Encore,Protect||||||50|,,,,,Fairy]Urshifu-Rapid-Strike||MysticWater|UnseenFist|SurgingStrikes,CloseCombat,Taunt,Detect|||M|||50|,,,,,Water\n|inactive|Battle timer is ON: inactive players will automatically lose when time's up. (requested by thepartysneverover)\n|inactiveoff|Battle timer is now OFF.\n|inactive|Battle timer is ON: inactive players will automatically lose when time's up. (requested by bigkingrollo)\n|\n|t:|1746051595\n|start\n|switch|p1a: Ninetales|Ninetales-Alola, L50, F|100/100\n|switch|p1b: Raging Bolt|Raging Bolt, L50|100/100\n|switch|p2a: Ogerpon|Ogerpon-Cornerstone, L50, F|100/100\n|switch|p2b: Eternatus|Eternatus, L50|100/100\n|-ability|p2b: Eternatus|Pressure\n|-weather|Snowscape|[from] ability: Snow Warning|[of] p1a: Ninetales\n|turn|1\n|inactive|thepartysneverover has 30 seconds left.\n|inactive|thepartysneverover has 20 seconds left.\n|inactive|thepartysneverover has 15 seconds left.\n|inactive|thepartysneverover has 10 seconds left.\n|inactive|thepartysneverover has 5 seconds left.\n|\n|t:|1746051650\n|-terastallize|p1a: Ninetales|Water\n|move|p2a: Ogerpon|Spiky Shield|p2a: Ogerpon\n|-singleturn|p2a: Ogerpon|move: Protect\n|move|p2b: Eternatus|Sludge Bomb|p1b: Raging Bolt\n|-damage|p1b: Raging Bolt|71/100\n|-status|p1b: Raging Bolt|psn\n|move|p1a: Ninetales|Aurora Veil|p1a: Ninetales\n|-sidestart|p1: bigkingrollo|move: Aurora Veil\n|move|p1b: Raging Bolt|Electroweb|p2a: Ogerpon|[spread] p2b\n|-activate|p2a: Ogerpon|move: Protect\n|-resisted|p2b: Eternatus\n|-damage|p2b: Eternatus|90/100\n|-unboost|p2b: Eternatus|spe|1\n|\n|-weather|Snowscape|[upkeep]\n|-damage|p1b: Raging Bolt|58/100 psn|[from] psn\n|upkeep\n|turn|2\n|inactive|bigkingrollo has 30 seconds left.\n|inactive|thepartysneverover has 30 seconds left.\n|inactive|thepartysneverover has 20 seconds left.\n|\n|t:|1746051688\n|move|p2a: Ogerpon|Power Whip|p1a: Ninetales\n|-supereffective|p1a: Ninetales\n|-damage|p1a: Ninetales|0 fnt\n|faint|p1a: Ninetales\n|move|p2b: Eternatus|Dynamax Cannon|p1b: Raging Bolt\n|-supereffective|p1b: Raging Bolt\n|-damage|p1b: Raging Bolt|17/100 psn\n|move|p1b: Raging Bolt|Draco Meteor|p2b: Eternatus\n|-supereffective|p2b: Eternatus\n|-damage|p2b: Eternatus|0 fnt\n|-unboost|p1b: Raging Bolt|spa|2\n|faint|p2b: Eternatus\n|\n|-weather|Snowscape|[upkeep]\n|-damage|p1b: Raging Bolt|5/100 psn|[from] psn\n|upkeep\n|\n|t:|1746051703\n|switch|p2b: Iron Valiant|Iron Valiant, L50|100/100\n|switch|p1a: Lunala|Lunala, L50|100/100\n|-enditem|p2b: Iron Valiant|Booster Energy\n|-activate|p2b: Iron Valiant|ability: Quark Drive|[fromitem]\n|-start|p2b: Iron Valiant|quarkdrivespe\n|turn|3\n|\n|t:|1746051716\n|move|p1b: Raging Bolt|Thunderclap|p2a: Ogerpon\n|-resisted|p2a: Ogerpon\n|-damage|p2a: Ogerpon|89/100\n|move|p2b: Iron Valiant|Moonblast|p1a: Lunala\n|-damage|p1a: Lunala|91/100\n|move|p2a: Ogerpon|Ivy Cudgel|p1a: Lunala|[anim] Ivy Cudgel Rock\n|-damage|p1a: Lunala|56/100\n|move|p1a: Lunala|Tailwind|p1a: Lunala\n|-sidestart|p1: bigkingrollo|move: Tailwind\n|\n|-weather|Snowscape|[upkeep]\n|-damage|p1b: Raging Bolt|0 fnt|[from] psn\n|faint|p1b: Raging Bolt\n|-end|p1b: Raging Bolt|Protosynthesis|[silent]\n|upkeep\n|\n|t:|1746051718\n|switch|p1b: Kyurem|Kyurem-White, L50|100/100\n|-ability|p1b: Kyurem|Turboblaze\n|turn|4\n|inactive|bigkingrollo has 30 seconds left.\n|inactive|bigkingrollo has 20 seconds left.\n|inactive|bigkingrollo has 15 seconds left.\n|inactive|bigkingrollo has 10 seconds left.\n|\n|t:|1746051764\n|-terastallize|p2a: Ogerpon|Rock\n|detailschange|p2a: Ogerpon|Ogerpon-Cornerstone-Tera, L50, F, tera:Rock\n|-ability|p2a: Ogerpon|Embody Aspect (Cornerstone)|boost\n|-boost|p2a: Ogerpon|def|1\n|move|p2b: Iron Valiant|Wide Guard|p2b: Iron Valiant\n|-singleturn|p2b: Iron Valiant|Wide Guard\n|move|p1b: Kyurem|Freeze-Dry|p2a: Ogerpon\n|-damage|p2a: Ogerpon|5/100\n|-status|p2a: Ogerpon|frz\n|move|p1a: Lunala|Moongeist Beam|p2a: Ogerpon\n|-damage|p2a: Ogerpon|0 fnt\n|faint|p2a: Ogerpon\n|\n|-weather|Snowscape|[upkeep]\n|upkeep\n|\n|t:|1746051777\n|switch|p2a: Ho-Oh|Ho-Oh, L50|100/100\n|turn|5\n|\n|t:|1746051785\n|move|p1b: Kyurem|Freeze-Dry|p2b: Iron Valiant\n|-damage|p2b: Iron Valiant|9/100\n|move|p2b: Iron Valiant|Moonblast|p1b: Kyurem\n|-supereffective|p1b: Kyurem\n|-crit|p1b: Kyurem\n|-damage|p1b: Kyurem|0 fnt\n|faint|p1b: Kyurem\n|move|p1a: Lunala|Meteor Beam||[still]\n|-prepare|p1a: Lunala|Meteor Beam\n|-boost|p1a: Lunala|spa|1\n|-enditem|p1a: Lunala|Power Herb\n|-anim|p1a: Lunala|Meteor Beam|p2a: Ho-Oh\n|-supereffective|p2a: Ho-Oh\n|-damage|p2a: Ho-Oh|0 fnt\n|faint|p2a: Ho-Oh\n|\n|-weather|none\n|upkeep\n|turn|6\n|\n|t:|1746051804\n|move|p2b: Iron Valiant|Encore|p1a: Lunala\n|-start|p1a: Lunala|Encore\n|move|p1a: Lunala|Meteor Beam||[still]\n|-prepare|p1a: Lunala|Meteor Beam\n|-boost|p1a: Lunala|spa|1\n|\n|-sideend|p1: bigkingrollo|move: Tailwind\n|upkeep\n|turn|7\n|\n|t:|1746051808\n|move|p2b: Iron Valiant|Protect|p2b: Iron Valiant\n|-singleturn|p2b: Iron Valiant|Protect\n|move|p1a: Lunala|Meteor Beam|p2b: Iron Valiant|[from] lockedmove\n|-activate|p2b: Iron Valiant|move: Protect\n|\n|upkeep\n|turn|8\n|\n|t:|1746051814\n|move|p2b: Iron Valiant|Moonblast|p1a: Lunala\n|-damage|p1a: Lunala|36/100\n|-unboost|p1a: Lunala|spa|1\n|move|p1a: Lunala|Meteor Beam||[still]\n|-prepare|p1a: Lunala|Meteor Beam\n|-boost|p1a: Lunala|spa|1\n|\n|-end|p1a: Lunala|Encore\n|-sideend|p1: bigkingrollo|move: Aurora Veil\n|upkeep\n|turn|9\n|\n|t:|1746051820\n|move|p2b: Iron Valiant|Protect|p2b: Iron Valiant\n|-singleturn|p2b: Iron Valiant|Protect\n|move|p1a: Lunala|Meteor Beam|p2b: Iron Valiant|[from] lockedmove\n|-activate|p2b: Iron Valiant|move: Protect\n|\n|upkeep\n|turn|10\n|\n|t:|1746051828\n|move|p2b: Iron Valiant|Encore|p1a: Lunala\n|-start|p1a: Lunala|Encore\n|move|p1a: Lunala|Meteor Beam||[still]\n|-prepare|p1a: Lunala|Meteor Beam\n|-boost|p1a: Lunala|spa|1\n|\n|upkeep\n|turn|11\n|-message|bigkingrollo forfeited.\n|\n|win|thepartysneverover\n|l|\u2606bigkingrollo\n|player|p1|\n||bigkingrollo is ready for game 2.\n", "uploadtime": 1746051832, "views": 13, "formatid": "gen9vgc2025regibo3", "rating": null, "private": 0, "password": null}