{"id": "gen9vgc2025regibo3-2354225398", "format": "[Gen 9] VGC 2025 Reg I (Bo3)", "players": ["Solunex", "bbhell"], "log": "|j|\u203dSolunex\n|j|\u2606bbhell\n|html|<table width=\"100%\"><tr><td align=\"left\">Solunex</td><td align=\"right\">bbhell</tr><tr><td align=\"left\"><i class=\"fa fa-circle\"></i> <i class=\"fa fa-circle-o\"></i> </td><td align=\"right\"><i class=\"fa fa-circle-o\"></i> <i class=\"fa fa-circle\"></i> </tr></table>\n|uhtml|bestof|<h2><strong>Game 3</strong> of <a href=\"/game-bestof3-gen9vgc2025regibo3-2354220878\">a best-of-3</a></h2>\n|t:|1746046524\n|gametype|doubles\n|player|p1|Solunex|101|1191\n|player|p2|bbhell|2|1214\n|teamsize|p1|6\n|teamsize|p2|6\n|gen|9\n|tier|[Gen 9] VGC 2025 Reg I (Bo3)\n|rated|\n|rule|Species Clause: Limit one of each Pok\u00e9mon\n|rule|Item Clause: Limit 1 of each item\n|clearpoke\n|poke|p1|Zacian-*, L50|\n|poke|p1|Tornadus, L50, M|\n|poke|p1|Urshifu-*, L50, M|\n|poke|p1|Ogerpon-Cornerstone, L50, F|\n|poke|p1|Calyrex-Ice, L50|\n|poke|p1|Moltres-Galar, L50|\n|poke|p2|Iron Hands, L50|\n|poke|p2|Brute Bonnet, L50|\n|poke|p2|Koraidon, L50|\n|poke|p2|Lunala, L50|\n|poke|p2|Chi-Yu, L50|\n|poke|p2|Flutter Mane, L50|\n|teampreview|4\n|showteam|p1|Zacian-Crowned||RustedSword|IntrepidSword|behemothblade,PlayRough,SacredSword,Protect||||||50|,,,,,Dragon]Tornadus||CovertCloak|Prankster|BleakwindStorm,RainDance,Tailwind,Taunt|||M|||50|,,,,,Dark]Urshifu-Rapid-Strike||FocusSash|UnseenFist|SurgingStrikes,CloseCombat,AquaJet,Protect|||M|||50|,,,,,Stellar]Ogerpon-Cornerstone||CornerstoneMask|Sturdy|IvyCudgel,PowerWhip,FollowMe,SpikyShield|||F|||50|,,,,,Rock]Calyrex-Ice||AssaultVest|AsOneGlastrier|GlacialLance,HighHorsepower,ThroatChop,SeedBomb||||||50|,,,,,Fire]Moltres-Galar||Leftovers|Berserk|FieryWrath,AirSlash,HelpingHand,Protect||||||50|,,,,,Poison\n|showteam|p2|Iron Hands||AssaultVest|QuarkDrive|DrainPunch,LowKick,WildCharge,FakeOut||||||50|,,,,,Water]Brute Bonnet||CovertCloak|Protosynthesis|SuckerPunch,Spore,RagePowder,Protect||||||50|,,,,,Water]Koraidon||LifeOrb|OrichalcumPulse|FlareBlitz,FlameCharge,CloseCombat,Protect||||||50|,,,,,Fire]Lunala||PowerHerb|ShadowShield|MeteorBeam,MoongeistBeam,WideGuard,TrickRoom||||||50|,,,,,Water]Chi-Yu||ChoiceScarf|BeadsofRuin|Overheat,DarkPulse,Snarl,HeatWave||||||50|,,,,,Ghost]Flutter Mane||FocusSash|Protosynthesis|ShadowBall,Moonblast,ThunderWave,Protect||||||50|,,,,,Fairy\n|inactive|Battle timer is ON: inactive players will automatically lose when time's up. (requested by Solunex)\n|\n|t:|1746046551\n|start\n|switch|p1a: Tornadus|Tornadus, L50, M|100/100\n|switch|p1b: Urshifu|Urshifu-Rapid-Strike, L50, M|100/100\n|switch|p2a: Lunala|Lunala, L50|100/100\n|switch|p2b: Brute Bonnet|Brute Bonnet, L50, shiny|100/100\n|turn|1\n|inactive|Solunex has 30 seconds left.\n|inactive|bbhell has 30 seconds left.\n|inactive|bbhell has 20 seconds left.\n|\n|t:|1746046590\n|-terastallize|p1b: Urshifu|Stellar\n|-terastallize|p2b: Brute Bonnet|Water\n|move|p2b: Brute Bonnet|Rage Powder|p2b: Brute Bonnet\n|-singleturn|p2b: Brute Bonnet|move: Rage Powder\n|move|p1a: Tornadus|Tailwind|p1a: Tornadus\n|-sidestart|p1: Solunex|move: Tailwind\n|move|p1b: Urshifu|Close Combat|p2b: Brute Bonnet\n|-damage|p2b: Brute Bonnet|44/100\n|-unboost|p1b: Urshifu|def|1\n|-unboost|p1b: Urshifu|spd|1\n|move|p2a: Lunala|Trick Room|p2a: Lunala\n|-fieldstart|move: Trick Room|[of] p2a: Lunala\n|\n|upkeep\n|turn|2\n|\n|t:|1746046611\n|move|p1a: Tornadus|Taunt|p2a: Lunala\n|-start|p2a: Lunala|move: Taunt\n|move|p2b: Brute Bonnet|Spore|p1b: Urshifu\n|-status|p1b: Urshifu|slp|[from] move: Spore\n|move|p2a: Lunala|Meteor Beam||[still]\n|-prepare|p2a: Lunala|Meteor Beam\n|-boost|p2a: Lunala|spa|1\n|-enditem|p2a: Lunala|Power Herb\n|-anim|p2a: Lunala|Meteor Beam|p1a: Tornadus\n|-supereffective|p1a: Tornadus\n|-damage|p1a: Tornadus|0 fnt\n|faint|p1a: Tornadus\n|cant|p1b: Urshifu|slp\n|\n|upkeep\n|\n|t:|1746046623\n|switch|p1a: Moltres|Moltres-Galar, L50|100/100\n|turn|3\n|\n|t:|1746046632\n|move|p1a: Moltres|Protect|p1a: Moltres\n|-singleturn|p1a: Moltres|Protect\n|cant|p1b: Urshifu|slp\n|move|p2b: Brute Bonnet|Spore|p1a: Moltres\n|-activate|p1a: Moltres|move: Protect\n|move|p2a: Lunala|Moongeist Beam|p1b: Urshifu\n|-enditem|p1b: Urshifu|Focus Sash\n|-damage|p1b: Urshifu|1/100 slp\n|\n|upkeep\n|turn|4\n|\n|t:|1746046645\n|cant|p1b: Urshifu|slp\n|move|p2b: Brute Bonnet|Spore|p1a: Moltres\n|-status|p1a: Moltres|slp|[from] move: Spore\n|move|p2a: Lunala|Moongeist Beam|p1b: Urshifu\n|-damage|p1b: Urshifu|0 fnt\n|faint|p1b: Urshifu\n|cant|p1a: Moltres|slp\n|\n|-end|p2a: Lunala|move: Taunt\n|-sideend|p1: Solunex|move: Tailwind\n|upkeep\n|\n|t:|1746046650\n|switch|p1b: Zacian|Zacian-Crowned, L50|100/100\n|-ability|p1b: Zacian|Intrepid Sword|boost\n|-boost|p1b: Zacian|atk|1\n|turn|5\n|inactive|bbhell has 30 seconds left.\n|inactive|bbhell has 20 seconds left.\n|\n|t:|1746046689\n|move|p1b: Zacian|Protect|p1b: Zacian\n|-singleturn|p1b: Zacian|Protect\n|move|p2b: Brute Bonnet|Spore|p1b: Zacian\n|-activate|p1b: Zacian|move: Protect\n|move|p2a: Lunala|Moongeist Beam|p1a: Moltres\n|-resisted|p1a: Moltres\n|-damage|p1a: Moltres|73/100 slp\n|cant|p1a: Moltres|slp\n|\n|-heal|p1a: Moltres|79/100 slp|[from] item: Leftovers\n|-fieldend|move: Trick Room\n|upkeep\n|turn|6\n|inactive|bbhell has 30 seconds left.\n|\n|t:|1746046720\n|move|p2b: Brute Bonnet|Rage Powder|p2b: Brute Bonnet\n|-singleturn|p2b: Brute Bonnet|move: Rage Powder\n|move|p1b: Zacian|Play Rough|p2b: Brute Bonnet\n|-damage|p2b: Brute Bonnet|0 fnt\n|faint|p2b: Brute Bonnet\n|-end|p2b: Brute Bonnet|Protosynthesis|[silent]\n|-curestatus|p1a: Moltres|slp|[msg]\n|move|p1a: Moltres|Fiery Wrath|p2a: Lunala\n|-supereffective|p2a: Lunala\n|-damage|p2a: Lunala|54/100\n|move|p2a: Lunala|Moongeist Beam|p1b: Zacian\n|-damage|p1b: Zacian|17/100\n|\n|-heal|p1a: Moltres|85/100|[from] item: Leftovers\n|upkeep\n|\n|t:|1746046744\n|switch|p2b: Iron Hands|Iron Hands, L50|100/100\n|turn|7\n|\n|t:|1746046763\n|move|p2b: Iron Hands|Fake Out|p1b: Zacian\n|-resisted|p1b: Zacian\n|-damage|p1b: Zacian|10/100\n|cant|p1b: Zacian|flinch\n|move|p1a: Moltres|Fiery Wrath|p2a: Lunala|[spread] p2a,p2b\n|-supereffective|p2a: Lunala\n|-resisted|p2b: Iron Hands\n|-damage|p2a: Lunala|0 fnt\n|-damage|p2b: Iron Hands|93/100\n|faint|p2a: Lunala\n|\n|-heal|p1a: Moltres|91/100|[from] item: Leftovers\n|upkeep\n|\n|t:|1746046766\n|switch|p2a: Koraidon|Koraidon, L50|100/100\n|-weather|SunnyDay|[from] ability: Orichalcum Pulse|[of] p2a: Koraidon\n|-activate|p2a: Koraidon|Orichalcum Pulse|[source]\n|turn|8\n|inactive|Solunex has 30 seconds left.\n|inactive|bbhell has 30 seconds left.\n|inactive|Solunex has 20 seconds left.\n|inactive|Solunex has 15 seconds left.\n|\n|t:|1746046806\n|move|p1b: Zacian|Protect|p1b: Zacian\n|-singleturn|p1b: Zacian|Protect\n|move|p1a: Moltres|Protect|p1a: Moltres\n|-singleturn|p1a: Moltres|Protect\n|move|p2a: Koraidon|Flame Charge|p1b: Zacian\n|-activate|p1b: Zacian|move: Protect\n|move|p2b: Iron Hands|Drain Punch|p1b: Zacian\n|-activate|p1b: Zacian|move: Protect\n|\n|-weather|SunnyDay|[upkeep]\n|-heal|p1a: Moltres|97/100|[from] item: Leftovers\n|upkeep\n|turn|9\n|inactive|bbhell has 30 seconds left.\n|\n|t:|1746046836\n|move|p1b: Zacian|Play Rough|p2a: Koraidon\n|-supereffective|p2a: Koraidon\n|-damage|p2a: Koraidon|0 fnt\n|faint|p2a: Koraidon\n|move|p1a: Moltres|Fiery Wrath|p2b: Iron Hands\n|-resisted|p2b: Iron Hands\n|-damage|p2b: Iron Hands|84/100\n|move|p2b: Iron Hands|Wild Charge|p1a: Moltres\n|-supereffective|p1a: Moltres\n|-damage|p1a: Moltres|6/100\n|-damage|p2b: Iron Hands|66/100|[from] Recoil\n|-ability|p1a: Moltres|Berserk|boost\n|-boost|p1a: Moltres|spa|1\n|\n|-weather|SunnyDay|[upkeep]\n|-heal|p1a: Moltres|12/100|[from] item: Leftovers\n|upkeep\n|turn|10\n|-message|bbhell forfeited.\n|\n|win|Solunex\n|raw|Solunex's rating: 1191 &rarr; <strong>1218</strong><br />(+27 for winning)\n|raw|bbhell's rating: 1214 &rarr; <strong>1187</strong><br />(-27 for losing)\n|l|\u2606bbhell\n|player|p2|\n", "uploadtime": 1746046892, "views": 9, "formatid": "gen9vgc2025regibo3", "rating": 1187, "private": 0, "password": null}