{"id": "gen9vgc2025regibo3-2355110542", "format": "[Gen 9] VGC 2025 Reg I (Bo3)", "players": ["horizonbattle", "is_katabo"], "log": "|j|\u2606horizonbattle\n|j|\u2606is_katabo\n|html|<table width=\"100%\"><tr><td align=\"left\">horizonbattle</td><td align=\"right\">is_katabo</tr><tr><td align=\"left\"><i class=\"fa fa-circle-o\"></i> <i class=\"fa fa-circle-o\"></i> </td><td align=\"right\"><i class=\"fa fa-circle-o\"></i> <i class=\"fa fa-circle-o\"></i> </tr></table>\n|uhtml|bestof|<h2><strong>Game 1</strong> of <a href=\"/game-bestof3-gen9vgc2025regibo3-2355110541\">a best-of-3</a></h2>\n|t:|1746153785\n|gametype|doubles\n|player|p1|horizonbattle|170|1231\n|player|p2|is_katabo|caitlin|1222\n|teamsize|p1|6\n|teamsize|p2|6\n|gen|9\n|tier|[Gen 9] VGC 2025 Reg I (Bo3)\n|rated|\n|rule|Species Clause: Limit one of each Pok\u00e9mon\n|rule|Item Clause: Limit 1 of each item\n|clearpoke\n|poke|p1|Calyrex-Shadow, L50|\n|poke|p1|Rillaboom, L50, F|\n|poke|p1|Incineroar, L50, F|\n|poke|p1|Urshifu-*, L50, M|\n|poke|p1|Amoonguss, L50, M|\n|poke|p1|Terapagos, L50, M|\n|poke|p2|Koraidon, L50|\n|poke|p2|Calyrex-Shadow, L50|\n|poke|p2|Chi-Yu, L50|\n|poke|p2|Indeedee-F, L50, F|\n|poke|p2|Brute Bonnet, L50|\n|poke|p2|Flutter Mane, L50|\n|teampreview|4\n|showteam|p1|Calyrex-Shadow||FocusSash|AsOneSpectrier|AstralBarrage,Encore,Disable,Protect||||||50|,,,,,Ghost]Rillaboom||AssaultVest|GrassySurge|DrumBeating,GrassyGlide,Uturn,FakeOut|||F|||50|,,,,,Grass]Incineroar||SafetyGoggles|Intimidate|KnockOff,WillOWisp,PartingShot,FakeOut|||F|||50|,,,,,Bug]Urshifu-Rapid-Strike||ChoiceScarf|UnseenFist|SurgingStrikes,CloseCombat,RockTomb,Uturn|||M|||50|,,,,,Water]Amoonguss||RockyHelmet|Regenerator|Spore,RagePowder,SludgeBomb,Protect|||M|||50|,,,,,Water]Terapagos||Leftovers|TeraShift|TeraStarstorm,EarthPower,CalmMind,Protect|||M|||50|,,,,,Stellar\n|showteam|p2|Koraidon||LifeOrb|OrichalcumPulse|CloseCombat,FlareBlitz,FlameCharge,Protect||||||50|,,,,,Fire]Calyrex-Shadow||FocusSash|AsOneSpectrier|AstralBarrage,ExpandingForce,ShadowBall,Protect||||||50|,,,,,Ghost]Chi-Yu||ChoiceScarf|BeadsofRuin|DarkPulse,Snarl,HeatWave,Overheat||||||50|,,,,,Ghost]Indeedee-F||RockyHelmet|PsychicSurge|Psychic,FollowMe,HelpingHand,TrickRoom|||F|||50|,,,,,Water]Brute Bonnet||CovertCloak|Protosynthesis|SeedBomb,SuckerPunch,RagePowder,Spore||||||50|,,,,,Water]Flutter Mane||BoosterEnergy|Protosynthesis|Moonblast,IcyWind,Taunt,Protect||||||50|,,,,,Water\n|inactive|Battle timer is ON: inactive players will automatically lose when time's up. (requested by horizonbattle)\n|inactive|horizonbattle has 60 seconds left.\n|\n|t:|1746153830\n|start\n|switch|p1a: Rillaboom|Rillaboom, L50, F|100/100\n|switch|p1b: Urshifu|Urshifu-Rapid-Strike, L50, M|100/100\n|switch|p2a: Pufferfish|Chi-Yu, L50|100/100\n|switch|p2b: Ghast|Flutter Mane, L50|100/100\n|-ability|p2a: Pufferfish|Beads of Ruin\n|-fieldstart|move: Grassy Terrain|[from] ability: Grassy Surge|[of] p1a: Rillaboom\n|-enditem|p2b: Ghast|Booster Energy\n|-activate|p2b: Ghast|ability: Protosynthesis|[fromitem]\n|-start|p2b: Ghast|protosynthesisspe\n|turn|1\n|inactive|horizonbattle has 30 seconds left.\n|\n|t:|1746153859\n|switch|p1b: Incineroar|Incineroar, L50, F|100/100\n|-ability|p1b: Incineroar|Intimidate|boost\n|-unboost|p2a: Pufferfish|atk|1\n|-unboost|p2b: Ghast|atk|1\n|-terastallize|p2a: Pufferfish|Ghost\n|move|p2b: Ghast|Moonblast|p1b: Incineroar\n|-damage|p1b: Incineroar|51/100\n|move|p2a: Pufferfish|Heat Wave|p1a: Rillaboom|[spread] p1a,p1b\n|-supereffective|p1a: Rillaboom\n|-resisted|p1b: Incineroar\n|-damage|p1a: Rillaboom|32/100\n|-damage|p1b: Incineroar|27/100\n|-status|p1a: Rillaboom|brn\n|move|p1a: Rillaboom|Drum Beating|p2b: Ghast\n|-damage|p2b: Ghast|56/100\n|-unboost|p2b: Ghast|spe|1\n|\n|-heal|p2b: Ghast|61/100|[from] Grassy Terrain\n|-heal|p1a: Rillaboom|38/100 brn|[from] Grassy Terrain\n|-heal|p1b: Incineroar|33/100|[from] Grassy Terrain\n|-damage|p1a: Rillaboom|32/100 brn|[from] brn\n|upkeep\n|turn|2\n|inactive|horizonbattle has 30 seconds left.\n|inactive|is_katabo has 30 seconds left.\n|\n|t:|1746153889\n|move|p1a: Rillaboom|Grassy Glide|p2b: Ghast\n|-damage|p2b: Ghast|33/100\n|move|p2a: Pufferfish|Heat Wave|p1a: Rillaboom|[spread] p1a,p1b\n|-supereffective|p1a: Rillaboom\n|-resisted|p1b: Incineroar\n|-damage|p1a: Rillaboom|0 fnt\n|-damage|p1b: Incineroar|10/100\n|faint|p1a: Rillaboom\n|move|p2b: Ghast|Icy Wind|p1b: Incineroar\n|-resisted|p1b: Incineroar\n|-damage|p1b: Incineroar|1/100\n|-unboost|p1b: Incineroar|spe|1\n|move|p1b: Incineroar|Knock Off|p2a: Pufferfish\n|-supereffective|p2a: Pufferfish\n|-damage|p2a: Pufferfish|0 fnt\n|-enditem|p2a: Pufferfish|Choice Scarf|[from] move: Knock Off|[of] p1b: Incineroar\n|faint|p2a: Pufferfish\n|\n|-heal|p2b: Ghast|39/100|[from] Grassy Terrain\n|-heal|p1b: Incineroar|7/100|[from] Grassy Terrain\n|upkeep\n|\n|t:|1746153907\n|switch|p2a: Jockey|Calyrex-Shadow, L50|100/100\n|switch|p1a: Terapagos|Terapagos, L50, M|100/100\n|-activate|p1a: Terapagos|ability: Tera Shift\n|detailschange|p1a: Terapagos|Terapagos-Terastal, L50, M\n|-heal|p1a: Terapagos|100/100|[silent]\n|-ability|p2a: Jockey|As One\n|-ability|p2a: Jockey|Unnerve\n|turn|3\n|\n|t:|1746153927\n|move|p2a: Jockey|Expanding Force|p1a: Terapagos\n|-activate|p1a: Terapagos|ability: Tera Shell\n|-resisted|p1a: Terapagos\n|-damage|p1a: Terapagos|82/100\n|move|p2b: Ghast|Icy Wind|p1a: Terapagos|[spread] p1a,p1b\n|-resisted|p1b: Incineroar\n|-damage|p1a: Terapagos|72/100\n|-damage|p1b: Incineroar|2/100\n|-unboost|p1a: Terapagos|spe|1\n|-unboost|p1b: Incineroar|spe|1\n|move|p1a: Terapagos|Earth Power|p2a: Jockey\n|-damage|p2a: Jockey|78/100\n|move|p1b: Incineroar|Parting Shot|p2b: Ghast\n|-unboost|p2b: Ghast|atk|1\n|-unboost|p2b: Ghast|spa|1\n|\n|t:|1746153944\n|switch|p1b: Urshifu|Urshifu-Rapid-Strike, L50, M|100/100|[from] Parting Shot\n|\n|-heal|p2a: Jockey|84/100|[from] Grassy Terrain\n|-heal|p2b: Ghast|45/100|[from] Grassy Terrain\n|-heal|p1a: Terapagos|79/100|[from] Grassy Terrain\n|-heal|p1a: Terapagos|85/100|[from] item: Leftovers\n|upkeep\n|turn|4\n|\n|t:|1746153960\n|-end|p2b: Ghast|Protosynthesis|[silent]\n|switch|p2b: Chicken|Koraidon, L50|100/100\n|-weather|SunnyDay|[from] ability: Orichalcum Pulse|[of] p2b: Chicken\n|-activate|p2b: Chicken|Orichalcum Pulse|[source]\n|-terastallize|p1a: Terapagos|Stellar\n|detailschange|p1a: Terapagos|Terapagos-Stellar, L50, M, tera:Stellar\n|-heal|p1a: Terapagos|89/100|[silent]\n|-ability|p1a: Terapagos|Teraform Zero\n|-weather|none\n|-fieldend|move: Grassy Terrain\n|move|p1b: Urshifu|Surging Strikes|p2a: Jockey\n|-crit|p2a: Jockey\n|-damage|p2a: Jockey|60/100\n|-crit|p2a: Jockey\n|-damage|p2a: Jockey|35/100\n|-crit|p2a: Jockey\n|-damage|p2a: Jockey|10/100\n|-hitcount|p2a: Jockey|3\n|move|p2a: Jockey|Expanding Force|p1b: Urshifu\n|-supereffective|p1b: Urshifu\n|-damage|p1b: Urshifu|0 fnt\n|faint|p1b: Urshifu\n|-ability|p2a: Jockey|Grim Neigh|boost\n|-boost|p2a: Jockey|spa|1\n|move|p1a: Terapagos|Tera Starstorm|p2b: Chicken|[spread] p2a,p2b\n|-damage|p2a: Jockey|0 fnt\n|-damage|p2b: Chicken|64/100\n|faint|p2a: Jockey\n|\n|-heal|p1a: Terapagos|95/100|[from] item: Leftovers\n|upkeep\n|\n|t:|1746153984\n|switch|p2a: Ghast|Flutter Mane, L50|45/100\n|switch|p1b: Incineroar|Incineroar, L50, F|2/100\n|-ability|p1b: Incineroar|Intimidate|boost\n|-unboost|p2a: Ghast|atk|1\n|-unboost|p2b: Chicken|atk|1\n|turn|5\n|\n|t:|1746154002\n|move|p2b: Chicken|Protect|p2b: Chicken\n|-singleturn|p2b: Chicken|Protect\n|move|p1b: Incineroar|Fake Out|p2b: Chicken\n|-activate|p2b: Chicken|move: Protect\n|move|p2a: Ghast|Moonblast|p1b: Incineroar\n|-damage|p1b: Incineroar|0 fnt\n|faint|p1b: Incineroar\n|move|p1a: Terapagos|Tera Starstorm|p2a: Ghast|[spread] p2a\n|-activate|p2b: Chicken|move: Protect\n|-damage|p2a: Ghast|17/100\n|\n|-heal|p1a: Terapagos|100/100|[from] item: Leftovers\n|upkeep\n|turn|6\n|\n|t:|1746154016\n|move|p2a: Ghast|Moonblast|p1a: Terapagos\n|-damage|p1a: Terapagos|76/100\n|move|p2b: Chicken|Close Combat|p1a: Terapagos\n|-supereffective|p1a: Terapagos\n|-damage|p1a: Terapagos|14/100\n|-unboost|p2b: Chicken|def|1\n|-unboost|p2b: Chicken|spd|1\n|-damage|p2b: Chicken|54/100|[from] item: Life Orb\n|move|p1a: Terapagos|Tera Starstorm|p2a: Ghast|[spread] p2a,p2b\n|-damage|p2a: Ghast|0 fnt\n|-damage|p2b: Chicken|3/100\n|faint|p2a: Ghast\n|-end|p2a: Ghast|Protosynthesis|[silent]\n|\n|-heal|p1a: Terapagos|20/100|[from] item: Leftovers\n|upkeep\n|turn|7\n|\n|t:|1746154031\n|move|p2b: Chicken|Close Combat|p1a: Terapagos\n|-supereffective|p1a: Terapagos\n|-damage|p1a: Terapagos|0 fnt\n|-unboost|p2b: Chicken|def|1\n|-unboost|p2b: Chicken|spd|1\n|faint|p1a: Terapagos\n|-damage|p2b: Chicken|0 fnt|[from] item: Life Orb\n|faint|p2b: Chicken\n|\n|win|is_katabo\n||horizonbattle is ready for game 2.\n", "uploadtime": 1746154040, "views": 4, "formatid": "gen9vgc2025regibo3", "rating": null, "private": 0, "password": null}