{"id": "gen9vgc2025regibo3-2353438774", "format": "[Gen 9] VGC 2025 Reg I (Bo3)", "players": ["PokeBruss123", "21Kieran"], "log": "|j|\u2606PokeBruss123\n|j|\u260621Kieran\n|html|<table width=\"100%\"><tr><td align=\"left\">PokeBruss123</td><td align=\"right\">21Kieran</tr><tr><td align=\"left\"><i class=\"fa fa-circle-o\"></i> <i class=\"fa fa-circle-o\"></i> </td><td align=\"right\"><i class=\"fa fa-circle-o\"></i> <i class=\"fa fa-circle\"></i> </tr></table>\n|uhtml|bestof|<h2><strong>Game 2</strong> of <a href=\"/game-bestof3-gen9vgc2025regibo3-2353435705\">a best-of-3</a></h2>\n|t:|1745956025\n|gametype|doubles\n|player|p1|PokeBruss123|veteran|1073\n|player|p2|21Kieran|crispin|1152\n|teamsize|p1|6\n|teamsize|p2|6\n|gen|9\n|tier|[Gen 9] VGC 2025 Reg I (Bo3)\n|rated|\n|rule|Species Clause: Limit one of each Pok\u00e9mon\n|rule|Item Clause: Limit 1 of each item\n|clearpoke\n|poke|p1|Urshifu-*, L50, M|\n|poke|p1|Zamazenta-*, L50|\n|poke|p1|Palkia, L50|\n|poke|p1|Flutter Mane, L50|\n|poke|p1|Chi-Yu, L50|\n|poke|p1|Grimmsnarl, L50, M|\n|poke|p2|Terapagos, L50, M|\n|poke|p2|Calyrex-Shadow, L50|\n|poke|p2|Urshifu-*, L50, M|\n|poke|p2|Rillaboom, L50, M|\n|poke|p2|Heatran, L50, F|\n|poke|p2|Scream Tail, L50|\n|teampreview|4\n|showteam|p1|Urshifu||FocusSash|UnseenFist|WickedBlow,Detect,IronHead,CloseCombat|||M|||50|,,,,,Steel]Zamazenta-Crowned||RustedShield|DauntlessShield|BodyPress,HeavySlam,WideGuard,IronDefense||||||50|,,,,,Dragon]Palkia||WideLens|Pressure|Protect,HydroPump,DracoMeteor,IcyWind||||||50|,,,,,Grass]Flutter Mane||BoosterEnergy|Protosynthesis|IcyWind,Moonblast,Protect,ShadowBall||||||50|,,,,,Ground]Chi-Yu||ChoiceScarf|BeadsofRuin|HeatWave,DarkPulse,BurningJealousy,Overheat||||||50|,,,,,Ghost]Grimmsnarl||LightClay|Prankster|SpiritBreak,FakeOut,ThunderWave,LightScreen|||M|||50|,,,,,Normal\n|showteam|p2|Terapagos||Leftovers|TeraShift|TeraStarstorm,Substitute,CalmMind,Protect|||M|||50|,,,,,Stellar]Calyrex-Shadow||LifeOrb|AsOneSpectrier|AstralBarrage,Psychic,NastyPlot,Protect||||||50|,,,,,Dark]Urshifu-Rapid-Strike||ChoiceScarf|UnseenFist|SurgingStrikes,CloseCombat,Uturn,AquaJet|||M|||50|,,,,,Water]Rillaboom||AssaultVest|GrassySurge|FakeOut,GrassyGlide,Uturn,WoodHammer|||M|||50|,,,,,Fire]Heatran||ZoomLens|FlashFire|Protect,MagmaStorm,HeavySlam,EarthPower|||F|||50|,,,,,Fairy]Scream Tail||BoosterEnergy|Protosynthesis|Disable,Encore,Protect,DazzlingGleam||||||50|,,,,,Dark\n|inactive|Battle timer is ON: inactive players will automatically lose when time's up. (requested by 21Kieran)\n|j| AthenaStrive9\n|inactive|21Kieran has 60 seconds left.\n|\n|t:|1745956085\n|start\n|switch|p1a: Chi-Yu|Chi-Yu, L50|100/100\n|switch|p1b: Grimmsnarl|Grimmsnarl, L50, M|100/100\n|switch|p2a: Terapagos|Terapagos, L50, M|100/100\n|switch|p2b: Urshifu|Urshifu-Rapid-Strike, L50, M|100/100\n|-activate|p2a: Terapagos|ability: Tera Shift\n|detailschange|p2a: Terapagos|Terapagos-Terastal, L50, M\n|-heal|p2a: Terapagos|100/100|[silent]\n|-ability|p1a: Chi-Yu|Beads of Ruin\n|turn|1\n|\n|t:|1745956102\n|switch|p1a: Zamazenta|Zamazenta-Crowned, L50|100/100\n|-ability|p1a: Zamazenta|Dauntless Shield|boost\n|-boost|p1a: Zamazenta|def|1\n|move|p1b: Grimmsnarl|Thunder Wave|p2b: Urshifu\n|-status|p2b: Urshifu|par\n|move|p2b: Urshifu|Surging Strikes|p1a: Zamazenta\n|-crit|p1a: Zamazenta\n|-damage|p1a: Zamazenta|91/100\n|-crit|p1a: Zamazenta\n|-damage|p1a: Zamazenta|80/100\n|-crit|p1a: Zamazenta\n|-damage|p1a: Zamazenta|68/100\n|-hitcount|p1a: Zamazenta|3\n|move|p2a: Terapagos|Substitute|p2a: Terapagos\n|-start|p2a: Terapagos|Substitute\n|-damage|p2a: Terapagos|76/100\n|\n|-heal|p2a: Terapagos|82/100|[from] item: Leftovers\n|upkeep\n|turn|2\n|inactive|PokeBruss123 has 30 seconds left.\n|\n|t:|1745956128\n|switch|p2b: Scream Tail|Scream Tail, L50|100/100\n|-enditem|p2b: Scream Tail|Booster Energy\n|-activate|p2b: Scream Tail|ability: Protosynthesis|[fromitem]\n|-start|p2b: Scream Tail|protosynthesisspe\n|-terastallize|p1a: Zamazenta|Dragon\n|move|p2a: Terapagos|Protect|p2a: Terapagos\n|-singleturn|p2a: Terapagos|Protect\n|move|p1b: Grimmsnarl|Thunder Wave|p2a: Terapagos\n|-activate|p2a: Terapagos|move: Protect\n|move|p1a: Zamazenta|Iron Defense|p1a: Zamazenta\n|-boost|p1a: Zamazenta|def|2\n|\n|-heal|p2a: Terapagos|88/100|[from] item: Leftovers\n|upkeep\n|turn|3\n|\n|t:|1745956148\n|move|p1b: Grimmsnarl|Light Screen|p1b: Grimmsnarl\n|-sidestart|p1: PokeBruss123|move: Light Screen\n|move|p2b: Scream Tail|Encore|p1a: Zamazenta\n|-start|p1a: Zamazenta|Encore\n|move|p1a: Zamazenta|Iron Defense|p1a: Zamazenta\n|-boost|p1a: Zamazenta|def|2\n|move|p2a: Terapagos|Calm Mind|p2a: Terapagos\n|-boost|p2a: Terapagos|spa|1\n|-boost|p2a: Terapagos|spd|1\n|\n|-heal|p2a: Terapagos|94/100|[from] item: Leftovers\n|upkeep\n|turn|4\n|\n|t:|1745956162\n|switch|p1a: Chi-Yu|Chi-Yu, L50|100/100\n|-ability|p1a: Chi-Yu|Beads of Ruin\n|move|p1b: Grimmsnarl|Thunder Wave|p2b: Scream Tail\n|-status|p2b: Scream Tail|par\n|move|p2b: Scream Tail|Disable||[still]\n|-fail|p2b: Scream Tail\n|move|p2a: Terapagos|Calm Mind|p2a: Terapagos\n|-boost|p2a: Terapagos|spa|1\n|-boost|p2a: Terapagos|spd|1\n|\n|-heal|p2a: Terapagos|99/100|[from] item: Leftovers\n|upkeep\n|turn|5\n|\n|t:|1745956176\n|move|p2a: Terapagos|Protect|p2a: Terapagos\n|-singleturn|p2a: Terapagos|Protect\n|move|p1a: Chi-Yu|Heat Wave|p2b: Scream Tail|[spread] p2b\n|-activate|p2a: Terapagos|move: Protect\n|-damage|p2b: Scream Tail|59/100 par\n|move|p2b: Scream Tail|Encore|p1b: Grimmsnarl\n|-start|p1b: Grimmsnarl|Encore\n|move|p1b: Grimmsnarl|Thunder Wave|p2b: Scream Tail|[miss]\n|-miss|p1b: Grimmsnarl|p2b: Scream Tail\n|\n|-heal|p2a: Terapagos|100/100|[from] item: Leftovers\n|upkeep\n|turn|6\n|\n|t:|1745956199\n|-terastallize|p2a: Terapagos|Stellar\n|detailschange|p2a: Terapagos|Terapagos-Stellar, L50, M, tera:Stellar\n|-heal|p2a: Terapagos|100/100|[silent]\n|move|p1b: Grimmsnarl|Thunder Wave|p2a: Terapagos|[miss]\n|-miss|p1b: Grimmsnarl|p2a: Terapagos\n|move|p1a: Chi-Yu|Heat Wave|p2a: Terapagos|[spread] p2b\n|-miss|p1a: Chi-Yu|p2a: Terapagos\n|-damage|p2b: Scream Tail|18/100 par\n|move|p2b: Scream Tail|Disable|p1b: Grimmsnarl\n|-start|p1b: Grimmsnarl|Disable|Thunder Wave\n|move|p2a: Terapagos|Tera Starstorm|p1a: Chi-Yu|[spread] p1a,p1b\n|-damage|p1a: Chi-Yu|48/100\n|-damage|p1b: Grimmsnarl|44/100\n|\n|upkeep\n|turn|7\n|\n|t:|1745956218\n|switch|p1b: Zamazenta|Zamazenta-Crowned, L50, tera:Dragon|68/100\n|move|p1a: Chi-Yu|Heat Wave|p2a: Terapagos|[spread] p2a,p2b\n|-activate|p2a: Terapagos|move: Substitute|[damage]\n|-damage|p2b: Scream Tail|0 fnt\n|faint|p2b: Scream Tail\n|-end|p2b: Scream Tail|Protosynthesis|[silent]\n|move|p2a: Terapagos|Tera Starstorm|p1b: Zamazenta|[spread] p1a,p1b\n|-supereffective|p1b: Zamazenta\n|-damage|p1a: Chi-Yu|0 fnt\n|-damage|p1b: Zamazenta|0 fnt\n|faint|p1a: Chi-Yu\n|faint|p1b: Zamazenta\n|\n|upkeep\n|-message|PokeBruss123 forfeited.\n|\n|win|21Kieran\n|raw|PokeBruss123's rating: 1073 &rarr; <strong>1057</strong><br />(-16 for losing)\n|raw|21Kieran's rating: 1152 &rarr; <strong>1171</strong><br />(+19 for winning)\n|l|\u2606PokeBruss123\n|player|p1|\n|l|\u260621Kieran\n|player|p2|\n|l| AthenaStrive9\n|j|\u260621Kieran\n|player|p2|21Kieran|crispin|\n", "uploadtime": 1745956298, "views": 35, "formatid": "gen9vgc2025regibo3", "rating": 1057, "private": 0, "password": null}