{"id": "gen9vgc2025regibo3-2355042771", "format": "[Gen 9] VGC 2025 Reg I (Bo3)", "players": ["easyboss9000", "Icefxm"], "log": "|j|\u2606easyboss9000\n|j|\u2606Icefxm\n|html|<table width=\"100%\"><tr><td align=\"left\">easyboss9000</td><td align=\"right\">Icefxm</tr><tr><td align=\"left\"><i class=\"fa fa-circle-o\"></i> <i class=\"fa fa-circle-o\"></i> </td><td align=\"right\"><i class=\"fa fa-circle-o\"></i> <i class=\"fa fa-circle-o\"></i> </tr></table>\n|uhtml|bestof|<h2><strong>Game 1</strong> of <a href=\"/game-bestof3-gen9vgc2025regibo3-2355042770\">a best-of-3</a></h2>\n|t:|1746145487\n|gametype|doubles\n|player|p1|easyboss9000|cynthia-gen4|\n|player|p2|Icefxm|flannery|\n|teamsize|p1|6\n|teamsize|p2|6\n|gen|9\n|tier|[Gen 9] VGC 2025 Reg I (Bo3)\n|rule|Species Clause: Limit one of each Pok\u00e9mon\n|rule|Item Clause: Limit 1 of each item\n|clearpoke\n|poke|p1|Koraidon, L50|\n|poke|p1|Cyclizar, L50, M|\n|poke|p1|Walking Wake, L50|\n|poke|p1|Gouging Fire, L50|\n|poke|p1|Kommo-o, L50, F|\n|poke|p1|Appletun, L50, F|\n|poke|p2|Ursaluna, L50, F|\n|poke|p2|Decidueye-Hisui, L50, M|\n|poke|p2|Bronzong, L50|\n|poke|p2|Incineroar, L50, M|\n|poke|p2|Amoonguss, L50, M|\n|poke|p2|Cramorant, L50, F|\n|teampreview|4\n|showteam|p1|Koraidon||LifeOrb|OrichalcumPulse|SwordsDance,CollisionCourse,Outrage,WildCharge||||||50|,,,,,Fighting]Cyclizar||SitrusBerry|Regenerator|ShedTail,IceSpinner,DracoMeteor,Protect|||M|||50|,,,,,Dragon]Walking Wake||BoosterEnergy|Protosynthesis|HydroSteam,WeatherBall,Flamethrower,Protect||||||50|,,,,,Water]Gouging Fire||Leftovers|Protosynthesis|SunnyDay,BurningBulwark,StoneEdge,PsychicFangs||||||50|,,,,,Fire]Kommo-o||ThroatSpray|Soundproof|ClangorousSoul,ClangingScales,DrainPunch,PoisonJab|||F|||50|,,,,,Fighting]Appletun||BigRoot|ThickFat|LeechSeed,Protect,Substitute,GigaDrain|||F|||50|,,,,,Grass\n|showteam|p2|Ursaluna||FlameOrb|Guts|Earthquake,Facade,Protect,Roar|||F|||50|,,,,,Ground]Decidueye-Hisui||Leftovers|Scrappy|BatonPass,BulkUp,GigaDrain,TripleArrows|||M|||50|,,,,,Normal]Bronzong||FocusSash|Levitate|TrickRoom,Protect,BodyPress,IronHead||||||50|,,,,,Water]Incineroar||LifeOrb|Intimidate|DarkestLariat,FlareBlitz,FakeOut,KnockOff|||M|||50|,,,,,Fire]Amoonguss||AguavBerry|Regenerator|GigaDrain,Spore,SludgeBomb,PollenPuff|||M|||50|,,,,,Fairy]Cramorant||AssaultVest|GulpMissile|Surf,Protect,Defog,Liquidation|||F|||50|,,,,,Flying\n|\n|t:|1746145548\n|start\n|switch|p1a: Second Son|Gouging Fire, L50|100/100\n|switch|p1b: First Son|Walking Wake, L50|100/100\n|switch|p2a: BELL|Bronzong, L50|100/100\n|switch|p2b: evil bird oc|Decidueye-Hisui, L50, M|100/100\n|-enditem|p1b: First Son|Booster Energy\n|-activate|p1b: First Son|ability: Protosynthesis|[fromitem]\n|-start|p1b: First Son|protosynthesisspa\n|turn|1\n|\n|t:|1746145713\n|move|p1b: First Son|Protect|p1b: First Son\n|-singleturn|p1b: First Son|Protect\n|move|p1a: Second Son|Sunny Day|p1a: Second Son\n|-weather|SunnyDay\n|-activate|p1a: Second Son|ability: Protosynthesis\n|-start|p1a: Second Son|protosynthesisatk\n|move|p2b: evil bird oc|Bulk Up|p2b: evil bird oc\n|-boost|p2b: evil bird oc|atk|1\n|-boost|p2b: evil bird oc|def|1\n|move|p2a: BELL|Trick Room|p2a: BELL\n|-fieldstart|move: Trick Room|[of] p2a: BELL\n|\n|-weather|SunnyDay|[upkeep]\n|upkeep\n|turn|2\n|\n|t:|1746145768\n|move|p2b: evil bird oc|Baton Pass|p2b: evil bird oc\n|\n|t:|1746145770\n|switch|p2b: freddy fazbear|Ursaluna, L50, F, shiny|100/100|[from] Baton Pass\n|move|p2a: BELL|Iron Head|p1b: First Son\n|-resisted|p1b: First Son\n|-damage|p1b: First Son|87/100\n|move|p1a: Second Son|Psychic Fangs|p2b: freddy fazbear\n|-damage|p2b: freddy fazbear|82/100\n|move|p1b: First Son|Weather Ball|p2a: BELL\n|-supereffective|p2a: BELL\n|-enditem|p2a: BELL|Focus Sash\n|-damage|p2a: BELL|1/100\n|\n|-weather|SunnyDay|[upkeep]\n|-status|p2b: freddy fazbear|brn|[from] item: Flame Orb\n|upkeep\n|turn|3\n|\n|t:|1746145792\n|switch|p2a: neow :3|Incineroar, L50, M|100/100\n|-ability|p2a: neow :3|Intimidate|boost\n|-unboost|p1a: Second Son|atk|1\n|-unboost|p1b: First Son|atk|1\n|-terastallize|p2b: freddy fazbear|Ground\n|move|p1a: Second Son|Burning Bulwark|p1a: Second Son\n|-singleturn|p1a: Second Son|move: Protect\n|move|p1b: First Son|Protect|p1b: First Son\n|-singleturn|p1b: First Son|Protect\n|move|p2b: freddy fazbear|Earthquake|p1a: Second Son|[spread] p2a\n|-activate|p1a: Second Son|move: Protect\n|-activate|p1b: First Son|move: Protect\n|-supereffective|p2a: neow :3\n|-damage|p2a: neow :3|0 fnt\n|faint|p2a: neow :3\n|\n|-weather|SunnyDay|[upkeep]\n|-damage|p2b: freddy fazbear|76/100 brn|[from] brn\n|upkeep\n|\n|t:|1746145809\n|switch|p2a: evil bird oc|Decidueye-Hisui, L50, M|100/100\n|turn|4\n|\n|t:|1746145833\n|move|p2b: freddy fazbear|Earthquake|p1a: Second Son|[spread] p2a,p1a,p1b\n|-resisted|p2a: evil bird oc\n|-supereffective|p1a: Second Son\n|-crit|p1b: First Son\n|-damage|p2a: evil bird oc|29/100\n|-damage|p1a: Second Son|0 fnt\n|-damage|p1b: First Son|0 fnt\n|faint|p1a: Second Son\n|-end|p1a: Second Son|Protosynthesis|[silent]\n|faint|p1b: First Son\n|-end|p1b: First Son|Protosynthesis|[silent]\n|move|p2a: evil bird oc|Triple Arrows|p1: Second Son|[notarget]\n|-fail|p2a: evil bird oc\n|\n|-weather|SunnyDay|[upkeep]\n|-heal|p2a: evil bird oc|35/100|[from] item: Leftovers\n|-damage|p2b: freddy fazbear|70/100 brn|[from] brn\n|upkeep\n|\n|t:|1746145837\n|switch|p1a: I run|Cyclizar, L50, M, shiny|100/100\n|switch|p1b: The Cooler One|Koraidon, L50|100/100\n|-activate|p1b: The Cooler One|ability: Orichalcum Pulse\n|turn|5\n|\n|t:|1746145863\n|move|p2b: freddy fazbear|Facade|p1b: The Cooler One\n|-damage|p1b: The Cooler One|0 fnt\n|faint|p1b: The Cooler One\n|move|p2a: evil bird oc|Triple Arrows|p1a: I run\n|-supereffective|p1a: I run\n|-damage|p1a: I run|0 fnt\n|faint|p1a: I run\n|\n|win|Icefxm\n||easyboss9000 is ready for game 2.\n|inactive|Icefxm has 30 seconds to confirm battle start!\n||Icefxm is ready for game 2.\n|uhtml|next|Next: <a href=\"/battle-gen9vgc2025regibo3-2355046002\"><strong>Game 2 of 3</strong></a>\n|l|\u2606easyboss9000\n|player|p1|\n", "uploadtime": 1746146235, "views": 19, "formatid": "gen9vgc2025regibo3", "rating": null, "private": 0, "password": null}