{"id": "gen9vgc2025regibo3-2354812071", "format": "[Gen 9] VGC 2025 Reg I (Bo3)", "players": ["entei enthusiast", "Ziopppeppe"], "log": "|j|\u2606entei enthusiast\n|j|\u2606Ziopppeppe\n|html|<table width=\"100%\"><tr><td align=\"left\">entei enthusiast</td><td align=\"right\">Ziopppeppe</tr><tr><td align=\"left\"><i class=\"fa fa-circle-o\"></i> <i class=\"fa fa-circle-o\"></i> </td><td align=\"right\"><i class=\"fa fa-circle-o\"></i> <i class=\"fa fa-circle-o\"></i> </tr></table>\n|uhtml|bestof|<h2><strong>Game 1</strong> of <a href=\"/game-bestof3-gen9vgc2025regibo3-2354812070\">a best-of-3</a></h2>\n|t:|1746121870\n|gametype|doubles\n|player|p1|entei enthusiast|nate-masters|1303\n|player|p2|Ziopppeppe|169|1224\n|teamsize|p1|6\n|teamsize|p2|6\n|gen|9\n|tier|[Gen 9] VGC 2025 Reg I (Bo3)\n|rated|\n|rule|Species Clause: Limit one of each Pok\u00e9mon\n|rule|Item Clause: Limit 1 of each item\n|clearpoke\n|poke|p1|Koraidon, L50|\n|poke|p1|Lunala, L50|\n|poke|p1|Flutter Mane, L50|\n|poke|p1|Chi-Yu, L50|\n|poke|p1|Ursaluna, L50, F|\n|poke|p1|Brute Bonnet, L50|\n|poke|p2|Calyrex-Shadow, L50|\n|poke|p2|Koraidon, L50|\n|poke|p2|Brute Bonnet, L50|\n|poke|p2|Chi-Yu, L50|\n|poke|p2|Incineroar, L50, F|\n|poke|p2|Rillaboom, L50, F|\n|teampreview|4\n|showteam|p1|Koraidon||LifeOrb|OrichalcumPulse|FlareBlitz,FlameCharge,CloseCombat,Protect||||||50|,,,,,Fire]Lunala||PowerHerb|ShadowShield|WideGuard,MeteorBeam,MoongeistBeam,TrickRoom||||||50|,,,,,Water]Flutter Mane||FocusSash|Protosynthesis|Moonblast,IcyWind,ShadowBall,Protect||||||50|,,,,,Normal]Chi-Yu||ChoiceScarf|BeadsofRuin|Flamethrower,HeatWave,DarkPulse,Snarl||||||50|,,,,,Ghost]Ursaluna||FlameOrb|Guts|Facade,Earthquake,HeadlongRush,Protect|||F|||50|,,,,,Ghost]Brute Bonnet||CovertCloak|Protosynthesis|SeedBomb,SuckerPunch,Spore,RagePowder||||||50|,,,,,Water\n|showteam|p2|Calyrex-Shadow||FocusSash|AsOneSpectrier|AstralBarrage,Protect,NastyPlot,TeraBlast||||||50|,,,,,Water]Koraidon||ClearAmulet|OrichalcumPulse|FlareBlitz,CollisionCourse,Protect,FlameCharge||||||50|,,,,,Fire]Brute Bonnet||CovertCloak|Protosynthesis|SuckerPunch,Spore,Protect,RagePowder||||||50|,,,,,Water]Chi-Yu||ChoiceScarf|BeadsofRuin|Snarl,Overheat,HeatWave,DarkPulse||||||50|,,,,,Ghost]Incineroar||SafetyGoggles|Intimidate|FakeOut,WillOWisp,PartingShot,KnockOff|||F|||50|,,,,,Bug]Rillaboom||AssaultVest|GrassySurge|FakeOut,WoodHammer,GrassyGlide,Uturn|||F|||50|,,,,,Fire\n|inactive|Battle timer is ON: inactive players will automatically lose when time's up. (requested by Ziopppeppe)\n|inactive|entei enthusiast has 60 seconds left.\n|\n|t:|1746121927\n|start\n|switch|p1a: Kardas|Koraidon, L50|100/100\n|switch|p1b: Catachan|Brute Bonnet, L50|100/100\n|switch|p2a: Incineroar|Incineroar, L50, F|100/100\n|switch|p2b: Rillaboom|Rillaboom, L50, F|100/100\n|-weather|SunnyDay|[from] ability: Orichalcum Pulse|[of] p1a: Kardas\n|-activate|p1b: Catachan|ability: Protosynthesis\n|-start|p1b: Catachan|protosynthesisdef\n|-activate|p1a: Kardas|Orichalcum Pulse|[source]\n|-fieldstart|move: Grassy Terrain|[from] ability: Grassy Surge|[of] p2b: Rillaboom\n|-ability|p2a: Incineroar|Intimidate|boost\n|-unboost|p1a: Kardas|atk|1\n|-unboost|p1b: Catachan|atk|1\n|turn|1\n|inactive|entei enthusiast has 30 seconds left.\n|inactive|Ziopppeppe has 30 seconds left.\n|\n|t:|1746121958\n|switch|p2a: Calyrex|Calyrex-Shadow, L50|100/100\n|-ability|p2a: Calyrex|As One\n|-ability|p2a: Calyrex|Unnerve\n|move|p1a: Kardas|Close Combat|p2a: Calyrex\n|-immune|p2a: Calyrex\n|move|p2b: Rillaboom|U-turn|p1b: Catachan\n|-supereffective|p1b: Catachan\n|-damage|p1b: Catachan|51/100\n|\n|t:|1746121968\n|switch|p2b: Incineroar|Incineroar, L50, F|100/100|[from] U-turn\n|-ability|p2b: Incineroar|Intimidate|boost\n|-unboost|p1a: Kardas|atk|1\n|-unboost|p1b: Catachan|atk|1\n|move|p1b: Catachan|Spore|p2b: Incineroar\n|-activate|p2b: Incineroar|item: Safety Goggles|Spore\n|\n|-weather|SunnyDay|[upkeep]\n|-heal|p1b: Catachan|57/100|[from] Grassy Terrain\n|upkeep\n|turn|2\n|\n|t:|1746121986\n|switch|p2a: Rillaboom|Rillaboom, L50, F|100/100\n|switch|p1a: Jaller|Chi-Yu, L50|100/100\n|-ability|p1a: Jaller|Beads of Ruin\n|move|p2b: Incineroar|Parting Shot|p1a: Jaller\n|-unboost|p1a: Jaller|atk|1\n|-unboost|p1a: Jaller|spa|1\n|\n|t:|1746121992\n|switch|p2b: Calyrex|Calyrex-Shadow, L50|100/100|[from] Parting Shot\n|-ability|p2b: Calyrex|As One\n|-ability|p2b: Calyrex|Unnerve\n|move|p1b: Catachan|Spore|p2a: Rillaboom\n|-immune|p2a: Rillaboom\n|\n|-weather|SunnyDay|[upkeep]\n|-heal|p1b: Catachan|63/100|[from] Grassy Terrain\n|upkeep\n|turn|3\n|\n|t:|1746122009\n|-terastallize|p2a: Rillaboom|Fire\n|move|p2b: Calyrex|Protect|p2b: Calyrex\n|-singleturn|p2b: Calyrex|Protect\n|move|p1a: Jaller|Heat Wave|p2a: Rillaboom|[spread] p2a\n|-activate|p2b: Calyrex|move: Protect\n|-resisted|p2a: Rillaboom\n|-damage|p2a: Rillaboom|80/100\n|move|p2a: Rillaboom|U-turn|p1b: Catachan\n|-supereffective|p1b: Catachan\n|-damage|p1b: Catachan|6/100\n|\n|t:|1746122019\n|switch|p2a: Incineroar|Incineroar, L50, F|100/100|[from] U-turn\n|-ability|p2a: Incineroar|Intimidate|boost\n|-unboost|p1a: Jaller|atk|1\n|-unboost|p1b: Catachan|atk|1\n|move|p1b: Catachan|Spore|p2b: Calyrex\n|-activate|p2b: Calyrex|move: Protect\n|\n|-weather|SunnyDay|[upkeep]\n|-heal|p1b: Catachan|12/100|[from] Grassy Terrain\n|upkeep\n|turn|4\n|inactive|entei enthusiast has 30 seconds left.\n|inactive|Ziopppeppe has 30 seconds left.\n|\n|t:|1746122051\n|switch|p2b: Rillaboom|Rillaboom, L50, F, tera:Fire|80/100\n|move|p1b: Catachan|Sucker Punch||[still]\n|-fail|p1b: Catachan\n|move|p1a: Jaller|Heat Wave|p2b: Rillaboom|[spread] p2a,p2b\n|-resisted|p2a: Incineroar\n|-resisted|p2b: Rillaboom\n|-damage|p2a: Incineroar|80/100\n|-damage|p2b: Rillaboom|61/100\n|move|p2a: Incineroar|Parting Shot|p1a: Jaller\n|-unboost|p1a: Jaller|atk|1\n|-unboost|p1a: Jaller|spa|1\n|\n|t:|1746122061\n|switch|p2a: Koraidon|Koraidon, L50|100/100|[from] Parting Shot\n|-activate|p2a: Koraidon|ability: Orichalcum Pulse\n|\n|-weather|SunnyDay|[upkeep]\n|-heal|p2b: Rillaboom|67/100|[from] Grassy Terrain\n|-heal|p1b: Catachan|18/100|[from] Grassy Terrain\n|upkeep\n|turn|5\n|\n|t:|1746122081\n|switch|p1a: Gwyndolin|Flutter Mane, L50|100/100\n|-activate|p1a: Gwyndolin|ability: Protosynthesis\n|-start|p1a: Gwyndolin|protosynthesisspe\n|move|p1b: Catachan|Rage Powder|p1b: Catachan\n|-singleturn|p1b: Catachan|move: Rage Powder\n|move|p2a: Koraidon|Flame Charge|p1b: Catachan\n|-supereffective|p1b: Catachan\n|-damage|p1b: Catachan|0 fnt\n|-boost|p2a: Koraidon|spe|1\n|faint|p1b: Catachan\n|-end|p1b: Catachan|Protosynthesis|[silent]\n|move|p2b: Rillaboom|Wood Hammer|p1a: Gwyndolin\n|-enditem|p1a: Gwyndolin|Focus Sash\n|-damage|p1a: Gwyndolin|1/100\n|-damage|p2b: Rillaboom|46/100|[from] Recoil\n|\n|-weather|none\n|-end|p1a: Gwyndolin|Protosynthesis\n|-heal|p1a: Gwyndolin|7/100|[from] Grassy Terrain\n|-heal|p2b: Rillaboom|52/100|[from] Grassy Terrain\n|-fieldend|move: Grassy Terrain\n|upkeep\n|\n|t:|1746122096\n|switch|p1b: Kardas|Koraidon, L50|100/100\n|-weather|SunnyDay|[from] ability: Orichalcum Pulse|[of] p1b: Kardas\n|-activate|p1a: Gwyndolin|ability: Protosynthesis\n|-start|p1a: Gwyndolin|protosynthesisspe\n|-activate|p1b: Kardas|Orichalcum Pulse|[source]\n|turn|6\n|inactive|Ziopppeppe has 30 seconds left.\n|\n|t:|1746122127\n|switch|p2b: Incineroar|Incineroar, L50, F|80/100\n|-ability|p2b: Incineroar|Intimidate|boost\n|-unboost|p1a: Gwyndolin|atk|1\n|-unboost|p1b: Kardas|atk|1\n|move|p2a: Koraidon|Protect|p2a: Koraidon\n|-singleturn|p2a: Koraidon|Protect\n|move|p1a: Gwyndolin|Moonblast|p2a: Koraidon\n|-activate|p2a: Koraidon|move: Protect\n|move|p1b: Kardas|Flame Charge|p2b: Incineroar\n|-resisted|p2b: Incineroar\n|-damage|p2b: Incineroar|67/100\n|-boost|p1b: Kardas|spe|1\n|-damage|p1b: Kardas|91/100|[from] item: Life Orb\n|\n|-weather|SunnyDay|[upkeep]\n|upkeep\n|turn|7\n|inactive|entei enthusiast has 30 seconds left.\n|\n|t:|1746122153\n|switch|p2a: Rillaboom|Rillaboom, L50, F, tera:Fire|52/100\n|-fieldstart|move: Grassy Terrain|[from] ability: Grassy Surge|[of] p2a: Rillaboom\n|move|p2b: Incineroar|Fake Out|p1b: Kardas\n|-damage|p1b: Kardas|81/100\n|cant|p1b: Kardas|flinch\n|move|p1a: Gwyndolin|Moonblast|p2a: Rillaboom\n|-resisted|p2a: Rillaboom\n|-damage|p2a: Rillaboom|33/100\n|\n|-weather|SunnyDay|[upkeep]\n|-heal|p1a: Gwyndolin|13/100|[from] Grassy Terrain\n|-heal|p1b: Kardas|87/100|[from] Grassy Terrain\n|-heal|p2a: Rillaboom|39/100|[from] Grassy Terrain\n|-heal|p2b: Incineroar|73/100|[from] Grassy Terrain\n|upkeep\n|turn|8\n|inactive|Ziopppeppe has 30 seconds left.\n|\n|t:|1746122182\n|move|p1b: Kardas|Protect|p1b: Kardas\n|-singleturn|p1b: Kardas|Protect\n|move|p1a: Gwyndolin|Protect|p1a: Gwyndolin\n|-singleturn|p1a: Gwyndolin|Protect\n|move|p2a: Rillaboom|Fake Out|p1b: Kardas\n|-activate|p1b: Kardas|move: Protect\n|move|p2b: Incineroar|Parting Shot|p1b: Kardas\n|-activate|p1b: Kardas|move: Protect\n|\n|-weather|SunnyDay|[upkeep]\n|-heal|p1a: Gwyndolin|20/100|[from] Grassy Terrain\n|-heal|p1b: Kardas|93/100|[from] Grassy Terrain\n|-heal|p2a: Rillaboom|44/100|[from] Grassy Terrain\n|-heal|p2b: Incineroar|79/100|[from] Grassy Terrain\n|upkeep\n|turn|9\n|\n|t:|1746122195\n|-end|p1a: Gwyndolin|Protosynthesis|[silent]\n|switch|p1a: Jaller|Chi-Yu, L50|100/100\n|-ability|p1a: Jaller|Beads of Ruin\n|switch|p2b: Calyrex|Calyrex-Shadow, L50|100/100\n|-ability|p2b: Calyrex|As One\n|-ability|p2b: Calyrex|Unnerve\n|move|p2a: Rillaboom|Grassy Glide|p1a: Jaller\n|-resisted|p1a: Jaller\n|-damage|p1a: Jaller|71/100\n|move|p1b: Kardas|Close Combat|p2a: Rillaboom\n|-damage|p2a: Rillaboom|0 fnt\n|-unboost|p1b: Kardas|def|1\n|-unboost|p1b: Kardas|spd|1\n|faint|p2a: Rillaboom\n|-damage|p1b: Kardas|83/100|[from] item: Life Orb\n|\n|-weather|SunnyDay|[upkeep]\n|-heal|p1b: Kardas|90/100|[from] Grassy Terrain\n|-heal|p1a: Jaller|77/100|[from] Grassy Terrain\n|upkeep\n|\n|t:|1746122218\n|switch|p2a: Incineroar|Incineroar, L50, F|79/100\n|-ability|p2a: Incineroar|Intimidate|boost\n|-unboost|p1a: Jaller|atk|1\n|-unboost|p1b: Kardas|atk|1\n|turn|10\n|\n|t:|1746122241\n|move|p2a: Incineroar|Fake Out|p1b: Kardas\n|-damage|p1b: Kardas|76/100\n|cant|p1b: Kardas|flinch\n|move|p1a: Jaller|Heat Wave|p2b: Calyrex|[spread] p2a,p2b\n|-resisted|p2a: Incineroar\n|-damage|p2a: Incineroar|52/100\n|-damage|p2b: Calyrex|28/100\n|move|p2b: Calyrex|Astral Barrage|p1a: Jaller|[spread] p1a,p1b\n|-resisted|p1a: Jaller\n|-crit|p1b: Kardas\n|-damage|p1a: Jaller|50/100\n|-damage|p1b: Kardas|0 fnt\n|faint|p1b: Kardas\n|-ability|p2b: Calyrex|Grim Neigh|boost\n|-boost|p2b: Calyrex|spa|1\n|\n|-weather|none\n|-heal|p1a: Jaller|56/100|[from] Grassy Terrain\n|-heal|p2b: Calyrex|35/100|[from] Grassy Terrain\n|-heal|p2a: Incineroar|58/100|[from] Grassy Terrain\n|upkeep\n|\n|t:|1746122249\n|switch|p1b: Gwyndolin|Flutter Mane, L50|20/100\n|turn|11\n|\n|t:|1746122269\n|move|p2b: Calyrex|Protect|p2b: Calyrex\n|-singleturn|p2b: Calyrex|Protect\n|move|p1a: Jaller|Heat Wave|p2a: Incineroar|[spread] p2a\n|-activate|p2b: Calyrex|move: Protect\n|-resisted|p2a: Incineroar\n|-damage|p2a: Incineroar|41/100\n|move|p1b: Gwyndolin|Moonblast|p2a: Incineroar\n|-damage|p2a: Incineroar|0 fnt\n|faint|p2a: Incineroar\n|\n|-heal|p1a: Jaller|62/100|[from] Grassy Terrain\n|-heal|p2b: Calyrex|41/100|[from] Grassy Terrain\n|-heal|p1b: Gwyndolin|26/100|[from] Grassy Terrain\n|-fieldend|move: Grassy Terrain\n|upkeep\n|\n|t:|1746122271\n|switch|p2a: Koraidon|Koraidon, L50|100/100\n|-weather|SunnyDay|[from] ability: Orichalcum Pulse|[of] p2a: Koraidon\n|-activate|p1b: Gwyndolin|ability: Protosynthesis\n|-start|p1b: Gwyndolin|protosynthesisspe\n|-activate|p2a: Koraidon|Orichalcum Pulse|[source]\n|turn|12\n|\n|t:|1746122284\n|move|p1b: Gwyndolin|Moonblast|p2a: Koraidon\n|-supereffective|p2a: Koraidon\n|-damage|p2a: Koraidon|0 fnt\n|faint|p2a: Koraidon\n|move|p1a: Jaller|Heat Wave|p2b: Calyrex\n|-damage|p2b: Calyrex|0 fnt\n|faint|p2b: Calyrex\n|\n|win|entei enthusiast\n|l|\u2606Ziopppeppe\n|player|p2|\n||entei enthusiast is ready for game 2.\n||Ziopppeppe is ready for game 2.\n|uhtml|next|Next: <a href=\"/battle-gen9vgc2025regibo3-2354816976\"><strong>Game 2 of 3</strong></a>\n", "uploadtime": 1746122425, "views": 23, "formatid": "gen9vgc2025regibo3", "rating": null, "private": 0, "password": null}