{"id": "gen9vgc2025regibo3-2354353820", "format": "[Gen 9] VGC 2025 Reg I (Bo3)", "players": ["Most Bread", "mavvyvgc"], "log": "|j|\u2606Most Bread\n|j|\u2606mavvyvgc\n|html|<table width=\"100%\"><tr><td align=\"left\">Most Bread</td><td align=\"right\">mavvyvgc</tr><tr><td align=\"left\"><i class=\"fa fa-circle\"></i> <i class=\"fa fa-circle-o\"></i> </td><td align=\"right\"><i class=\"fa fa-circle-o\"></i> <i class=\"fa fa-circle-o\"></i> </tr></table>\n|uhtml|bestof|<h2><strong>Game 2</strong> of <a href=\"/game-bestof3-gen9vgc2025regibo3-2354351089\">a best-of-3</a></h2>\n|t:|1746061004\n|gametype|doubles\n|player|p1|Most Bread|baker|1075\n|player|p2|mavvyvgc|riley|1070\n|teamsize|p1|6\n|teamsize|p2|6\n|gen|9\n|tier|[Gen 9] VGC 2025 Reg I (Bo3)\n|rated|\n|rule|Species Clause: Limit one of each Pok\u00e9mon\n|rule|Item Clause: Limit 1 of each item\n|clearpoke\n|poke|p1|Zamazenta-*, L50|\n|poke|p1|Calyrex-Shadow, L50|\n|poke|p1|Whimsicott, L50, M|\n|poke|p1|Ditto, L50|\n|poke|p1|Grimmsnarl, L50, M|\n|poke|p1|Clefairy, L50, F|\n|poke|p2|Calyrex-Shadow, L50|\n|poke|p2|Kyurem-White, L50|\n|poke|p2|Slowking, L50, F|\n|poke|p2|Tornadus, L50, M|\n|poke|p2|Rillaboom, L50, F|\n|poke|p2|Incineroar, L50, M|\n|teampreview|4\n|showteam|p1|Zamazenta-Crowned||RustedShield|DauntlessShield|BodyPress,behemothbash,WideGuard,Protect||||||50|,,,,,Dragon]Calyrex-Shadow||ChoiceSpecs|AsOneSpectrier|AstralBarrage,PollenPuff,Psyshock,ShadowBall||||||50|,,,,,Ghost]Whimsicott||CovertCloak|Prankster|Tailwind,HelpingHand,Encore,Moonblast|||M|||50|,,,,,Dark]Ditto||FocusSash|Imposter|Transform||||||50|,,,,,Normal]Grimmsnarl||LightClay|Prankster|Reflect,LightScreen,SuckerPunch,FakeOut|||M|||50|,,,,,Steel]Clefairy||Eviolite|FriendGuard|FollowMe,AfterYou,HelpingHand,Protect|||F|||50|,,,,,Fairy\n|showteam|p2|Calyrex-Shadow||FocusSash|AsOneSpectrier|DarkPulse,AstralBarrage,NastyPlot,Protect||||||50|,,,,,Dark]Kyurem-White||NeverMeltIce|Turboblaze|Protect,Blizzard,DragonPulse,FusionFlare||||||50|,,,,,Ground]Slowking||RockyHelmet|Oblivious|Psychic,TrickRoom,ChillyReception,HelpingHand|||F|||50|,,,,,Ground]Tornadus||CovertCloak|Prankster|Tailwind,BleakwindStorm,Protect,Snowscape|||M|||50|,,,,,Dark]Rillaboom||GrassySeed|GrassySurge|DrumBeating,Uturn,GrassyGlide,FakeOut|||F|||50|,,,,,Grass]Incineroar||AssaultVest|Intimidate|FakeOut,KnockOff,FlareBlitz,Uturn|||M|||50|,,,,,Fire\n|\n|t:|1746061052\n|start\n|switch|p1a: Zamazenta|Zamazenta-Crowned, L50|100/100\n|switch|p1b: Grimmsnarl|Grimmsnarl, L50, M|100/100\n|switch|p2a: Tornadus|Tornadus, L50, M|100/100\n|switch|p2b: Calyrex|Calyrex-Shadow, L50|100/100\n|-ability|p2b: Calyrex|As One\n|-ability|p2b: Calyrex|Unnerve\n|-ability|p1a: Zamazenta|Dauntless Shield|boost\n|-boost|p1a: Zamazenta|def|1\n|turn|1\n|\n|t:|1746061086\n|move|p1a: Zamazenta|Wide Guard|p1a: Zamazenta\n|-singleturn|p1a: Zamazenta|Wide Guard\n|move|p2a: Tornadus|Tailwind|p2a: Tornadus\n|-sidestart|p2: mavvyvgc|move: Tailwind\n|move|p1b: Grimmsnarl|Light Screen|p1b: Grimmsnarl\n|-sidestart|p1: Most Bread|move: Light Screen\n|move|p2b: Calyrex|Nasty Plot|p2b: Calyrex\n|-boost|p2b: Calyrex|spa|2\n|\n|upkeep\n|turn|2\n|\n|t:|1746061118\n|move|p2b: Calyrex|Protect|p2b: Calyrex\n|-singleturn|p2b: Calyrex|Protect\n|move|p1b: Grimmsnarl|Sucker Punch||[still]\n|-fail|p1b: Grimmsnarl\n|move|p2a: Tornadus|Bleakwind Storm|p1a: Zamazenta|[spread] p1a,p1b\n|-damage|p1a: Zamazenta|84/100\n|-damage|p1b: Grimmsnarl|83/100\n|move|p1a: Zamazenta|Behemoth Bash|p2b: Calyrex\n|-activate|p2b: Calyrex|move: Protect\n|\n|upkeep\n|turn|3\n|\n|t:|1746061157\n|move|p2a: Tornadus|Snowscape|p2a: Tornadus\n|-weather|Snowscape\n|move|p1b: Grimmsnarl|Sucker Punch|p2b: Calyrex\n|-supereffective|p2b: Calyrex\n|-enditem|p2b: Calyrex|Focus Sash\n|-damage|p2b: Calyrex|1/100\n|move|p2b: Calyrex|Astral Barrage|p1b: Grimmsnarl|[spread] p1a,p1b\n|-resisted|p1b: Grimmsnarl\n|-damage|p1a: Zamazenta|25/100\n|-damage|p1b: Grimmsnarl|53/100\n|move|p1a: Zamazenta|Body Press|p2b: Calyrex\n|-immune|p2b: Calyrex\n|\n|-weather|Snowscape|[upkeep]\n|upkeep\n|turn|4\n|\n|t:|1746061209\n|move|p2a: Tornadus|Protect|p2a: Tornadus\n|-singleturn|p2a: Tornadus|Protect\n|move|p2b: Calyrex|Protect|p2b: Calyrex\n|-singleturn|p2b: Calyrex|Protect\n|move|p1a: Zamazenta|Wide Guard|p1a: Zamazenta\n|-singleturn|p1a: Zamazenta|Wide Guard\n|move|p1b: Grimmsnarl|Sucker Punch||[still]\n|-fail|p1b: Grimmsnarl\n|\n|-weather|Snowscape|[upkeep]\n|-sideend|p2: mavvyvgc|move: Tailwind\n|upkeep\n|turn|5\n|\n|t:|1746061227\n|move|p1a: Zamazenta|Wide Guard|p1a: Zamazenta\n|-singleturn|p1a: Zamazenta|Wide Guard\n|move|p1b: Grimmsnarl|Sucker Punch||[still]\n|-fail|p1b: Grimmsnarl\n|move|p2b: Calyrex|Nasty Plot|p2b: Calyrex\n|-boost|p2b: Calyrex|spa|2\n|move|p2a: Tornadus|Bleakwind Storm|p1b: Grimmsnarl|[spread] \n|-activate|p1a: Zamazenta|move: Wide Guard\n|-activate|p1b: Grimmsnarl|move: Wide Guard\n|\n|-weather|Snowscape|[upkeep]\n|upkeep\n|turn|6\n|\n|t:|1746061255\n|switch|p2a: Rillaboom|Rillaboom, L50, F|100/100\n|-fieldstart|move: Grassy Terrain|[from] ability: Grassy Surge|[of] p2a: Rillaboom\n|-enditem|p2a: Rillaboom|Grassy Seed\n|-boost|p2a: Rillaboom|def|1|[from] item: Grassy Seed\n|move|p2b: Calyrex|Protect|p2b: Calyrex\n|-singleturn|p2b: Calyrex|Protect\n|move|p1a: Zamazenta|Wide Guard|p1a: Zamazenta\n|-singleturn|p1a: Zamazenta|Wide Guard\n|move|p1b: Grimmsnarl|Sucker Punch||[still]\n|-fail|p1b: Grimmsnarl\n|\n|-weather|Snowscape|[upkeep]\n|-heal|p2b: Calyrex|7/100|[from] Grassy Terrain\n|-heal|p1a: Zamazenta|30/100|[from] Grassy Terrain\n|-heal|p1b: Grimmsnarl|59/100|[from] Grassy Terrain\n|upkeep\n|turn|7\n|\n|t:|1746061286\n|move|p2a: Rillaboom|Fake Out|p1b: Grimmsnarl\n|-damage|p1b: Grimmsnarl|46/100\n|cant|p1b: Grimmsnarl|flinch\n|move|p2b: Calyrex|Dark Pulse|p1a: Zamazenta\n|-resisted|p1a: Zamazenta\n|-damage|p1a: Zamazenta|6/100\n|move|p1a: Zamazenta|Body Press|p2a: Rillaboom\n|-damage|p2a: Rillaboom|61/100\n|\n|-weather|none\n|-heal|p2b: Calyrex|12/100|[from] Grassy Terrain\n|-heal|p1a: Zamazenta|11/100|[from] Grassy Terrain\n|-heal|p2a: Rillaboom|67/100|[from] Grassy Terrain\n|-heal|p1b: Grimmsnarl|51/100|[from] Grassy Terrain\n|upkeep\n|turn|8\n|\n|t:|1746061320\n|move|p2b: Calyrex|Protect|p2b: Calyrex\n|-singleturn|p2b: Calyrex|Protect\n|move|p1a: Zamazenta|Protect|p1a: Zamazenta\n|-singleturn|p1a: Zamazenta|Protect\n|move|p1b: Grimmsnarl|Reflect|p1b: Grimmsnarl\n|-sidestart|p1: Most Bread|Reflect\n|move|p2a: Rillaboom|U-turn|p1a: Zamazenta\n|-activate|p1a: Zamazenta|move: Protect\n|\n|-heal|p2b: Calyrex|18/100|[from] Grassy Terrain\n|-heal|p1a: Zamazenta|17/100|[from] Grassy Terrain\n|-heal|p2a: Rillaboom|72/100|[from] Grassy Terrain\n|-heal|p1b: Grimmsnarl|57/100|[from] Grassy Terrain\n|-sideend|p1: Most Bread|move: Light Screen\n|upkeep\n|turn|9\n|\n|t:|1746061354\n|move|p2a: Rillaboom|Grassy Glide|p1a: Zamazenta\n|-resisted|p1a: Zamazenta\n|-damage|p1a: Zamazenta|12/100\n|move|p1b: Grimmsnarl|Sucker Punch||[still]\n|-fail|p1b: Grimmsnarl\n|move|p2b: Calyrex|Nasty Plot|p2b: Calyrex\n|-boost|p2b: Calyrex|spa|2\n|move|p1a: Zamazenta|Behemoth Bash|p2b: Calyrex\n|-damage|p2b: Calyrex|0 fnt\n|faint|p2b: Calyrex\n|\n|-heal|p1a: Zamazenta|18/100|[from] Grassy Terrain\n|-heal|p2a: Rillaboom|78/100|[from] Grassy Terrain\n|-heal|p1b: Grimmsnarl|63/100|[from] Grassy Terrain\n|upkeep\n|\n|t:|1746061370\n|switch|p2b: Kyurem|Kyurem-White, L50|100/100\n|-ability|p2b: Kyurem|Turboblaze\n|turn|10\n|\n|t:|1746061386\n|move|p1a: Zamazenta|Protect|p1a: Zamazenta\n|-singleturn|p1a: Zamazenta|Protect\n|move|p2b: Kyurem|Protect|p2b: Kyurem\n|-singleturn|p2b: Kyurem|Protect\n|move|p1b: Grimmsnarl|Light Screen|p1b: Grimmsnarl\n|-sidestart|p1: Most Bread|move: Light Screen\n|move|p2a: Rillaboom|U-turn|p1b: Grimmsnarl\n|-damage|p1b: Grimmsnarl|48/100\n|\n|t:|1746061394\n|switch|p2a: Tornadus|Tornadus, L50, M|100/100|[from] U-turn\n|\n|-heal|p1a: Zamazenta|23/100|[from] Grassy Terrain\n|-heal|p1b: Grimmsnarl|54/100|[from] Grassy Terrain\n|-fieldend|move: Grassy Terrain\n|upkeep\n|turn|11\n|\n|t:|1746061444\n|move|p2a: Tornadus|Tailwind|p2a: Tornadus\n|-sidestart|p2: mavvyvgc|move: Tailwind\n|move|p1b: Grimmsnarl|Sucker Punch|p2b: Kyurem\n|-damage|p2b: Kyurem|75/100\n|move|p2b: Kyurem|Blizzard|p1b: Grimmsnarl|[spread] p1a\n|-miss|p2b: Kyurem|p1b: Grimmsnarl\n|-resisted|p1a: Zamazenta\n|-damage|p1a: Zamazenta|8/100\n|move|p1a: Zamazenta|Body Press|p2b: Kyurem\n|-supereffective|p2b: Kyurem\n|-damage|p2b: Kyurem|0 fnt\n|faint|p2b: Kyurem\n|\n|upkeep\n|\n|t:|1746061467\n|switch|p2b: Rillaboom|Rillaboom, L50, F|78/100\n|-fieldstart|move: Grassy Terrain|[from] ability: Grassy Surge|[of] p2b: Rillaboom\n|turn|12\n|\n|t:|1746061489\n|switch|p1b: Whimsicott|Whimsicott, L50, M, shiny|100/100\n|move|p1a: Zamazenta|Protect|p1a: Zamazenta\n|-singleturn|p1a: Zamazenta|Protect\n|move|p2b: Rillaboom|Fake Out|p1a: Zamazenta\n|-activate|p1a: Zamazenta|move: Protect\n|move|p2a: Tornadus|Bleakwind Storm|p1a: Zamazenta|[spread] p1b\n|-activate|p1a: Zamazenta|move: Protect\n|-supereffective|p1b: Whimsicott\n|-damage|p1b: Whimsicott|34/100\n|\n|-heal|p2b: Rillaboom|84/100|[from] Grassy Terrain\n|-heal|p1b: Whimsicott|40/100|[from] Grassy Terrain\n|-heal|p1a: Zamazenta|14/100|[from] Grassy Terrain\n|upkeep\n|turn|13\n|\n|t:|1746061519\n|move|p1b: Whimsicott|Tailwind|p1b: Whimsicott\n|-sidestart|p1: Most Bread|move: Tailwind\n|move|p1a: Zamazenta|Body Press|p2b: Rillaboom\n|-damage|p2b: Rillaboom|22/100\n|move|p2a: Tornadus|Bleakwind Storm|p1b: Whimsicott|[spread] p1a,p1b\n|-supereffective|p1b: Whimsicott\n|-damage|p1a: Zamazenta|0 fnt\n|-damage|p1b: Whimsicott|0 fnt\n|faint|p1a: Zamazenta\n|faint|p1b: Whimsicott\n|move|p2b: Rillaboom|Drum Beating|p1: Zamazenta|[notarget]\n|-fail|p2b: Rillaboom\n|\n|-heal|p2b: Rillaboom|28/100|[from] Grassy Terrain\n|upkeep\n|\n|t:|1746061537\n|switch|p1b: Grimmsnarl|Grimmsnarl, L50, M|54/100\n|switch|p1a: Calyrex|Calyrex-Shadow, L50|100/100\n|-ability|p1a: Calyrex|As One\n|-ability|p1a: Calyrex|Unnerve\n|turn|14\n|\n|t:|1746061567\n|-terastallize|p1a: Calyrex|Ghost\n|move|p2a: Tornadus|Protect|p2a: Tornadus\n|-singleturn|p2a: Tornadus|Protect\n|move|p1b: Grimmsnarl|Fake Out|p2b: Rillaboom\n|-damage|p2b: Rillaboom|18/100\n|cant|p2b: Rillaboom|flinch\n|move|p1a: Calyrex|Astral Barrage|p2b: Rillaboom|[spread] p2b\n|-activate|p2a: Tornadus|move: Protect\n|-damage|p2b: Rillaboom|0 fnt\n|faint|p2b: Rillaboom\n|-ability|p1a: Calyrex|Grim Neigh|boost\n|-boost|p1a: Calyrex|spa|1\n|\n|-heal|p1b: Grimmsnarl|60/100|[from] Grassy Terrain\n|-sideend|p2: mavvyvgc|move: Tailwind\n|upkeep\n|turn|15\n|\n|t:|1746061592\n|-terastallize|p2a: Tornadus|Dark\n|move|p1b: Grimmsnarl|Sucker Punch|p2a: Tornadus\n|-resisted|p2a: Tornadus\n|-damage|p2a: Tornadus|83/100\n|move|p1a: Calyrex|Astral Barrage|p2a: Tornadus\n|-resisted|p2a: Tornadus\n|-damage|p2a: Tornadus|0 fnt\n|faint|p2a: Tornadus\n|\n|win|Most Bread\n|raw|Most Bread's rating: 1075 &rarr; <strong>1103</strong><br />(+28 for winning)\n|raw|mavvyvgc's rating: 1070 &rarr; <strong>1050</strong><br />(-20 for losing)\n", "uploadtime": 1746061885, "views": 13, "formatid": "gen9vgc2025regibo3", "rating": 1050, "private": 0, "password": null}