{"id": "gen9vgc2025regibo3-2353505698", "format": "[Gen 9] VGC 2025 Reg I (Bo3)", "players": ["messi-05", "Solar Eclips3"], "log": "|j|\u2606messi-05\n|j|\u2606Solar Eclips3\n|html|<table width=\"100%\"><tr><td align=\"left\">messi-05</td><td align=\"right\">Solar Eclips3</tr><tr><td align=\"left\"><i class=\"fa fa-circle-o\"></i> <i class=\"fa fa-circle-o\"></i> </td><td align=\"right\"><i class=\"fa fa-circle-o\"></i> <i class=\"fa fa-circle\"></i> </tr></table>\n|uhtml|bestof|<h2><strong>Game 2</strong> of <a href=\"/game-bestof3-gen9vgc2025regibo3-2353502797\">a best-of-3</a></h2>\n|t:|1745962394\n|gametype|doubles\n|player|p1|messi-05|170|1089\n|player|p2|Solar Eclips3|acetrainersnow|1111\n|teamsize|p1|6\n|teamsize|p2|6\n|gen|9\n|tier|[Gen 9] VGC 2025 Reg I (Bo3)\n|rated|\n|rule|Species Clause: Limit one of each Pok\u00e9mon\n|rule|Item Clause: Limit 1 of each item\n|clearpoke\n|poke|p1|Terapagos, L50, M|\n|poke|p1|Koraidon, L50|\n|poke|p1|Incineroar, L50, F|\n|poke|p1|Rillaboom, L50, F|\n|poke|p1|Ogerpon-Cornerstone, L50, F|\n|poke|p1|Flutter Mane, L50|\n|poke|p2|Gouging Fire, L50|\n|poke|p2|Raging Bolt, L50|\n|poke|p2|Volcarona, L50, F|\n|poke|p2|Iron Valiant, L50|\n|poke|p2|Koraidon, L50|\n|poke|p2|Calyrex-Ice, L50|\n|teampreview|4\n|showteam|p1|Terapagos||Leftovers|TeraShift|TeraStarstorm,CalmMind,Substitute,Protect|||M|||50|,,,,,Stellar]Koraidon||LifeOrb|OrichalcumPulse|FlareBlitz,CloseCombat,FlameCharge,Protect||||||50|,,,,,Fire]Incineroar||RockyHelmet|Intimidate|KnockOff,PartingShot,WillOWisp,FakeOut|||F|||50|,,,,,Water]Rillaboom||AssaultVest|GrassySurge|WoodHammer,GrassyGlide,Uturn,FakeOut|||F|||50|,,,,,Water]Ogerpon-Cornerstone||CornerstoneMask|Sturdy|IvyCudgel,GrassyGlide,FollowMe,SpikyShield|||F|||50|,,,,,Rock]Flutter Mane||FocusSash|Protosynthesis|Moonblast,DazzlingGleam,ShadowBall,IcyWind||||||50|,,,,,Fairy\n|showteam|p2|Gouging Fire||CovertCloak|Protosynthesis|FlareBlitz,Howl,Protect,BreakingSwipe||||||50|,,,,,Fairy]Raging Bolt||LifeOrb|Protosynthesis|Thunderbolt,Thunderclap,DracoMeteor,Protect||||||50|,,,,,Electric]Volcarona||RockyHelmet|FlameBody|HeatWave,RagePowder,WillOWisp,Tailwind|||F|||50|,,,,,Water]Iron Valiant||BoosterEnergy|QuarkDrive|SpiritBreak,WideGuard,Coaching,Encore||||||50|,,,,,Ghost]Koraidon||ClearAmulet|OrichalcumPulse|FlareBlitz,CollisionCourse,FlameCharge,Protect||||||50|,,,,,Fire]Calyrex-Ice||AssaultVest|AsOneGlastrier|GlacialLance,HighHorsepower,ThroatChop,SeedBomb||||||50|,,,,,Water\n|inactive|Battle timer is ON: inactive players will automatically lose when time's up. (requested by messi-05)\n|inactive|messi-05 has 60 seconds left.\n|\n|t:|1745962431\n|start\n|switch|p1a: Incineroar|Incineroar, L50, F|100/100\n|switch|p1b: Flutter Mane|Flutter Mane, L50|100/100\n|switch|p2a: \u6885\u67f3\u9f50\u5a1c|Iron Valiant, L50, shiny|100/100\n|switch|p2b: Calyrex|Calyrex-Ice, L50|100/100\n|-ability|p2b: Calyrex|As One\n|-ability|p2b: Calyrex|Unnerve\n|-ability|p1a: Incineroar|Intimidate|boost\n|-unboost|p2a: \u6885\u67f3\u9f50\u5a1c|atk|1\n|-unboost|p2b: Calyrex|atk|1\n|-enditem|p2a: \u6885\u67f3\u9f50\u5a1c|Booster Energy\n|-activate|p2a: \u6885\u67f3\u9f50\u5a1c|ability: Quark Drive|[fromitem]\n|-start|p2a: \u6885\u67f3\u9f50\u5a1c|quarkdrivespe\n|turn|1\n|inactive|Solar Eclips3 has 30 seconds left.\n|inactive|Solar Eclips3 has 20 seconds left.\n|inactive|messi-05 has 30 seconds left.\n|\n|t:|1745962479\n|switch|p2b: \u7d27\u6025\u6388\u8bfe|Gouging Fire, L50|100/100\n|move|p1a: Incineroar|Fake Out|p2b: \u7d27\u6025\u6388\u8bfe\n|-crit|p2b: \u7d27\u6025\u6388\u8bfe\n|-damage|p2b: \u7d27\u6025\u6388\u8bfe|88/100\n|move|p2a: \u6885\u67f3\u9f50\u5a1c|Spirit Break|p1b: Flutter Mane\n|-damage|p1b: Flutter Mane|50/100\n|-unboost|p1b: Flutter Mane|spa|1\n|move|p1b: Flutter Mane|Moonblast|p2a: \u6885\u67f3\u9f50\u5a1c\n|-supereffective|p2a: \u6885\u67f3\u9f50\u5a1c\n|-damage|p2a: \u6885\u67f3\u9f50\u5a1c|3/100\n|\n|upkeep\n|turn|2\n|\n|t:|1745962499\n|switch|p1a: Koraidon|Koraidon, L50|100/100\n|-weather|SunnyDay|[from] ability: Orichalcum Pulse|[of] p1a: Koraidon\n|-activate|p1b: Flutter Mane|ability: Protosynthesis\n|-start|p1b: Flutter Mane|protosynthesisspe\n|-activate|p2b: \u7d27\u6025\u6388\u8bfe|ability: Protosynthesis\n|-start|p2b: \u7d27\u6025\u6388\u8bfe|protosynthesisspe\n|-activate|p1a: Koraidon|Orichalcum Pulse|[source]\n|move|p1b: Flutter Mane|Dazzling Gleam|p2b: \u7d27\u6025\u6388\u8bfe|[spread] p2a,p2b\n|-supereffective|p2a: \u6885\u67f3\u9f50\u5a1c\n|-damage|p2a: \u6885\u67f3\u9f50\u5a1c|0 fnt\n|-damage|p2b: \u7d27\u6025\u6388\u8bfe|68/100\n|faint|p2a: \u6885\u67f3\u9f50\u5a1c\n|-end|p2a: \u6885\u67f3\u9f50\u5a1c|Quark Drive|[silent]\n|move|p2b: \u7d27\u6025\u6388\u8bfe|Howl|p2b: \u7d27\u6025\u6388\u8bfe\n|-boost|p2b: \u7d27\u6025\u6388\u8bfe|atk|1\n|\n|-weather|SunnyDay|[upkeep]\n|upkeep\n|\n|t:|1745962508\n|switch|p2a: Calyrex|Calyrex-Ice, L50|100/100\n|-ability|p2a: Calyrex|As One\n|-ability|p2a: Calyrex|Unnerve\n|turn|3\n|inactive|messi-05 has 30 seconds left.\n|inactive|messi-05 has 20 seconds left.\n|inactive|messi-05 has 15 seconds left.\n|\n|t:|1745962551\n|-end|p1b: Flutter Mane|Protosynthesis|[silent]\n|switch|p1b: Incineroar|Incineroar, L50, F|100/100\n|-ability|p1b: Incineroar|Intimidate|boost\n|-unboost|p2a: Calyrex|atk|1\n|-unboost|p2b: \u7d27\u6025\u6388\u8bfe|atk|1\n|-terastallize|p1a: Koraidon|Fire\n|-terastallize|p2a: Calyrex|Water\n|move|p2b: \u7d27\u6025\u6388\u8bfe|Breaking Swipe|p1a: Koraidon|[spread] p1a,p1b\n|-damage|p1a: Koraidon|85/100\n|-damage|p1b: Incineroar|87/100\n|-unboost|p1a: Koraidon|atk|1\n|-unboost|p1b: Incineroar|atk|1\n|-damage|p2b: \u7d27\u6025\u6388\u8bfe|52/100|[from] item: Rocky Helmet|[of] p1b: Incineroar\n|move|p1a: Koraidon|Close Combat|p2b: \u7d27\u6025\u6388\u8bfe\n|-damage|p2b: \u7d27\u6025\u6388\u8bfe|0 fnt\n|-unboost|p1a: Koraidon|def|1\n|-unboost|p1a: Koraidon|spd|1\n|faint|p2b: \u7d27\u6025\u6388\u8bfe\n|-end|p2b: \u7d27\u6025\u6388\u8bfe|Protosynthesis|[silent]\n|-damage|p1a: Koraidon|75/100|[from] item: Life Orb\n|move|p2a: Calyrex|Glacial Lance|p1b: Incineroar|[spread] p1a,p1b\n|-resisted|p1a: Koraidon\n|-resisted|p1b: Incineroar\n|-damage|p1a: Koraidon|50/100\n|-damage|p1b: Incineroar|72/100\n|\n|-weather|SunnyDay|[upkeep]\n|upkeep\n|\n|t:|1745962567\n|switch|p2b: Koraidon|Koraidon, L50|100/100\n|-activate|p2b: Koraidon|ability: Orichalcum Pulse\n|turn|4\n|inactive|messi-05 has 30 seconds left.\n|inactive|Solar Eclips3 has 30 seconds left.\n|\n|t:|1745962599\n|move|p1b: Incineroar|Fake Out|p2b: Koraidon\n|-damage|p2b: Koraidon|94/100\n|move|p1a: Koraidon|Close Combat|p2a: Calyrex\n|-damage|p2a: Calyrex|57/100\n|-unboost|p1a: Koraidon|def|1\n|-unboost|p1a: Koraidon|spd|1\n|-damage|p1a: Koraidon|40/100|[from] item: Life Orb\n|cant|p2b: Koraidon|flinch\n|move|p2a: Calyrex|Glacial Lance|p1b: Incineroar|[spread] p1a,p1b\n|-resisted|p1a: Koraidon\n|-resisted|p1b: Incineroar\n|-damage|p1a: Koraidon|6/100\n|-damage|p1b: Incineroar|59/100\n|\n|-weather|SunnyDay|[upkeep]\n|upkeep\n|turn|5\n|\n|t:|1745962619\n|move|p1a: Koraidon|Protect|p1a: Koraidon\n|-singleturn|p1a: Koraidon|Protect\n|move|p2b: Koraidon|Flame Charge|p1a: Koraidon\n|-activate|p1a: Koraidon|move: Protect\n|move|p1b: Incineroar|Parting Shot|p2a: Calyrex\n|-unboost|p2a: Calyrex|atk|1\n|-unboost|p2a: Calyrex|spa|1\n|\n|t:|1745962626\n|switch|p1b: Flutter Mane|Flutter Mane, L50|50/100|[from] Parting Shot\n|-activate|p1b: Flutter Mane|ability: Protosynthesis\n|-start|p1b: Flutter Mane|protosynthesisspe\n|move|p2a: Calyrex|High Horsepower|p1b: Flutter Mane\n|-damage|p1b: Flutter Mane|7/100\n|\n|-weather|SunnyDay|[upkeep]\n|upkeep\n|turn|6\n|-message|Solar Eclips3 forfeited.\n|raw|messi-05's rating: 1089 &rarr; <strong>1117</strong><br />(+28 for winning)\n|raw|Solar Eclips3's rating: 1111 &rarr; <strong>1084</strong><br />(-27 for losing)\n|\n|win|messi-05\n", "uploadtime": 1745962639, "views": 22, "formatid": "gen9vgc2025regibo3", "rating": 1084, "private": 0, "password": null}