{"id": "gen9vgc2025regibo3-2354641845", "format": "[Gen 9] VGC 2025 Reg I (Bo3)", "players": ["SERENA2024", "Gubi1994"], "log": "|j|\u2606SERENA2024\n|j|\u2606Gubi1994\n|html|<table width=\"100%\"><tr><td align=\"left\">SERENA2024</td><td align=\"right\">Gubi1994</tr><tr><td align=\"left\"><i class=\"fa fa-circle\"></i> <i class=\"fa fa-circle-o\"></i> </td><td align=\"right\"><i class=\"fa fa-circle-o\"></i> <i class=\"fa fa-circle-o\"></i> </tr></table>\n|uhtml|bestof|<h2><strong>Game 2</strong> of <a href=\"/game-bestof3-gen9vgc2025regibo3-2354639221\">a best-of-3</a></h2>\n|t:|1746106214\n|gametype|doubles\n|player|p1|SERENA2024|169|1309\n|player|p2|Gubi1994|101|1292\n|teamsize|p1|6\n|teamsize|p2|6\n|gen|9\n|tier|[Gen 9] VGC 2025 Reg I (Bo3)\n|rated|\n|rule|Species Clause: Limit one of each Pok\u00e9mon\n|rule|Item Clause: Limit 1 of each item\n|clearpoke\n|poke|p1|Calyrex-Shadow, L50|\n|poke|p1|Zamazenta-*, L50|\n|poke|p1|Grimmsnarl, L50, M|\n|poke|p1|Incineroar, L50, F|\n|poke|p1|Rillaboom, L50, F|\n|poke|p1|Ogerpon-Cornerstone, L50, F|\n|poke|p2|Miraidon, L50|\n|poke|p2|Calyrex-Ice, L50|\n|poke|p2|Iron Hands, L50|\n|poke|p2|Farigiraf, L50, M|\n|poke|p2|Ogerpon-Hearthflame, L50, F|\n|poke|p2|Grimmsnarl, L50, M|\n|teampreview|4\n|showteam|p1|Calyrex-Shadow||SpellTag|AsOneSpectrier|AstralBarrage,PollenPuff,Psychic,Protect||||||50|,,,,,Ghost]Zamazenta-Crowned||RustedShield|DauntlessShield|BodyPress,HeavySlam,Protect,WideGuard||||||50|,,,,,Dragon]Grimmsnarl||LightClay|Prankster|LightScreen,Reflect,FoulPlay,ThunderWave|||M|||50|,,,,,Steel]Incineroar||RockyHelmet|Intimidate|KnockOff,WillOWisp,PartingShot,FakeOut|||F|||50|,,,,,Bug]Rillaboom||AssaultVest|GrassySurge|GrassyGlide,WoodHammer,Uturn,FakeOut|||F|||50|,,,,,Fire]Ogerpon-Cornerstone||CornerstoneMask|Sturdy|IvyCudgel,HornLeech,FollowMe,SpikyShield|||F|||50|,,,,,Rock\n|showteam|p2|Miraidon||ChoiceSpecs|HadronEngine|ElectroDrift,DazzlingGleam,VoltSwitch,DracoMeteor||||||50|,,,,,Fairy]Calyrex-Ice||ClearAmulet|AsOneGlastrier|GlacialLance,HighHorsepower,TrickRoom,Protect||||||50|,,,,,Water]Iron Hands||AssaultVest|QuarkDrive|DrainPunch,LowKick,FakeOut,WildCharge||||||50|,,,,,Bug]Farigiraf||ElectricSeed|ArmorTail|FoulPlay,Psychic,TrickRoom,HelpingHand|||M|||50|,,,,,Water]Ogerpon-Hearthflame||HearthflameMask|MoldBreaker|IvyCudgel,WoodHammer,FollowMe,SpikyShield|||F|||50|,,,,,Fire]Grimmsnarl||LightClay|Prankster|FoulPlay,LightScreen,Reflect,ThunderWave|||M|||50|,,,,,Ghost\n|\n|t:|1746106267\n|start\n|switch|p1a: Zamazenta|Zamazenta-Crowned, L50|100/100\n|switch|p1b: Rillaboom|Rillaboom, L50, F|100/100\n|switch|p2a: Iron Hands|Iron Hands, L50|100/100\n|switch|p2b: Farigiraf|Farigiraf, L50, M|100/100\n|-ability|p1a: Zamazenta|Dauntless Shield|boost\n|-boost|p1a: Zamazenta|def|1\n|-fieldstart|move: Grassy Terrain|[from] ability: Grassy Surge|[of] p1b: Rillaboom\n|turn|1\n|inactive|Battle timer is ON: inactive players will automatically lose when time's up. (requested by SERENA2024)\n|\n|t:|1746106295\n|switch|p2b: Miraidon|Miraidon, L50|100/100\n|-fieldstart|move: Electric Terrain|[from] ability: Hadron Engine|[of] p2b: Miraidon\n|-activate|p2a: Iron Hands|ability: Quark Drive\n|-start|p2a: Iron Hands|quarkdriveatk\n|move|p1a: Zamazenta|Protect|p1a: Zamazenta\n|-singleturn|p1a: Zamazenta|Protect\n|move|p2a: Iron Hands|Fake Out|p1b: Rillaboom\n|-damage|p1b: Rillaboom|80/100\n|cant|p1b: Rillaboom|flinch\n|\n|upkeep\n|turn|2\n|\n|t:|1746106315\n|-terastallize|p1a: Zamazenta|Dragon\n|move|p2b: Miraidon|Draco Meteor|p1b: Rillaboom\n|-damage|p1b: Rillaboom|0 fnt\n|-unboost|p2b: Miraidon|spa|2\n|faint|p1b: Rillaboom\n|move|p1a: Zamazenta|Body Press|p2b: Miraidon\n|-damage|p2b: Miraidon|22/100\n|move|p2a: Iron Hands|Low Kick|p1a: Zamazenta\n|-damage|p1a: Zamazenta|66/100\n|\n|upkeep\n|\n|t:|1746106322\n|switch|p1b: Calyrex|Calyrex-Shadow, L50|100/100\n|-ability|p1b: Calyrex|As One\n|-ability|p1b: Calyrex|Unnerve\n|turn|3\n|\n|t:|1746106342\n|switch|p2b: Farigiraf|Farigiraf, L50, M|100/100\n|-enditem|p2b: Farigiraf|Electric Seed\n|-boost|p2b: Farigiraf|def|1|[from] item: Electric Seed\n|move|p1b: Calyrex|Astral Barrage|p2b: Farigiraf|[spread] p2a\n|-immune|p2b: Farigiraf\n|-damage|p2a: Iron Hands|69/100\n|move|p1a: Zamazenta|Body Press|p2a: Iron Hands\n|-damage|p2a: Iron Hands|24/100\n|move|p2a: Iron Hands|Low Kick|p1a: Zamazenta\n|-damage|p1a: Zamazenta|33/100\n|\n|upkeep\n|turn|4\n|\n|t:|1746106358\n|-end|p2a: Iron Hands|Quark Drive|[silent]\n|switch|p2a: Miraidon|Miraidon, L50|22/100\n|-activate|p2a: Miraidon|ability: Hadron Engine\n|move|p1b: Calyrex|Pollen Puff|p2b: Farigiraf\n|-supereffective|p2b: Farigiraf\n|-damage|p2b: Farigiraf|37/100\n|move|p1a: Zamazenta|Body Press|p2a: Miraidon\n|-damage|p2a: Miraidon|0 fnt\n|faint|p2a: Miraidon\n|move|p2b: Farigiraf|Trick Room|p2b: Farigiraf\n|-fieldstart|move: Trick Room|[of] p2b: Farigiraf\n|\n|upkeep\n|\n|t:|1746106360\n|switch|p2a: Iron Hands|Iron Hands, L50|24/100\n|-activate|p2a: Iron Hands|ability: Quark Drive\n|-start|p2a: Iron Hands|quarkdriveatk\n|turn|5\n|\n|t:|1746106374\n|switch|p1b: Incineroar|Incineroar, L50, F|100/100\n|-ability|p1b: Incineroar|Intimidate|boost\n|-unboost|p2a: Iron Hands|atk|1\n|-unboost|p2b: Farigiraf|atk|1\n|move|p1a: Zamazenta|Protect|p1a: Zamazenta\n|-singleturn|p1a: Zamazenta|Protect\n|move|p2a: Iron Hands|Low Kick|p1a: Zamazenta\n|-activate|p1a: Zamazenta|move: Protect\n|move|p2b: Farigiraf|Foul Play|p1b: Incineroar\n|-resisted|p1b: Incineroar\n|-damage|p1b: Incineroar|89/100\n|-damage|p2b: Farigiraf|21/100|[from] item: Rocky Helmet|[of] p1b: Incineroar\n|\n|-fieldend|move: Electric Terrain\n|-end|p2a: Iron Hands|Quark Drive\n|upkeep\n|turn|6\n|inactive|Gubi1994 has 30 seconds left.\n|\n|t:|1746106409\n|switch|p1a: Calyrex|Calyrex-Shadow, L50|100/100\n|-ability|p1a: Calyrex|As One\n|-ability|p1a: Calyrex|Unnerve\n|move|p2a: Iron Hands|Drain Punch|p1b: Incineroar\n|-supereffective|p1b: Incineroar\n|-damage|p1b: Incineroar|37/100\n|-heal|p2a: Iron Hands|45/100|[from] drain|[of] p1b: Incineroar\n|-damage|p2a: Iron Hands|29/100|[from] item: Rocky Helmet|[of] p1b: Incineroar\n|move|p2b: Farigiraf|Psychic|p1a: Calyrex\n|-resisted|p1a: Calyrex\n|-damage|p1a: Calyrex|85/100\n|move|p1b: Incineroar|Will-O-Wisp|p2a: Iron Hands\n|-status|p2a: Iron Hands|brn\n|\n|-damage|p2a: Iron Hands|23/100 brn|[from] brn\n|upkeep\n|turn|7\n|\n|t:|1746106429\n|-end|p2a: Iron Hands|Quark Drive|[silent]\n|switch|p2a: Calyrex|Calyrex-Ice, L50|100/100\n|-ability|p2a: Calyrex|As One\n|-ability|p2a: Calyrex|Unnerve\n|move|p1a: Calyrex|Protect|p1a: Calyrex\n|-singleturn|p1a: Calyrex|Protect\n|move|p2b: Farigiraf|Foul Play|p1a: Calyrex\n|-activate|p1a: Calyrex|move: Protect\n|move|p1b: Incineroar|Parting Shot|p2b: Farigiraf\n|-unboost|p2b: Farigiraf|atk|1\n|-unboost|p2b: Farigiraf|spa|1\n|\n|t:|1746106434\n|switch|p1b: Zamazenta|Zamazenta-Crowned, L50, tera:Dragon|33/100|[from] Parting Shot\n|\n|upkeep\n|turn|8\n|\n|t:|1746106448\n|move|p1b: Zamazenta|Wide Guard|p1b: Zamazenta\n|-singleturn|p1b: Zamazenta|Wide Guard\n|move|p2a: Calyrex|High Horsepower|p1a: Calyrex\n|-damage|p1a: Calyrex|38/100\n|move|p2b: Farigiraf|Foul Play|p1a: Calyrex\n|-supereffective|p1a: Calyrex\n|-damage|p1a: Calyrex|0 fnt\n|faint|p1a: Calyrex\n|\n|-fieldend|move: Trick Room\n|upkeep\n|\n|t:|1746106453\n|switch|p1a: Incineroar|Incineroar, L50, F|37/100\n|-ability|p1a: Incineroar|Intimidate|boost\n|-fail|p2a: Calyrex|unboost|[from] item: Clear Amulet|[of] p2a: Calyrex\n|-unboost|p2b: Farigiraf|atk|1\n|turn|9\n|inactive|Gubi1994 has 30 seconds left.\n|\n|t:|1746106478\n|move|p2a: Calyrex|Protect|p2a: Calyrex\n|-singleturn|p2a: Calyrex|Protect\n|move|p1b: Zamazenta|Body Press|p2b: Farigiraf\n|-damage|p2b: Farigiraf|0 fnt\n|faint|p2b: Farigiraf\n|move|p1a: Incineroar|Will-O-Wisp|p2a: Calyrex\n|-activate|p2a: Calyrex|move: Protect\n|\n|upkeep\n|\n|t:|1746106480\n|switch|p2b: Iron Hands|Iron Hands, L50|23/100 brn\n|turn|10\n|\n|t:|1746106499\n|move|p2b: Iron Hands|Fake Out|p1a: Incineroar\n|-damage|p1a: Incineroar|30/100\n|-damage|p2b: Iron Hands|7/100 brn|[from] item: Rocky Helmet|[of] p1a: Incineroar\n|move|p1b: Zamazenta|Body Press|p2b: Iron Hands\n|-damage|p2b: Iron Hands|0 fnt\n|faint|p2b: Iron Hands\n|-end|p2b: Iron Hands|Quark Drive|[silent]\n|cant|p1a: Incineroar|flinch\n|move|p2a: Calyrex|High Horsepower|p1a: Incineroar\n|-supereffective|p1a: Incineroar\n|-damage|p1a: Incineroar|0 fnt\n|-damage|p2a: Calyrex|84/100|[from] item: Rocky Helmet|[of] p1a: Incineroar\n|faint|p1a: Incineroar\n|-ability|p2a: Calyrex|Chilling Neigh|boost\n|-boost|p2a: Calyrex|atk|1\n|\n|upkeep\n|turn|11\n|\n|t:|1746106509\n|move|p1b: Zamazenta|Body Press|p2a: Calyrex\n|-damage|p2a: Calyrex|56/100\n|move|p2a: Calyrex|Glacial Lance|p1b: Zamazenta\n|-supereffective|p1b: Zamazenta\n|-damage|p1b: Zamazenta|0 fnt\n|faint|p1b: Zamazenta\n|\n|win|Gubi1994\n||SERENA2024 is ready for game 3.\n|inactive|Gubi1994 has 30 seconds to confirm battle start!\n||Gubi1994 is ready for game 3.\n|uhtml|next|Next: <a href=\"/battle-gen9vgc2025regibo3-2354644678\"><strong>Game 3 of 3</strong></a>\n|l|\u2606SERENA2024\n|player|p1|\n", "uploadtime": 1746106832, "views": 11, "formatid": "gen9vgc2025regibo3", "rating": null, "private": 0, "password": null}