{"id": "gen9vgc2025regibo3-2353958536", "format": "[Gen 9] VGC 2025 Reg I (Bo3)", "players": ["Doritoor", "guerravictor"], "log": "|j|\u2606Doritoor\n|j|\u2606guerravictor\n|html|<table width=\"100%\"><tr><td align=\"left\">Doritoor</td><td align=\"right\">guerravictor</tr><tr><td align=\"left\"><i class=\"fa fa-circle-o\"></i> <i class=\"fa fa-circle-o\"></i> </td><td align=\"right\"><i class=\"fa fa-circle-o\"></i> <i class=\"fa fa-circle-o\"></i> </tr></table>\n|uhtml|bestof|<h2><strong>Game 1</strong> of <a href=\"/game-bestof3-gen9vgc2025regibo3-2353958533\">a best-of-3</a></h2>\n|t:|1746022643\n|gametype|doubles\n|player|p1|Doritoor|flint|1061\n|player|p2|guerravictor|supernerd|1084\n|teamsize|p1|6\n|teamsize|p2|6\n|gen|9\n|tier|[Gen 9] VGC 2025 Reg I (Bo3)\n|rated|\n|rule|Species Clause: Limit one of each Pok\u00e9mon\n|rule|Item Clause: Limit 1 of each item\n|clearpoke\n|poke|p1|Raging Bolt, L50|\n|poke|p1|Koraidon, L50|\n|poke|p1|Groudon, L50|\n|poke|p1|Amoonguss, L50, M|\n|poke|p1|Incineroar, L50, F|\n|poke|p1|Flutter Mane, L50|\n|poke|p2|Terapagos, L50, M|\n|poke|p2|Lugia, L50|\n|poke|p2|Comfey, L50, M|\n|poke|p2|Rillaboom, L50, M|\n|poke|p2|Grimmsnarl, L50, M|\n|poke|p2|Muk-Alola, L50, M|\n|teampreview|4\n|showteam|p1|Raging Bolt||LifeOrb|Protosynthesis|Thunderclap,DragonPulse,Protect,CalmMind||||||50|,,,,,Fairy]Koraidon||ClearAmulet|OrichalcumPulse|FlareBlitz,CollisionCourse,Protect,BulkUp||||||50|,,,,,Fire]Groudon||AssaultVest|Drought|PrecipiceBlades,StoneEdge,HeatCrash,HeavySlam||||||50|,,,,,Steel]Amoonguss||SitrusBerry|Regenerator|Protect,Spore,PollenPuff,RagePowder|||M|||50|,,,,,Water]Incineroar||SafetyGoggles|Intimidate|FakeOut,PartingShot,KnockOff,FlareBlitz|||F|||50|,,,,,Ghost]Flutter Mane||Leftovers|Protosynthesis|Protect,ShadowBall,Moonblast,CalmMind||||||50|,,,,,Grass\n|showteam|p2|Terapagos||Leftovers|TeraShift|TeraStarstorm,EarthPower,CalmMind,Protect|||M|||50|,,,,,Stellar]Lugia||CovertCloak|Multiscale|Aeroblast,EarthPower,PsychUp,Protect||||||50|,,,,,Fairy]Comfey||SitrusBerry|Triage|FloralHealing,TrickRoom,DrainingKiss,PsychUp|||M|||50|,,,,,Water]Rillaboom||AssaultVest|GrassySurge|WoodHammer,GrassyGlide,FakeOut,Uturn|||M|||50|,,,,,Fire]Grimmsnarl||LightClay|Prankster|Reflect,LightScreen,FoulPlay,ThunderWave|||M|||50|,,,,,Ghost]Muk-Alola||FigyBerry|PowerofAlchemy|KnockOff,Toxic,Minimize,Recycle|||M|||50|,,,,,Poison\n|inactive|Battle timer is ON: inactive players will automatically lose when time's up. (requested by guerravictor)\n|inactive|Doritoor has 60 seconds left.\n|\n|t:|1746022690\n|start\n|switch|p1a: Groudon|Groudon, L50|100/100\n|switch|p1b: Flutter Mane|Flutter Mane, L50|100/100\n|switch|p2a: Grimmsnarl|Grimmsnarl, L50, M, shiny|100/100\n|switch|p2b: Rillaboom|Rillaboom, L50, M|100/100\n|-weather|SunnyDay|[from] ability: Drought|[of] p1a: Groudon\n|-activate|p1b: Flutter Mane|ability: Protosynthesis\n|-start|p1b: Flutter Mane|protosynthesisspe\n|-fieldstart|move: Grassy Terrain|[from] ability: Grassy Surge|[of] p2b: Rillaboom\n|turn|1\n|inactive|Doritoor has 30 seconds left.\n|\n|t:|1746022718\n|move|p2b: Rillaboom|Fake Out|p1a: Groudon\n|-damage|p1a: Groudon|91/100\n|move|p2a: Grimmsnarl|Light Screen|p2a: Grimmsnarl\n|-sidestart|p2: guerravictor|move: Light Screen\n|move|p1b: Flutter Mane|Calm Mind|p1b: Flutter Mane\n|-boost|p1b: Flutter Mane|spa|1\n|-boost|p1b: Flutter Mane|spd|1\n|cant|p1a: Groudon|flinch\n|\n|-weather|SunnyDay|[upkeep]\n|-heal|p1a: Groudon|97/100|[from] Grassy Terrain\n|upkeep\n|turn|2\n|inactive|guerravictor has 30 seconds left.\n|\n|t:|1746022749\n|move|p1b: Flutter Mane|Moonblast|p2a: Grimmsnarl\n|-supereffective|p2a: Grimmsnarl\n|-damage|p2a: Grimmsnarl|15/100\n|move|p1a: Groudon|Heavy Slam|p2a: Grimmsnarl\n|-supereffective|p2a: Grimmsnarl\n|-damage|p2a: Grimmsnarl|0 fnt\n|faint|p2a: Grimmsnarl\n|move|p2b: Rillaboom|Wood Hammer|p1a: Groudon\n|-supereffective|p1a: Groudon\n|-damage|p1a: Groudon|0 fnt\n|faint|p1a: Groudon\n|-damage|p2b: Rillaboom|69/100|[from] Recoil\n|\n|-weather|SunnyDay|[upkeep]\n|-heal|p2b: Rillaboom|74/100|[from] Grassy Terrain\n|upkeep\n|\n|t:|1746022763\n|switch|p1a: Koraidon|Koraidon, L50|100/100\n|switch|p2a: Terapagos|Terapagos, L50, M|100/100\n|-activate|p2a: Terapagos|ability: Tera Shift\n|detailschange|p2a: Terapagos|Terapagos-Terastal, L50, M\n|-heal|p2a: Terapagos|100/100|[silent]\n|-activate|p1a: Koraidon|ability: Orichalcum Pulse\n|turn|3\n|inactive|guerravictor has 30 seconds left.\n|\n|t:|1746022794\n|move|p2a: Terapagos|Protect|p2a: Terapagos\n|-singleturn|p2a: Terapagos|Protect\n|move|p1b: Flutter Mane|Moonblast|p2a: Terapagos\n|-activate|p2a: Terapagos|move: Protect\n|move|p1a: Koraidon|Collision Course|p2a: Terapagos\n|-activate|p2a: Terapagos|move: Protect\n|move|p2b: Rillaboom|U-turn|p1a: Koraidon\n|-resisted|p1a: Koraidon\n|-damage|p1a: Koraidon|92/100\n|\n|t:|1746022806\n|switch|p2b: Comfey|Comfey, L50, M, shiny|100/100|[from] U-turn\n|\n|-weather|SunnyDay|[upkeep]\n|-heal|p1a: Koraidon|98/100|[from] Grassy Terrain\n|upkeep\n|turn|4\n|inactive|guerravictor has 30 seconds left.\n|inactive|guerravictor has 20 seconds left.\n|\n|t:|1746022845\n|-terastallize|p2a: Terapagos|Stellar\n|detailschange|p2a: Terapagos|Terapagos-Stellar, L50, M, tera:Stellar\n|-heal|p2a: Terapagos|100/100|[silent]\n|-ability|p2a: Terapagos|Teraform Zero\n|-weather|none\n|-end|p1b: Flutter Mane|Protosynthesis\n|-fieldend|move: Grassy Terrain\n|move|p1a: Koraidon|Protect|p1a: Koraidon\n|-singleturn|p1a: Koraidon|Protect\n|move|p1b: Flutter Mane|Moonblast|p2a: Terapagos\n|-damage|p2a: Terapagos|71/100\n|-unboost|p2a: Terapagos|spa|1\n|move|p2b: Comfey|Psych Up|p1b: Flutter Mane\n|-copyboost|p2b: Comfey|p1b: Flutter Mane|[from] move: Psych Up\n|move|p2a: Terapagos|Calm Mind|p2a: Terapagos\n|-boost|p2a: Terapagos|spa|1\n|-boost|p2a: Terapagos|spd|1\n|\n|-heal|p2a: Terapagos|77/100|[from] item: Leftovers\n|upkeep\n|turn|5\n|inactive|Doritoor has 30 seconds left.\n|inactive|guerravictor has 30 seconds left.\n|inactive|Doritoor has 20 seconds left.\n|inactive|guerravictor has 20 seconds left.\n|inactive|Doritoor has 15 seconds left.\n|inactive|guerravictor has 15 seconds left.\n|inactive|Doritoor has 10 seconds left.\n|\n|t:|1746022891\n|-terastallize|p1a: Koraidon|Fire\n|move|p2b: Comfey|Draining Kiss|p1a: Koraidon\n|-resisted|p1a: Koraidon\n|-damage|p1a: Koraidon|88/100\n|move|p1a: Koraidon|Collision Course|p2a: Terapagos\n|-supereffective|p2a: Terapagos\n|-damage|p2a: Terapagos|12/100\n|move|p1b: Flutter Mane|Calm Mind|p1b: Flutter Mane\n|-boost|p1b: Flutter Mane|spa|1\n|-boost|p1b: Flutter Mane|spd|1\n|move|p2a: Terapagos|Calm Mind|p2a: Terapagos\n|-boost|p2a: Terapagos|spa|1\n|-boost|p2a: Terapagos|spd|1\n|\n|-heal|p2a: Terapagos|18/100|[from] item: Leftovers\n|upkeep\n|turn|6\n|\n|t:|1746022915\n|switch|p2b: Rillaboom|Rillaboom, L50, M|74/100\n|-fieldstart|move: Grassy Terrain|[from] ability: Grassy Surge|[of] p2b: Rillaboom\n|move|p2a: Terapagos|Protect|p2a: Terapagos\n|-singleturn|p2a: Terapagos|Protect\n|move|p1a: Koraidon|Collision Course|p2a: Terapagos\n|-activate|p2a: Terapagos|move: Protect\n|move|p1b: Flutter Mane|Moonblast|p2b: Rillaboom\n|-damage|p2b: Rillaboom|35/100\n|\n|-heal|p1a: Koraidon|94/100|[from] Grassy Terrain\n|-heal|p2a: Terapagos|24/100|[from] Grassy Terrain\n|-heal|p2a: Terapagos|30/100|[from] item: Leftovers\n|-heal|p2b: Rillaboom|41/100|[from] Grassy Terrain\n|upkeep\n|turn|7\n|inactive|guerravictor has 30 seconds left.\n|\n|t:|1746022941\n|switch|p1a: Raging Bolt|Raging Bolt, L50|100/100\n|move|p2b: Rillaboom|Fake Out|p1a: Raging Bolt\n|-crit|p1a: Raging Bolt\n|-damage|p1a: Raging Bolt|82/100\n|move|p1b: Flutter Mane|Moonblast|p2b: Rillaboom\n|-damage|p2b: Rillaboom|3/100\n|move|p2a: Terapagos|Tera Starstorm|p1b: Flutter Mane|[spread] p1a,p1b\n|-crit|p1b: Flutter Mane\n|-damage|p1a: Raging Bolt|44/100\n|-damage|p1b: Flutter Mane|30/100\n|\n|-heal|p1b: Flutter Mane|36/100|[from] Grassy Terrain\n|-heal|p1b: Flutter Mane|42/100|[from] item: Leftovers\n|-heal|p2a: Terapagos|37/100|[from] Grassy Terrain\n|-heal|p2a: Terapagos|43/100|[from] item: Leftovers\n|-heal|p2b: Rillaboom|9/100|[from] Grassy Terrain\n|-heal|p1a: Raging Bolt|50/100|[from] Grassy Terrain\n|upkeep\n|turn|8\n|inactive|Doritoor has 30 seconds left.\n|inactive|guerravictor has 30 seconds left.\n|\n|t:|1746022970\n|switch|p2b: Comfey|Comfey, L50, M, shiny|100/100\n|move|p2a: Terapagos|Protect|p2a: Terapagos\n|-singleturn|p2a: Terapagos|Protect\n|move|p1a: Raging Bolt|Thunderclap||[still]\n|-fail|p1a: Raging Bolt\n|move|p1b: Flutter Mane|Moonblast|p2a: Terapagos\n|-activate|p2a: Terapagos|move: Protect\n|\n|-heal|p1b: Flutter Mane|48/100|[from] Grassy Terrain\n|-heal|p1b: Flutter Mane|54/100|[from] item: Leftovers\n|-heal|p2a: Terapagos|49/100|[from] Grassy Terrain\n|-heal|p2a: Terapagos|55/100|[from] item: Leftovers\n|-heal|p1a: Raging Bolt|56/100|[from] Grassy Terrain\n|-sideend|p2: guerravictor|move: Light Screen\n|upkeep\n|turn|9\n|inactive|Doritoor has 30 seconds left.\n|\n|t:|1746022996\n|move|p1a: Raging Bolt|Protect|p1a: Raging Bolt\n|-singleturn|p1a: Raging Bolt|Protect\n|move|p2b: Comfey|Draining Kiss|p1a: Raging Bolt\n|-activate|p1a: Raging Bolt|move: Protect\n|move|p1b: Flutter Mane|Moonblast|p2b: Comfey\n|-damage|p2b: Comfey|12/100\n|-enditem|p2b: Comfey|Sitrus Berry|[eat]\n|-heal|p2b: Comfey|37/100|[from] item: Sitrus Berry\n|move|p2a: Terapagos|Tera Starstorm|p1b: Flutter Mane|[spread] p1b\n|-activate|p1a: Raging Bolt|move: Protect\n|-crit|p1b: Flutter Mane\n|-damage|p1b: Flutter Mane|0 fnt\n|faint|p1b: Flutter Mane\n|-end|p1b: Flutter Mane|Protosynthesis|[silent]\n|\n|-heal|p2b: Comfey|43/100|[from] Grassy Terrain\n|-heal|p2a: Terapagos|62/100|[from] Grassy Terrain\n|-heal|p2a: Terapagos|68/100|[from] item: Leftovers\n|-heal|p1a: Raging Bolt|62/100|[from] Grassy Terrain\n|upkeep\n|\n|t:|1746023013\n|switch|p1b: Koraidon|Koraidon, L50, tera:Fire|94/100\n|-weather|SunnyDay|[from] ability: Orichalcum Pulse|[of] p1b: Koraidon\n|-activate|p1a: Raging Bolt|ability: Protosynthesis\n|-start|p1a: Raging Bolt|protosynthesisspa\n|-activate|p1b: Koraidon|Orichalcum Pulse|[source]\n|turn|10\n|inactive|guerravictor has 30 seconds left.\n|\n|t:|1746023040\n|move|p2b: Comfey|Draining Kiss|p1a: Raging Bolt\n|-supereffective|p1a: Raging Bolt\n|-damage|p1a: Raging Bolt|35/100\n|-heal|p2b: Comfey|73/100|[from] drain|[of] p1a: Raging Bolt\n|move|p1a: Raging Bolt|Thunderclap||[still]\n|-fail|p1a: Raging Bolt\n|move|p1b: Koraidon|Flare Blitz|p2b: Comfey\n|-damage|p2b: Comfey|0 fnt\n|faint|p2b: Comfey\n|-damage|p1b: Koraidon|75/100|[from] Recoil\n|move|p2a: Terapagos|Tera Starstorm|p1a: Raging Bolt|[spread] p1a,p1b\n|-supereffective|p1b: Koraidon\n|-damage|p1a: Raging Bolt|0 fnt\n|-damage|p1b: Koraidon|0 fnt\n|faint|p1a: Raging Bolt\n|-end|p1a: Raging Bolt|Protosynthesis|[silent]\n|faint|p1b: Koraidon\n|\n|win|guerravictor\n|inactive|Doritoor has 30 seconds to confirm battle start!\n|inactive|guerravictor has 30 seconds to confirm battle start!\n||Doritoor is ready for game 2.\n||guerravictor is ready for game 2.\n|uhtml|next|Next: <a href=\"/battle-gen9vgc2025regibo3-2353963112\"><strong>Game 2 of 3</strong></a>\n", "uploadtime": 1746023370, "views": 22, "formatid": "gen9vgc2025regibo3", "rating": null, "private": 0, "password": null}