{"id": "gen9vgc2025regibo3-2354425791", "format": "[Gen 9] VGC 2025 Reg I (Bo3)", "players": ["damage77", "Namsnurb"], "log": "|j|\u2606damage77\n|j|\u2606Namsnurb\n|html|<table width=\"100%\"><tr><td align=\"left\">damage77</td><td align=\"right\">Namsnurb</tr><tr><td align=\"left\"><i class=\"fa fa-circle-o\"></i> <i class=\"fa fa-circle-o\"></i> </td><td align=\"right\"><i class=\"fa fa-circle-o\"></i> <i class=\"fa fa-circle-o\"></i> </tr></table>\n|uhtml|bestof|<h2><strong>Game 1</strong> of <a href=\"/game-bestof3-gen9vgc2025regibo3-2354425790\">a best-of-3</a></h2>\n|t:|1746069977\n|gametype|doubles\n|player|p1|damage77|flint|1144\n|player|p2|Namsnurb|alder|1110\n|teamsize|p1|6\n|teamsize|p2|6\n|gen|9\n|tier|[Gen 9] VGC 2025 Reg I (Bo3)\n|rated|\n|rule|Species Clause: Limit one of each Pok\u00e9mon\n|rule|Item Clause: Limit 1 of each item\n|clearpoke\n|poke|p1|Calyrex-Shadow, L50|\n|poke|p1|Koraidon, L50|\n|poke|p1|Brute Bonnet, L50|\n|poke|p1|Raging Bolt, L50|\n|poke|p1|Incineroar, L50, F|\n|poke|p1|Ogerpon-Cornerstone, L50, F|\n|poke|p2|Calyrex-Ice, L50|\n|poke|p2|Tornadus, L50, M|\n|poke|p2|Amoonguss, L50, M|\n|poke|p2|Ogerpon-Cornerstone, L50, F|\n|poke|p2|Miraidon, L50|\n|poke|p2|Ditto, L50|\n|teampreview|4\n|showteam|p1|Calyrex-Shadow||FocusSash|AsOneSpectrier|AstralBarrage,Psychic,NastyPlot,Protect||||||50|,,,,,Ghost]Koraidon||LifeOrb|OrichalcumPulse|CloseCombat,FlareBlitz,FlameCharge,Protect||||||50|,,,,,Fire]Brute Bonnet||CovertCloak|Protosynthesis|Protect,SuckerPunch,Spore,RagePowder||||||50|,,,,,Water]Raging Bolt||AssaultVest|Protosynthesis|Thunderbolt,Thunderclap,DracoMeteor,Electroweb||||||50|,,,,,Bug]Incineroar||SafetyGoggles|Intimidate|KnockOff,FlareBlitz,PartingShot,FakeOut|||F|||50|,,,,,Ghost]Ogerpon-Cornerstone||CornerstoneMask|Sturdy|IvyCudgel,Taunt,FollowMe,SpikyShield|||F|||50|,,,,,Rock\n|showteam|p2|Calyrex-Ice||ClearAmulet|AsOneGlastrier|SwordsDance,Protect,GlacialLance,HighHorsepower||||||50|,,,,,Water]Tornadus||CovertCloak|Prankster|Taunt,Tailwind,BleakwindStorm,DarkPulse|||M|||50|,,,,,Dark]Amoonguss||RockyHelmet|EffectSpore|PollenPuff,SludgeBomb,Spore,RagePowder|||M|||50|,,,,,Water]Ogerpon-Cornerstone||CornerstoneMask|Sturdy|FollowMe,IvyCudgel,SpikyShield,PowerWhip|||F|||50|,,,,,Rock]Miraidon||ChoiceSpecs|HadronEngine|DazzlingGleam,Overheat,ElectroDrift,VoltSwitch||||||50|,,,,,Fairy]Ditto||ChoiceScarf|Imposter|Transform||||||50|,,,,,Normal\n|inactive|Battle timer is ON: inactive players will automatically lose when time's up. (requested by damage77)\n|inactive|damage77 has 60 seconds left.\n|inactive|damage77 has 30 seconds left.\n|inactive|damage77 has 20 seconds left.\n|\n|t:|1746070062\n|start\n|switch|p1a: Ogerpon|Ogerpon-Cornerstone, L50, F|100/100\n|switch|p1b: Koraidon|Koraidon, L50|100/100\n|switch|p2a: Calyrex|Calyrex-Ice, L50|100/100\n|switch|p2b: Ditto|Ditto, L50|100/100\n|-ability|p2a: Calyrex|As One\n|-ability|p2a: Calyrex|Unnerve\n|-weather|SunnyDay|[from] ability: Orichalcum Pulse|[of] p1b: Koraidon\n|-activate|p1b: Koraidon|Orichalcum Pulse|[source]\n|-transform|p2b: Ditto|p1a: Ogerpon|[from] ability: Imposter\n|turn|1\n|inactive|damage77 has 30 seconds left.\n|inactive|Namsnurb has 30 seconds left.\n|\n|t:|1746070096\n|-terastallize|p1b: Koraidon|Fire\n|move|p2b: Ditto|Follow Me|p2b: Ditto\n|-singleturn|p2b: Ditto|move: Follow Me\n|move|p1b: Koraidon|Close Combat|p2b: Ditto\n|-supereffective|p2b: Ditto\n|-ability|p2b: Ditto|Sturdy\n|-damage|p2b: Ditto|1/100\n|-unboost|p1b: Koraidon|def|1\n|-unboost|p1b: Koraidon|spd|1\n|-damage|p1b: Koraidon|91/100|[from] item: Life Orb\n|move|p1a: Ogerpon|Ivy Cudgel|p2b: Ditto|[anim] Ivy Cudgel Rock\n|-damage|p2b: Ditto|0 fnt\n|faint|p2b: Ditto\n|move|p2a: Calyrex|Swords Dance|p2a: Calyrex\n|-boost|p2a: Calyrex|atk|2\n|\n|-weather|SunnyDay|[upkeep]\n|upkeep\n|\n|t:|1746070115\n|switch|p2b: Amoonguss|Amoonguss, L50, M|100/100\n|turn|2\n|\n|t:|1746070129\n|-terastallize|p2a: Calyrex|Water\n|move|p1b: Koraidon|Protect|p1b: Koraidon\n|-singleturn|p1b: Koraidon|Protect\n|move|p2b: Amoonguss|Rage Powder|p2b: Amoonguss\n|-singleturn|p2b: Amoonguss|move: Rage Powder\n|move|p1a: Ogerpon|Taunt|p2b: Amoonguss\n|-start|p2b: Amoonguss|move: Taunt\n|move|p2a: Calyrex|Glacial Lance|p1b: Koraidon|[spread] p1a\n|-activate|p1b: Koraidon|move: Protect\n|-supereffective|p1a: Ogerpon\n|-ability|p1a: Ogerpon|Sturdy\n|-damage|p1a: Ogerpon|1/100\n|\n|-weather|SunnyDay|[upkeep]\n|upkeep\n|turn|3\n|inactive|damage77 has 30 seconds left.\n|\n|t:|1746070157\n|move|p2a: Calyrex|Protect|p2a: Calyrex\n|-singleturn|p2a: Calyrex|Protect\n|move|p1b: Koraidon|Close Combat|p2a: Calyrex\n|-activate|p2a: Calyrex|move: Protect\n|move|p1a: Ogerpon|Ivy Cudgel|p2a: Calyrex|[anim] Ivy Cudgel Rock\n|-activate|p2a: Calyrex|move: Protect\n|move|p2b: Amoonguss|Sludge Bomb|p1a: Ogerpon\n|-damage|p1a: Ogerpon|0 fnt\n|faint|p1a: Ogerpon\n|\n|-weather|SunnyDay|[upkeep]\n|upkeep\n|\n|t:|1746070166\n|switch|p1a: Raging Bolt|Raging Bolt, L50|100/100\n|-activate|p1a: Raging Bolt|ability: Protosynthesis\n|-start|p1a: Raging Bolt|protosynthesisspa\n|turn|4\n|inactive|damage77 has 30 seconds left.\n|\n|t:|1746070194\n|switch|p2a: Miraidon|Miraidon, L50|100/100\n|-fieldstart|move: Electric Terrain|[from] ability: Hadron Engine|[of] p2a: Miraidon\n|move|p1b: Koraidon|Close Combat|p2a: Miraidon\n|-damage|p2a: Miraidon|0 fnt\n|-unboost|p1b: Koraidon|def|1\n|-unboost|p1b: Koraidon|spd|1\n|faint|p2a: Miraidon\n|-damage|p1b: Koraidon|81/100|[from] item: Life Orb\n|move|p1a: Raging Bolt|Electroweb|p2b: Amoonguss\n|-resisted|p2b: Amoonguss\n|-damage|p2b: Amoonguss|77/100\n|-unboost|p2b: Amoonguss|spe|1\n|move|p2b: Amoonguss|Sludge Bomb|p1a: Raging Bolt\n|-damage|p1a: Raging Bolt|84/100\n|\n|-weather|SunnyDay|[upkeep]\n|upkeep\n|\n|t:|1746070210\n|switch|p2a: Calyrex|Calyrex-Ice, L50, tera:Water|100/100\n|-ability|p2a: Calyrex|As One\n|-ability|p2a: Calyrex|Unnerve\n|turn|5\n|\n|t:|1746070220\n|move|p2a: Calyrex|Protect|p2a: Calyrex\n|-singleturn|p2a: Calyrex|Protect\n|move|p1b: Koraidon|Flare Blitz|p2b: Amoonguss\n|-supereffective|p2b: Amoonguss\n|-damage|p2b: Amoonguss|0 fnt\n|-damage|p1b: Koraidon|65/100|[from] item: Rocky Helmet|[of] p2b: Amoonguss\n|faint|p2b: Amoonguss\n|-damage|p1b: Koraidon|33/100|[from] Recoil\n|-damage|p1b: Koraidon|24/100|[from] item: Life Orb\n|move|p1a: Raging Bolt|Thunderbolt|p2a: Calyrex\n|-activate|p2a: Calyrex|move: Protect\n|\n|-weather|none\n|-end|p1a: Raging Bolt|Protosynthesis\n|upkeep\n|turn|6\n|\n|t:|1746070234\n|move|p1b: Koraidon|Close Combat|p2a: Calyrex\n|-damage|p2a: Calyrex|49/100\n|-unboost|p1b: Koraidon|def|1\n|-unboost|p1b: Koraidon|spd|1\n|-damage|p1b: Koraidon|14/100|[from] item: Life Orb\n|move|p1a: Raging Bolt|Thunderbolt|p2a: Calyrex\n|-supereffective|p2a: Calyrex\n|-damage|p2a: Calyrex|0 fnt\n|faint|p2a: Calyrex\n|\n|win|damage77\n||Namsnurb is ready for game 2.\n|inactive|damage77 has 30 seconds to confirm battle start!\n|inactive|damage77 has 20 seconds to confirm battle start!\n||damage77 is ready for game 2.\n|uhtml|next|Next: <a href=\"/battle-gen9vgc2025regibo3-2354427917\"><strong>Game 2 of 3</strong></a>\n", "uploadtime": 1746070850, "views": 7, "formatid": "gen9vgc2025regibo3", "rating": null, "private": 0, "password": null}