{"id": "gen9vgc2025regibo3-2353815158", "format": "[Gen 9] VGC 2025 Reg I (Bo3)", "players": ["dambro222", "LunarKnight69"], "log": "|j|\u2606dambro222\n|j|\u2606LunarKnight69\n|html|<table width=\"100%\"><tr><td align=\"left\">dambro222</td><td align=\"right\">LunarKnight69</tr><tr><td align=\"left\"><i class=\"fa fa-circle\"></i> <i class=\"fa fa-circle-o\"></i> </td><td align=\"right\"><i class=\"fa fa-circle-o\"></i> <i class=\"fa fa-circle\"></i> </tr></table>\n|uhtml|bestof|<h2><strong>Game 3</strong> of <a href=\"/game-bestof3-gen9vgc2025regibo3-2353811948\">a best-of-3</a></h2>\n|t:|1746004582\n|gametype|doubles\n|player|p1|dambro222|1|1187\n|player|p2|LunarKnight69|266|1112\n|teamsize|p1|6\n|teamsize|p2|6\n|gen|9\n|tier|[Gen 9] VGC 2025 Reg I (Bo3)\n|rated|\n|rule|Species Clause: Limit one of each Pok\u00e9mon\n|rule|Item Clause: Limit 1 of each item\n|clearpoke\n|poke|p1|Ho-Oh, L50|\n|poke|p1|Miraidon, L50|\n|poke|p1|Flutter Mane, L50|\n|poke|p1|Iron Hands, L50|\n|poke|p1|Urshifu-*, L50, M|\n|poke|p1|Iron Treads, L50|\n|poke|p2|Miraidon, L50|\n|poke|p2|Lunala, L50|\n|poke|p2|Chi-Yu, L50|\n|poke|p2|Grimmsnarl, L50, M|\n|poke|p2|Iron Hands, L50|\n|poke|p2|Farigiraf, L50, M|\n|teampreview|4\n|showteam|p1|Ho-Oh||ClearAmulet|Regenerator|SacredFire,BraveBird,Tailwind,Protect||||||50|,,,,,Dragon]Miraidon||CovertCloak|HadronEngine|ElectroDrift,VoltSwitch,DracoMeteor,Protect||||||50|,,,,,Electric]Flutter Mane||BoosterEnergy|Protosynthesis|Moonblast,ShadowBall,IcyWind,Protect||||||50|,,,,,Fairy]Iron Hands||AssaultVest|QuarkDrive|FakeOut,DrainPunch,WildCharge,LowKick||||||50|,,,,,Water]Urshifu||FocusSash|UnseenFist|WickedBlow,CloseCombat,SuckerPunch,Detect|||M|||50|,,,,,Poison]Iron Treads||ChoiceBand|QuarkDrive|IronHead,HighHorsepower,KnockOff,SteelRoller||||||50|,,,,,Water\n|showteam|p2|Miraidon||ChoiceSpecs|HadronEngine|VoltSwitch,DazzlingGleam,DracoMeteor,ElectroDrift||||||50|,,,,,Fairy]Lunala||PowerHerb|ShadowShield|MoongeistBeam,WideGuard,Moonblast,MeteorBeam||||||50|,,,,,Fairy]Chi-Yu||ChoiceScarf|BeadsofRuin|Snarl,DarkPulse,HeatWave,Flamethrower||||||50|,,,,,Ghost]Grimmsnarl||LaggingTail|Prankster|LightScreen,Reflect,SpiritBreak,Trick|||M|||50|,,,,,Ghost]Iron Hands||AssaultVest|QuarkDrive|DrainPunch,FakeOut,LowKick,HeavySlam||||||50|,,,,,Water]Farigiraf||ElectricSeed|ArmorTail|Roar,Psychic,TrickRoom,HelpingHand|||M|||50|,,,,,Fire\n|c|\u2606dambro222|fuck internet\n|\n|t:|1746004612\n|start\n|switch|p1a: Miraidon|Miraidon, L50|100/100\n|switch|p1b: Iron Treads|Iron Treads, L50|100/100\n|switch|p2a: Miraidon|Miraidon, L50|100/100\n|switch|p2b: Iron Hands|Iron Hands, L50|100/100\n|-fieldstart|move: Electric Terrain|[from] ability: Hadron Engine|[of] p2a: Miraidon\n|-activate|p1b: Iron Treads|ability: Quark Drive\n|-start|p1b: Iron Treads|quarkdrivespe\n|-activate|p2b: Iron Hands|ability: Quark Drive\n|-start|p2b: Iron Hands|quarkdriveatk\n|-activate|p1a: Miraidon|ability: Hadron Engine\n|turn|1\n|\n|t:|1746004636\n|switch|p2a: Grimmsnarl|Grimmsnarl, L50, M|100/100\n|-terastallize|p1a: Miraidon|Electric\n|move|p1b: Iron Treads|High Horsepower|p2b: Iron Hands\n|-supereffective|p2b: Iron Hands\n|-damage|p2b: Iron Hands|15/100\n|move|p1a: Miraidon|Draco Meteor|p2a: Grimmsnarl\n|-immune|p2a: Grimmsnarl\n|move|p2b: Iron Hands|Low Kick|p1b: Iron Treads\n|-supereffective|p1b: Iron Treads\n|-damage|p1b: Iron Treads|0 fnt\n|faint|p1b: Iron Treads\n|-end|p1b: Iron Treads|Quark Drive|[silent]\n|\n|upkeep\n|\n|t:|1746004650\n|switch|p1b: Iron Hands|Iron Hands, L50|100/100\n|-activate|p1b: Iron Hands|ability: Quark Drive\n|-start|p1b: Iron Hands|quarkdriveatk\n|turn|2\n|\n|t:|1746004666\n|-end|p2b: Iron Hands|Quark Drive|[silent]\n|switch|p2b: Lunala|Lunala, L50|100/100\n|move|p1b: Iron Hands|Fake Out|p2a: Grimmsnarl\n|-damage|p2a: Grimmsnarl|83/100\n|cant|p2a: Grimmsnarl|flinch\n|move|p1a: Miraidon|Electro Drift|p2a: Grimmsnarl\n|-damage|p2a: Grimmsnarl|0 fnt\n|faint|p2a: Grimmsnarl\n|\n|upkeep\n|\n|t:|1746004678\n|switch|p2a: Iron Hands|Iron Hands, L50|15/100\n|-activate|p2a: Iron Hands|ability: Quark Drive\n|-start|p2a: Iron Hands|quarkdriveatk\n|turn|3\n|\n|t:|1746004701\n|move|p1a: Miraidon|Electro Drift|p2a: Iron Hands\n|-resisted|p2a: Iron Hands\n|-damage|p2a: Iron Hands|0 fnt\n|faint|p2a: Iron Hands\n|-end|p2a: Iron Hands|Quark Drive|[silent]\n|move|p2b: Lunala|Meteor Beam||[still]\n|-prepare|p2b: Lunala|Meteor Beam\n|-boost|p2b: Lunala|spa|1\n|-enditem|p2b: Lunala|Power Herb\n|-anim|p2b: Lunala|Meteor Beam|p1a: Miraidon\n|-damage|p1a: Miraidon|48/100\n|move|p1b: Iron Hands|Wild Charge|p2b: Lunala\n|-damage|p2b: Lunala|74/100\n|-damage|p1b: Iron Hands|94/100|[from] Recoil\n|\n|upkeep\n|\n|t:|1746004715\n|switch|p2a: Miraidon|Miraidon, L50|100/100\n|-activate|p2a: Miraidon|ability: Hadron Engine\n|turn|4\n|\n|t:|1746004732\n|-terastallize|p2b: Lunala|Fairy\n|move|p1a: Miraidon|Protect|p1a: Miraidon\n|-singleturn|p1a: Miraidon|Protect\n|move|p2a: Miraidon|Dazzling Gleam|p1b: Iron Hands|[spread] p1b\n|-activate|p1a: Miraidon|move: Protect\n|-supereffective|p1b: Iron Hands\n|-damage|p1b: Iron Hands|48/100\n|move|p2b: Lunala|Moonblast|p1a: Miraidon\n|-activate|p1a: Miraidon|move: Protect\n|move|p1b: Iron Hands|Wild Charge|p2a: Miraidon\n|-resisted|p2a: Miraidon\n|-damage|p2a: Miraidon|84/100\n|-damage|p1b: Iron Hands|45/100|[from] Recoil\n|\n|upkeep\n|turn|5\n|\n|t:|1746004759\n|move|p2a: Miraidon|Dazzling Gleam|p1a: Miraidon|[spread] p1a,p1b\n|-supereffective|p1b: Iron Hands\n|-damage|p1a: Miraidon|14/100\n|-damage|p1b: Iron Hands|4/100\n|move|p1a: Miraidon|Electro Drift|p2b: Lunala\n|-damage|p2b: Lunala|0 fnt\n|faint|p2b: Lunala\n|move|p1b: Iron Hands|Low Kick|p2a: Miraidon\n|-damage|p2a: Miraidon|9/100\n|\n|-fieldend|move: Electric Terrain\n|-end|p1b: Iron Hands|Quark Drive\n|upkeep\n|turn|6\n|\n|t:|1746004776\n|-end|p1b: Iron Hands|Quark Drive|[silent]\n|switch|p1b: Urshifu|Urshifu, L50, M|100/100\n|move|p1a: Miraidon|Protect|p1a: Miraidon\n|-singleturn|p1a: Miraidon|Protect\n|move|p2a: Miraidon|Dazzling Gleam|p1b: Urshifu|[spread] p1b\n|-activate|p1a: Miraidon|move: Protect\n|-supereffective|p1b: Urshifu\n|-enditem|p1b: Urshifu|Focus Sash\n|-damage|p1b: Urshifu|1/100\n|\n|upkeep\n|turn|7\n|\n|t:|1746004787\n|move|p1b: Urshifu|Sucker Punch|p2a: Miraidon\n|-damage|p2a: Miraidon|0 fnt\n|faint|p2a: Miraidon\n|\n|win|dambro222\n|raw|dambro222's rating: 1187 &rarr; <strong>1207</strong><br />(+20 for winning)\n|raw|LunarKnight69's rating: 1112 &rarr; <strong>1092</strong><br />(-20 for losing)\n|l|\u2606LunarKnight69\n|player|p2|\n|c|\u2606dambro222|gg\n", "uploadtime": 1746004841, "views": 9, "formatid": "gen9vgc2025regibo3", "rating": 1092, "private": 0, "password": null}