{"id": "gen9vgc2025regibo3-2353938562", "format": "[Gen 9] VGC 2025 Reg I (Bo3)", "players": ["femapu", "PEKORA999"], "log": "|j|\u2606femapu\n|j|\u2606PEKORA999\n|html|<table width=\"100%\"><tr><td align=\"left\">femapu</td><td align=\"right\">PEKORA999</tr><tr><td align=\"left\"><i class=\"fa fa-circle-o\"></i> <i class=\"fa fa-circle-o\"></i> </td><td align=\"right\"><i class=\"fa fa-circle-o\"></i> <i class=\"fa fa-circle-o\"></i> </tr></table>\n|uhtml|bestof|<h2><strong>Game 1</strong> of <a href=\"/game-bestof3-gen9vgc2025regibo3-2353938561\">a best-of-3</a></h2>\n|t:|1746020787\n|gametype|doubles\n|player|p1|femapu|crasherwake|1341\n|player|p2|PEKORA999|265|1332\n|teamsize|p1|6\n|teamsize|p2|6\n|gen|9\n|tier|[Gen 9] VGC 2025 Reg I (Bo3)\n|rated|\n|rule|Species Clause: Limit one of each Pok\u00e9mon\n|rule|Item Clause: Limit 1 of each item\n|clearpoke\n|poke|p1|Calyrex-Shadow, L50|\n|poke|p1|Koraidon, L50|\n|poke|p1|Chi-Yu, L50|\n|poke|p1|Weezing-Galar, L50, M|\n|poke|p1|Dondozo, L50, M|\n|poke|p1|Tatsugiri-Droopy, L50, M|\n|poke|p2|Zamazenta-*, L50|\n|poke|p2|Calyrex-Shadow, L50|\n|poke|p2|Raging Bolt, L50|\n|poke|p2|Amoonguss, L50, F|\n|poke|p2|Tornadus, L50, M|\n|poke|p2|Chi-Yu, L50|\n|teampreview|4\n|showteam|p1|Calyrex-Shadow||LifeOrb|AsOneSpectrier|AstralBarrage,Psychic,Encore,Protect||||||50|,,,,,Dark]Koraidon||AbilityShield|OrichalcumPulse|CollisionCourse,FlameCharge,FlareBlitz,Protect||||||50|,,,,,Fire]Chi-Yu||ChoiceScarf|BeadsofRuin|Overheat,HeatWave,Snarl,DarkPulse||||||50|,,,,,Ghost]Weezing-Galar||SitrusBerry|NeutralizingGas|StrangeSteam,PoisonGas,Protect,ToxicSpikes|||M|||50|,,,,,Water]Dondozo||Leftovers|Unaware|Earthquake,BodyPress,OrderUp,Protect|||M|||50|,,,,,Grass]Tatsugiri-Droopy||FocusSash|Commander|DracoMeteor,MuddyWater,HelpingHand,Protect|||M|||50|,,,,,Stellar\n|showteam|p2|Zamazenta-Crowned||RustedShield|DauntlessShield|Protect,BodyPress,HeavySlam,WideGuard||||||50|,,,,,Dragon]Calyrex-Shadow||FocusSash|AsOneSpectrier|AstralBarrage,Psychic,Encore,Protect||||||50|,,,,,Ghost]Raging Bolt||AssaultVest|Protosynthesis|Electroweb,VoltSwitch,DracoMeteor,Thunderclap||||||50|,,,,,Electric]Amoonguss||RockyHelmet|Regenerator|Spore,RagePowder,PollenPuff,Protect|||F|||50|,,,,,Water]Tornadus||CovertCloak|Prankster|BleakwindStorm,Tailwind,SunnyDay,Protect|||M|||50|,,,,,Dark]Chi-Yu||ChoiceScarf|BeadsofRuin|Overheat,HeatWave,DarkPulse,Snarl||||||50|,,,,,Ghost\n|\n|t:|1746020835\n|start\n|switch|p1a: Sir. Weezing|Weezing-Galar, L50, M, shiny|100/100\n|switch|p1b: Smol Fish|Chi-Yu, L50|100/100\n|switch|p2a: Raging Bolt|Raging Bolt, L50|100/100\n|switch|p2b: Chi-Yu|Chi-Yu, L50|100/100\n|-ability|p1a: Sir. Weezing|Neutralizing Gas\n|turn|1\n|\n|t:|1746020862\n|move|p2b: Chi-Yu|Snarl|p1b: Smol Fish|[spread] p1a,p1b\n|-resisted|p1a: Sir. Weezing\n|-resisted|p1b: Smol Fish\n|-damage|p1a: Sir. Weezing|89/100\n|-damage|p1b: Smol Fish|87/100\n|-unboost|p1a: Sir. Weezing|spa|1\n|-unboost|p1b: Smol Fish|spa|1\n|move|p1b: Smol Fish|Snarl|p2a: Raging Bolt|[spread] p2a,p2b\n|-resisted|p2b: Chi-Yu\n|-damage|p2a: Raging Bolt|92/100\n|-damage|p2b: Chi-Yu|92/100\n|-unboost|p2a: Raging Bolt|spa|1\n|-unboost|p2b: Chi-Yu|spa|1\n|move|p2a: Raging Bolt|Electroweb|p1a: Sir. Weezing|[spread] p1a,p1b\n|-damage|p1a: Sir. Weezing|71/100\n|-damage|p1b: Smol Fish|69/100\n|-unboost|p1a: Sir. Weezing|spe|1\n|-unboost|p1b: Smol Fish|spe|1\n|move|p1a: Sir. Weezing|Strange Steam|p2a: Raging Bolt\n|-supereffective|p2a: Raging Bolt\n|-damage|p2a: Raging Bolt|70/100\n|\n|upkeep\n|turn|2\n|\n|t:|1746020884\n|move|p2b: Chi-Yu|Snarl|p1b: Smol Fish|[spread] p1a,p1b\n|-resisted|p1a: Sir. Weezing\n|-resisted|p1b: Smol Fish\n|-damage|p1a: Sir. Weezing|64/100\n|-damage|p1b: Smol Fish|60/100\n|-unboost|p1a: Sir. Weezing|spa|1\n|-unboost|p1b: Smol Fish|spa|1\n|move|p1b: Smol Fish|Snarl|p2b: Chi-Yu|[spread] p2a,p2b\n|-resisted|p2b: Chi-Yu\n|-damage|p2a: Raging Bolt|63/100\n|-damage|p2b: Chi-Yu|86/100\n|-unboost|p2a: Raging Bolt|spa|1\n|-unboost|p2b: Chi-Yu|spa|1\n|move|p2a: Raging Bolt|Volt Switch|p1a: Sir. Weezing\n|-damage|p1a: Sir. Weezing|41/100\n|-enditem|p1a: Sir. Weezing|Sitrus Berry|[eat]\n|-heal|p1a: Sir. Weezing|66/100|[from] item: Sitrus Berry\n|\n|t:|1746020898\n|-end|p2a: Raging Bolt|Protosynthesis|[silent]\n|switch|p2a: Zamazenta|Zamazenta-Crowned, L50|100/100|[from] Volt Switch\n|move|p1a: Sir. Weezing|Poison Gas|p2a: Zamazenta|[spread] p2a,p2b\n|-immune|p2a: Zamazenta\n|-status|p2b: Chi-Yu|psn\n|\n|-damage|p2b: Chi-Yu|73/100 psn|[from] psn\n|upkeep\n|turn|3\n|\n|t:|1746020944\n|switch|p1b: Have u Prepped?|Dondozo, L50, M|100/100\n|-end|p1a: Sir. Weezing|ability: Neutralizing Gas\n|-ability|p2b: Chi-Yu|Beads of Ruin\n|-ability|p2a: Zamazenta|Dauntless Shield|boost\n|-boost|p2a: Zamazenta|def|1\n|switch|p1a: Tatsu|Tatsugiri-Droopy, L50, M, shiny|100/100\n|-activate|p1a: Tatsu|ability: Commander|[of] p1b: Have u Prepped?\n|-boost|p1b: Have u Prepped?|atk|2\n|-boost|p1b: Have u Prepped?|spa|2\n|-boost|p1b: Have u Prepped?|spe|2\n|-boost|p1b: Have u Prepped?|def|2\n|-boost|p1b: Have u Prepped?|spd|2\n|move|p2b: Chi-Yu|Snarl|p1b: Have u Prepped?|[spread] p1b\n|-miss|p2b: Chi-Yu|p1a: Tatsu\n|-damage|p1b: Have u Prepped?|89/100\n|-unboost|p1b: Have u Prepped?|spa|1\n|move|p2a: Zamazenta|Heavy Slam|p1a: Tatsu|[miss]\n|-miss|p2a: Zamazenta|p1a: Tatsu\n|\n|-heal|p1b: Have u Prepped?|95/100|[from] item: Leftovers\n|-damage|p2b: Chi-Yu|61/100 psn|[from] psn\n|upkeep\n|turn|4\n|\n|t:|1746020988\n|move|p2a: Zamazenta|Protect|p2a: Zamazenta\n|-singleturn|p2a: Zamazenta|Protect\n|move|p2b: Chi-Yu|Snarl|p1b: Have u Prepped?|[spread] p1b\n|-miss|p2b: Chi-Yu|p1a: Tatsu\n|-damage|p1b: Have u Prepped?|83/100\n|-unboost|p1b: Have u Prepped?|spa|1\n|move|p1b: Have u Prepped?|Order Up|p2b: Chi-Yu\n|-damage|p2b: Chi-Yu|6/100 psn\n|-boost|p1b: Have u Prepped?|def|1\n|\n|-heal|p1b: Have u Prepped?|89/100|[from] item: Leftovers\n|-damage|p2b: Chi-Yu|0 fnt|[from] psn\n|faint|p2b: Chi-Yu\n|upkeep\n|\n|t:|1746021008\n|switch|p2b: Raging Bolt|Raging Bolt, L50|63/100\n|turn|5\n|\n|t:|1746021025\n|-terastallize|p2b: Raging Bolt|Electric\n|move|p1b: Have u Prepped?|Protect|p1b: Have u Prepped?\n|-singleturn|p1b: Have u Prepped?|Protect\n|move|p2a: Zamazenta|Wide Guard|p2a: Zamazenta\n|-singleturn|p2a: Zamazenta|Wide Guard\n|move|p2b: Raging Bolt|Volt Switch|p1b: Have u Prepped?\n|-activate|p1b: Have u Prepped?|move: Protect\n|\n|-heal|p1b: Have u Prepped?|95/100|[from] item: Leftovers\n|upkeep\n|turn|6\n|\n|t:|1746021038\n|-terastallize|p1b: Have u Prepped?|Grass\n|move|p2a: Zamazenta|Wide Guard|p2a: Zamazenta\n|-singleturn|p2a: Zamazenta|Wide Guard\n|move|p1b: Have u Prepped?|Order Up|p2b: Raging Bolt\n|-damage|p2b: Raging Bolt|31/100\n|-boost|p1b: Have u Prepped?|def|1\n|move|p2b: Raging Bolt|Volt Switch|p1b: Have u Prepped?\n|-resisted|p1b: Have u Prepped?\n|-damage|p1b: Have u Prepped?|85/100\n|\n|t:|1746021048\n|-end|p2b: Raging Bolt|Protosynthesis|[silent]\n|switch|p2b: Calyrex|Calyrex-Shadow, L50|100/100|[from] Volt Switch\n|-ability|p2b: Calyrex|As One\n|-ability|p2b: Calyrex|Unnerve\n|\n|-heal|p1b: Have u Prepped?|91/100|[from] item: Leftovers\n|upkeep\n|turn|7\n|\n|t:|1746021060\n|move|p2b: Calyrex|Psychic|p1b: Have u Prepped?\n|-damage|p1b: Have u Prepped?|69/100\n|move|p2a: Zamazenta|Body Press|p1b: Have u Prepped?\n|-damage|p1b: Have u Prepped?|61/100\n|move|p1b: Have u Prepped?|Order Up|p2b: Calyrex\n|-damage|p2b: Calyrex|54/100\n|-boost|p1b: Have u Prepped?|def|1\n|\n|-heal|p1b: Have u Prepped?|67/100|[from] item: Leftovers\n|upkeep\n|turn|8\n|\n|t:|1746021083\n|move|p2b: Calyrex|Psychic|p1b: Have u Prepped?\n|-damage|p1b: Have u Prepped?|45/100\n|move|p2a: Zamazenta|Body Press|p1b: Have u Prepped?\n|-crit|p1b: Have u Prepped?\n|-damage|p1b: Have u Prepped?|4/100\n|move|p1b: Have u Prepped?|Order Up|p2b: Calyrex\n|-damage|p2b: Calyrex|7/100\n|-boost|p1b: Have u Prepped?|def|1\n|\n|-heal|p1b: Have u Prepped?|10/100|[from] item: Leftovers\n|upkeep\n|turn|9\n|\n|t:|1746021097\n|move|p1b: Have u Prepped?|Protect|p1b: Have u Prepped?\n|-singleturn|p1b: Have u Prepped?|Protect\n|move|p2b: Calyrex|Psychic|p1b: Have u Prepped?\n|-activate|p1b: Have u Prepped?|move: Protect\n|move|p2a: Zamazenta|Body Press|p1b: Have u Prepped?\n|-activate|p1b: Have u Prepped?|move: Protect\n|\n|-heal|p1b: Have u Prepped?|16/100|[from] item: Leftovers\n|upkeep\n|turn|10\n|\n|t:|1746021111\n|move|p2b: Calyrex|Psychic|p1b: Have u Prepped?\n|-damage|p1b: Have u Prepped?|0 fnt\n|faint|p1b: Have u Prepped?\n|-ability|p2b: Calyrex|Grim Neigh|boost\n|-boost|p2b: Calyrex|spa|1\n|move|p2a: Zamazenta|Body Press|p1a: Tatsu\n|-damage|p1a: Tatsu|2/100\n|\n|upkeep\n|\n|t:|1746021121\n|switch|p1b: Smol Fish|Chi-Yu, L50|60/100\n|-ability|p1b: Smol Fish|Beads of Ruin\n|turn|11\n|\n|t:|1746021152\n|move|p2a: Zamazenta|Protect|p2a: Zamazenta\n|-singleturn|p2a: Zamazenta|Protect\n|move|p1a: Tatsu|Protect|p1a: Tatsu\n|-singleturn|p1a: Tatsu|Protect\n|move|p1b: Smol Fish|Overheat|p2a: Zamazenta\n|-activate|p2a: Zamazenta|move: Protect\n|move|p2b: Calyrex|Astral Barrage|p1a: Tatsu|[spread] p1b\n|-activate|p1a: Tatsu|move: Protect\n|-resisted|p1b: Smol Fish\n|-damage|p1b: Smol Fish|12/100\n|\n|upkeep\n|turn|12\n|\n|t:|1746021180\n|switch|p1b: Sir. Weezing|Weezing-Galar, L50, M, shiny|66/100\n|-ability|p1b: Sir. Weezing|Neutralizing Gas\n|move|p2b: Calyrex|Astral Barrage|p1b: Sir. Weezing|[spread] p1a,p1b\n|-damage|p1a: Tatsu|0 fnt\n|-damage|p1b: Sir. Weezing|0 fnt\n|faint|p1a: Tatsu\n|faint|p1b: Sir. Weezing\n|-end|p1b: Sir. Weezing|ability: Neutralizing Gas\n|-ability|p2b: Calyrex|Grim Neigh|boost\n|-boost|p2b: Calyrex|spa|2\n|move|p2a: Zamazenta|Heavy Slam|p1: Tatsu|[notarget]\n|-fail|p2a: Zamazenta\n|\n|upkeep\n|\n|t:|1746021189\n|switch|p1b: Smol Fish|Chi-Yu, L50|12/100\n|-ability|p1b: Smol Fish|Beads of Ruin\n|turn|13\n|c|\u2606femapu|wp\n|c|\u2606femapu|expected a switch\n|c|\u2606femapu|that crit was clutch\n|\n|t:|1746021212\n|move|p1b: Smol Fish|Heat Wave|p2a: Zamazenta|[spread] p2a,p2b\n|-supereffective|p2a: Zamazenta\n|-damage|p2a: Zamazenta|25/100\n|-damage|p2b: Calyrex|0 fnt\n|faint|p2b: Calyrex\n|move|p2a: Zamazenta|Heavy Slam|p1b: Smol Fish\n|-resisted|p1b: Smol Fish\n|-damage|p1b: Smol Fish|0 fnt\n|faint|p1b: Smol Fish\n|\n|win|PEKORA999\n||PEKORA999 is ready for game 2.\n||femapu is ready for game 2.\n|uhtml|next|Next: <a href=\"/battle-gen9vgc2025regibo3-2353943033\"><strong>Game 2 of 3</strong></a>\n", "uploadtime": 1746021706, "views": 10, "formatid": "gen9vgc2025regibo3", "rating": null, "private": 0, "password": null}