{"id": "gen9vgc2025regibo3-2354140362", "format": "[Gen 9] VGC 2025 Reg I (Bo3)", "players": ["espatocular", "direclawexperience"], "log": "|j|\u2606espatocular\n|j|\u2606direclawexperience\n|html|<table width=\"100%\"><tr><td align=\"left\">espatocular</td><td align=\"right\">direclawexperience</tr><tr><td align=\"left\"><i class=\"fa fa-circle-o\"></i> <i class=\"fa fa-circle-o\"></i> </td><td align=\"right\"><i class=\"fa fa-circle-o\"></i> <i class=\"fa fa-circle-o\"></i> </tr></table>\n|uhtml|bestof|<h2><strong>Game 1</strong> of <a href=\"/game-bestof3-gen9vgc2025regibo3-2354140361\">a best-of-3</a></h2>\n|t:|1746038325\n|gametype|doubles\n|player|p1|espatocular|170|1250\n|player|p2|direclawexperience|benga|1234\n|teamsize|p1|6\n|teamsize|p2|6\n|gen|9\n|tier|[Gen 9] VGC 2025 Reg I (Bo3)\n|rated|\n|rule|Species Clause: Limit one of each Pok\u00e9mon\n|rule|Item Clause: Limit 1 of each item\n|clearpoke\n|poke|p1|Zamazenta-*, L50|\n|poke|p1|Urshifu-*, L50, F|\n|poke|p1|Tornadus, L50, M|\n|poke|p1|Calyrex-Shadow, L50|\n|poke|p1|Rillaboom, L50, M|\n|poke|p1|Chien-Pao, L50|\n|poke|p2|Terapagos, L50, M|\n|poke|p2|Volcarona, L50, F|\n|poke|p2|Farigiraf, L50, F|\n|poke|p2|Iron Hands, L50|\n|poke|p2|Miraidon, L50|\n|poke|p2|Urshifu-*, L50, M|\n|teampreview|4\n|showteam|p1|Zamazenta-Crowned||RustedShield|DauntlessShield|Protect,BodyPress,HeavySlam,WideGuard||||||50|,,,,,Water]Urshifu-Rapid-Strike||MysticWater|UnseenFist|Detect,SurgingStrikes,CloseCombat,AquaJet|||F|||50|,,,,,Water]Tornadus||RockyHelmet|Prankster|Protect,BleakwindStorm,RainDance,Tailwind|||M|||50|,,,,,Dark]Calyrex-Shadow||FocusSash|AsOneSpectrier|Protect,AstralBarrage,Psychic,WillOWisp||||||50|,,,,,Ghost]Rillaboom||AssaultVest|GrassySurge|FakeOut,WoodHammer,GrassyGlide,Uturn|||M|||50|,,,,,Fire]Chien-Pao||LifeOrb|SwordofRuin|Protect,IcicleCrash,IceShard,Crunch||||||50|,,,,,Stellar\n|showteam|p2|Terapagos||ChoiceSpecs|TeraShift|TeraStarstorm,EarthPower,HyperBeam,DarkPulse|||M|||50|,,,,,Stellar]Volcarona||RockyHelmet|FlameBody|Overheat,WillOWisp,RagePowder,Tailwind|||F|||50|,,,,,Water]Farigiraf||ElectricSeed|ArmorTail|FoulPlay,PsychicNoise,HelpingHand,TrickRoom|||F|||50|,,,,,Water]Iron Hands||AssaultVest|QuarkDrive|LowKick,WildCharge,VoltSwitch,FakeOut||||||50|,,,,,Water]Miraidon||ChoiceScarf|HadronEngine|ElectroDrift,VoltSwitch,DracoMeteor,ScaryFace||||||50|,,,,,Electric]Urshifu-Rapid-Strike||MysticWater|UnseenFist|SurgingStrikes,AquaJet,CloseCombat,Detect|||M|||50|,,,,,Water\n|inactive|Battle timer is ON: inactive players will automatically lose when time's up. (requested by direclawexperience)\n|\n|t:|1746038351\n|start\n|switch|p1a: Calyrex|Calyrex-Shadow, L50|100/100\n|switch|p1b: Zamazenta|Zamazenta-Crowned, L50|100/100\n|switch|p2a: Miraidon|Miraidon, L50|100/100\n|switch|p2b: Farigiraf|Farigiraf, L50, F|100/100\n|-ability|p1a: Calyrex|As One\n|-ability|p1a: Calyrex|Unnerve\n|-fieldstart|move: Electric Terrain|[from] ability: Hadron Engine|[of] p2a: Miraidon\n|-enditem|p2b: Farigiraf|Electric Seed\n|-boost|p2b: Farigiraf|def|1|[from] item: Electric Seed\n|-ability|p1b: Zamazenta|Dauntless Shield|boost\n|-boost|p1b: Zamazenta|def|1\n|turn|1\n|\n|t:|1746038362\n|switch|p1a: Rillaboom|Rillaboom, L50, M|100/100\n|-fieldstart|move: Grassy Terrain|[from] ability: Grassy Surge|[of] p1a: Rillaboom\n|move|p2a: Miraidon|Volt Switch|p1b: Zamazenta\n|-damage|p1b: Zamazenta|77/100\n|\n|t:|1746038369\n|switch|p2a: Volcarona|Volcarona, L50, F|100/100|[from] Volt Switch\n|move|p1b: Zamazenta|Body Press|p2b: Farigiraf\n|-damage|p2b: Farigiraf|67/100\n|move|p2b: Farigiraf|Trick Room|p2b: Farigiraf\n|-fieldstart|move: Trick Room|[of] p2b: Farigiraf\n|\n|-heal|p2b: Farigiraf|73/100|[from] Grassy Terrain\n|-heal|p1b: Zamazenta|83/100|[from] Grassy Terrain\n|upkeep\n|turn|2\n|inactive|espatocular has 30 seconds left.\n|\n|t:|1746038394\n|move|p1b: Zamazenta|Protect|p1b: Zamazenta\n|-singleturn|p1b: Zamazenta|Protect\n|move|p2b: Farigiraf|Foul Play|p1a: Rillaboom\n|-damage|p1a: Rillaboom|74/100\n|move|p1a: Rillaboom|Wood Hammer|p2b: Farigiraf\n|-damage|p2b: Farigiraf|35/100\n|-damage|p1a: Rillaboom|59/100|[from] Recoil\n|move|p2a: Volcarona|Will-O-Wisp|p1b: Zamazenta\n|-activate|p1b: Zamazenta|move: Protect\n|\n|-heal|p2b: Farigiraf|41/100|[from] Grassy Terrain\n|-heal|p1a: Rillaboom|65/100|[from] Grassy Terrain\n|-heal|p1b: Zamazenta|89/100|[from] Grassy Terrain\n|upkeep\n|turn|3\n|\n|t:|1746038411\n|move|p2b: Farigiraf|Foul Play|p1a: Rillaboom\n|-damage|p1a: Rillaboom|34/100\n|move|p1a: Rillaboom|U-turn|p2b: Farigiraf\n|-supereffective|p2b: Farigiraf\n|-damage|p2b: Farigiraf|18/100\n|\n|t:|1746038419\n|switch|p1a: Calyrex|Calyrex-Shadow, L50|100/100|[from] U-turn\n|-ability|p1a: Calyrex|As One\n|-ability|p1a: Calyrex|Unnerve\n|move|p2a: Volcarona|Will-O-Wisp|p1b: Zamazenta\n|-status|p1b: Zamazenta|brn\n|move|p1b: Zamazenta|Body Press|p2b: Farigiraf\n|-damage|p2b: Farigiraf|2/100\n|\n|-heal|p2b: Farigiraf|8/100|[from] Grassy Terrain\n|-heal|p1b: Zamazenta|95/100 brn|[from] Grassy Terrain\n|-damage|p1b: Zamazenta|89/100 brn|[from] brn\n|upkeep\n|turn|4\n|\n|t:|1746038441\n|move|p1a: Calyrex|Protect|p1a: Calyrex\n|-singleturn|p1a: Calyrex|Protect\n|move|p2b: Farigiraf|Foul Play|p1a: Calyrex\n|-activate|p1a: Calyrex|move: Protect\n|move|p2a: Volcarona|Will-O-Wisp|p1a: Calyrex\n|-activate|p1a: Calyrex|move: Protect\n|move|p1b: Zamazenta|Body Press|p2b: Farigiraf\n|-damage|p2b: Farigiraf|0 fnt\n|faint|p2b: Farigiraf\n|\n|-heal|p1b: Zamazenta|95/100 brn|[from] Grassy Terrain\n|-damage|p1b: Zamazenta|89/100 brn|[from] brn\n|upkeep\n|\n|t:|1746038447\n|switch|p2b: Terapagos|Terapagos, L50, M|100/100\n|-activate|p2b: Terapagos|ability: Tera Shift\n|detailschange|p2b: Terapagos|Terapagos-Terastal, L50, M\n|-heal|p2b: Terapagos|100/100|[silent]\n|turn|5\n|inactive|espatocular has 30 seconds left.\n|inactive|direclawexperience has 30 seconds left.\n|inactive|espatocular has 20 seconds left.\n|inactive|espatocular has 15 seconds left.\n|inactive|espatocular has 10 seconds left.\n|\n|t:|1746038495\n|switch|p1a: Rillaboom|Rillaboom, L50, M|34/100\n|move|p2b: Terapagos|Earth Power|p1b: Zamazenta\n|-supereffective|p1b: Zamazenta\n|-damage|p1b: Zamazenta|30/100 brn\n|move|p2a: Volcarona|Tailwind|p2a: Volcarona\n|-sidestart|p2: direclawexperience|move: Tailwind\n|move|p1b: Zamazenta|Body Press|p2b: Terapagos\n|-activate|p2b: Terapagos|ability: Tera Shell\n|-resisted|p2b: Terapagos\n|-damage|p2b: Terapagos|87/100\n|\n|-heal|p1a: Rillaboom|40/100|[from] Grassy Terrain\n|-heal|p1b: Zamazenta|36/100 brn|[from] Grassy Terrain\n|-heal|p2b: Terapagos|93/100|[from] Grassy Terrain\n|-damage|p1b: Zamazenta|30/100 brn|[from] brn\n|-fieldend|move: Trick Room\n|-fieldend|move: Grassy Terrain\n|upkeep\n|turn|6\n|inactive|espatocular has 30 seconds left.\n|inactive|direclawexperience has 30 seconds left.\n|\n|t:|1746038525\n|switch|p2b: Miraidon|Miraidon, L50|100/100\n|-fieldstart|move: Electric Terrain|[from] ability: Hadron Engine|[of] p2b: Miraidon\n|move|p1a: Rillaboom|Fake Out|p2b: Miraidon\n|-damage|p2b: Miraidon|88/100\n|move|p2a: Volcarona|Overheat|p1a: Rillaboom\n|-supereffective|p1a: Rillaboom\n|-damage|p1a: Rillaboom|0 fnt\n|-unboost|p2a: Volcarona|spa|2\n|faint|p1a: Rillaboom\n|move|p1b: Zamazenta|Body Press|p2b: Miraidon\n|-damage|p2b: Miraidon|54/100\n|\n|-damage|p1b: Zamazenta|23/100 brn|[from] brn\n|upkeep\n|\n|t:|1746038539\n|switch|p1a: Chien-Pao|Chien-Pao, L50|100/100\n|-ability|p1a: Chien-Pao|Sword of Ruin\n|turn|7\n|\n|t:|1746038556\n|move|p1a: Chien-Pao|Protect|p1a: Chien-Pao\n|-singleturn|p1a: Chien-Pao|Protect\n|move|p2a: Volcarona|Rage Powder|p2a: Volcarona\n|-singleturn|p2a: Volcarona|move: Rage Powder\n|move|p2b: Miraidon|Volt Switch|p1a: Chien-Pao\n|-activate|p1a: Chien-Pao|move: Protect\n|move|p1b: Zamazenta|Body Press|p2a: Volcarona\n|-resisted|p2a: Volcarona\n|-damage|p2a: Volcarona|81/100\n|-damage|p1b: Zamazenta|7/100 brn|[from] item: Rocky Helmet|[of] p2a: Volcarona\n|\n|-damage|p1b: Zamazenta|0 fnt|[from] brn\n|faint|p1b: Zamazenta\n|upkeep\n|\n|t:|1746038564\n|switch|p1b: Calyrex|Calyrex-Shadow, L50|100/100\n|-ability|p1b: Calyrex|As One\n|-ability|p1b: Calyrex|Unnerve\n|turn|8\n|\n|t:|1746038581\n|-terastallize|p2b: Miraidon|Electric\n|-terastallize|p1a: Chien-Pao|Stellar\n|move|p2a: Volcarona|Rage Powder|p2a: Volcarona\n|-singleturn|p2a: Volcarona|move: Rage Powder\n|move|p1a: Chien-Pao|Ice Shard|p2a: Volcarona\n|-resisted|p2a: Volcarona\n|-damage|p2a: Volcarona|61/100\n|-damage|p1a: Chien-Pao|91/100|[from] item: Life Orb\n|move|p2b: Miraidon|Volt Switch|p1a: Chien-Pao\n|-damage|p1a: Chien-Pao|0 fnt\n|faint|p1a: Chien-Pao\n|\n|t:|1746038592\n|switch|p2b: Terapagos|Terapagos-Terastal, L50, M|93/100|[from] Volt Switch\n|move|p1b: Calyrex|Astral Barrage|p2a: Volcarona|[spread] p2a\n|-immune|p2b: Terapagos\n|-damage|p2a: Volcarona|9/100\n|\n|-sideend|p2: direclawexperience|move: Tailwind\n|upkeep\n|turn|9\n|\n|t:|1746038604\n|move|p1b: Calyrex|Psychic|p2b: Terapagos\n|-damage|p2b: Terapagos|45/100\n|move|p2a: Volcarona|Tailwind|p2a: Volcarona\n|-sidestart|p2: direclawexperience|move: Tailwind\n|move|p2b: Terapagos|Dark Pulse|p1b: Calyrex\n|-supereffective|p1b: Calyrex\n|-crit|p1b: Calyrex\n|-enditem|p1b: Calyrex|Focus Sash\n|-damage|p1b: Calyrex|1/100\n|\n|upkeep\n|turn|10\n|\n|t:|1746038611\n|move|p2a: Volcarona|Overheat|p1b: Calyrex\n|-damage|p1b: Calyrex|0 fnt\n|-unboost|p2a: Volcarona|spa|2\n|faint|p1b: Calyrex\n|\n|win|direclawexperience\n||espatocular is ready for game 2.\n|inactive|direclawexperience has 30 seconds to confirm battle start!\n|inactive|direclawexperience has 20 seconds to confirm battle start!\n|l|\u2606direclawexperience\n|player|p2|\n|inactive|direclawexperience has 10 seconds to confirm battle start!\n||direclawexperience is ready for game 2.\n|uhtml|next|Next: <a href=\"/battle-gen9vgc2025regibo3-2354144012\"><strong>Game 2 of 3</strong></a>\n", "uploadtime": 1746038616, "views": 9, "formatid": "gen9vgc2025regibo3", "rating": null, "private": 0, "password": null}