{"id": "gen9vgc2025regibo3-2354456142", "format": "[Gen 9] VGC 2025 Reg I (Bo3)", "players": ["Soratami", "1. versuch"], "log": "|j|\u2606Soratami\n|j|\u26061. versuch\n|html|<table width=\"100%\"><tr><td align=\"left\">Soratami</td><td align=\"right\">1. versuch</tr><tr><td align=\"left\"><i class=\"fa fa-circle-o\"></i> <i class=\"fa fa-circle-o\"></i> </td><td align=\"right\"><i class=\"fa fa-circle-o\"></i> <i class=\"fa fa-circle-o\"></i> </tr></table>\n|uhtml|bestof|<h2><strong>Game 1</strong> of <a href=\"/game-bestof3-gen9vgc2025regibo3-2354456141\">a best-of-3</a></h2>\n|t:|1746074326\n|gametype|doubles\n|player|p1|Soratami|ethan|1162\n|player|p2|1. versuch|waiter-gen4dp|1107\n|teamsize|p1|6\n|teamsize|p2|6\n|gen|9\n|tier|[Gen 9] VGC 2025 Reg I (Bo3)\n|rated|\n|rule|Species Clause: Limit one of each Pok\u00e9mon\n|rule|Item Clause: Limit 1 of each item\n|clearpoke\n|poke|p1|Koraidon, L50|\n|poke|p1|Calyrex-Shadow, L50|\n|poke|p1|Chi-Yu, L50|\n|poke|p1|Venusaur, L50, F|\n|poke|p1|Indeedee-F, L50, F|\n|poke|p1|Walking Wake, L50|\n|poke|p2|Rillaboom, L50, M|\n|poke|p2|Koraidon, L50|\n|poke|p2|Walking Wake, L50|\n|poke|p2|Calyrex-Shadow, L50|\n|poke|p2|Murkrow, L50, M|\n|poke|p2|Raging Bolt, L50|\n|teampreview|4\n|showteam|p1|Koraidon||LoadedDice|OrichalcumPulse|CloseCombat,FlareBlitz,ScaleShot,Protect||||||50|,,,,,Fire]Calyrex-Shadow||FocusSash|AsOneSpectrier|AstralBarrage,Disable,ExpandingForce,Protect||||||50|,,,,,Ghost]Chi-Yu||ChoiceScarf|BeadsofRuin|HeatWave,DarkPulse,Overheat,Snarl||||||50|,,,,,Fire]Venusaur||SitrusBerry|Chlorophyll|HelpingHand,SleepPowder,SolarBeam,Protect|||F|||50|,,,,,Water]Indeedee-F||RockyHelmet|PsychicSurge|FollowMe,Imprison,TrickRoom,ShadowBall|||F|||50|,,,,,Water]Walking Wake||ChoiceSpecs|Protosynthesis|DracoMeteor,HydroSteam,Flamethrower,FlipTurn||||||50|,,,,,Water\n|showteam|p2|Rillaboom||ExpertBelt|GrassySurge|Protect,HighHorsepower,FakeOut,GrassyGlide|||M|||50|,,,,,Ground]Koraidon||ClearAmulet|OrichalcumPulse|FlameCharge,CloseCombat,FlareBlitz,Protect||||||50|,,,,,Fire]Walking Wake||ChoiceSpecs|Protosynthesis|Flamethrower,DracoMeteor,HydroSteam,WeatherBall||||||50|,,,,,Fire]Calyrex-Shadow||LifeOrb|AsOneSpectrier|AstralBarrage,SolarBeam,Protect,NastyPlot||||||50|,,,,,Normal]Murkrow||Eviolite|Prankster|FoulPlay,Tailwind,Protect,ThunderWave|||M|||50|,,,,,Ghost]Raging Bolt||AssaultVest|Protosynthesis|VoltSwitch,Thunderclap,DracoMeteor,Electroweb||||||50|,,,,,Electric\n|inactive|Battle timer is ON: inactive players will automatically lose when time's up. (requested by 1. versuch)\n|inactive|Soratami also wants the timer to be on.\n|inactive|1. versuch has 60 seconds left.\n|\n|t:|1746074369\n|start\n|switch|p1a: Koraidon|Koraidon, L50|100/100\n|switch|p1b: Venusaur|Venusaur, L50, F|100/100\n|switch|p2a: Calyrex|Calyrex-Shadow, L50|100/100\n|switch|p2b: Murkrow|Murkrow, L50, M|100/100\n|-ability|p2a: Calyrex|As One\n|-ability|p2a: Calyrex|Unnerve\n|-weather|SunnyDay|[from] ability: Orichalcum Pulse|[of] p1a: Koraidon\n|-activate|p1a: Koraidon|Orichalcum Pulse|[source]\n|turn|1\n|\n|t:|1746074394\n|switch|p1a: Indeedee|Indeedee-F, L50, F|100/100\n|-fieldstart|move: Psychic Terrain|[from] ability: Psychic Surge|[of] p1a: Indeedee\n|move|p2b: Murkrow|Tailwind|p2b: Murkrow\n|-sidestart|p2: 1. versuch|move: Tailwind\n|move|p2a: Calyrex|Astral Barrage|p1a: Indeedee|[spread] p1b\n|-immune|p1a: Indeedee\n|-damage|p1b: Venusaur|33/100\n|-damage|p2a: Calyrex|91/100|[from] item: Life Orb\n|move|p1b: Venusaur|Sleep Powder|p2a: Calyrex\n|-status|p2a: Calyrex|slp|[from] move: Sleep Powder\n|\n|-weather|SunnyDay|[upkeep]\n|upkeep\n|turn|2\n|inactive|1. versuch has 30 seconds left.\n|inactive|1. versuch has 20 seconds left.\n|\n|t:|1746074434\n|switch|p1b: Koraidon|Koraidon, L50|100/100\n|-activate|p1b: Koraidon|ability: Orichalcum Pulse\n|-terastallize|p2a: Calyrex|Normal\n|move|p2b: Murkrow|Thunder Wave|p1b: Koraidon\n|-activate|p1b: Koraidon|move: Psychic Terrain\n|cant|p2a: Calyrex|slp\n|move|p1a: Indeedee|Shadow Ball|p2a: Calyrex\n|-immune|p2a: Calyrex\n|\n|-weather|SunnyDay|[upkeep]\n|upkeep\n|turn|3\n|inactive|1. versuch has 30 seconds left.\n|\n|t:|1746074460\n|move|p1a: Indeedee|Follow Me|p1a: Indeedee\n|-singleturn|p1a: Indeedee|move: Follow Me\n|-curestatus|p2a: Calyrex|slp|[msg]\n|move|p2a: Calyrex|Astral Barrage|p1a: Indeedee|[spread] p1b\n|-immune|p1a: Indeedee\n|-damage|p1b: Koraidon|30/100\n|-damage|p2a: Calyrex|81/100|[from] item: Life Orb\n|move|p2b: Murkrow|Foul Play|p1a: Indeedee\n|-supereffective|p1a: Indeedee\n|-damage|p1a: Indeedee|72/100\n|-damage|p2b: Murkrow|84/100|[from] item: Rocky Helmet|[of] p1a: Indeedee\n|move|p1b: Koraidon|Close Combat|p2a: Calyrex\n|-supereffective|p2a: Calyrex\n|-damage|p2a: Calyrex|0 fnt\n|-unboost|p1b: Koraidon|def|1\n|-unboost|p1b: Koraidon|spd|1\n|faint|p2a: Calyrex\n|\n|-weather|SunnyDay|[upkeep]\n|upkeep\n|\n|t:|1746074482\n|switch|p2a: Koraidon|Koraidon, L50|100/100\n|-activate|p2a: Koraidon|ability: Orichalcum Pulse\n|turn|4\n|l|\u26061. versuch\n|inactive|1. versuch disconnected and has a minute to reconnect!\n|player|p2|\n|inactive|1. versuch has 30 seconds left.\n|j|\u26061. versuch\n|inactive|1. versuch reconnected and has 30 seconds left.\n|player|p2|1. versuch|waiter-gen4dp|\n|inactive|1. versuch has 20 seconds left.\n|inactive|1. versuch has 15 seconds left.\n|inactive|1. versuch has 10 seconds left.\n|c|\u2606Soratami|I thought you'd give easily!\n|inactive|1. versuch has 5 seconds left.\n|\n|t:|1746074535\n|move|p1a: Indeedee|Follow Me|p1a: Indeedee\n|-singleturn|p1a: Indeedee|move: Follow Me\n|move|p2a: Koraidon|Flame Charge|p1a: Indeedee\n|-damage|p1a: Indeedee|36/100\n|-boost|p2a: Koraidon|spe|1\n|-damage|p2a: Koraidon|84/100|[from] item: Rocky Helmet|[of] p1a: Indeedee\n|move|p2b: Murkrow|Foul Play|p1a: Indeedee\n|-supereffective|p1a: Indeedee\n|-damage|p1a: Indeedee|6/100\n|-damage|p2b: Murkrow|68/100|[from] item: Rocky Helmet|[of] p1a: Indeedee\n|move|p1b: Koraidon|Scale Shot|p2a: Koraidon\n|-supereffective|p2a: Koraidon\n|-damage|p2a: Koraidon|55/100\n|-supereffective|p2a: Koraidon\n|-damage|p2a: Koraidon|26/100\n|-supereffective|p2a: Koraidon\n|-damage|p2a: Koraidon|0 fnt\n|faint|p2a: Koraidon\n|-hitcount|p2: Koraidon|3\n|-unboost|p1b: Koraidon|def|1\n|-boost|p1b: Koraidon|spe|1\n|\n|-weather|SunnyDay|[upkeep]\n|-sideend|p2: 1. versuch|move: Tailwind\n|upkeep\n|\n|t:|1746074556\n|switch|p2a: Raging Bolt|Raging Bolt, L50|100/100\n|-activate|p2a: Raging Bolt|ability: Protosynthesis\n|-start|p2a: Raging Bolt|protosynthesisspa\n|turn|5\n|\n|t:|1746074566\n|move|p1a: Indeedee|Follow Me|p1a: Indeedee\n|-singleturn|p1a: Indeedee|move: Follow Me\n|move|p2b: Murkrow|Tailwind|p2b: Murkrow\n|-sidestart|p2: 1. versuch|move: Tailwind\n|move|p1b: Koraidon|Scale Shot|p2a: Raging Bolt\n|-supereffective|p2a: Raging Bolt\n|-damage|p2a: Raging Bolt|69/100\n|-supereffective|p2a: Raging Bolt\n|-damage|p2a: Raging Bolt|36/100\n|-supereffective|p2a: Raging Bolt\n|-crit|p2a: Raging Bolt\n|-damage|p2a: Raging Bolt|0 fnt\n|faint|p2a: Raging Bolt\n|-end|p2a: Raging Bolt|Protosynthesis|[silent]\n|-hitcount|p2: Raging Bolt|3\n|-unboost|p1b: Koraidon|def|1\n|-boost|p1b: Koraidon|spe|1\n|\n|-weather|none\n|-fieldend|move: Psychic Terrain\n|upkeep\n|turn|6\n|-message|1. versuch forfeited.\n|\n|win|Soratami\n|l|\u26061. versuch\n|player|p2|\n||Soratami is ready for game 2.\n||1. versuch is ready for game 2.\n|uhtml|next|Next: <a href=\"/battle-gen9vgc2025regibo3-2354457783\"><strong>Game 2 of 3</strong></a>\n|l|\u2606Soratami\n|player|p1|\n", "uploadtime": 1746074942, "views": 9, "formatid": "gen9vgc2025regibo3", "rating": null, "private": 0, "password": null}