{"id": "gen9vgc2025regibo3-2354088798", "format": "[Gen 9] VGC 2025 Reg I (Bo3)", "players": ["palle synchro", "Chaotic Raos"], "log": "|j|\u2606palle synchro\n|j|\u2606Chaotic Raos\n|html|<table width=\"100%\"><tr><td align=\"left\">palle synchro</td><td align=\"right\">Chaotic Raos</tr><tr><td align=\"left\"><i class=\"fa fa-circle-o\"></i> <i class=\"fa fa-circle-o\"></i> </td><td align=\"right\"><i class=\"fa fa-circle-o\"></i> <i class=\"fa fa-circle-o\"></i> </tr></table>\n|uhtml|bestof|<h2><strong>Game 1</strong> of <a href=\"/game-bestof3-gen9vgc2025regibo3-2354088797\">a best-of-3</a></h2>\n|t:|1746033871\n|gametype|doubles\n|player|p1|palle synchro|volkner|1310\n|player|p2|Chaotic Raos|bellelba|1353\n|teamsize|p1|6\n|teamsize|p2|6\n|gen|9\n|tier|[Gen 9] VGC 2025 Reg I (Bo3)\n|rated|\n|rule|Species Clause: Limit one of each Pok\u00e9mon\n|rule|Item Clause: Limit 1 of each item\n|clearpoke\n|poke|p1|Ho-Oh, L50|\n|poke|p1|Miraidon, L50|\n|poke|p1|Iron Hands, L50|\n|poke|p1|Farigiraf, L50, F|\n|poke|p1|Iron Valiant, L50|\n|poke|p1|Urshifu-*, L50, F|\n|poke|p2|Kyogre, L50|\n|poke|p2|Tornadus, L50, M|\n|poke|p2|Zacian-*, L50|\n|poke|p2|Amoonguss, L50, F|\n|poke|p2|Iron Hands, L50|\n|poke|p2|Flutter Mane, L50|\n|teampreview|4\n|showteam|p1|Ho-Oh||ClearAmulet|Regenerator|SacredFire,BraveBird,Tailwind,Protect||||||50|,,,,,Grass]Miraidon||ChoiceSpecs|HadronEngine|DazzlingGleam,VoltSwitch,ElectroDrift,DracoMeteor||||||50|,,,,,Fairy]Iron Hands||AssaultVest|QuarkDrive|DrainPunch,WildCharge,LowKick,FakeOut||||||50|,,,,,Water]Farigiraf||ElectricSeed|ArmorTail|Psychic,FoulPlay,HelpingHand,TrickRoom|||F|||50|,,,,,Water]Iron Valiant||FocusSash|QuarkDrive|SpiritBreak,Coaching,Encore,WideGuard||||||50|,,,,,Ghost]Urshifu-Rapid-Strike||MysticWater|UnseenFist|SurgingStrikes,CloseCombat,AquaJet,Protect|||F|||50|,,,,,Water\n|showteam|p2|Kyogre||MysticWater|Drizzle|WaterSpout,OriginPulse,Protect,IceBeam||||||50|,,,,,Grass]Tornadus||CovertCloak|Prankster|Tailwind,BleakwindStorm,Taunt,RainDance|||M|||50|,,,,,Steel]Zacian-Crowned||RustedSword|IntrepidSword|behemothblade,PlayRough,SacredSword,Protect||||||50|,,,,,Fairy]Amoonguss||RockyHelmet|Regenerator|Spore,RagePowder,PollenPuff,Protect|||F|||50|,,,,,Water]Iron Hands||AssaultVest|QuarkDrive|FakeOut,WildCharge,DrainPunch,LowKick||||||50|,,,,,Grass]Flutter Mane||BoosterEnergy|Protosynthesis|ShadowBall,DazzlingGleam,IcyWind,Protect||||||50|,,,,,Fairy\n|inactive|Battle timer is ON: inactive players will automatically lose when time's up. (requested by palle synchro)\n|inactive|palle synchro has 60 seconds left.\n|\n|t:|1746033933\n|start\n|switch|p1a: Ho-Oh|Ho-Oh, L50|100/100\n|switch|p1b: Iron Hands|Iron Hands, L50|100/100\n|switch|p2a: Tornadus|Tornadus, L50, M|100/100\n|switch|p2b: Zacian|Zacian-Crowned, L50|100/100\n|-ability|p2b: Zacian|Intrepid Sword|boost\n|-boost|p2b: Zacian|atk|1\n|turn|1\n|\n|t:|1746033948\n|move|p2b: Zacian|Protect|p2b: Zacian\n|-singleturn|p2b: Zacian|Protect\n|move|p1b: Iron Hands|Fake Out|p2b: Zacian\n|-activate|p2b: Zacian|move: Protect\n|move|p2a: Tornadus|Tailwind|p2a: Tornadus\n|-sidestart|p2: Chaotic Raos|move: Tailwind\n|move|p1a: Ho-Oh|Tailwind|p1a: Ho-Oh\n|-sidestart|p1: palle synchro|move: Tailwind\n|\n|upkeep\n|turn|2\n|\n|t:|1746033966\n|-terastallize|p1b: Iron Hands|Water\n|move|p2a: Tornadus|Rain Dance|p2a: Tornadus\n|-weather|RainDance\n|move|p2b: Zacian|Play Rough|p1b: Iron Hands|[miss]\n|-miss|p2b: Zacian|p1b: Iron Hands\n|move|p1a: Ho-Oh|Sacred Fire|p2b: Zacian\n|-supereffective|p2b: Zacian\n|-damage|p2b: Zacian|53/100\n|move|p1b: Iron Hands|Wild Charge|p2b: Zacian\n|-damage|p2b: Zacian|2/100\n|-damage|p1b: Iron Hands|91/100|[from] Recoil\n|\n|-weather|RainDance|[upkeep]\n|upkeep\n|turn|3\n|\n|t:|1746033986\n|move|p2b: Zacian|Play Rough|p1b: Iron Hands\n|-damage|p1b: Iron Hands|37/100\n|-unboost|p1b: Iron Hands|atk|1\n|move|p2a: Tornadus|Bleakwind Storm|p1b: Iron Hands|[spread] p1a,p1b\n|-damage|p1a: Ho-Oh|80/100\n|-damage|p1b: Iron Hands|19/100\n|-unboost|p1b: Iron Hands|spe|1\n|move|p1a: Ho-Oh|Brave Bird|p2b: Zacian\n|-resisted|p2b: Zacian\n|-damage|p2b: Zacian|0 fnt\n|faint|p2b: Zacian\n|-damage|p1a: Ho-Oh|79/100|[from] Recoil\n|move|p1b: Iron Hands|Wild Charge|p2a: Tornadus\n|-supereffective|p2a: Tornadus\n|-damage|p2a: Tornadus|2/100\n|-damage|p1b: Iron Hands|1/100|[from] Recoil\n|\n|-weather|RainDance|[upkeep]\n|upkeep\n|\n|t:|1746033997\n|switch|p2b: Kyogre|Kyogre, L50|100/100\n|turn|4\n|\n|t:|1746034017\n|move|p1a: Ho-Oh|Protect|p1a: Ho-Oh\n|-singleturn|p1a: Ho-Oh|Protect\n|move|p2a: Tornadus|Bleakwind Storm|p1b: Iron Hands|[spread] p1b\n|-activate|p1a: Ho-Oh|move: Protect\n|-damage|p1b: Iron Hands|0 fnt\n|faint|p1b: Iron Hands\n|-end|p1b: Iron Hands|Quark Drive|[silent]\n|move|p2b: Kyogre|Water Spout|p1a: Ho-Oh\n|-activate|p1a: Ho-Oh|move: Protect\n|\n|-weather|RainDance|[upkeep]\n|-sideend|p2: Chaotic Raos|move: Tailwind\n|-sideend|p1: palle synchro|move: Tailwind\n|upkeep\n|\n|t:|1746034029\n|switch|p1b: Miraidon|Miraidon, L50|100/100\n|-fieldstart|move: Electric Terrain|[from] ability: Hadron Engine|[of] p1b: Miraidon\n|turn|5\n|\n|t:|1746034046\n|move|p1a: Ho-Oh|Protect||[still]\n|-fail|p1a: Ho-Oh\n|move|p2a: Tornadus|Tailwind|p2a: Tornadus\n|-sidestart|p2: Chaotic Raos|move: Tailwind\n|move|p2b: Kyogre|Water Spout|p1a: Ho-Oh|[spread] p1a,p1b\n|-supereffective|p1a: Ho-Oh\n|-resisted|p1b: Miraidon\n|-crit|p1b: Miraidon\n|-damage|p1a: Ho-Oh|0 fnt\n|-damage|p1b: Miraidon|18/100\n|faint|p1a: Ho-Oh\n|move|p1b: Miraidon|Draco Meteor|p2b: Kyogre\n|-damage|p2b: Kyogre|0 fnt\n|-unboost|p1b: Miraidon|spa|2\n|faint|p2b: Kyogre\n|\n|-weather|RainDance|[upkeep]\n|upkeep\n|\n|t:|1746034059\n|switch|p1a: Iron Valiant|Iron Valiant, L50|100/100\n|switch|p2b: Flutter Mane|Flutter Mane, L50|100/100\n|-enditem|p2b: Flutter Mane|Booster Energy\n|-activate|p2b: Flutter Mane|ability: Protosynthesis|[fromitem]\n|-start|p2b: Flutter Mane|protosynthesisspe\n|-activate|p1a: Iron Valiant|ability: Quark Drive\n|-start|p1a: Iron Valiant|quarkdrivespe\n|turn|6\n|inactive|palle synchro has 30 seconds left.\n|\n|t:|1746034085\n|move|p2a: Tornadus|Taunt|p1a: Iron Valiant\n|-start|p1a: Iron Valiant|move: Taunt\n|move|p2b: Flutter Mane|Shadow Ball|p1b: Miraidon\n|-damage|p1b: Miraidon|0 fnt\n|faint|p1b: Miraidon\n|move|p1a: Iron Valiant|Spirit Break|p2a: Tornadus\n|-damage|p2a: Tornadus|0 fnt\n|faint|p2a: Tornadus\n|\n|-weather|none\n|upkeep\n|turn|7\n|\n|t:|1746034097\n|move|p2b: Flutter Mane|Dazzling Gleam|p1a: Iron Valiant\n|-supereffective|p1a: Iron Valiant\n|-enditem|p1a: Iron Valiant|Focus Sash\n|-damage|p1a: Iron Valiant|1/100\n|move|p1a: Iron Valiant|Spirit Break|p2b: Flutter Mane\n|-damage|p2b: Flutter Mane|20/100\n|-unboost|p2b: Flutter Mane|spa|1\n|\n|upkeep\n|turn|8\n|\n|t:|1746034105\n|move|p2b: Flutter Mane|Dazzling Gleam|p1a: Iron Valiant\n|-supereffective|p1a: Iron Valiant\n|-damage|p1a: Iron Valiant|0 fnt\n|faint|p1a: Iron Valiant\n|-end|p1a: Iron Valiant|Quark Drive|[silent]\n|\n|win|Chaotic Raos\n||palle synchro is ready for game 2.\n||Chaotic Raos is ready for game 2.\n|uhtml|next|Next: <a href=\"/battle-gen9vgc2025regibo3-2354091536\"><strong>Game 2 of 3</strong></a>\n|l|\u2606palle synchro\n|player|p1|\n", "uploadtime": 1746034248, "views": 22, "formatid": "gen9vgc2025regibo3", "rating": null, "private": 0, "password": null}