{"id": "gen9vgc2025regibo3-2354847693", "format": "[Gen 9] VGC 2025 Reg I (Bo3)", "players": ["izmatti", "mavvyvgc"], "log": "|j|\u2606izmatti\n|j|\u2606mavvyvgc\n|html|<table width=\"100%\"><tr><td align=\"left\">izmatti</td><td align=\"right\">mavvyvgc</tr><tr><td align=\"left\"><i class=\"fa fa-circle\"></i> <i class=\"fa fa-circle-o\"></i> </td><td align=\"right\"><i class=\"fa fa-circle-o\"></i> <i class=\"fa fa-circle\"></i> </tr></table>\n|uhtml|bestof|<h2><strong>Game 3</strong> of <a href=\"/game-bestof3-gen9vgc2025regibo3-2354842245\">a best-of-3</a></h2>\n|t:|1746124967\n|gametype|doubles\n|player|p1|izmatti|169|1136\n|player|p2|mavvyvgc|riley|1084\n|teamsize|p1|6\n|teamsize|p2|6\n|gen|9\n|tier|[Gen 9] VGC 2025 Reg I (Bo3)\n|rated|\n|rule|Species Clause: Limit one of each Pok\u00e9mon\n|rule|Item Clause: Limit 1 of each item\n|clearpoke\n|poke|p1|Miraidon, L50|\n|poke|p1|Iron Hands, L50|\n|poke|p1|Chi-Yu, L50|\n|poke|p1|Farigiraf, L50, F|\n|poke|p1|Whimsicott, L50, M|\n|poke|p1|Groudon, L50|\n|poke|p2|Calyrex-Shadow, L50|\n|poke|p2|Kyurem-White, L50|\n|poke|p2|Slowking, L50, M|\n|poke|p2|Tornadus, L50, M|\n|poke|p2|Rillaboom, L50, F|\n|poke|p2|Incineroar, L50, F|\n|teampreview|4\n|showteam|p1|Miraidon||ChoiceSpecs|HadronEngine|ElectroDrift,VoltSwitch,DracoMeteor,DazzlingGleam||||||50|,,,,,Fairy]Iron Hands||AssaultVest|QuarkDrive|FakeOut,WildCharge,DrainPunch,IcePunch||||||50|,,,,,Bug]Chi-Yu||FocusSash|BeadsofRuin|HeatWave,Snarl,Protect,Flamethrower||||||50|,,,,,Ghost]Farigiraf||ElectricSeed|ArmorTail|HelpingHand,TrickRoom,Imprison,Psychic|||F|||50|,,,,,Water]Whimsicott||CovertCloak|Prankster|Moonblast,Tailwind,Encore,LightScreen|||M|||50|,,,,,Dark]Groudon||ClearAmulet|Drought|HeatCrash,PrecipiceBlades,Protect,HelpingHand||||||50|,,,,,Fire\n|showteam|p2|Calyrex-Shadow||FocusSash|AsOneSpectrier|DarkPulse,AstralBarrage,NastyPlot,Protect||||||50|,,,,,Dark]Kyurem-White||NeverMeltIce|Turboblaze|Protect,Blizzard,DragonPulse,FusionFlare||||||50|,,,,,Ground]Slowking||RockyHelmet|Oblivious|Psychic,TrickRoom,ChillyReception,HelpingHand|||M|||50|,,,,,Ground]Tornadus||CovertCloak|Prankster|Tailwind,BleakwindStorm,Protect,Snowscape|||M|||50|,,,,,Dark]Rillaboom||GrassySeed|GrassySurge|DrumBeating,Uturn,GrassyGlide,FakeOut|||F|||50|,,,,,Grass]Incineroar||AssaultVest|Intimidate|FakeOut,KnockOff,FlareBlitz,Uturn|||F|||50|,,,,,Fire\n|\n|t:|1746125014\n|start\n|switch|p1a: Miraidon|Miraidon, L50|100/100\n|switch|p1b: Whimsicott|Whimsicott, L50, M|100/100\n|switch|p2a: Slowking|Slowking, L50, M|100/100\n|switch|p2b: Incineroar|Incineroar, L50, F|100/100\n|-fieldstart|move: Electric Terrain|[from] ability: Hadron Engine|[of] p1a: Miraidon\n|-ability|p2b: Incineroar|Intimidate|boost\n|-unboost|p1a: Miraidon|atk|1\n|-unboost|p1b: Whimsicott|atk|1\n|turn|1\n|\n|t:|1746125068\n|switch|p1a: Groudon|Groudon, L50|100/100\n|-weather|SunnyDay|[from] ability: Drought|[of] p1a: Groudon\n|-terastallize|p2a: Slowking|Ground\n|move|p1b: Whimsicott|Moonblast|p2b: Incineroar\n|-damage|p2b: Incineroar|86/100\n|move|p2b: Incineroar|Knock Off|p1a: Groudon\n|-damage|p1a: Groudon|70/100\n|-enditem|p1a: Groudon|Clear Amulet|[from] move: Knock Off|[of] p2b: Incineroar\n|move|p2a: Slowking|Trick Room|p2a: Slowking\n|-fieldstart|move: Trick Room|[of] p2a: Slowking\n|\n|-weather|SunnyDay|[upkeep]\n|upkeep\n|turn|2\n|\n|t:|1746125099\n|move|p1b: Whimsicott|Encore|p2a: Slowking\n|-start|p2a: Slowking|Encore\n|move|p2a: Slowking|Trick Room|p2a: Slowking\n|-fieldend|move: Trick Room\n|move|p1a: Groudon|Precipice Blades|p2b: Incineroar|[spread] p2b\n|-miss|p1a: Groudon|p2a: Slowking\n|-supereffective|p2b: Incineroar\n|-damage|p2b: Incineroar|8/100\n|move|p2b: Incineroar|Flare Blitz|p1b: Whimsicott\n|-supereffective|p1b: Whimsicott\n|-damage|p1b: Whimsicott|0 fnt\n|faint|p1b: Whimsicott\n|-damage|p2b: Incineroar|0 fnt|[from] Recoil\n|faint|p2b: Incineroar\n|\n|-weather|SunnyDay|[upkeep]\n|upkeep\n|\n|t:|1746125113\n|switch|p1b: Chi-Yu|Chi-Yu, L50|100/100\n|switch|p2b: Calyrex|Calyrex-Shadow, L50|100/100\n|-ability|p2b: Calyrex|As One\n|-ability|p2b: Calyrex|Unnerve\n|-ability|p1b: Chi-Yu|Beads of Ruin\n|turn|3\n|\n|t:|1746125139\n|move|p2b: Calyrex|Astral Barrage|p1a: Groudon|[spread] p1a,p1b\n|-resisted|p1b: Chi-Yu\n|-damage|p1a: Groudon|2/100\n|-damage|p1b: Chi-Yu|69/100\n|move|p1b: Chi-Yu|Snarl|p2b: Calyrex|[spread] p2a,p2b\n|-crit|p2a: Slowking\n|-supereffective|p2b: Calyrex\n|-damage|p2a: Slowking|68/100\n|-enditem|p2b: Calyrex|Focus Sash\n|-damage|p2b: Calyrex|1/100\n|-unboost|p2a: Slowking|spa|1\n|-unboost|p2b: Calyrex|spa|1\n|move|p1a: Groudon|Precipice Blades|p2b: Calyrex|[spread] p2a,p2b\n|-damage|p2a: Slowking|25/100\n|-damage|p2b: Calyrex|0 fnt\n|faint|p2b: Calyrex\n|move|p2a: Slowking|Trick Room|p2a: Slowking\n|-fieldstart|move: Trick Room|[of] p2a: Slowking\n|\n|-weather|SunnyDay|[upkeep]\n|upkeep\n|\n|t:|1746125155\n|switch|p2b: Kyurem|Kyurem-White, L50|100/100\n|-ability|p2b: Kyurem|Turboblaze\n|turn|4\n|\n|t:|1746125172\n|-terastallize|p1a: Groudon|Fire\n|move|p1a: Groudon|Heat Crash|p2b: Kyurem\n|-damage|p2b: Kyurem|51/100\n|move|p2b: Kyurem|Blizzard|p1b: Chi-Yu|[spread] \n|-miss|p2b: Kyurem|p1a: Groudon\n|-miss|p2b: Kyurem|p1b: Chi-Yu\n|move|p1b: Chi-Yu|Snarl|p2a: Slowking|[spread] p2a,p2b\n|-damage|p2a: Slowking|1/100\n|-damage|p2b: Kyurem|29/100\n|-unboost|p2a: Slowking|spa|1\n|-unboost|p2b: Kyurem|spa|1\n|move|p2a: Slowking|Trick Room|p2a: Slowking\n|-fieldend|move: Trick Room\n|\n|-weather|SunnyDay|[upkeep]\n|-end|p2a: Slowking|Encore\n|upkeep\n|turn|5\n|\n|t:|1746125203\n|move|p2b: Kyurem|Protect|p2b: Kyurem\n|-singleturn|p2b: Kyurem|Protect\n|move|p1b: Chi-Yu|Flamethrower|p2b: Kyurem\n|-activate|p2b: Kyurem|move: Protect\n|move|p1a: Groudon|Precipice Blades|p2b: Kyurem|[spread] p2a\n|-activate|p2b: Kyurem|move: Protect\n|-damage|p2a: Slowking|0 fnt\n|faint|p2a: Slowking\n|\n|-weather|none\n|-fieldend|move: Electric Terrain\n|upkeep\n|turn|6\n|\n|t:|1746125219\n|move|p1a: Groudon|Helping Hand|p1b: Chi-Yu\n|-singleturn|p1b: Chi-Yu|Helping Hand|[of] p1a: Groudon\n|move|p1b: Chi-Yu|Flamethrower|p2b: Kyurem\n|-damage|p2b: Kyurem|0 fnt\n|faint|p2b: Kyurem\n|\n|win|izmatti\n|raw|izmatti's rating: 1136 &rarr; <strong>1157</strong><br />(+21 for winning)\n|raw|mavvyvgc's rating: 1084 &rarr; <strong>1065</strong><br />(-19 for losing)\n|l|\u2606izmatti\n|player|p1|\n", "uploadtime": 1746125461, "views": 8, "formatid": "gen9vgc2025regibo3", "rating": 1065, "private": 0, "password": null}