{"id": "gen9vgc2025regibo3-2353758774", "format": "[Gen 9] VGC 2025 Reg I (Bo3)", "players": ["dolivo1122", "Jakobtc"], "log": "|j|\u2606dolivo1122\n|j|\u2606Jakobtc\n|html|<table width=\"100%\"><tr><td align=\"left\">dolivo1122</td><td align=\"right\">Jakobtc</tr><tr><td align=\"left\"><i class=\"fa fa-circle-o\"></i> <i class=\"fa fa-circle-o\"></i> </td><td align=\"right\"><i class=\"fa fa-circle-o\"></i> <i class=\"fa fa-circle\"></i> </tr></table>\n|uhtml|bestof|<h2><strong>Game 2</strong> of <a href=\"/game-bestof3-gen9vgc2025regibo3-2353757442\">a best-of-3</a></h2>\n|t:|1745995096\n|gametype|doubles\n|player|p1|dolivo1122|265|1208\n|player|p2|Jakobtc|riley|1335\n|teamsize|p1|6\n|teamsize|p2|6\n|gen|9\n|tier|[Gen 9] VGC 2025 Reg I (Bo3)\n|rated|\n|rule|Species Clause: Limit one of each Pok\u00e9mon\n|rule|Item Clause: Limit 1 of each item\n|clearpoke\n|poke|p1|Rayquaza, L50|\n|poke|p1|Chien-Pao, L50|\n|poke|p1|Incineroar, L50, F|\n|poke|p1|Miraidon, L50|\n|poke|p1|Iron Hands, L50|\n|poke|p1|Dragonite, L50, M|\n|poke|p2|Calyrex-Shadow, L50|\n|poke|p2|Zacian-*, L50|\n|poke|p2|Incineroar, L50, F|\n|poke|p2|Rillaboom, L50, F|\n|poke|p2|Urshifu-*, L50, M|\n|poke|p2|Tornadus, L50, M|\n|teampreview|4\n|showteam|p1|Rayquaza||ClearAmulet|AirLock|ExtremeSpeed,DragonAscent,SwordsDance,Protect||||||50|,,,,,Normal]Chien-Pao||FocusSash|SwordofRuin|IceSpinner,SuckerPunch,SacredSword,Protect||||||50|,,,,,Ghost]Incineroar||SafetyGoggles|Intimidate|FakeOut,FlareBlitz,KnockOff,PartingShot|||F|||50|,,,,,Ghost]Miraidon||ChoiceSpecs|HadronEngine|ElectroDrift,VoltSwitch,DracoMeteor,DazzlingGleam||||||50|,,,,,Electric]Iron Hands||AssaultVest|QuarkDrive|FakeOut,WildCharge,HeavySlam,DrainPunch||||||50|,,,,,Grass]Dragonite||ChoiceBand|InnerFocus|ExtremeSpeed,Outrage,IronHead,Earthquake|||M|||50|,,,,,Normal\n|showteam|p2|Calyrex-Shadow||FocusSash|AsOneSpectrier|AstralBarrage,Psychic,NastyPlot,Protect||||||50|,,,,,Ghost]Zacian-Crowned||RustedSword|IntrepidSword|behemothblade,PlayRough,SacredSword,Protect||||||50|,,,,,Water]Incineroar||SafetyGoggles|Intimidate|FakeOut,KnockOff,HelpingHand,PartingShot|||F|||50|,,,,,Dragon]Rillaboom||AssaultVest|GrassySurge|FakeOut,GrassyGlide,WoodHammer,Uturn|||F|||50|,,,,,Fire]Urshifu-Rapid-Strike||ChoiceScarf|UnseenFist|SurgingStrikes,CloseCombat,AquaJet,Uturn|||M|||50|,,,,,Water]Tornadus||CovertCloak|Prankster|BleakwindStorm,Tailwind,RainDance,Protect|||M|||50|,,,,,Dark\n|inactive|Battle timer is ON: inactive players will automatically lose when time's up. (requested by dolivo1122)\n|\n|t:|1745995113\n|start\n|switch|p1a: Rayquaza|Rayquaza, L50|100/100\n|switch|p1b: Incineroar|Incineroar, L50, F|100/100\n|switch|p2a: Calyrex|Calyrex-Shadow, L50|100/100\n|switch|p2b: Incineroar|Incineroar, L50, F|100/100\n|-ability|p2a: Calyrex|As One\n|-ability|p2a: Calyrex|Unnerve\n|-ability|p1a: Rayquaza|Air Lock\n|-ability|p1b: Incineroar|Intimidate|boost\n|-unboost|p2a: Calyrex|atk|1\n|-unboost|p2b: Incineroar|atk|1\n|-ability|p2b: Incineroar|Intimidate|boost\n|-fail|p1a: Rayquaza|unboost|[from] item: Clear Amulet|[of] p1a: Rayquaza\n|-unboost|p1b: Incineroar|atk|1\n|turn|1\n|\n|t:|1745995136\n|move|p2b: Incineroar|Fake Out|p1b: Incineroar\n|-damage|p1b: Incineroar|93/100\n|move|p2a: Calyrex|Nasty Plot|p2a: Calyrex\n|-boost|p2a: Calyrex|spa|2\n|move|p1a: Rayquaza|Dragon Ascent|p2a: Calyrex\n|-damage|p2a: Calyrex|10/100\n|-unboost|p1a: Rayquaza|def|1\n|-unboost|p1a: Rayquaza|spd|1\n|cant|p1b: Incineroar|flinch\n|\n|upkeep\n|turn|2\n|inactive|dolivo1122 has 30 seconds left.\n|\n|t:|1745995171\n|move|p2a: Calyrex|Protect|p2a: Calyrex\n|-singleturn|p2a: Calyrex|Protect\n|move|p1a: Rayquaza|Protect|p1a: Rayquaza\n|-singleturn|p1a: Rayquaza|Protect\n|move|p1b: Incineroar|Knock Off|p2a: Calyrex\n|-activate|p2a: Calyrex|move: Protect\n|move|p2b: Incineroar|Knock Off|p1a: Rayquaza\n|-activate|p1a: Rayquaza|move: Protect\n|\n|upkeep\n|turn|3\n|inactive|dolivo1122 has 30 seconds left.\n|\n|t:|1745995198\n|switch|p1a: Chien-Pao|Chien-Pao, L50|100/100\n|-ability|p1a: Chien-Pao|Sword of Ruin\n|move|p2b: Incineroar|Helping Hand|p2a: Calyrex\n|-singleturn|p2a: Calyrex|Helping Hand|[of] p2b: Incineroar\n|move|p2a: Calyrex|Psychic|p1a: Chien-Pao\n|-immune|p1a: Chien-Pao\n|move|p1b: Incineroar|Knock Off|p2a: Calyrex\n|-supereffective|p2a: Calyrex\n|-damage|p2a: Calyrex|0 fnt\n|-enditem|p2a: Calyrex|Focus Sash|[from] move: Knock Off|[of] p1b: Incineroar\n|faint|p2a: Calyrex\n|\n|upkeep\n|\n|t:|1745995211\n|switch|p2a: Zacian|Zacian-Crowned, L50|100/100\n|-ability|p2a: Zacian|Intrepid Sword|boost\n|-boost|p2a: Zacian|atk|1\n|turn|4\n|inactive|dolivo1122 has 30 seconds left.\n|\n|t:|1745995243\n|move|p2b: Incineroar|Helping Hand|p2a: Zacian\n|-singleturn|p2a: Zacian|Helping Hand|[of] p2b: Incineroar\n|move|p2a: Zacian|Play Rough|p1b: Incineroar\n|-damage|p1b: Incineroar|0 fnt\n|faint|p1b: Incineroar\n|move|p1a: Chien-Pao|Sacred Sword|p2a: Zacian\n|-damage|p2a: Zacian|62/100\n|\n|upkeep\n|\n|t:|1745995267\n|switch|p1b: Miraidon|Miraidon, L50|100/100\n|-fieldstart|move: Electric Terrain|[from] ability: Hadron Engine|[of] p1b: Miraidon\n|turn|5\n|\n|t:|1745995291\n|switch|p2b: Rillaboom|Rillaboom, L50, F|100/100\n|-fieldstart|move: Grassy Terrain|[from] ability: Grassy Surge|[of] p2b: Rillaboom\n|-terastallize|p1b: Miraidon|Electric\n|move|p2a: Zacian|Protect|p2a: Zacian\n|-singleturn|p2a: Zacian|Protect\n|move|p1a: Chien-Pao|Sacred Sword|p2b: Rillaboom\n|-damage|p2b: Rillaboom|61/100\n|move|p1b: Miraidon|Electro Drift|p2a: Zacian\n|-activate|p2a: Zacian|move: Protect\n|\n|-heal|p2a: Zacian|68/100|[from] Grassy Terrain\n|-heal|p2b: Rillaboom|67/100|[from] Grassy Terrain\n|upkeep\n|turn|6\n|inactive|dolivo1122 has 30 seconds left.\n|\n|t:|1745995322\n|switch|p1b: Rayquaza|Rayquaza, L50|100/100\n|-ability|p1b: Rayquaza|Air Lock\n|move|p2b: Rillaboom|Grassy Glide|p1b: Rayquaza\n|-resisted|p1b: Rayquaza\n|-damage|p1b: Rayquaza|91/100\n|move|p2a: Zacian|Behemoth Blade|p1b: Rayquaza\n|-damage|p1b: Rayquaza|0 fnt\n|faint|p1b: Rayquaza\n|move|p1a: Chien-Pao|Ice Spinner|p2b: Rillaboom\n|-supereffective|p2b: Rillaboom\n|-damage|p2b: Rillaboom|0 fnt\n|-fieldend|move: Grassy Terrain\n|faint|p2b: Rillaboom\n|\n|upkeep\n|\n|t:|1745995345\n|switch|p1b: Miraidon|Miraidon, L50, tera:Electric|100/100\n|switch|p2b: Incineroar|Incineroar, L50, F|100/100\n|-fieldstart|move: Electric Terrain|[from] ability: Hadron Engine|[of] p1b: Miraidon\n|-ability|p2b: Incineroar|Intimidate|boost\n|-unboost|p1a: Chien-Pao|atk|1\n|-unboost|p1b: Miraidon|atk|1\n|turn|7\n|\n|t:|1745995358\n|move|p2b: Incineroar|Fake Out|p1b: Miraidon\n|-damage|p1b: Miraidon|87/100\n|move|p2a: Zacian|Behemoth Blade|p1b: Miraidon\n|-resisted|p1b: Miraidon\n|-damage|p1b: Miraidon|24/100\n|move|p1a: Chien-Pao|Sacred Sword|p2a: Zacian\n|-damage|p2a: Zacian|41/100\n|cant|p1b: Miraidon|flinch\n|\n|upkeep\n|turn|8\n|\n|t:|1745995372\n|move|p2a: Zacian|Behemoth Blade|p1b: Miraidon\n|-resisted|p1b: Miraidon\n|-damage|p1b: Miraidon|0 fnt\n|faint|p1b: Miraidon\n|move|p1a: Chien-Pao|Sacred Sword|p2a: Zacian\n|-damage|p2a: Zacian|13/100\n|move|p2b: Incineroar|Knock Off|p1a: Chien-Pao\n|-resisted|p1a: Chien-Pao\n|-damage|p1a: Chien-Pao|73/100\n|-enditem|p1a: Chien-Pao|Focus Sash|[from] move: Knock Off|[of] p2b: Incineroar\n|\n|upkeep\n|turn|9\n|\n|t:|1745995387\n|move|p2a: Zacian|Protect|p2a: Zacian\n|-singleturn|p2a: Zacian|Protect\n|move|p1a: Chien-Pao|Sucker Punch||[still]\n|-fail|p1a: Chien-Pao\n|move|p2b: Incineroar|Parting Shot|p1a: Chien-Pao\n|-unboost|p1a: Chien-Pao|atk|1\n|-unboost|p1a: Chien-Pao|spa|1\n|\n|upkeep\n|turn|10\n|\n|t:|1745995403\n|move|p2a: Zacian|Protect||[still]\n|-fail|p2a: Zacian\n|move|p1a: Chien-Pao|Sucker Punch||[still]\n|-fail|p1a: Chien-Pao\n|move|p2b: Incineroar|Knock Off|p1a: Chien-Pao\n|-resisted|p1a: Chien-Pao\n|-damage|p1a: Chien-Pao|56/100\n|\n|upkeep\n|turn|11\n|\n|t:|1745995414\n|move|p1a: Chien-Pao|Sucker Punch|p2a: Zacian\n|-resisted|p2a: Zacian\n|-damage|p2a: Zacian|2/100\n|move|p2a: Zacian|Sacred Sword|p1a: Chien-Pao\n|-supereffective|p1a: Chien-Pao\n|-damage|p1a: Chien-Pao|0 fnt\n|faint|p1a: Chien-Pao\n|\n|win|Jakobtc\n|raw|dolivo1122's rating: 1208 &rarr; <strong>1192</strong><br />(-16 for losing)\n|raw|Jakobtc's rating: 1335 &rarr; <strong>1348</strong><br />(+13 for winning)\n|c|\u2606Jakobtc|gg\n", "uploadtime": 1745995423, "views": 14, "formatid": "gen9vgc2025regibo3", "rating": 1192, "private": 0, "password": null}