{"id": "gen9vgc2025regibo3-2354401110", "format": "[Gen 9] VGC 2025 Reg I (Bo3)", "players": ["onya nurve", "chappell murkroan"], "log": "|j|\u2606onya nurve\n|j|\u2606chappell murkroan\n|html|<table width=\"100%\"><tr><td align=\"left\">onya nurve</td><td align=\"right\">chappell murkroan</tr><tr><td align=\"left\"><i class=\"fa fa-circle\"></i> <i class=\"fa fa-circle-o\"></i> </td><td align=\"right\"><i class=\"fa fa-circle-o\"></i> <i class=\"fa fa-circle\"></i> </tr></table>\n|uhtml|bestof|<h2><strong>Game 3</strong> of <a href=\"/game-bestof3-gen9vgc2025regibo3-2354396585\">a best-of-3</a></h2>\n|t:|1746066821\n|gametype|doubles\n|player|p1|onya nurve|winona|1339\n|player|p2|chappell murkroan|caitlin|1322\n|teamsize|p1|6\n|teamsize|p2|6\n|gen|9\n|tier|[Gen 9] VGC 2025 Reg I (Bo3)\n|rated|\n|rule|Species Clause: Limit one of each Pok\u00e9mon\n|rule|Item Clause: Limit 1 of each item\n|clearpoke\n|poke|p1|Koraidon, L50|\n|poke|p1|Lunala, L50|\n|poke|p1|Incineroar, L50, F|\n|poke|p1|Amoonguss, L50, F|\n|poke|p1|Flutter Mane, L50|\n|poke|p1|Ursaluna, L50, F|\n|poke|p2|Ho-Oh, L50|\n|poke|p2|Miraidon, L50|\n|poke|p2|Urshifu-*, L50, F|\n|poke|p2|Chien-Pao, L50|\n|poke|p2|Farigiraf, L50, F|\n|poke|p2|Iron Hands, L50|\n|teampreview|4\n|showteam|p1|Koraidon||LifeOrb|OrichalcumPulse|FlareBlitz,CloseCombat,FlameCharge,Protect||||||50|,,,,,Fire]Lunala||Leftovers|ShadowShield|Moonblast,MoongeistBeam,TrickRoom,WideGuard||||||50|,,,,,Fairy]Incineroar||SafetyGoggles|Intimidate|FakeOut,FlareBlitz,KnockOff,PartingShot|||F|||50|,,,,,Bug]Amoonguss||CovertCloak|Regenerator|Spore,RagePowder,PollenPuff,Protect|||F|||50|,,,,,Dark]Flutter Mane||FocusSash|Protosynthesis|Moonblast,ShadowBall,IcyWind,Protect||||||50|,,,,,Normal]Ursaluna||FlameOrb|Guts|HeadlongRush,Facade,Earthquake,Protect|||F|||50|,,,,,Ghost\n|showteam|p2|Ho-Oh||ClearAmulet|Regenerator|SacredFire,Tailwind,BraveBird,Protect||||||50|,,,,,Grass]Miraidon||ChoiceSpecs|HadronEngine|ElectroDrift,VoltSwitch,DracoMeteor,DazzlingGleam||||||50|,,,,,Fairy]Urshifu-Rapid-Strike||MysticWater|UnseenFist|SurgingStrikes,AquaJet,Taunt,Detect|||F|||50|,,,,,Water]Chien-Pao||FocusSash|SwordofRuin|IcicleCrash,Crunch,SuckerPunch,Protect||||||50|,,,,,Stellar]Farigiraf||ElectricSeed|ArmorTail|FoulPlay,Psychic,TrickRoom,HelpingHand|||F|||50|,,,,,Water]Iron Hands||AssaultVest|QuarkDrive|LowKick,DrainPunch,HeavySlam,FakeOut||||||50|,,,,,Water\n|inactive|Battle timer is ON: inactive players will automatically lose when time's up. (requested by chappell murkroan)\n|inactive|onya nurve has 60 seconds left.\n|inactive|chappell murkroan has 60 seconds left.\n|\n|t:|1746066866\n|start\n|switch|p1a: Lunala|Lunala, L50|100/100\n|switch|p1b: Amoonguss|Amoonguss, L50, F|100/100\n|switch|p2a: Chien-Pao|Chien-Pao, L50|100/100\n|switch|p2b: Miraidon|Miraidon, L50|100/100\n|-ability|p2a: Chien-Pao|Sword of Ruin\n|-fieldstart|move: Electric Terrain|[from] ability: Hadron Engine|[of] p2b: Miraidon\n|turn|1\n|inactive|onya nurve has 30 seconds left.\n|\n|t:|1746066892\n|-terastallize|p2a: Chien-Pao|Stellar\n|-terastallize|p1a: Lunala|Fairy\n|move|p1b: Amoonguss|Rage Powder|p1b: Amoonguss\n|-singleturn|p1b: Amoonguss|move: Rage Powder\n|move|p2a: Chien-Pao|Icicle Crash|p1b: Amoonguss\n|-supereffective|p1b: Amoonguss\n|-damage|p1b: Amoonguss|0 fnt\n|faint|p1b: Amoonguss\n|move|p2b: Miraidon|Volt Switch|p1a: Lunala\n|-damage|p1a: Lunala|67/100\n|\n|t:|1746066904\n|switch|p2b: Farigiraf|Farigiraf, L50, F|100/100|[from] Volt Switch\n|-enditem|p2b: Farigiraf|Electric Seed\n|-boost|p2b: Farigiraf|def|1|[from] item: Electric Seed\n|move|p1a: Lunala|Trick Room|p1a: Lunala\n|-fieldstart|move: Trick Room|[of] p1a: Lunala\n|\n|-heal|p1a: Lunala|73/100|[from] item: Leftovers\n|upkeep\n|\n|t:|1746066910\n|switch|p1b: Incineroar|Incineroar, L50, F|100/100\n|-ability|p1b: Incineroar|Intimidate|boost\n|-unboost|p2a: Chien-Pao|atk|1\n|-unboost|p2b: Farigiraf|atk|1\n|turn|2\n|\n|t:|1746066922\n|switch|p2a: Miraidon|Miraidon, L50|100/100\n|-activate|p2a: Miraidon|ability: Hadron Engine\n|move|p1b: Incineroar|Flare Blitz|p2a: Miraidon\n|-resisted|p2a: Miraidon\n|-damage|p2a: Miraidon|77/100\n|-damage|p1b: Incineroar|94/100|[from] Recoil\n|move|p1a: Lunala|Moonblast|p2b: Farigiraf\n|-crit|p2b: Farigiraf\n|-damage|p2b: Farigiraf|25/100\n|move|p2b: Farigiraf|Trick Room|p2b: Farigiraf\n|-fieldend|move: Trick Room\n|\n|-heal|p1a: Lunala|79/100|[from] item: Leftovers\n|upkeep\n|turn|3\n|\n|t:|1746066934\n|switch|p1a: Ursaluna|Ursaluna, L50, F|100/100\n|move|p2b: Farigiraf|Helping Hand|p2a: Miraidon\n|-singleturn|p2a: Miraidon|Helping Hand|[of] p2b: Farigiraf\n|move|p2a: Miraidon|Volt Switch|p1a: Ursaluna\n|-immune|p1a: Ursaluna\n|move|p1b: Incineroar|Parting Shot|p2a: Miraidon\n|-unboost|p2a: Miraidon|atk|1\n|-unboost|p2a: Miraidon|spa|1\n|\n|t:|1746066946\n|switch|p1b: Lunala|Lunala, L50, tera:Fairy|79/100|[from] Parting Shot\n|\n|-heal|p1b: Lunala|84/100|[from] item: Leftovers\n|-status|p1a: Ursaluna|brn|[from] item: Flame Orb\n|upkeep\n|turn|4\n|\n|t:|1746066957\n|move|p2b: Farigiraf|Helping Hand|p2a: Miraidon\n|-singleturn|p2a: Miraidon|Helping Hand|[of] p2b: Farigiraf\n|move|p1b: Lunala|Wide Guard|p1b: Lunala\n|-singleturn|p1b: Lunala|Wide Guard\n|move|p2a: Miraidon|Volt Switch|p1b: Lunala\n|-damage|p1b: Lunala|13/100\n|\n|t:|1746066965\n|switch|p2a: Ho-Oh|Ho-Oh, L50|100/100|[from] Volt Switch\n|move|p1a: Ursaluna|Earthquake|p2a: Ho-Oh|[spread] p2b\n|-activate|p1b: Lunala|move: Wide Guard\n|-immune|p2a: Ho-Oh\n|-damage|p2b: Farigiraf|0 fnt\n|faint|p2b: Farigiraf\n|\n|-heal|p1b: Lunala|19/100|[from] item: Leftovers\n|-damage|p1a: Ursaluna|95/100 brn|[from] brn\n|upkeep\n|\n|t:|1746066976\n|switch|p2b: Chien-Pao|Chien-Pao, L50, tera:Stellar|100/100\n|-ability|p2b: Chien-Pao|Sword of Ruin\n|turn|5\n|\n|t:|1746066981\n|switch|p1b: Incineroar|Incineroar, L50, F|94/100\n|-ability|p1b: Incineroar|Intimidate|boost\n|-fail|p2a: Ho-Oh|unboost|[from] item: Clear Amulet|[of] p2a: Ho-Oh\n|-unboost|p2b: Chien-Pao|atk|1\n|move|p1a: Ursaluna|Protect|p1a: Ursaluna\n|-singleturn|p1a: Ursaluna|Protect\n|move|p2b: Chien-Pao|Icicle Crash|p1a: Ursaluna\n|-activate|p1a: Ursaluna|move: Protect\n|move|p2a: Ho-Oh|Brave Bird|p1b: Incineroar\n|-damage|p1b: Incineroar|41/100\n|-damage|p2a: Ho-Oh|84/100|[from] Recoil\n|\n|-damage|p1a: Ursaluna|89/100 brn|[from] brn\n|-fieldend|move: Electric Terrain\n|upkeep\n|turn|6\n|inactive|onya nurve has 30 seconds left.\n|\n|t:|1746067015\n|move|p2b: Chien-Pao|Protect|p2b: Chien-Pao\n|-singleturn|p2b: Chien-Pao|Protect\n|move|p2a: Ho-Oh|Protect|p2a: Ho-Oh\n|-singleturn|p2a: Ho-Oh|Protect\n|move|p1b: Incineroar|Fake Out|p2b: Chien-Pao\n|-activate|p2b: Chien-Pao|move: Protect\n|move|p1a: Ursaluna|Facade|p2a: Ho-Oh\n|-activate|p2a: Ho-Oh|move: Protect\n|\n|-damage|p1a: Ursaluna|83/100 brn|[from] brn\n|upkeep\n|turn|7\n|\n|t:|1746067028\n|move|p1a: Ursaluna|Protect|p1a: Ursaluna\n|-singleturn|p1a: Ursaluna|Protect\n|move|p2b: Chien-Pao|Icicle Crash|p1a: Ursaluna\n|-activate|p1a: Ursaluna|move: Protect\n|move|p2a: Ho-Oh|Brave Bird|p1b: Incineroar\n|-damage|p1b: Incineroar|0 fnt\n|faint|p1b: Incineroar\n|-damage|p2a: Ho-Oh|71/100|[from] Recoil\n|\n|-damage|p1a: Ursaluna|77/100 brn|[from] brn\n|upkeep\n|\n|t:|1746067036\n|switch|p1b: Lunala|Lunala, L50, tera:Fairy|19/100\n|turn|8\n|\n|t:|1746067043\n|move|p2b: Chien-Pao|Icicle Crash|p1a: Ursaluna\n|-supereffective|p1a: Ursaluna\n|-crit|p1a: Ursaluna\n|-damage|p1a: Ursaluna|0 fnt\n|faint|p1a: Ursaluna\n|move|p1b: Lunala|Moongeist Beam|p2a: Ho-Oh\n|-damage|p2a: Ho-Oh|40/100\n|move|p2a: Ho-Oh|Brave Bird|p1b: Lunala\n|-damage|p1b: Lunala|0 fnt\n|faint|p1b: Lunala\n|-damage|p2a: Ho-Oh|33/100|[from] Recoil\n|\n|win|chappell murkroan\n|raw|onya nurve's rating: 1339 &rarr; <strong>1318</strong><br />(-21 for losing)\n|raw|chappell murkroan's rating: 1322 &rarr; <strong>1343</strong><br />(+21 for winning)\n", "uploadtime": 1746067047, "views": 54, "formatid": "gen9vgc2025regibo3", "rating": 1318, "private": 0, "password": null}