{"id": "gen9vgc2025regibo3-2353657208", "format": "[Gen 9] VGC 2025 Reg I (Bo3)", "players": ["pantsuit", "Cyb3rstr4w"], "log": "|j|\u2606pantsuit\n|j|\u2606Cyb3rstr4w\n|html|<table width=\"100%\"><tr><td align=\"left\">pantsuit</td><td align=\"right\">Cyb3rstr4w</tr><tr><td align=\"left\"><i class=\"fa fa-circle-o\"></i> <i class=\"fa fa-circle-o\"></i> </td><td align=\"right\"><i class=\"fa fa-circle-o\"></i> <i class=\"fa fa-circle\"></i> </tr></table>\n|uhtml|bestof|<h2><strong>Game 2</strong> of <a href=\"/game-bestof3-gen9vgc2025regibo3-2353655047\">a best-of-3</a></h2>\n|t:|1745979866\n|gametype|doubles\n|player|p1|pantsuit|1|1327\n|player|p2|Cyb3rstr4w|pokemaniac|1311\n|teamsize|p1|6\n|teamsize|p2|6\n|gen|9\n|tier|[Gen 9] VGC 2025 Reg I (Bo3)\n|rated|\n|rule|Species Clause: Limit one of each Pok\u00e9mon\n|rule|Item Clause: Limit 1 of each item\n|clearpoke\n|poke|p1|Koraidon, L50|\n|poke|p1|Lunala, L50|\n|poke|p1|Chi-Yu, L50|\n|poke|p1|Indeedee-F, L50, F|\n|poke|p1|Brute Bonnet, L50|\n|poke|p1|Flutter Mane, L50|\n|poke|p2|Koraidon, L50|\n|poke|p2|Brute Bonnet, L50|\n|poke|p2|Raging Bolt, L50|\n|poke|p2|Incineroar, L50, M|\n|poke|p2|Iron Boulder, L50|\n|poke|p2|Calyrex-Shadow, L50|\n|teampreview|4\n|showteam|p1|Koraidon||LifeOrb|OrichalcumPulse|FlareBlitz,FlameCharge,CloseCombat,Protect||||||50|,,,,,Fire]Lunala||PowerHerb|ShadowShield|MoongeistBeam,MeteorBeam,WideGuard,ExpandingForce||||||50|,,,,,Water]Chi-Yu||ChoiceScarf|BeadsofRuin|Overheat,HeatWave,DarkPulse,Snarl||||||50|,,,,,Ghost]Indeedee-F||PsychicSeed|PsychicSurge|HelpingHand,FollowMe,Psychic,TrickRoom|||F|||50|,,,,,Fairy]Brute Bonnet||CovertCloak|Protosynthesis|SeedBomb,SuckerPunch,Spore,RagePowder||||||50|,,,,,Water]Flutter Mane||FocusSash|Protosynthesis|Moonblast,IcyWind,ShadowBall,Protect||||||50|,,,,,Normal\n|showteam|p2|Koraidon||LifeOrb|OrichalcumPulse|CloseCombat,FlareBlitz,FlameCharge,Protect||||||50|,,,,,Fire]Brute Bonnet||CovertCloak|Protosynthesis|Protect,SuckerPunch,Spore,RagePowder||||||50|,,,,,Water]Raging Bolt||AssaultVest|Protosynthesis|Thunderbolt,Thunderclap,DracoMeteor,Electroweb||||||50|,,,,,Fairy]Incineroar||SafetyGoggles|Intimidate|KnockOff,FlareBlitz,PartingShot,FakeOut|||M|||50|,,,,,Ghost]Iron Boulder||BoosterEnergy|QuarkDrive|Taunt,MightyCleave,SacredSword,Protect||||||50|,,,,,Grass]Calyrex-Shadow||FocusSash|AsOneSpectrier|AstralBarrage,Psychic,NastyPlot,Protect||||||50|,,,,,Ghost\n|inactive|Battle timer is ON: inactive players will automatically lose when time's up. (requested by Cyb3rstr4w)\n|\n|t:|1745979955\n|start\n|switch|p1a: Lunala|Lunala, L50|100/100\n|switch|p1b: Chi-Yu|Chi-Yu, L50|100/100\n|switch|p2a: Calyrex|Calyrex-Shadow, L50|100/100\n|switch|p2b: Iron Boulder|Iron Boulder, L50|100/100\n|-ability|p2a: Calyrex|As One\n|-ability|p2a: Calyrex|Unnerve\n|-ability|p1b: Chi-Yu|Beads of Ruin\n|-enditem|p2b: Iron Boulder|Booster Energy\n|-activate|p2b: Iron Boulder|ability: Quark Drive|[fromitem]\n|-start|p2b: Iron Boulder|quarkdrivespe\n|turn|1\n|inactive|pantsuit has 30 seconds left.\n|inactive|Cyb3rstr4w has 30 seconds left.\n|inactive|Cyb3rstr4w has 20 seconds left.\n|inactive|Cyb3rstr4w has 15 seconds left.\n|inactive|Cyb3rstr4w has 10 seconds left.\n|\n|t:|1745980003\n|-terastallize|p1b: Chi-Yu|Ghost\n|move|p1a: Lunala|Wide Guard|p1a: Lunala\n|-singleturn|p1a: Lunala|Wide Guard\n|move|p2b: Iron Boulder|Mighty Cleave|p1b: Chi-Yu\n|-damage|p1b: Chi-Yu|24/100\n|move|p1b: Chi-Yu|Snarl|p2b: Iron Boulder|[spread] p2a,p2b\n|-supereffective|p2a: Calyrex\n|-supereffective|p2b: Iron Boulder\n|-enditem|p2a: Calyrex|Focus Sash\n|-damage|p2a: Calyrex|1/100\n|-damage|p2b: Iron Boulder|38/100\n|-unboost|p2a: Calyrex|spa|1\n|-unboost|p2b: Iron Boulder|spa|1\n|move|p2a: Calyrex|Astral Barrage|p1a: Lunala|[spread] \n|-activate|p1a: Lunala|move: Wide Guard\n|-activate|p1b: Chi-Yu|move: Wide Guard\n|\n|upkeep\n|turn|2\n|inactive|Cyb3rstr4w has 30 seconds left.\n|inactive|Cyb3rstr4w has 20 seconds left.\n|inactive|Cyb3rstr4w has 15 seconds left.\n|\n|t:|1745980047\n|switch|p1b: Brute Bonnet|Brute Bonnet, L50|100/100\n|switch|p2a: Koraidon|Koraidon, L50|100/100\n|-weather|SunnyDay|[from] ability: Orichalcum Pulse|[of] p2a: Koraidon\n|-activate|p1b: Brute Bonnet|ability: Protosynthesis\n|-start|p1b: Brute Bonnet|protosynthesisdef\n|-activate|p2a: Koraidon|Orichalcum Pulse|[source]\n|move|p1a: Lunala|Wide Guard|p1a: Lunala\n|-singleturn|p1a: Lunala|Wide Guard\n|move|p2b: Iron Boulder|Mighty Cleave|p1b: Brute Bonnet\n|-damage|p1b: Brute Bonnet|78/100\n|\n|-weather|SunnyDay|[upkeep]\n|upkeep\n|turn|3\n|inactive|Cyb3rstr4w has 30 seconds left.\n|inactive|Cyb3rstr4w has 20 seconds left.\n|inactive|Cyb3rstr4w has 15 seconds left.\n|inactive|Cyb3rstr4w has 10 seconds left.\n|inactive|Cyb3rstr4w has 5 seconds left.\n|\n|t:|1745980098\n|switch|p2a: Incineroar|Incineroar, L50, M|100/100\n|-ability|p2a: Incineroar|Intimidate|boost\n|-unboost|p1a: Lunala|atk|1\n|-unboost|p1b: Brute Bonnet|atk|1\n|move|p1b: Brute Bonnet|Sucker Punch||[still]\n|-fail|p1b: Brute Bonnet\n|move|p2b: Iron Boulder|Taunt|p1a: Lunala\n|-start|p1a: Lunala|move: Taunt\n|move|p1a: Lunala|Moongeist Beam|p2a: Incineroar\n|-resisted|p2a: Incineroar\n|-damage|p2a: Incineroar|80/100\n|\n|-weather|SunnyDay|[upkeep]\n|upkeep\n|turn|4\n|\n|t:|1745980121\n|move|p2b: Iron Boulder|Sacred Sword|p1b: Brute Bonnet\n|-supereffective|p1b: Brute Bonnet\n|-damage|p1b: Brute Bonnet|51/100\n|move|p1a: Lunala|Meteor Beam||[still]\n|-prepare|p1a: Lunala|Meteor Beam\n|-boost|p1a: Lunala|spa|1\n|-enditem|p1a: Lunala|Power Herb\n|-anim|p1a: Lunala|Meteor Beam|p2a: Incineroar\n|-supereffective|p2a: Incineroar\n|-damage|p2a: Incineroar|0 fnt\n|faint|p2a: Incineroar\n|move|p1b: Brute Bonnet|Spore|p2b: Iron Boulder\n|-status|p2b: Iron Boulder|slp|[from] move: Spore\n|\n|-weather|SunnyDay|[upkeep]\n|upkeep\n|\n|t:|1745980132\n|switch|p2a: Calyrex|Calyrex-Shadow, L50|1/100\n|-ability|p2a: Calyrex|As One\n|-ability|p2a: Calyrex|Unnerve\n|turn|5\n|inactive|Cyb3rstr4w has 30 seconds left.\n|\n|t:|1745980164\n|switch|p2a: Koraidon|Koraidon, L50|100/100\n|-activate|p2a: Koraidon|ability: Orichalcum Pulse\n|move|p1b: Brute Bonnet|Sucker Punch||[still]\n|-fail|p1b: Brute Bonnet\n|cant|p2b: Iron Boulder|slp\n|move|p1a: Lunala|Moongeist Beam|p2b: Iron Boulder\n|-supereffective|p2b: Iron Boulder\n|-damage|p2b: Iron Boulder|0 fnt\n|faint|p2b: Iron Boulder\n|-end|p2b: Iron Boulder|Quark Drive|[silent]\n|\n|-weather|SunnyDay|[upkeep]\n|-end|p1a: Lunala|move: Taunt\n|upkeep\n|\n|t:|1745980169\n|switch|p2b: Calyrex|Calyrex-Shadow, L50|1/100\n|-ability|p2b: Calyrex|As One\n|-ability|p2b: Calyrex|Unnerve\n|turn|6\n|inactive|Cyb3rstr4w has 30 seconds left.\n|\n|t:|1745980200\n|-terastallize|p2a: Koraidon|Fire\n|move|p2b: Calyrex|Protect|p2b: Calyrex\n|-singleturn|p2b: Calyrex|Protect\n|move|p1b: Brute Bonnet|Sucker Punch||[still]\n|-fail|p1b: Brute Bonnet\n|move|p2a: Koraidon|Close Combat|p1b: Brute Bonnet\n|-supereffective|p1b: Brute Bonnet\n|-damage|p1b: Brute Bonnet|0 fnt\n|-unboost|p2a: Koraidon|def|1\n|-unboost|p2a: Koraidon|spd|1\n|faint|p1b: Brute Bonnet\n|-end|p1b: Brute Bonnet|Protosynthesis|[silent]\n|-damage|p2a: Koraidon|91/100|[from] item: Life Orb\n|move|p1a: Lunala|Moongeist Beam|p2a: Koraidon\n|-damage|p2a: Koraidon|0 fnt\n|faint|p2a: Koraidon\n|\n|-weather|none\n|upkeep\n|\n|t:|1745980220\n|switch|p1b: Chi-Yu|Chi-Yu, L50, tera:Ghost|24/100\n|-ability|p1b: Chi-Yu|Beads of Ruin\n|turn|7\n|\n|t:|1745980232\n|move|p1a: Lunala|Wide Guard|p1a: Lunala\n|-singleturn|p1a: Lunala|Wide Guard\n|move|p1b: Chi-Yu|Snarl|p2b: Calyrex\n|-supereffective|p2b: Calyrex\n|-damage|p2b: Calyrex|0 fnt\n|faint|p2b: Calyrex\n|\n|win|pantsuit\n||Cyb3rstr4w is ready for game 3.\n||pantsuit is ready for game 3.\n|uhtml|next|Next: <a href=\"/battle-gen9vgc2025regibo3-2353660167\"><strong>Game 3 of 3</strong></a>\n|l|\u2606pantsuit\n|player|p1|\n", "uploadtime": 1745980498, "views": 26, "formatid": "gen9vgc2025regibo3", "rating": null, "private": 0, "password": null}