{"id": "gen9vgc2025regibo3-2354470063", "format": "[Gen 9] VGC 2025 Reg I (Bo3)", "players": ["Rg67", "Vulpisfoglia"], "log": "|j|\u2606Rg67\n|j|\u2606Vulpisfoglia\n|html|<table width=\"100%\"><tr><td align=\"left\">Rg67</td><td align=\"right\">Vulpisfoglia</tr><tr><td align=\"left\"><i class=\"fa fa-circle-o\"></i> <i class=\"fa fa-circle-o\"></i> </td><td align=\"right\"><i class=\"fa fa-circle-o\"></i> <i class=\"fa fa-circle-o\"></i> </tr></table>\n|uhtml|bestof|<h2><strong>Game 1</strong> of <a href=\"/game-bestof3-gen9vgc2025regibo3-2354470062\">a best-of-3</a></h2>\n|t:|1746076716\n|gametype|doubles\n|player|p1|Rg67|nate|1193\n|player|p2|Vulpisfoglia|nancy|1163\n|teamsize|p1|6\n|teamsize|p2|6\n|gen|9\n|tier|[Gen 9] VGC 2025 Reg I (Bo3)\n|rated|\n|rule|Species Clause: Limit one of each Pok\u00e9mon\n|rule|Item Clause: Limit 1 of each item\n|clearpoke\n|poke|p1|Miraidon, L50|\n|poke|p1|Zamazenta-*, L50|\n|poke|p1|Volcarona, L50, F|\n|poke|p1|Grimmsnarl, L50, M|\n|poke|p1|Iron Hands, L50|\n|poke|p1|Ditto, L50|\n|poke|p2|Zamazenta-*, L50|\n|poke|p2|Miraidon, L50|\n|poke|p2|Iron Hands, L50|\n|poke|p2|Whimsicott, L50, F|\n|poke|p2|Farigiraf, L50, F|\n|poke|p2|Chi-Yu, L50|\n|teampreview|4\n|showteam|p1|Miraidon||ChoiceSpecs|HadronEngine|ElectroDrift,DracoMeteor,VoltSwitch,DazzlingGleam||||||50|,,,,,Fairy]Zamazenta-Crowned||RustedShield|DauntlessShield|BodyPress,behemothbash,WideGuard,Protect||||||50|,,,,,Dragon]Volcarona||SitrusBerry|FlameBody|QuiverDance,FieryDance,GigaDrain,Protect|||F|||50|,,,,,Grass]Grimmsnarl||CovertCloak|Prankster|FoulPlay,Reflect,LightScreen,ScaryFace|||M|||50|,,,,,Water]Iron Hands||AssaultVest|QuarkDrive|FakeOut,DrainPunch,HeavySlam,LowKick||||||50|,,,,,Bug]Ditto||FocusSash|Imposter|Transform||||||50|,,,,,Normal\n|showteam|p2|Zamazenta-Crowned||RustedShield|DauntlessShield|BodyPress,Protect,behemothbash,WideGuard||||||50|,,,,,Water]Miraidon||ChoiceSpecs|HadronEngine|ElectroDrift,DracoMeteor,DazzlingGleam,VoltSwitch||||||50|,,,,,Fairy]Iron Hands||AssaultVest|QuarkDrive|FakeOut,IcePunch,LowKick,WildCharge||||||50|,,,,,Water]Whimsicott||CovertCloak|Prankster|Moonblast,Tailwind,Encore,LightScreen|||F|||50|,,,,,Water]Farigiraf||ElectricSeed|ArmorTail|FoulPlay,Psychic,TrickRoom,HelpingHand|||F|||50|,,,,,Steel]Chi-Yu||ChoiceScarf|BeadsofRuin|HeatWave,Overheat,DarkPulse,Snarl||||||50|,,,,,Fire\n|\n|t:|1746076776\n|start\n|switch|p1a: Grimmsnarl|Grimmsnarl, L50, M|100/100\n|switch|p1b: Miraidon|Miraidon, L50|100/100\n|switch|p2a: \u7535\u5b50\u7ec8\u7ed3\u9f99|Miraidon, L50|100/100\n|switch|p2b: \u7279\u9c81|Iron Hands, L50|100/100\n|-fieldstart|move: Electric Terrain|[from] ability: Hadron Engine|[of] p2a: \u7535\u5b50\u7ec8\u7ed3\u9f99\n|-activate|p2b: \u7279\u9c81|ability: Quark Drive\n|-start|p2b: \u7279\u9c81|quarkdriveatk\n|-activate|p1b: Miraidon|ability: Hadron Engine\n|turn|1\n|\n|t:|1746076801\n|switch|p2a: \u6298\u539f\u9732\u9732|Farigiraf, L50, F|100/100\n|-enditem|p2a: \u6298\u539f\u9732\u9732|Electric Seed\n|-boost|p2a: \u6298\u539f\u9732\u9732|def|1|[from] item: Electric Seed\n|-terastallize|p1b: Miraidon|Fairy\n|move|p1a: Grimmsnarl|Light Screen|p1a: Grimmsnarl\n|-sidestart|p1: Rg67|move: Light Screen\n|move|p1b: Miraidon|Dazzling Gleam|p2a: \u6298\u539f\u9732\u9732|[spread] p2a,p2b\n|-supereffective|p2b: \u7279\u9c81\n|-damage|p2a: \u6298\u539f\u9732\u9732|51/100\n|-damage|p2b: \u7279\u9c81|31/100\n|move|p2b: \u7279\u9c81|Ice Punch|p1b: Miraidon\n|-damage|p1b: Miraidon|64/100\n|\n|upkeep\n|turn|2\n|\n|t:|1746076822\n|move|p1b: Miraidon|Dazzling Gleam|p2a: \u6298\u539f\u9732\u9732|[spread] p2a,p2b\n|-supereffective|p2b: \u7279\u9c81\n|-damage|p2a: \u6298\u539f\u9732\u9732|5/100\n|-damage|p2b: \u7279\u9c81|0 fnt\n|faint|p2b: \u7279\u9c81\n|-end|p2b: \u7279\u9c81|Quark Drive|[silent]\n|move|p1a: Grimmsnarl|Foul Play|p2a: \u6298\u539f\u9732\u9732\n|-supereffective|p2a: \u6298\u539f\u9732\u9732\n|-damage|p2a: \u6298\u539f\u9732\u9732|0 fnt\n|faint|p2a: \u6298\u539f\u9732\u9732\n|\n|upkeep\n|\n|t:|1746076828\n|switch|p2a: \u739b\u4fee\u00b7\u57fa\u5217\u83b1\u7279|Zamazenta-Crowned, L50|100/100\n|switch|p2b: \u7535\u5b50\u7ec8\u7ed3\u9f99|Miraidon, L50|100/100\n|-activate|p2b: \u7535\u5b50\u7ec8\u7ed3\u9f99|ability: Hadron Engine\n|-ability|p2a: \u739b\u4fee\u00b7\u57fa\u5217\u83b1\u7279|Dauntless Shield|boost\n|-boost|p2a: \u739b\u4fee\u00b7\u57fa\u5217\u83b1\u7279|def|1\n|turn|3\n|\n|t:|1746076842\n|switch|p1b: Volcarona|Volcarona, L50, F|100/100\n|move|p1a: Grimmsnarl|Scary Face|p2b: \u7535\u5b50\u7ec8\u7ed3\u9f99\n|-unboost|p2b: \u7535\u5b50\u7ec8\u7ed3\u9f99|spe|2\n|move|p2a: \u739b\u4fee\u00b7\u57fa\u5217\u83b1\u7279|Behemoth Bash|p1a: Grimmsnarl\n|-supereffective|p1a: Grimmsnarl\n|-damage|p1a: Grimmsnarl|29/100\n|move|p2b: \u7535\u5b50\u7ec8\u7ed3\u9f99|Electro Drift|p1b: Volcarona\n|-damage|p1b: Volcarona|12/100\n|-enditem|p1b: Volcarona|Sitrus Berry|[eat]\n|-heal|p1b: Volcarona|37/100|[from] item: Sitrus Berry\n|\n|upkeep\n|turn|4\n|\n|t:|1746076867\n|move|p1a: Grimmsnarl|Reflect|p1a: Grimmsnarl\n|-sidestart|p1: Rg67|Reflect\n|move|p2a: \u739b\u4fee\u00b7\u57fa\u5217\u83b1\u7279|Behemoth Bash|p1a: Grimmsnarl\n|-supereffective|p1a: Grimmsnarl\n|-damage|p1a: Grimmsnarl|0 fnt\n|faint|p1a: Grimmsnarl\n|move|p1b: Volcarona|Fiery Dance|p2a: \u739b\u4fee\u00b7\u57fa\u5217\u83b1\u7279\n|-supereffective|p2a: \u739b\u4fee\u00b7\u57fa\u5217\u83b1\u7279\n|-damage|p2a: \u739b\u4fee\u00b7\u57fa\u5217\u83b1\u7279|52/100\n|move|p2b: \u7535\u5b50\u7ec8\u7ed3\u9f99|Electro Drift|p1b: Volcarona\n|-damage|p1b: Volcarona|0 fnt\n|-status|p2b: \u7535\u5b50\u7ec8\u7ed3\u9f99|brn|[from] ability: Flame Body|[of] p1b: Volcarona\n|faint|p1b: Volcarona\n|\n|-damage|p2b: \u7535\u5b50\u7ec8\u7ed3\u9f99|94/100 brn|[from] brn\n|upkeep\n|\n|t:|1746076889\n|switch|p1b: Ditto|Ditto, L50|100/100\n|switch|p1a: Miraidon|Miraidon, L50, tera:Fairy|64/100\n|-activate|p1a: Miraidon|ability: Hadron Engine\n|-transform|p1b: Ditto|p2a: \u739b\u4fee\u00b7\u57fa\u5217\u83b1\u7279|[from] ability: Imposter\n|-ability|p1b: Ditto|Dauntless Shield|boost\n|-boost|p1b: Ditto|def|1\n|turn|5\n|\n|t:|1746076904\n|-terastallize|p2b: \u7535\u5b50\u7ec8\u7ed3\u9f99|Fairy\n|move|p2a: \u739b\u4fee\u00b7\u57fa\u5217\u83b1\u7279|Protect|p2a: \u739b\u4fee\u00b7\u57fa\u5217\u83b1\u7279\n|-singleturn|p2a: \u739b\u4fee\u00b7\u57fa\u5217\u83b1\u7279|Protect\n|move|p1a: Miraidon|Electro Drift|p2a: \u739b\u4fee\u00b7\u57fa\u5217\u83b1\u7279\n|-activate|p2a: \u739b\u4fee\u00b7\u57fa\u5217\u83b1\u7279|move: Protect\n|move|p1b: Ditto|Body Press|p2b: \u7535\u5b50\u7ec8\u7ed3\u9f99\n|-resisted|p2b: \u7535\u5b50\u7ec8\u7ed3\u9f99\n|-damage|p2b: \u7535\u5b50\u7ec8\u7ed3\u9f99|53/100 brn\n|move|p2b: \u7535\u5b50\u7ec8\u7ed3\u9f99|Electro Drift|p1a: Miraidon\n|-damage|p1a: Miraidon|0 fnt\n|faint|p1a: Miraidon\n|\n|-damage|p2b: \u7535\u5b50\u7ec8\u7ed3\u9f99|47/100 brn|[from] brn\n|-sideend|p1: Rg67|move: Light Screen\n|-fieldend|move: Electric Terrain\n|upkeep\n|turn|6\n|\n|t:|1746076925\n|move|p2a: \u739b\u4fee\u00b7\u57fa\u5217\u83b1\u7279|Body Press|p1b: Ditto\n|-supereffective|p1b: Ditto\n|-damage|p1b: Ditto|70/100\n|move|p1b: Ditto|Body Press|p2a: \u739b\u4fee\u00b7\u57fa\u5217\u83b1\u7279\n|-supereffective|p2a: \u739b\u4fee\u00b7\u57fa\u5217\u83b1\u7279\n|-damage|p2a: \u739b\u4fee\u00b7\u57fa\u5217\u83b1\u7279|0 fnt\n|faint|p2a: \u739b\u4fee\u00b7\u57fa\u5217\u83b1\u7279\n|move|p2b: \u7535\u5b50\u7ec8\u7ed3\u9f99|Electro Drift|p1b: Ditto\n|-damage|p1b: Ditto|5/100\n|\n|-damage|p2b: \u7535\u5b50\u7ec8\u7ed3\u9f99|41/100 brn|[from] brn\n|upkeep\n|turn|7\n|\n|t:|1746076940\n|move|p1b: Ditto|Protect|p1b: Ditto\n|-singleturn|p1b: Ditto|Protect\n|move|p2b: \u7535\u5b50\u7ec8\u7ed3\u9f99|Electro Drift|p1b: Ditto\n|-activate|p1b: Ditto|move: Protect\n|\n|-damage|p2b: \u7535\u5b50\u7ec8\u7ed3\u9f99|35/100 brn|[from] brn\n|upkeep\n|turn|8\n|\n|t:|1746076952\n|move|p1b: Ditto|Behemoth Bash|p2b: \u7535\u5b50\u7ec8\u7ed3\u9f99\n|-supereffective|p2b: \u7535\u5b50\u7ec8\u7ed3\u9f99\n|-crit|p2b: \u7535\u5b50\u7ec8\u7ed3\u9f99\n|-damage|p2b: \u7535\u5b50\u7ec8\u7ed3\u9f99|0 fnt\n|faint|p2b: \u7535\u5b50\u7ec8\u7ed3\u9f99\n|\n|win|Rg67\n||Vulpisfoglia is ready for game 2.\n||Rg67 is ready for game 2.\n|uhtml|next|Next: <a href=\"/battle-gen9vgc2025regibo3-2354471441\"><strong>Game 2 of 3</strong></a>\n", "uploadtime": 1746077312, "views": 7, "formatid": "gen9vgc2025regibo3", "rating": null, "private": 0, "password": null}