{"id": "gen9vgc2025regibo3-2354972754", "format": "[Gen 9] VGC 2025 Reg I (Bo3)", "players": ["underratedbanana", "sjouko"], "log": "|j|\u2606underratedbanana\n|j|\u2606sjouko\n|html|<table width=\"100%\"><tr><td align=\"left\">underratedbanana</td><td align=\"right\">sjouko</tr><tr><td align=\"left\"><i class=\"fa fa-circle\"></i> <i class=\"fa fa-circle-o\"></i> </td><td align=\"right\"><i class=\"fa fa-circle-o\"></i> <i class=\"fa fa-circle-o\"></i> </tr></table>\n|uhtml|bestof|<h2><strong>Game 2</strong> of <a href=\"/game-bestof3-gen9vgc2025regibo3-2354970496\">a best-of-3</a></h2>\n|t:|1746137349\n|gametype|doubles\n|player|p1|underratedbanana|psychic|1066\n|player|p2|sjouko|265|1116\n|teamsize|p1|6\n|teamsize|p2|6\n|gen|9\n|tier|[Gen 9] VGC 2025 Reg I (Bo3)\n|rated|\n|rule|Species Clause: Limit one of each Pok\u00e9mon\n|rule|Item Clause: Limit 1 of each item\n|clearpoke\n|poke|p1|Groudon, L50|\n|poke|p1|Calyrex-Shadow, L50|\n|poke|p1|Walking Wake, L50|\n|poke|p1|Flutter Mane, L50|\n|poke|p1|Rillaboom, L50, F|\n|poke|p1|Chi-Yu, L50|\n|poke|p2|Miraidon, L50|\n|poke|p2|Koraidon, L50|\n|poke|p2|Ogerpon-Cornerstone, L50, F|\n|poke|p2|Incineroar, L50, M|\n|poke|p2|Raichu, L50, F|\n|poke|p2|Flutter Mane, L50|\n|teampreview|4\n|showteam|p1|Groudon||ClearAmulet|Drought|PrecipiceBlades,ThunderPunch,HeatCrash,Protect||||||50|,,,,,Fire]Calyrex-Shadow||LifeOrb|AsOneSpectrier|AstralBarrage,Psychic,Protect,WillOWisp||||||50|,,,,,Fairy]Walking Wake||ChoiceScarf|Protosynthesis|DragonPulse,HydroSteam,DracoMeteor,Flamethrower||||||50|,,,,,Water]Flutter Mane||BoosterEnergy|Protosynthesis|ThunderWave,DazzlingGleam,IcyWind,Taunt||||||50|,,,,,Fairy]Rillaboom||AssaultVest|GrassySurge|FakeOut,Uturn,GrassyGlide,KnockOff|||F|||50|,,,,,Fire]Chi-Yu||FocusSash|BeadsofRuin|Flamethrower,DarkPulse,HeatWave,Protect||||||50|,,,,,Ghost\n|showteam|p2|Miraidon||ChoiceSpecs|HadronEngine|DazzlingGleam,VoltSwitch,ElectroDrift,DracoMeteor||||||50|,,,,,Electric]Koraidon||ClearAmulet|OrichalcumPulse|CloseCombat,Protect,FlareBlitz,FlameCharge||||||50|,,,,,Fire]Ogerpon-Cornerstone||CornerstoneMask|Sturdy|HornLeech,IvyCudgel,SpikyShield,FollowMe|||F|||50|,,,,,Rock]Incineroar||SafetyGoggles|Intimidate|FakeOut,KnockOff,PartingShot,FlareBlitz|||M|||50|,,,,,Ghost]Raichu||AssaultVest|LightningRod|Electroweb,Endeavor,FakeOut,Nuzzle|||F|||50|,,,,,Grass]Flutter Mane||FocusSash|Protosynthesis|Moonblast,Protect,ShadowBall,IcyWind||||||50|,,,,,Fairy\n|inactive|Battle timer is ON: inactive players will automatically lose when time's up. (requested by sjouko)\n|\n|t:|1746137422\n|start\n|switch|p1a: Calyrex|Calyrex-Shadow, L50|100/100\n|switch|p1b: Walking Wake|Walking Wake, L50|100/100\n|switch|p2a: Koraidon|Koraidon, L50|100/100\n|switch|p2b: Flutter Mane|Flutter Mane, L50|100/100\n|-ability|p1a: Calyrex|As One\n|-ability|p1a: Calyrex|Unnerve\n|-weather|SunnyDay|[from] ability: Orichalcum Pulse|[of] p2a: Koraidon\n|-activate|p1b: Walking Wake|ability: Protosynthesis\n|-start|p1b: Walking Wake|protosynthesisspa\n|-activate|p2b: Flutter Mane|ability: Protosynthesis\n|-start|p2b: Flutter Mane|protosynthesisspe\n|-activate|p2a: Koraidon|Orichalcum Pulse|[source]\n|turn|1\n|inactive|underratedbanana has 30 seconds left.\n|inactive|sjouko has 30 seconds left.\n|\n|t:|1746137455\n|move|p1a: Calyrex|Protect|p1a: Calyrex\n|-singleturn|p1a: Calyrex|Protect\n|move|p2a: Koraidon|Protect|p2a: Koraidon\n|-singleturn|p2a: Koraidon|Protect\n|move|p2b: Flutter Mane|Moonblast|p1b: Walking Wake\n|-supereffective|p1b: Walking Wake\n|-damage|p1b: Walking Wake|0 fnt\n|faint|p1b: Walking Wake\n|-end|p1b: Walking Wake|Protosynthesis|[silent]\n|\n|-weather|SunnyDay|[upkeep]\n|upkeep\n|\n|t:|1746137464\n|switch|p1b: Groudon|Groudon, L50|100/100\n|turn|2\n|\n|t:|1746137482\n|move|p2b: Flutter Mane|Shadow Ball|p1a: Calyrex\n|-supereffective|p1a: Calyrex\n|-damage|p1a: Calyrex|0 fnt\n|faint|p1a: Calyrex\n|move|p2a: Koraidon|Flare Blitz|p1b: Groudon\n|-damage|p1b: Groudon|48/100\n|-damage|p2a: Koraidon|80/100|[from] Recoil\n|move|p1b: Groudon|Precipice Blades|p2b: Flutter Mane|[spread] p2b\n|-miss|p1b: Groudon|p2a: Koraidon\n|-enditem|p2b: Flutter Mane|Focus Sash\n|-damage|p2b: Flutter Mane|1/100\n|\n|-weather|SunnyDay|[upkeep]\n|upkeep\n|\n|t:|1746137485\n|switch|p1a: Rillaboom|Rillaboom, L50, F|100/100\n|-fieldstart|move: Grassy Terrain|[from] ability: Grassy Surge|[of] p1a: Rillaboom\n|turn|3\n|\n|t:|1746137495\n|move|p2b: Flutter Mane|Protect|p2b: Flutter Mane\n|-singleturn|p2b: Flutter Mane|Protect\n|move|p2a: Koraidon|Protect|p2a: Koraidon\n|-singleturn|p2a: Koraidon|Protect\n|move|p1a: Rillaboom|Grassy Glide|p2b: Flutter Mane\n|-activate|p2b: Flutter Mane|move: Protect\n|move|p1b: Groudon|Precipice Blades|p2b: Flutter Mane|[spread] \n|-activate|p2a: Koraidon|move: Protect\n|-activate|p2b: Flutter Mane|move: Protect\n|\n|-weather|SunnyDay|[upkeep]\n|-heal|p2b: Flutter Mane|7/100|[from] Grassy Terrain\n|-heal|p2a: Koraidon|86/100|[from] Grassy Terrain\n|-heal|p1b: Groudon|54/100|[from] Grassy Terrain\n|upkeep\n|turn|4\n|\n|t:|1746137514\n|-end|p2b: Flutter Mane|Protosynthesis|[silent]\n|switch|p2b: Ogerpon|Ogerpon-Cornerstone, L50, F|100/100\n|-terastallize|p1a: Rillaboom|Fire\n|move|p1a: Rillaboom|Grassy Glide|p2b: Ogerpon\n|-damage|p2b: Ogerpon|48/100\n|move|p2a: Koraidon|Flare Blitz|p1a: Rillaboom\n|-resisted|p1a: Rillaboom\n|-damage|p1a: Rillaboom|62/100\n|-damage|p2a: Koraidon|71/100|[from] Recoil\n|move|p1b: Groudon|Precipice Blades|p2b: Ogerpon|[spread] p2a,p2b\n|-damage|p2a: Koraidon|24/100\n|-damage|p2b: Ogerpon|0 fnt\n|faint|p2b: Ogerpon\n|\n|-weather|SunnyDay|[upkeep]\n|-heal|p2a: Koraidon|30/100|[from] Grassy Terrain\n|-heal|p1b: Groudon|60/100|[from] Grassy Terrain\n|-heal|p1a: Rillaboom|68/100|[from] Grassy Terrain\n|upkeep\n|\n|t:|1746137530\n|switch|p2b: Miraidon|Miraidon, L50|100/100\n|-fieldstart|move: Electric Terrain|[from] ability: Hadron Engine|[of] p2b: Miraidon\n|turn|5\n|\n|t:|1746137553\n|move|p2a: Koraidon|Flare Blitz|p1b: Groudon\n|-damage|p1b: Groudon|1/100\n|-damage|p2a: Koraidon|7/100|[from] Recoil\n|move|p2b: Miraidon|Draco Meteor|p1a: Rillaboom\n|-damage|p1a: Rillaboom|0 fnt\n|-unboost|p2b: Miraidon|spa|2\n|faint|p1a: Rillaboom\n|move|p1b: Groudon|Precipice Blades|p2a: Koraidon|[spread] p2b\n|-miss|p1b: Groudon|p2a: Koraidon\n|-supereffective|p2b: Miraidon\n|-damage|p2b: Miraidon|0 fnt\n|faint|p2b: Miraidon\n|\n|-weather|none\n|upkeep\n|\n|t:|1746137560\n|switch|p2b: Flutter Mane|Flutter Mane, L50|7/100\n|turn|6\n|-message|underratedbanana forfeited.\n|\n|win|sjouko\n|l|\u2606underratedbanana\n|player|p1|\n||underratedbanana is ready for game 3.\n||sjouko is ready for game 3.\n|uhtml|next|Next: <a href=\"/battle-gen9vgc2025regibo3-2354974712\"><strong>Game 3 of 3</strong></a>\n", "uploadtime": 1746137928, "views": 4, "formatid": "gen9vgc2025regibo3", "rating": null, "private": 0, "password": null}