{"id": "gen9vgc2025regibo3-2353695782", "format": "[Gen 9] VGC 2025 Reg I (Bo3)", "players": ["We_Are_Toasted", "DiamondNate"], "log": "|j|\u2606We_Are_Toasted\n|j|\u2606DiamondNate\n|html|<table width=\"100%\"><tr><td align=\"left\">We_Are_Toasted</td><td align=\"right\">DiamondNate</tr><tr><td align=\"left\"><i class=\"fa fa-circle\"></i> <i class=\"fa fa-circle-o\"></i> </td><td align=\"right\"><i class=\"fa fa-circle-o\"></i> <i class=\"fa fa-circle-o\"></i> </tr></table>\n|uhtml|bestof|<h2><strong>Game 2</strong> of <a href=\"/game-bestof3-gen9vgc2025regibo3-2353694233\">a best-of-3</a></h2>\n|t:|1745984803\n|gametype|doubles\n|player|p1|We_Are_Toasted|larry|1194\n|player|p2|DiamondNate|acetrainerf-gen4dp|1134\n|teamsize|p1|6\n|teamsize|p2|6\n|gen|9\n|tier|[Gen 9] VGC 2025 Reg I (Bo3)\n|rated|\n|rule|Species Clause: Limit one of each Pok\u00e9mon\n|rule|Item Clause: Limit 1 of each item\n|clearpoke\n|poke|p1|Miraidon, L50|\n|poke|p1|Grimmsnarl, L50, M|\n|poke|p1|Iron Hands, L50|\n|poke|p1|Lunala, L50|\n|poke|p1|Chi-Yu, L50|\n|poke|p1|Ursaluna, L50, M|\n|poke|p2|Miraidon, L50|\n|poke|p2|Flutter Mane, L50|\n|poke|p2|Kyogre, L50|\n|poke|p2|Tornadus, L50, M|\n|poke|p2|Farigiraf, L50, M|\n|poke|p2|Ogerpon-Hearthflame, L50, F|\n|teampreview|4\n|showteam|p1|Miraidon||ChoiceSpecs|HadronEngine|VoltSwitch,DracoMeteor,ElectroDrift,DazzlingGleam||||||50|,,,,,Fairy]Grimmsnarl||LightClay|Prankster|LightScreen,Reflect,ThunderWave,SpiritBreak|||M|||50|,,,,,Ghost]Iron Hands||AssaultVest|QuarkDrive|DrainPunch,FakeOut,WildCharge,LowKick||||||50|,,,,,Bug]Lunala||PowerHerb|ShadowShield|MoongeistBeam,MeteorBeam,WideGuard,TrickRoom||||||50|,,,,,Water]Chi-Yu||ChoiceScarf|BeadsofRuin|Snarl,HeatWave,DarkPulse,Overheat||||||50|,,,,,Ghost]Ursaluna||FlameOrb|Guts|Facade,HeadlongRush,Earthquake,Protect|||M|||50|,,,,,Ghost\n|showteam|p2|Miraidon||ChoiceSpecs|HadronEngine|ElectroDrift,DragonPulse,VoltSwitch,DazzlingGleam||||||50|,,,,,Fairy]Flutter Mane||BoosterEnergy|Protosynthesis|Moonblast,IcyWind,Taunt,Protect||||||50|,,,,,Fairy]Kyogre||ChoiceScarf|Drizzle|WaterSpout,IceBeam,TeraBlast,Thunder||||||50|,,,,,Water]Tornadus||CovertCloak|Prankster|BleakwindStorm,Tailwind,RainDance,Protect|||M|||50|,,,,,Dark]Farigiraf||ElectricSeed|ArmorTail|FoulPlay,TrickRoom,Imprison,Protect|||M|||50|,,,,,Water]Ogerpon-Hearthflame||HearthflameMask|MoldBreaker|IvyCudgel,HornLeech,FollowMe,SpikyShield|||F|||50|,,,,,Fire\n|inactive|Battle timer is ON: inactive players will automatically lose when time's up. (requested by We_Are_Toasted)\n|\n|t:|1745984847\n|start\n|switch|p1a: Lunala|Lunala, L50|100/100\n|switch|p1b: Grimmsnarl|Grimmsnarl, L50, M|100/100\n|switch|p2a: Miraidon|Miraidon, L50|100/100\n|switch|p2b: Ogerpon|Ogerpon-Hearthflame, L50, F|100/100\n|-fieldstart|move: Electric Terrain|[from] ability: Hadron Engine|[of] p2a: Miraidon\n|-ability|p2b: Ogerpon|Mold Breaker\n|turn|1\n|\n|t:|1745984870\n|-terastallize|p2b: Ogerpon|Fire\n|detailschange|p2b: Ogerpon|Ogerpon-Hearthflame-Tera, L50, F, tera:Fire\n|-ability|p2b: Ogerpon|Embody Aspect (Hearthflame)|boost\n|-boost|p2b: Ogerpon|atk|1\n|move|p1b: Grimmsnarl|Light Screen|p1b: Grimmsnarl\n|-sidestart|p1: We_Are_Toasted|move: Light Screen\n|move|p2a: Miraidon|Electro Drift|p1a: Lunala\n|-damage|p1a: Lunala|69/100\n|move|p2b: Ogerpon|Ivy Cudgel|p1a: Lunala|[anim] Ivy Cudgel Fire\n|-damage|p1a: Lunala|0 fnt\n|faint|p1a: Lunala\n|\n|upkeep\n|\n|t:|1745984883\n|switch|p1a: Miraidon|Miraidon, L50|100/100\n|-activate|p1a: Miraidon|ability: Hadron Engine\n|turn|2\n|inactive|We_Are_Toasted has 30 seconds left.\n|\n|t:|1745984916\n|switch|p1b: Brian Hands|Iron Hands, L50|100/100\n|-activate|p1b: Brian Hands|ability: Quark Drive\n|-start|p1b: Brian Hands|quarkdriveatk\n|move|p2b: Ogerpon|Spiky Shield|p2b: Ogerpon\n|-singleturn|p2b: Ogerpon|move: Protect\n|move|p2a: Miraidon|Electro Drift|p1b: Brian Hands\n|-resisted|p1b: Brian Hands\n|-damage|p1b: Brian Hands|79/100\n|move|p1a: Miraidon|Volt Switch|p2b: Ogerpon\n|-activate|p2b: Ogerpon|move: Protect\n|\n|upkeep\n|turn|3\n|inactive|We_Are_Toasted has 30 seconds left.\n|\n|t:|1745984945\n|move|p2a: Miraidon|Electro Drift|p1b: Brian Hands\n|-resisted|p1b: Brian Hands\n|-damage|p1b: Brian Hands|55/100\n|move|p1a: Miraidon|Volt Switch|p2b: Ogerpon\n|-damage|p2b: Ogerpon|0 fnt\n|faint|p2b: Ogerpon\n|\n|t:|1745984949\n|switch|p1a: Grimmsnarl|Grimmsnarl, L50, M|100/100|[from] Volt Switch\n|move|p1b: Brian Hands|Low Kick|p2a: Miraidon\n|-damage|p2a: Miraidon|15/100\n|\n|upkeep\n|\n|t:|1745984960\n|switch|p2b: Kyogre|Kyogre, L50|100/100\n|-weather|RainDance|[from] ability: Drizzle|[of] p2b: Kyogre\n|turn|4\n|\n|t:|1745984977\n|move|p1a: Grimmsnarl|Thunder Wave|p2b: Kyogre|[miss]\n|-miss|p1a: Grimmsnarl|p2b: Kyogre\n|move|p2b: Kyogre|Water Spout|p1a: Grimmsnarl|[spread] p1a,p1b\n|-damage|p1a: Grimmsnarl|44/100\n|-damage|p1b: Brian Hands|23/100\n|move|p2a: Miraidon|Electro Drift|p1a: Grimmsnarl\n|-damage|p1a: Grimmsnarl|0 fnt\n|faint|p1a: Grimmsnarl\n|move|p1b: Brian Hands|Wild Charge|p2b: Kyogre\n|-supereffective|p2b: Kyogre\n|-damage|p2b: Kyogre|0 fnt\n|faint|p2b: Kyogre\n|-damage|p1b: Brian Hands|5/100|[from] Recoil\n|\n|-weather|RainDance|[upkeep]\n|upkeep\n|\n|t:|1745984987\n|switch|p2b: Flutter Mane|Flutter Mane, L50|100/100\n|switch|p1a: Miraidon|Miraidon, L50|100/100\n|-activate|p1a: Miraidon|ability: Hadron Engine\n|-enditem|p2b: Flutter Mane|Booster Energy\n|-activate|p2b: Flutter Mane|ability: Protosynthesis|[fromitem]\n|-start|p2b: Flutter Mane|protosynthesisspe\n|turn|5\n|inactive|We_Are_Toasted has 30 seconds left.\n|inactive|DiamondNate has 30 seconds left.\n|\n|t:|1745985022\n|-terastallize|p1a: Miraidon|Fairy\n|move|p2b: Flutter Mane|Protect|p2b: Flutter Mane\n|-singleturn|p2b: Flutter Mane|Protect\n|move|p2a: Miraidon|Electro Drift|p1b: Brian Hands\n|-resisted|p1b: Brian Hands\n|-damage|p1b: Brian Hands|0 fnt\n|faint|p1b: Brian Hands\n|-end|p1b: Brian Hands|Quark Drive|[silent]\n|move|p1a: Miraidon|Dazzling Gleam|p2a: Miraidon|[spread] p2a\n|-activate|p2b: Flutter Mane|move: Protect\n|-supereffective|p2a: Miraidon\n|-damage|p2a: Miraidon|0 fnt\n|faint|p2a: Miraidon\n|\n|-weather|RainDance|[upkeep]\n|-fieldend|move: Electric Terrain\n|upkeep\n|turn|6\n|\n|t:|1745985032\n|move|p2b: Flutter Mane|Moonblast|p1a: Miraidon\n|-damage|p1a: Miraidon|74/100\n|-unboost|p1a: Miraidon|spa|1\n|move|p1a: Miraidon|Dazzling Gleam|p2b: Flutter Mane\n|-damage|p2b: Flutter Mane|59/100\n|\n|-weather|RainDance|[upkeep]\n|upkeep\n|turn|7\n|\n|t:|1745985046\n|move|p2b: Flutter Mane|Protect|p2b: Flutter Mane\n|-singleturn|p2b: Flutter Mane|Protect\n|move|p1a: Miraidon|Dazzling Gleam|p2b: Flutter Mane\n|-activate|p2b: Flutter Mane|move: Protect\n|\n|-weather|RainDance|[upkeep]\n|upkeep\n|turn|8\n|\n|t:|1745985050\n|move|p2b: Flutter Mane|Moonblast|p1a: Miraidon\n|-damage|p1a: Miraidon|47/100\n|move|p1a: Miraidon|Dazzling Gleam|p2b: Flutter Mane\n|-damage|p2b: Flutter Mane|16/100\n|\n|-weather|none\n|-sideend|p1: We_Are_Toasted|move: Light Screen\n|upkeep\n|turn|9\n|\n|t:|1745985058\n|move|p2b: Flutter Mane|Moonblast|p1a: Miraidon\n|-damage|p1a: Miraidon|7/100\n|move|p1a: Miraidon|Dazzling Gleam|p2b: Flutter Mane\n|-damage|p2b: Flutter Mane|0 fnt\n|faint|p2b: Flutter Mane\n|-end|p2b: Flutter Mane|Protosynthesis|[silent]\n|\n|win|We_Are_Toasted\n|raw|We_Are_Toasted's rating: 1194 &rarr; <strong>1215</strong><br />(+21 for winning)\n|raw|DiamondNate's rating: 1134 &rarr; <strong>1113</strong><br />(-21 for losing)\n", "uploadtime": 1745985064, "views": 18, "formatid": "gen9vgc2025regibo3", "rating": 1113, "private": 0, "password": null}