{"id": "gen9vgc2025regibo3-2353376333", "format": "[Gen 9] VGC 2025 Reg I (Bo3)", "players": ["Solunex", "tryson69"], "log": "|j|\u203dSolunex\n|j|\u2606tryson69\n|html|<table width=\"100%\"><tr><td align=\"left\">Solunex</td><td align=\"right\">tryson69</tr><tr><td align=\"left\"><i class=\"fa fa-circle-o\"></i> <i class=\"fa fa-circle-o\"></i> </td><td align=\"right\"><i class=\"fa fa-circle-o\"></i> <i class=\"fa fa-circle-o\"></i> </tr></table>\n|uhtml|bestof|<h2><strong>Game 1</strong> of <a href=\"/game-bestof3-gen9vgc2025regibo3-2353376332\">a best-of-3</a></h2>\n|t:|1745950644\n|gametype|doubles\n|player|p1|Solunex|2|1168\n|player|p2|tryson69|1|1071\n|teamsize|p1|6\n|teamsize|p2|6\n|gen|9\n|tier|[Gen 9] VGC 2025 Reg I (Bo3)\n|rated|\n|rule|Species Clause: Limit one of each Pok\u00e9mon\n|rule|Item Clause: Limit 1 of each item\n|clearpoke\n|poke|p1|Tornadus, L50, M|\n|poke|p1|Kyogre, L50|\n|poke|p1|Zacian-*, L50|\n|poke|p1|Amoonguss, L50, F|\n|poke|p1|Urshifu-*, L50, F|\n|poke|p1|Incineroar, L50, M|\n|poke|p2|Lunala, L50|\n|poke|p2|Koraidon, L50|\n|poke|p2|Grimmsnarl, L50, M|\n|poke|p2|Sneasler, L50, M|\n|poke|p2|Flutter Mane, L50|\n|poke|p2|Ogerpon-Wellspring, L50, F|\n|teampreview|4\n|showteam|p1|Tornadus||FocusSash|Prankster|Hurricane,IcyWind,Tailwind,Protect|||M|||50|,,,,,Dark]Kyogre||MysticWater|Drizzle|WaterSpout,OriginPulse,IceBeam,Protect||||||50|,,,,,Grass]Zacian-Crowned||RustedSword|IntrepidSword|behemothblade,PlayRough,Crunch,Protect||||||50|,,,,,Dragon]Amoonguss||RockyHelmet|EffectSpore|PollenPuff,Spore,RagePowder,Protect|||F|||50|,,,,,Water]Urshifu-Rapid-Strike||ChoiceScarf|UnseenFist|SurgingStrikes,CloseCombat,Coaching,Uturn|||F|||50|,,,,,Ghost]Incineroar||AssaultVest|Intimidate|FlareBlitz,KnockOff,FakeOut,Uturn|||M|||50|,,,,,Ghost\n|showteam|p2|Lunala||PowerHerb|ShadowShield|MoongeistBeam,MeteorBeam,WideGuard,DazzlingGleam||||||50|,,,,,Fairy]Koraidon||ClearAmulet|OrichalcumPulse|CollisionCourse,FlareBlitz,FlameCharge,Protect||||||50|,,,,,Fire]Grimmsnarl||LightClay|Prankster|LightScreen,Reflect,SpiritBreak,ThunderWave|||M|||50|,,,,,Ghost]Sneasler||FocusSash|Unburden|CloseCombat,FakeOut,DireClaw,Protect|||M|||50|,,,,,Fighting]Flutter Mane||EjectButton|Protosynthesis|Moonblast,ShadowBall,IcyWind,Protect||||||50|,,,,,Fairy]Ogerpon-Wellspring||WellspringMask|WaterAbsorb|IvyCudgel,HornLeech,FollowMe,SpikyShield|||F|||50|,,,,,Water\n|inactive|Battle timer is ON: inactive players will automatically lose when time's up. (requested by Solunex)\n|\n|t:|1745950668\n|start\n|switch|p1a: Tornadus|Tornadus, L50, M|100/100\n|switch|p1b: Zacian|Zacian-Crowned, L50|100/100\n|switch|p2a: Grimmsnarl|Grimmsnarl, L50, M|100/100\n|switch|p2b: Lunala|Lunala, L50|100/100\n|-ability|p1b: Zacian|Intrepid Sword|boost\n|-boost|p1b: Zacian|atk|1\n|turn|1\n|\n|t:|1745950686\n|move|p1a: Tornadus|Tailwind|p1a: Tornadus\n|-sidestart|p1: Solunex|move: Tailwind\n|move|p2a: Grimmsnarl|Reflect|p2a: Grimmsnarl\n|-sidestart|p2: tryson69|Reflect\n|move|p1b: Zacian|Behemoth Blade|p2a: Grimmsnarl\n|-supereffective|p2a: Grimmsnarl\n|-damage|p2a: Grimmsnarl|0 fnt\n|faint|p2a: Grimmsnarl\n|move|p2b: Lunala|Meteor Beam||[still]\n|-prepare|p2b: Lunala|Meteor Beam\n|-boost|p2b: Lunala|spa|1\n|-enditem|p2b: Lunala|Power Herb\n|-anim|p2b: Lunala|Meteor Beam|p1a: Tornadus\n|-supereffective|p1a: Tornadus\n|-enditem|p1a: Tornadus|Focus Sash\n|-damage|p1a: Tornadus|1/100\n|\n|upkeep\n|\n|t:|1745950699\n|switch|p2a: Koraidon|Koraidon, L50|100/100\n|-weather|SunnyDay|[from] ability: Orichalcum Pulse|[of] p2a: Koraidon\n|-activate|p2a: Koraidon|Orichalcum Pulse|[source]\n|turn|2\n|\n|t:|1745950714\n|switch|p1a: Kyogre|Kyogre, L50|100/100\n|-weather|RainDance|[from] ability: Drizzle|[of] p1a: Kyogre\n|-terastallize|p2a: Koraidon|Fire\n|move|p1b: Zacian|Crunch|p2b: Lunala\n|-supereffective|p2b: Lunala\n|-damage|p2b: Lunala|52/100\n|move|p2a: Koraidon|Flare Blitz|p1b: Zacian\n|-supereffective|p1b: Zacian\n|-damage|p1b: Zacian|51/100\n|-damage|p2a: Koraidon|87/100|[from] Recoil\n|move|p2b: Lunala|Dazzling Gleam|p1b: Zacian|[spread] p1a,p1b\n|-resisted|p1b: Zacian\n|-crit|p1b: Zacian\n|-damage|p1a: Kyogre|74/100\n|-damage|p1b: Zacian|30/100\n|\n|-weather|RainDance|[upkeep]\n|upkeep\n|turn|3\n|inactive|Solunex has 30 seconds left.\n|inactive|Solunex has 20 seconds left.\n|\n|t:|1745950753\n|move|p2b: Lunala|Wide Guard|p2b: Lunala\n|-singleturn|p2b: Lunala|Wide Guard\n|move|p1b: Zacian|Crunch|p2b: Lunala\n|-supereffective|p2b: Lunala\n|-damage|p2b: Lunala|0 fnt\n|faint|p2b: Lunala\n|move|p1a: Kyogre|Origin Pulse|p2a: Koraidon\n|-activate|p2a: Koraidon|move: Wide Guard\n|move|p2a: Koraidon|Flare Blitz|p1b: Zacian\n|-supereffective|p1b: Zacian\n|-damage|p1b: Zacian|0 fnt\n|faint|p1b: Zacian\n|-damage|p2a: Koraidon|79/100|[from] Recoil\n|\n|-weather|RainDance|[upkeep]\n|upkeep\n|\n|t:|1745950770\n|switch|p1b: Tornadus|Tornadus, L50, M|1/100\n|switch|p2b: Flutter Mane|Flutter Mane, L50|100/100\n|turn|4\n|\n|t:|1745950783\n|move|p1b: Tornadus|Protect|p1b: Tornadus\n|-singleturn|p1b: Tornadus|Protect\n|move|p1a: Kyogre|Protect|p1a: Kyogre\n|-singleturn|p1a: Kyogre|Protect\n|move|p2a: Koraidon|Protect|p2a: Koraidon\n|-singleturn|p2a: Koraidon|Protect\n|move|p2b: Flutter Mane|Icy Wind|p1b: Tornadus|[spread] \n|-activate|p1a: Kyogre|move: Protect\n|-activate|p1b: Tornadus|move: Protect\n|\n|-weather|RainDance|[upkeep]\n|-sideend|p1: Solunex|move: Tailwind\n|upkeep\n|turn|5\n|\n|t:|1745950793\n|move|p1b: Tornadus|Tailwind|p1b: Tornadus\n|-sidestart|p1: Solunex|move: Tailwind\n|move|p1a: Kyogre|Water Spout|p2b: Flutter Mane|[spread] p2a,p2b\n|-supereffective|p2a: Koraidon\n|-damage|p2a: Koraidon|0 fnt\n|-damage|p2b: Flutter Mane|4/100\n|faint|p2a: Koraidon\n|move|p2b: Flutter Mane|Icy Wind|p1b: Tornadus|[spread] p1a,p1b\n|-resisted|p1a: Kyogre\n|-supereffective|p1b: Tornadus\n|-damage|p1a: Kyogre|69/100\n|-damage|p1b: Tornadus|0 fnt\n|-unboost|p1a: Kyogre|spe|1\n|faint|p1b: Tornadus\n|\n|-weather|RainDance|[upkeep]\n|upkeep\n|\n|t:|1745950802\n|switch|p1b: Incineroar|Incineroar, L50, M|100/100\n|-ability|p1b: Incineroar|Intimidate|boost\n|-unboost|p2b: Flutter Mane|atk|1\n|turn|6\n|-message|tryson69 forfeited.\n|\n|win|Solunex\n|l|\u2606tryson69\n|player|p2|\n||tryson69 is ready for game 2.\n|j|\u2606tryson69\n|player|p2|tryson69|1|\n", "uploadtime": 1745950807, "views": 8, "formatid": "gen9vgc2025regibo3", "rating": null, "private": 0, "password": null}