{"id": "gen9vgc2025regibo3-2354291632", "format": "[Gen 9] VGC 2025 Reg I (Bo3)", "players": ["Caly I is mid", "Chaotic Raos"], "log": "|j|\u2606Caly I is mid\n|j|\u2606Chaotic Raos\n|html|<table width=\"100%\"><tr><td align=\"left\">Caly I is mid</td><td align=\"right\">Chaotic Raos</tr><tr><td align=\"left\"><i class=\"fa fa-circle\"></i> <i class=\"fa fa-circle-o\"></i> </td><td align=\"right\"><i class=\"fa fa-circle-o\"></i> <i class=\"fa fa-circle\"></i> </tr></table>\n|uhtml|bestof|<h2><strong>Game 3</strong> of <a href=\"/game-bestof3-gen9vgc2025regibo3-2354287079\">a best-of-3</a></h2>\n|t:|1746053638\n|gametype|doubles\n|player|p1|Caly I is mid|lillie|1315\n|player|p2|Chaotic Raos|bellelba|1345\n|teamsize|p1|6\n|teamsize|p2|6\n|gen|9\n|tier|[Gen 9] VGC 2025 Reg I (Bo3)\n|rated|\n|rule|Species Clause: Limit one of each Pok\u00e9mon\n|rule|Item Clause: Limit 1 of each item\n|clearpoke\n|poke|p1|Miraidon, L50|\n|poke|p1|Zamazenta-*, L50|\n|poke|p1|Grimmsnarl, L50, M|\n|poke|p1|Iron Hands, L50|\n|poke|p1|Volcarona, L50, M|\n|poke|p1|Ditto, L50|\n|poke|p2|Kyogre, L50|\n|poke|p2|Tornadus, L50, M|\n|poke|p2|Zacian-*, L50|\n|poke|p2|Amoonguss, L50, F|\n|poke|p2|Iron Hands, L50|\n|poke|p2|Flutter Mane, L50|\n|teampreview|4\n|showteam|p1|Miraidon||ChoiceSpecs|HadronEngine|ElectroDrift,DracoMeteor,DazzlingGleam,VoltSwitch||||||50|,,,,,Fairy]Zamazenta-Crowned||RustedShield|DauntlessShield|HeavySlam,WideGuard,BodyPress,Protect||||||50|,,,,,Dragon]Grimmsnarl||LightClay|Prankster|FoulPlay,ThunderWave,LightScreen,Reflect|||M|||50|,,,,,Ghost]Iron Hands||AssaultVest|QuarkDrive|DrainPunch,WildCharge,VoltSwitch,FakeOut||||||50|,,,,,Water]Volcarona||SitrusBerry|FlameBody|FieryDance,QuiverDance,GigaDrain,Protect|||M|||50|,,,,,Grass]Ditto||FocusSash|Imposter|Transform||||||50|,,,,,Normal\n|showteam|p2|Kyogre||MysticWater|Drizzle|WaterSpout,OriginPulse,Protect,IceBeam||||||50|,,,,,Grass]Tornadus||CovertCloak|Prankster|Tailwind,BleakwindStorm,Taunt,RainDance|||M|||50|,,,,,Dark]Zacian-Crowned||RustedSword|IntrepidSword|behemothblade,PlayRough,SacredSword,Protect||||||50|,,,,,Water]Amoonguss||RockyHelmet|Regenerator|Spore,RagePowder,PollenPuff,Protect|||F|||50|,,,,,Water]Iron Hands||AssaultVest|QuarkDrive|FakeOut,WildCharge,DrainPunch,LowKick||||||50|,,,,,Grass]Flutter Mane||BoosterEnergy|Protosynthesis|ShadowBall,DazzlingGleam,IcyWind,Protect||||||50|,,,,,Fairy\n|\n|t:|1746053685\n|start\n|switch|p1a: Miraidon|Miraidon, L50|100/100\n|switch|p1b: Iron Hands|Iron Hands, L50, shiny|100/100\n|switch|p2a: Tornadus|Tornadus, L50, M|100/100\n|switch|p2b: Zacian|Zacian-Crowned, L50|100/100\n|-ability|p2b: Zacian|Intrepid Sword|boost\n|-boost|p2b: Zacian|atk|1\n|-fieldstart|move: Electric Terrain|[from] ability: Hadron Engine|[of] p1a: Miraidon\n|-activate|p1b: Iron Hands|ability: Quark Drive\n|-start|p1b: Iron Hands|quarkdriveatk\n|turn|1\n|inactive|Battle timer is ON: inactive players will automatically lose when time's up. (requested by Chaotic Raos)\n|\n|t:|1746053726\n|switch|p2a: Amoonguss|Amoonguss, L50, F|100/100\n|-end|p1b: Iron Hands|Quark Drive|[silent]\n|switch|p1b: Volcarona|Volcarona, L50, M, shiny|100/100\n|move|p2b: Zacian|Protect|p2b: Zacian\n|-singleturn|p2b: Zacian|Protect\n|move|p1a: Miraidon|Volt Switch|p2a: Amoonguss\n|-resisted|p2a: Amoonguss\n|-damage|p2a: Amoonguss|53/100\n|\n|t:|1746053734\n|switch|p1a: Ditto|Ditto, L50, shiny|100/100|[from] Volt Switch\n|-transform|p1a: Ditto|p2b: Zacian|[from] ability: Imposter\n|-ability|p1a: Ditto|Intrepid Sword|boost\n|-boost|p1a: Ditto|atk|1\n|\n|upkeep\n|turn|2\n|\n|t:|1746053757\n|switch|p2a: Tornadus|Tornadus, L50, M|100/100\n|move|p1a: Ditto|Protect|p1a: Ditto\n|-singleturn|p1a: Ditto|Protect\n|move|p2b: Zacian|Behemoth Blade|p1b: Volcarona\n|-resisted|p1b: Volcarona\n|-damage|p1b: Volcarona|61/100\n|move|p1b: Volcarona|Quiver Dance|p1b: Volcarona\n|-boost|p1b: Volcarona|spa|1\n|-boost|p1b: Volcarona|spd|1\n|-boost|p1b: Volcarona|spe|1\n|\n|upkeep\n|turn|3\n|inactive|Caly I is mid has 30 seconds left.\n|\n|t:|1746053790\n|move|p2a: Tornadus|Tailwind|p2a: Tornadus\n|-sidestart|p2: Chaotic Raos|move: Tailwind\n|move|p2b: Zacian|Behemoth Blade|p1a: Ditto\n|-damage|p1a: Ditto|11/100\n|move|p1a: Ditto|Behemoth Blade|p2a: Tornadus\n|-damage|p2a: Tornadus|0 fnt\n|faint|p2a: Tornadus\n|move|p1b: Volcarona|Quiver Dance|p1b: Volcarona\n|-boost|p1b: Volcarona|spa|1\n|-boost|p1b: Volcarona|spd|1\n|-boost|p1b: Volcarona|spe|1\n|\n|upkeep\n|\n|t:|1746053799\n|switch|p2a: Kyogre|Kyogre, L50|100/100\n|-weather|RainDance|[from] ability: Drizzle|[of] p2a: Kyogre\n|turn|4\n|\n|t:|1746053811\n|move|p1b: Volcarona|Protect|p1b: Volcarona\n|-singleturn|p1b: Volcarona|Protect\n|move|p2b: Zacian|Behemoth Blade|p1b: Volcarona\n|-activate|p1b: Volcarona|move: Protect\n|move|p2a: Kyogre|Origin Pulse|p1a: Ditto|[spread] p1a\n|-activate|p1b: Volcarona|move: Protect\n|-damage|p1a: Ditto|0 fnt\n|faint|p1a: Ditto\n|\n|-weather|RainDance|[upkeep]\n|upkeep\n|\n|t:|1746053829\n|switch|p1a: Iron Hands|Iron Hands, L50, shiny|100/100\n|-activate|p1a: Iron Hands|ability: Quark Drive\n|-start|p1a: Iron Hands|quarkdriveatk\n|turn|5\n|inactive|Caly I is mid has 30 seconds left.\n|\n|t:|1746053856\n|-terastallize|p1b: Volcarona|Grass\n|-terastallize|p2a: Kyogre|Grass\n|move|p1a: Iron Hands|Fake Out|p2b: Zacian\n|-resisted|p2b: Zacian\n|-damage|p2b: Zacian|91/100\n|cant|p2b: Zacian|flinch\n|move|p1b: Volcarona|Quiver Dance|p1b: Volcarona\n|-boost|p1b: Volcarona|spa|1\n|-boost|p1b: Volcarona|spd|1\n|-boost|p1b: Volcarona|spe|1\n|move|p2a: Kyogre|Origin Pulse|p1b: Volcarona|[spread] p1b\n|-miss|p2a: Kyogre|p1a: Iron Hands\n|-resisted|p1b: Volcarona\n|-damage|p1b: Volcarona|43/100\n|-enditem|p1b: Volcarona|Sitrus Berry|[eat]\n|-heal|p1b: Volcarona|68/100|[from] item: Sitrus Berry\n|\n|-weather|RainDance|[upkeep]\n|-fieldend|move: Electric Terrain\n|-end|p1a: Iron Hands|Quark Drive\n|upkeep\n|turn|6\n|inactive|Chaotic Raos has 30 seconds left.\n|\n|t:|1746053884\n|-end|p1a: Iron Hands|Quark Drive|[silent]\n|switch|p1a: Miraidon|Miraidon, L50|100/100\n|-fieldstart|move: Electric Terrain|[from] ability: Hadron Engine|[of] p1a: Miraidon\n|move|p1b: Volcarona|Protect|p1b: Volcarona\n|-singleturn|p1b: Volcarona|Protect\n|move|p2b: Zacian|Behemoth Blade|p1b: Volcarona\n|-activate|p1b: Volcarona|move: Protect\n|move|p2a: Kyogre|Origin Pulse|p1b: Volcarona|[spread] p1a\n|-activate|p1b: Volcarona|move: Protect\n|-resisted|p1a: Miraidon\n|-damage|p1a: Miraidon|58/100\n|\n|-weather|RainDance|[upkeep]\n|-sideend|p2: Chaotic Raos|move: Tailwind\n|upkeep\n|turn|7\n|inactive|Caly I is mid has 30 seconds left.\n|inactive|Caly I is mid has 20 seconds left.\n|inactive|Caly I is mid has 15 seconds left.\n|inactive|Caly I is mid has 10 seconds left.\n|\n|t:|1746053930\n|move|p1b: Volcarona|Fiery Dance|p2a: Kyogre\n|-supereffective|p2a: Kyogre\n|-damage|p2a: Kyogre|43/100\n|-boost|p1b: Volcarona|spa|1\n|move|p2b: Zacian|Behemoth Blade|p1b: Volcarona\n|-damage|p1b: Volcarona|0 fnt\n|faint|p1b: Volcarona\n|move|p1a: Miraidon|Electro Drift|p2b: Zacian\n|-damage|p2b: Zacian|0 fnt\n|faint|p2b: Zacian\n|move|p2a: Kyogre|Ice Beam|p1a: Miraidon\n|-supereffective|p1a: Miraidon\n|-damage|p1a: Miraidon|0 fnt\n|faint|p1a: Miraidon\n|\n|-weather|RainDance|[upkeep]\n|upkeep\n|\n|t:|1746053944\n|switch|p2b: Amoonguss|Amoonguss, L50, F|86/100\n|switch|p1a: Iron Hands|Iron Hands, L50, shiny|100/100\n|-activate|p1a: Iron Hands|ability: Quark Drive\n|-start|p1a: Iron Hands|quarkdriveatk\n|turn|8\n|\n|t:|1746053963\n|move|p2a: Kyogre|Protect|p2a: Kyogre\n|-singleturn|p2a: Kyogre|Protect\n|move|p2b: Amoonguss|Protect|p2b: Amoonguss\n|-singleturn|p2b: Amoonguss|Protect\n|move|p1a: Iron Hands|Fake Out|p2a: Kyogre\n|-activate|p2a: Kyogre|move: Protect\n|\n|-weather|none\n|upkeep\n|turn|9\n|\n|t:|1746053976\n|move|p2b: Amoonguss|Rage Powder|p2b: Amoonguss\n|-singleturn|p2b: Amoonguss|move: Rage Powder\n|move|p2a: Kyogre|Origin Pulse|p1a: Iron Hands\n|-damage|p1a: Iron Hands|53/100\n|move|p1a: Iron Hands|Wild Charge|p2b: Amoonguss\n|-resisted|p2b: Amoonguss\n|-damage|p2b: Amoonguss|55/100\n|-damage|p1a: Iron Hands|37/100|[from] item: Rocky Helmet|[of] p2b: Amoonguss\n|-damage|p1a: Iron Hands|29/100|[from] Recoil\n|\n|upkeep\n|turn|10\n|\n|t:|1746053993\n|move|p2b: Amoonguss|Rage Powder|p2b: Amoonguss\n|-singleturn|p2b: Amoonguss|move: Rage Powder\n|move|p2a: Kyogre|Origin Pulse|p1a: Iron Hands\n|-damage|p1a: Iron Hands|0 fnt\n|faint|p1a: Iron Hands\n|-end|p1a: Iron Hands|Quark Drive|[silent]\n|\n|win|Chaotic Raos\n|raw|Caly I is mid's rating: 1315 &rarr; <strong>1297</strong><br />(-18 for losing)\n|raw|Chaotic Raos's rating: 1345 &rarr; <strong>1363</strong><br />(+18 for winning)\n", "uploadtime": 1746054013, "views": 16, "formatid": "gen9vgc2025regibo3", "rating": 1297, "private": 0, "password": null}