{"id": "gen9vgc2025regibo3-2354754693", "format": "[Gen 9] VGC 2025 Reg I (Bo3)", "players": ["mavvyvgc", "J0nko_"], "log": "|j|\u2606mavvyvgc\n|j|\u2606J0nko_\n|html|<table width=\"100%\"><tr><td align=\"left\">mavvyvgc</td><td align=\"right\">J0nko_</tr><tr><td align=\"left\"><i class=\"fa fa-circle-o\"></i> <i class=\"fa fa-circle-o\"></i> </td><td align=\"right\"><i class=\"fa fa-circle-o\"></i> <i class=\"fa fa-circle-o\"></i> </tr></table>\n|uhtml|bestof|<h2><strong>Game 1</strong> of <a href=\"/game-bestof3-gen9vgc2025regibo3-2354754692\">a best-of-3</a></h2>\n|t:|1746116869\n|gametype|doubles\n|player|p1|mavvyvgc|riley|1072\n|player|p2|J0nko_|elesa|1179\n|teamsize|p1|6\n|teamsize|p2|6\n|gen|9\n|tier|[Gen 9] VGC 2025 Reg I (Bo3)\n|rated|\n|rule|Species Clause: Limit one of each Pok\u00e9mon\n|rule|Item Clause: Limit 1 of each item\n|clearpoke\n|poke|p1|Calyrex-Shadow, L50|\n|poke|p1|Kyurem-White, L50|\n|poke|p1|Slowking, L50, M|\n|poke|p1|Tornadus, L50, M|\n|poke|p1|Rillaboom, L50, F|\n|poke|p1|Incineroar, L50, M|\n|poke|p2|Kyogre, L50|\n|poke|p2|Calyrex-Shadow, L50|\n|poke|p2|Urshifu-*, L50, F|\n|poke|p2|Incineroar, L50, M|\n|poke|p2|Roaring Moon, L50|\n|poke|p2|Rhydon, L50, M|\n|teampreview|4\n|showteam|p1|Calyrex-Shadow||FocusSash|AsOneSpectrier|DarkPulse,AstralBarrage,NastyPlot,Protect||||||50|,,,,,Dark]Kyurem-White||NeverMeltIce|Turboblaze|Protect,Blizzard,DragonPulse,FusionFlare||||||50|,,,,,Ground]Slowking||RockyHelmet|Oblivious|Psychic,TrickRoom,ChillyReception,HelpingHand|||M|||50|,,,,,Ground]Tornadus||CovertCloak|Prankster|Tailwind,BleakwindStorm,Protect,Snowscape|||M|||50|,,,,,Dark]Rillaboom||GrassySeed|GrassySurge|DrumBeating,Uturn,GrassyGlide,FakeOut|||F|||50|,,,,,Grass]Incineroar||AssaultVest|Intimidate|FakeOut,KnockOff,FlareBlitz,Uturn|||M|||50|,,,,,Fire\n|showteam|p2|Kyogre||AssaultVest|Drizzle|WaterSpout,IceBeam,OriginPulse,Thunder||||||50|,,,,,Grass]Calyrex-Shadow||FocusSash|AsOneSpectrier|AstralBarrage,Disable,Encore,Protect||||||50|,,,,,Dark]Urshifu-Rapid-Strike||ChoiceScarf|UnseenFist|IceSpinner,SurgingStrikes,CloseCombat,Uturn|||F|||50|,,,,,Ghost]Incineroar||SafetyGoggles|Intimidate|KnockOff,PartingShot,FakeOut,HelpingHand|||M|||50|,,,,,Bug]Roaring Moon||BoosterEnergy|Protosynthesis|Acrobatics,Tailwind,Protect,KnockOff||||||50|,,,,,Flying]Rhydon||Eviolite|LightningRod|TeraBlast,HighHorsepower,RockSlide,Protect|||M|||50|,,,,,Fairy\n|inactive|Battle timer is ON: inactive players will automatically lose when time's up. (requested by J0nko_)\n|inactive|mavvyvgc has 60 seconds left.\n|inactive|J0nko_ has 60 seconds left.\n|inactive|mavvyvgc has 30 seconds left.\n|inactive|mavvyvgc has 20 seconds left.\n|inactive|mavvyvgc has 15 seconds left.\n|inactive|mavvyvgc has 10 seconds left.\n|\n|t:|1746116952\n|start\n|switch|p1a: Tornadus|Tornadus, L50, M|100/100\n|switch|p1b: Calyrex|Calyrex-Shadow, L50|100/100\n|switch|p2a: Calyrex|Calyrex-Shadow, L50|100/100\n|switch|p2b: Roaring Moon|Roaring Moon, L50|100/100\n|-ability|p1b: Calyrex|As One\n|-ability|p1b: Calyrex|Unnerve\n|-ability|p2a: Calyrex|As One\n|-ability|p2a: Calyrex|Unnerve\n|-enditem|p2b: Roaring Moon|Booster Energy\n|-activate|p2b: Roaring Moon|ability: Protosynthesis|[fromitem]\n|-start|p2b: Roaring Moon|protosynthesisspe\n|turn|1\n|inactive|mavvyvgc has 30 seconds left.\n|inactive|J0nko_ has 30 seconds left.\n|inactive|mavvyvgc has 20 seconds left.\n|\n|t:|1746116991\n|-terastallize|p2a: Calyrex|Dark\n|-terastallize|p1b: Calyrex|Dark\n|move|p2b: Roaring Moon|Tailwind|p2b: Roaring Moon\n|-sidestart|p2: J0nko_|move: Tailwind\n|move|p2a: Calyrex|Astral Barrage|p1a: Tornadus|[spread] p1a,p1b\n|-resisted|p1b: Calyrex\n|-damage|p1a: Tornadus|52/100\n|-damage|p1b: Calyrex|72/100\n|move|p1b: Calyrex|Astral Barrage|p2a: Calyrex|[spread] p2a,p2b\n|-resisted|p2a: Calyrex\n|-resisted|p2b: Roaring Moon\n|-damage|p2a: Calyrex|74/100\n|-damage|p2b: Roaring Moon|76/100\n|move|p1a: Tornadus|Bleakwind Storm|p2b: Roaring Moon|[spread] p2a,p2b\n|-crit|p2b: Roaring Moon\n|-damage|p2a: Calyrex|43/100\n|-damage|p2b: Roaring Moon|31/100\n|\n|upkeep\n|turn|2\n|\n|t:|1746117015\n|move|p1a: Tornadus|Tailwind|p1a: Tornadus\n|-sidestart|p1: mavvyvgc|move: Tailwind\n|move|p2b: Roaring Moon|Acrobatics|p1b: Calyrex\n|-damage|p1b: Calyrex|24/100\n|move|p1b: Calyrex|Nasty Plot|p1b: Calyrex\n|-boost|p1b: Calyrex|spa|2\n|move|p2a: Calyrex|Astral Barrage|p1a: Tornadus|[spread] p1a,p1b\n|-resisted|p1b: Calyrex\n|-crit|p1b: Calyrex\n|-damage|p1a: Tornadus|3/100\n|-damage|p1b: Calyrex|0 fnt\n|faint|p1b: Calyrex\n|-ability|p2a: Calyrex|Grim Neigh|boost\n|-boost|p2a: Calyrex|spa|1\n|\n|upkeep\n|\n|t:|1746117030\n|switch|p1b: Kyurem|Kyurem-White, L50|100/100\n|-ability|p1b: Kyurem|Turboblaze\n|turn|3\n|\n|t:|1746117046\n|move|p1a: Tornadus|Snowscape|p1a: Tornadus\n|-weather|Snowscape\n|move|p2b: Roaring Moon|Knock Off|p1b: Kyurem\n|-damage|p1b: Kyurem|69/100\n|-enditem|p1b: Kyurem|Never-Melt Ice|[from] move: Knock Off|[of] p2b: Roaring Moon\n|move|p2a: Calyrex|Astral Barrage|p1a: Tornadus|[spread] p1a,p1b\n|-damage|p1a: Tornadus|0 fnt\n|-damage|p1b: Kyurem|5/100\n|faint|p1a: Tornadus\n|-ability|p2a: Calyrex|Grim Neigh|boost\n|-boost|p2a: Calyrex|spa|1\n|move|p1b: Kyurem|Blizzard|p2a: Calyrex|[spread] p2a,p2b\n|-supereffective|p2b: Roaring Moon\n|-damage|p2a: Calyrex|0 fnt\n|-damage|p2b: Roaring Moon|0 fnt\n|faint|p2a: Calyrex\n|faint|p2b: Roaring Moon\n|-end|p2b: Roaring Moon|Protosynthesis|[silent]\n|\n|-weather|Snowscape|[upkeep]\n|upkeep\n|\n|t:|1746117064\n|switch|p2a: Kyogre|Kyogre, L50|100/100\n|switch|p2b: Urshifu|Urshifu-Rapid-Strike, L50, F|100/100\n|switch|p1a: Rillaboom|Rillaboom, L50, F|100/100\n|-weather|RainDance|[from] ability: Drizzle|[of] p2a: Kyogre\n|-fieldstart|move: Grassy Terrain|[from] ability: Grassy Surge|[of] p1a: Rillaboom\n|-enditem|p1a: Rillaboom|Grassy Seed\n|-boost|p1a: Rillaboom|def|1|[from] item: Grassy Seed\n|turn|4\n|c|\u2606mavvyvgc|gg good shit\n|inactive|J0nko_ has 30 seconds left.\n|\n|t:|1746117092\n|move|p1a: Rillaboom|Fake Out|p2b: Urshifu\n|-damage|p2b: Urshifu|87/100\n|cant|p2b: Urshifu|flinch\n|move|p1b: Kyurem|Dragon Pulse|p2a: Kyogre\n|-damage|p2a: Kyogre|76/100\n|move|p2a: Kyogre|Water Spout|p1a: Rillaboom|[spread] p1a,p1b\n|-resisted|p1a: Rillaboom\n|-resisted|p1b: Kyurem\n|-damage|p1a: Rillaboom|61/100\n|-damage|p1b: Kyurem|0 fnt\n|faint|p1b: Kyurem\n|\n|-weather|RainDance|[upkeep]\n|-heal|p2b: Urshifu|92/100|[from] Grassy Terrain\n|-heal|p2a: Kyogre|82/100|[from] Grassy Terrain\n|-heal|p1a: Rillaboom|67/100|[from] Grassy Terrain\n|-sideend|p2: J0nko_|move: Tailwind\n|upkeep\n|turn|5\n|\n|t:|1746117110\n|move|p1a: Rillaboom|Grassy Glide|p2a: Kyogre\n|-supereffective|p2a: Kyogre\n|-damage|p2a: Kyogre|20/100\n|move|p2b: Urshifu|Ice Spinner|p1a: Rillaboom\n|-supereffective|p1a: Rillaboom\n|-damage|p1a: Rillaboom|34/100\n|-fieldend|move: Grassy Terrain\n|move|p2a: Kyogre|Ice Beam|p1a: Rillaboom\n|-supereffective|p1a: Rillaboom\n|-damage|p1a: Rillaboom|0 fnt\n|faint|p1a: Rillaboom\n|\n|win|J0nko_\n||J0nko_ is ready for game 2.\n|inactive|mavvyvgc has 30 seconds to confirm battle start!\n||mavvyvgc is ready for game 2.\n|uhtml|next|Next: <a href=\"/battle-gen9vgc2025regibo3-2354757487\"><strong>Game 2 of 3</strong></a>\n|l|\u2606J0nko_\n|player|p2|\n", "uploadtime": 1746117355, "views": 9, "formatid": "gen9vgc2025regibo3", "rating": null, "private": 0, "password": null}