{"id": "gen9vgc2025regibo3-2355112606", "format": "[Gen 9] VGC 2025 Reg I (Bo3)", "players": ["horizonbattle", "is_katabo"], "log": "|j|\u2606horizonbattle\n|j|\u2606is_katabo\n|html|<table width=\"100%\"><tr><td align=\"left\">horizonbattle</td><td align=\"right\">is_katabo</tr><tr><td align=\"left\"><i class=\"fa fa-circle-o\"></i> <i class=\"fa fa-circle-o\"></i> </td><td align=\"right\"><i class=\"fa fa-circle-o\"></i> <i class=\"fa fa-circle\"></i> </tr></table>\n|uhtml|bestof|<h2><strong>Game 2</strong> of <a href=\"/game-bestof3-gen9vgc2025regibo3-2355110541\">a best-of-3</a></h2>\n|t:|1746154042\n|gametype|doubles\n|player|p1|horizonbattle|170|1231\n|player|p2|is_katabo|caitlin|1222\n|teamsize|p1|6\n|teamsize|p2|6\n|gen|9\n|tier|[Gen 9] VGC 2025 Reg I (Bo3)\n|rated|\n|rule|Species Clause: Limit one of each Pok\u00e9mon\n|rule|Item Clause: Limit 1 of each item\n|clearpoke\n|poke|p1|Calyrex-Shadow, L50|\n|poke|p1|Rillaboom, L50, F|\n|poke|p1|Incineroar, L50, F|\n|poke|p1|Urshifu-*, L50, M|\n|poke|p1|Amoonguss, L50, M|\n|poke|p1|Terapagos, L50, M|\n|poke|p2|Koraidon, L50|\n|poke|p2|Calyrex-Shadow, L50|\n|poke|p2|Chi-Yu, L50|\n|poke|p2|Indeedee-F, L50, F|\n|poke|p2|Brute Bonnet, L50|\n|poke|p2|Flutter Mane, L50|\n|teampreview|4\n|showteam|p1|Calyrex-Shadow||FocusSash|AsOneSpectrier|AstralBarrage,Encore,Disable,Protect||||||50|,,,,,Ghost]Rillaboom||AssaultVest|GrassySurge|DrumBeating,GrassyGlide,Uturn,FakeOut|||F|||50|,,,,,Grass]Incineroar||SafetyGoggles|Intimidate|KnockOff,WillOWisp,PartingShot,FakeOut|||F|||50|,,,,,Bug]Urshifu-Rapid-Strike||ChoiceScarf|UnseenFist|SurgingStrikes,CloseCombat,RockTomb,Uturn|||M|||50|,,,,,Water]Amoonguss||RockyHelmet|Regenerator|Spore,RagePowder,SludgeBomb,Protect|||M|||50|,,,,,Water]Terapagos||Leftovers|TeraShift|TeraStarstorm,EarthPower,CalmMind,Protect|||M|||50|,,,,,Stellar\n|showteam|p2|Koraidon||LifeOrb|OrichalcumPulse|CloseCombat,FlareBlitz,FlameCharge,Protect||||||50|,,,,,Fire]Calyrex-Shadow||FocusSash|AsOneSpectrier|AstralBarrage,ExpandingForce,ShadowBall,Protect||||||50|,,,,,Ghost]Chi-Yu||ChoiceScarf|BeadsofRuin|DarkPulse,Snarl,HeatWave,Overheat||||||50|,,,,,Ghost]Indeedee-F||RockyHelmet|PsychicSurge|Psychic,FollowMe,HelpingHand,TrickRoom|||F|||50|,,,,,Water]Brute Bonnet||CovertCloak|Protosynthesis|SeedBomb,SuckerPunch,RagePowder,Spore||||||50|,,,,,Water]Flutter Mane||BoosterEnergy|Protosynthesis|Moonblast,IcyWind,Taunt,Protect||||||50|,,,,,Water\n|inactive|Battle timer is ON: inactive players will automatically lose when time's up. (requested by horizonbattle)\n|inactive|horizonbattle has 60 seconds left.\n|inactive|is_katabo has 60 seconds left.\n|\n|t:|1746154094\n|start\n|switch|p1a: Rillaboom|Rillaboom, L50, F|100/100\n|switch|p1b: Incineroar|Incineroar, L50, F|100/100\n|switch|p2a: Pufferfish|Chi-Yu, L50|100/100\n|switch|p2b: Goat|Indeedee-F, L50, F|100/100\n|-ability|p2a: Pufferfish|Beads of Ruin\n|-fieldstart|move: Grassy Terrain|[from] ability: Grassy Surge|[of] p1a: Rillaboom\n|-ability|p1b: Incineroar|Intimidate|boost\n|-unboost|p2a: Pufferfish|atk|1\n|-unboost|p2b: Goat|atk|1\n|-fieldstart|move: Psychic Terrain|[from] ability: Psychic Surge|[of] p2b: Goat\n|turn|1\n|\n|t:|1746154118\n|move|p2b: Goat|Follow Me|p2b: Goat\n|-singleturn|p2b: Goat|move: Follow Me\n|move|p2a: Pufferfish|Heat Wave|p1a: Rillaboom|[spread] p1b\n|-miss|p2a: Pufferfish|p1a: Rillaboom\n|-resisted|p1b: Incineroar\n|-damage|p1b: Incineroar|77/100\n|move|p1a: Rillaboom|U-turn|p2b: Goat\n|-supereffective|p2b: Goat\n|-damage|p2b: Goat|61/100\n|-damage|p1a: Rillaboom|84/100|[from] item: Rocky Helmet|[of] p2b: Goat\n|\n|t:|1746154129\n|switch|p1a: Urshifu|Urshifu-Rapid-Strike, L50, M|100/100|[from] U-turn\n|move|p1b: Incineroar|Parting Shot|p2b: Goat\n|-unboost|p2b: Goat|atk|1\n|-unboost|p2b: Goat|spa|1\n|\n|t:|1746154136\n|switch|p1b: Rillaboom|Rillaboom, L50, F|84/100|[from] Parting Shot\n|-fieldstart|move: Grassy Terrain|[from] ability: Grassy Surge|[of] p1b: Rillaboom\n|\n|-heal|p1b: Rillaboom|90/100|[from] Grassy Terrain\n|-heal|p2b: Goat|67/100|[from] Grassy Terrain\n|upkeep\n|turn|2\n|\n|t:|1746154148\n|switch|p2b: Chicken|Koraidon, L50|100/100\n|-weather|SunnyDay|[from] ability: Orichalcum Pulse|[of] p2b: Chicken\n|-activate|p2b: Chicken|Orichalcum Pulse|[source]\n|-terastallize|p2a: Pufferfish|Ghost\n|move|p1b: Rillaboom|Fake Out|p2b: Chicken\n|-damage|p2b: Chicken|89/100\n|move|p1a: Urshifu|Surging Strikes|p2a: Pufferfish\n|-crit|p2a: Pufferfish\n|-damage|p2a: Pufferfish|86/100\n|-crit|p2a: Pufferfish\n|-damage|p2a: Pufferfish|72/100\n|-crit|p2a: Pufferfish\n|-damage|p2a: Pufferfish|57/100\n|-hitcount|p2a: Pufferfish|3\n|move|p2a: Pufferfish|Heat Wave|p1b: Rillaboom|[spread] p1a\n|-miss|p2a: Pufferfish|p1b: Rillaboom\n|-resisted|p1a: Urshifu\n|-damage|p1a: Urshifu|43/100\n|\n|-weather|SunnyDay|[upkeep]\n|-heal|p1a: Urshifu|49/100|[from] Grassy Terrain\n|-heal|p2a: Pufferfish|64/100|[from] Grassy Terrain\n|-heal|p2b: Chicken|95/100|[from] Grassy Terrain\n|-heal|p1b: Rillaboom|96/100|[from] Grassy Terrain\n|upkeep\n|turn|3\n|inactive|horizonbattle has 30 seconds left.\n|inactive|is_katabo has 30 seconds left.\n|\n|t:|1746154174\n|move|p1a: Urshifu|Surging Strikes|p2a: Pufferfish\n|-crit|p2a: Pufferfish\n|-damage|p2a: Pufferfish|49/100\n|-crit|p2a: Pufferfish\n|-damage|p2a: Pufferfish|34/100\n|-crit|p2a: Pufferfish\n|-damage|p2a: Pufferfish|20/100\n|-hitcount|p2a: Pufferfish|3\n|move|p2a: Pufferfish|Heat Wave|p1b: Rillaboom|[spread] p1a,p1b\n|-resisted|p1a: Urshifu\n|-supereffective|p1b: Rillaboom\n|-damage|p1a: Urshifu|0 fnt\n|-damage|p1b: Rillaboom|0 fnt\n|faint|p1a: Urshifu\n|faint|p1b: Rillaboom\n|move|p2b: Chicken|Flame Charge|p1: Urshifu|[notarget]\n|-fail|p2b: Chicken\n|\n|-weather|SunnyDay|[upkeep]\n|-heal|p2a: Pufferfish|26/100|[from] Grassy Terrain\n|-heal|p2b: Chicken|100/100|[from] Grassy Terrain\n|upkeep\n|\n|t:|1746154185\n|switch|p1a: Calyrex|Calyrex-Shadow, L50|100/100\n|switch|p1b: Incineroar|Incineroar, L50, F|77/100\n|-ability|p1a: Calyrex|As One\n|-ability|p1a: Calyrex|Unnerve\n|-ability|p1b: Incineroar|Intimidate|boost\n|-unboost|p2a: Pufferfish|atk|1\n|-unboost|p2b: Chicken|atk|1\n|turn|4\n|\n|t:|1746154208\n|switch|p2b: Goat|Indeedee-F, L50, F|67/100\n|-fieldstart|move: Psychic Terrain|[from] ability: Psychic Surge|[of] p2b: Goat\n|-terastallize|p1a: Calyrex|Ghost\n|move|p1b: Incineroar|Fake Out|p2b: Goat\n|-activate|p2b: Goat|move: Psychic Terrain\n|move|p2a: Pufferfish|Heat Wave|p1a: Calyrex|[spread] p1a,p1b\n|-resisted|p1b: Incineroar\n|-damage|p1a: Calyrex|18/100\n|-damage|p1b: Incineroar|39/100\n|move|p1a: Calyrex|Astral Barrage|p2a: Pufferfish|[spread] p2a\n|-immune|p2b: Goat\n|-supereffective|p2a: Pufferfish\n|-damage|p2a: Pufferfish|0 fnt\n|faint|p2a: Pufferfish\n|-ability|p1a: Calyrex|Grim Neigh|boost\n|-boost|p1a: Calyrex|spa|1\n|\n|-weather|SunnyDay|[upkeep]\n|upkeep\n|\n|t:|1746154225\n|switch|p2a: Ghast|Flutter Mane, L50|100/100\n|-activate|p2a: Ghast|ability: Protosynthesis\n|-start|p2a: Ghast|protosynthesisspe\n|turn|5\n|\n|t:|1746154247\n|move|p1a: Calyrex|Protect|p1a: Calyrex\n|-singleturn|p1a: Calyrex|Protect\n|move|p2a: Ghast|Moonblast|p1b: Incineroar\n|-damage|p1b: Incineroar|0 fnt\n|faint|p1b: Incineroar\n|move|p2b: Goat|Psychic|p1a: Calyrex\n|-activate|p1a: Calyrex|move: Protect\n|\n|-weather|SunnyDay|[upkeep]\n|upkeep\n|turn|6\n|-message|horizonbattle forfeited.\n|\n|win|is_katabo\n|raw|horizonbattle's rating: 1231 &rarr; <strong>1205</strong><br />(-26 for losing)\n|raw|is_katabo's rating: 1222 &rarr; <strong>1248</strong><br />(+26 for winning)\n|l|\u2606horizonbattle\n|player|p1|\n", "uploadtime": 1746154260, "views": 4, "formatid": "gen9vgc2025regibo3", "rating": 1205, "private": 0, "password": null}