{"id": "gen9vgc2025regibo3-2354984020", "format": "[Gen 9] VGC 2025 Reg I (Bo3)", "players": ["HeatVW", "Llama_Llord"], "log": "|j|\u2606HeatVW\n|j|\u2606Llama_Llord\n|html|<table width=\"100%\"><tr><td align=\"left\">HeatVW</td><td align=\"right\">Llama_Llord</tr><tr><td align=\"left\"><i class=\"fa fa-circle\"></i> <i class=\"fa fa-circle-o\"></i> </td><td align=\"right\"><i class=\"fa fa-circle-o\"></i> <i class=\"fa fa-circle\"></i> </tr></table>\n|uhtml|bestof|<h2><strong>Game 3</strong> of <a href=\"/game-bestof3-gen9vgc2025regibo3-2354980007\">a best-of-3</a></h2>\n|t:|1746138611\n|gametype|doubles\n|player|p1|HeatVW|169|1146\n|player|p2|Llama_Llord|1|1221\n|teamsize|p1|6\n|teamsize|p2|6\n|gen|9\n|tier|[Gen 9] VGC 2025 Reg I (Bo3)\n|rated|\n|rule|Species Clause: Limit one of each Pok\u00e9mon\n|rule|Item Clause: Limit 1 of each item\n|clearpoke\n|poke|p1|Koraidon, L50|\n|poke|p1|Chi-Yu, L50|\n|poke|p1|Flutter Mane, L50|\n|poke|p1|Calyrex-Shadow, L50|\n|poke|p1|Tornadus, L50, M|\n|poke|p1|Raging Bolt, L50|\n|poke|p2|Zacian-*, L50|\n|poke|p2|Kyogre, L50|\n|poke|p2|Tornadus, L50, M|\n|poke|p2|Amoonguss, L50, F|\n|poke|p2|Urshifu-*, L50, F|\n|poke|p2|Grimmsnarl, L50, M|\n|teampreview|4\n|showteam|p1|Koraidon||LifeOrb|OrichalcumPulse|CollisionCourse,FlareBlitz,FlameCharge,Protect||||||50|,,,,,Fire]Chi-Yu||ChoiceScarf|BeadsofRuin|DarkPulse,Overheat,HeatWave,Snarl||||||50|,,,,,Ghost]Flutter Mane||BoosterEnergy|Protosynthesis|Taunt,Moonblast,IcyWind,Protect||||||50|,,,,,Fairy]Calyrex-Shadow||FocusSash|AsOneSpectrier|AstralBarrage,Psychic,Encore,Protect||||||50|,,,,,Dark]Tornadus||CovertCloak|Prankster|Tailwind,Protect,BleakwindStorm,SunnyDay|||M|||50|,,,,,Dark]Raging Bolt||AssaultVest|Protosynthesis|Snarl,Thunderclap,Thunderbolt,DracoMeteor||||||50|,,,,,Electric\n|showteam|p2|Zacian-Crowned||RustedSword|IntrepidSword|behemothblade,SwordsDance,PlayRough,Protect||||||50|,,,,,Ground]Kyogre||AssaultVest|Drizzle|WaterSpout,IceBeam,OriginPulse,Thunder||||||50|,,,,,Grass]Tornadus||CovertCloak|Prankster|Tailwind,BleakwindStorm,Taunt,RainDance|||M|||50|,,,,,Dark]Amoonguss||RockyHelmet|Regenerator|RagePowder,Spore,PollenPuff,Protect|||F|||50|,,,,,Water]Urshifu-Rapid-Strike||ChoiceScarf|UnseenFist|SurgingStrikes,CloseCombat,Uturn,Coaching|||F|||50|,,,,,Fire]Grimmsnarl||LightClay|Prankster|LightScreen,Reflect,FakeTears,SpiritBreak|||M|||50|,,,,,Ghost\n|inactive|Battle timer is ON: inactive players will automatically lose when time's up. (requested by HeatVW)\n|inactive|Llama_Llord also wants the timer to be on.\n|\n|t:|1746138622\n|start\n|switch|p1a: Flutter Mane|Flutter Mane, L50|100/100\n|switch|p1b: Calyrex|Calyrex-Shadow, L50|100/100\n|switch|p2a: Grimmsnarl|Grimmsnarl, L50, M|100/100\n|switch|p2b: Zacian|Zacian-Crowned, L50|100/100\n|-ability|p1b: Calyrex|As One\n|-ability|p1b: Calyrex|Unnerve\n|-ability|p2b: Zacian|Intrepid Sword|boost\n|-boost|p2b: Zacian|atk|1\n|-enditem|p1a: Flutter Mane|Booster Energy\n|-activate|p1a: Flutter Mane|ability: Protosynthesis|[fromitem]\n|-start|p1a: Flutter Mane|protosynthesisspe\n|turn|1\n|inactive|HeatVW has 30 seconds left.\n|inactive|HeatVW has 20 seconds left.\n|\n|t:|1746138659\n|move|p1a: Flutter Mane|Protect|p1a: Flutter Mane\n|-singleturn|p1a: Flutter Mane|Protect\n|move|p2a: Grimmsnarl|Light Screen|p2a: Grimmsnarl\n|-sidestart|p2: Llama_Llord|move: Light Screen\n|move|p1b: Calyrex|Encore|p2a: Grimmsnarl\n|-start|p2a: Grimmsnarl|Encore\n|move|p2b: Zacian|Behemoth Blade|p1a: Flutter Mane\n|-activate|p1a: Flutter Mane|move: Protect\n|\n|upkeep\n|turn|2\n|inactive|Llama_Llord has 30 seconds left.\n|inactive|HeatVW has 30 seconds left.\n|\n|t:|1746138690\n|switch|p2a: Amoonguss|Amoonguss, L50, F|100/100\n|move|p1a: Flutter Mane|Icy Wind|p2b: Zacian|[spread] p2a,p2b\n|-supereffective|p2a: Amoonguss\n|-resisted|p2b: Zacian\n|-damage|p2a: Amoonguss|88/100\n|-damage|p2b: Zacian|97/100\n|-unboost|p2a: Amoonguss|spe|1\n|-unboost|p2b: Zacian|spe|1\n|move|p1b: Calyrex|Astral Barrage|p2a: Amoonguss|[spread] p2a,p2b\n|-damage|p2a: Amoonguss|64/100\n|-damage|p2b: Zacian|65/100\n|move|p2b: Zacian|Behemoth Blade|p1b: Calyrex\n|-enditem|p1b: Calyrex|Focus Sash\n|-damage|p1b: Calyrex|1/100\n|\n|upkeep\n|turn|3\n|\n|t:|1746138714\n|move|p1a: Flutter Mane|Taunt|p2a: Amoonguss\n|-start|p2a: Amoonguss|move: Taunt\n|move|p1b: Calyrex|Astral Barrage|p2a: Amoonguss|[spread] p2a,p2b\n|-damage|p2a: Amoonguss|40/100\n|-damage|p2b: Zacian|34/100\n|move|p2b: Zacian|Behemoth Blade|p1b: Calyrex\n|-damage|p1b: Calyrex|0 fnt\n|faint|p1b: Calyrex\n|move|p2a: Amoonguss|Pollen Puff|p2b: Zacian\n|-heal|p2b: Zacian|84/100\n|\n|upkeep\n|\n|t:|1746138730\n|switch|p1b: Koraidon|Koraidon, L50|100/100\n|-weather|SunnyDay|[from] ability: Orichalcum Pulse|[of] p1b: Koraidon\n|-activate|p1b: Koraidon|Orichalcum Pulse|[source]\n|turn|4\n|\n|t:|1746138752\n|switch|p2a: Kyogre|Kyogre, L50|100/100\n|-weather|RainDance|[from] ability: Drizzle|[of] p2a: Kyogre\n|-terastallize|p1b: Koraidon|Fire\n|move|p1a: Flutter Mane|Moonblast|p2a: Kyogre\n|-damage|p2a: Kyogre|86/100\n|move|p1b: Koraidon|Flare Blitz|p2b: Zacian\n|-supereffective|p2b: Zacian\n|-damage|p2b: Zacian|10/100\n|-damage|p1b: Koraidon|75/100|[from] Recoil\n|-damage|p1b: Koraidon|65/100|[from] item: Life Orb\n|move|p2b: Zacian|Play Rough|p1b: Koraidon\n|-resisted|p1b: Koraidon\n|-damage|p1b: Koraidon|32/100\n|\n|-weather|RainDance|[upkeep]\n|upkeep\n|turn|5\n|inactive|Llama_Llord has 30 seconds left.\n|\n|t:|1746138784\n|switch|p1b: Raging Bolt|Raging Bolt, L50|100/100\n|switch|p2a: Amoonguss|Amoonguss, L50, F|73/100\n|move|p2b: Zacian|Protect|p2b: Zacian\n|-singleturn|p2b: Zacian|Protect\n|move|p1a: Flutter Mane|Moonblast|p2b: Zacian\n|-activate|p2b: Zacian|move: Protect\n|\n|-weather|RainDance|[upkeep]\n|upkeep\n|turn|6\n|\n|t:|1746138802\n|move|p2a: Amoonguss|Rage Powder|p2a: Amoonguss\n|-singleturn|p2a: Amoonguss|move: Rage Powder\n|move|p1a: Flutter Mane|Moonblast|p2a: Amoonguss\n|-resisted|p2a: Amoonguss\n|-damage|p2a: Amoonguss|62/100\n|-unboost|p2a: Amoonguss|spa|1\n|move|p2b: Zacian|Behemoth Blade|p1a: Flutter Mane\n|-supereffective|p1a: Flutter Mane\n|-damage|p1a: Flutter Mane|0 fnt\n|faint|p1a: Flutter Mane\n|-end|p1a: Flutter Mane|Protosynthesis|[silent]\n|move|p1b: Raging Bolt|Draco Meteor|p2a: Amoonguss\n|-damage|p2a: Amoonguss|35/100\n|-unboost|p1b: Raging Bolt|spa|2\n|\n|-weather|RainDance|[upkeep]\n|upkeep\n|\n|t:|1746138807\n|switch|p1a: Koraidon|Koraidon, L50, tera:Fire|32/100\n|-weather|SunnyDay|[from] ability: Orichalcum Pulse|[of] p1a: Koraidon\n|-activate|p1b: Raging Bolt|ability: Protosynthesis\n|-start|p1b: Raging Bolt|protosynthesisdef\n|-activate|p1a: Koraidon|Orichalcum Pulse|[source]\n|turn|7\n|\n|t:|1746138829\n|switch|p2b: Kyogre|Kyogre, L50|86/100\n|-weather|RainDance|[from] ability: Drizzle|[of] p2b: Kyogre\n|-end|p1b: Raging Bolt|Protosynthesis\n|move|p2a: Amoonguss|Protect|p2a: Amoonguss\n|-singleturn|p2a: Amoonguss|Protect\n|move|p1a: Koraidon|Flame Charge|p2b: Kyogre\n|-resisted|p2b: Kyogre\n|-damage|p2b: Kyogre|77/100\n|-boost|p1a: Koraidon|spe|1\n|-damage|p1a: Koraidon|22/100|[from] item: Life Orb\n|move|p1b: Raging Bolt|Thunderbolt|p2a: Amoonguss\n|-activate|p2a: Amoonguss|move: Protect\n|\n|-weather|RainDance|[upkeep]\n|upkeep\n|turn|8\n|\n|t:|1746138845\n|move|p2a: Amoonguss|Rage Powder|p2a: Amoonguss\n|-singleturn|p2a: Amoonguss|move: Rage Powder\n|move|p1a: Koraidon|Flame Charge|p2a: Amoonguss\n|-supereffective|p2a: Amoonguss\n|-damage|p2a: Amoonguss|0 fnt\n|-boost|p1a: Koraidon|spe|1\n|-damage|p1a: Koraidon|6/100|[from] item: Rocky Helmet|[of] p2a: Amoonguss\n|faint|p2a: Amoonguss\n|-damage|p1a: Koraidon|0 fnt|[from] item: Life Orb\n|faint|p1a: Koraidon\n|move|p2b: Kyogre|Water Spout|p1b: Raging Bolt\n|-resisted|p1b: Raging Bolt\n|-damage|p1b: Raging Bolt|70/100\n|move|p1b: Raging Bolt|Snarl|p2b: Kyogre\n|-damage|p2b: Kyogre|74/100\n|-unboost|p2b: Kyogre|spa|1\n|\n|-weather|RainDance|[upkeep]\n|-sideend|p2: Llama_Llord|move: Light Screen\n|upkeep\n|\n|t:|1746138860\n|switch|p2a: Grimmsnarl|Grimmsnarl, L50, M|100/100\n|turn|9\n|\n|t:|1746138872\n|-terastallize|p2b: Kyogre|Grass\n|move|p2a: Grimmsnarl|Light Screen|p2a: Grimmsnarl\n|-sidestart|p2: Llama_Llord|move: Light Screen\n|move|p2b: Kyogre|Ice Beam|p1b: Raging Bolt\n|-supereffective|p1b: Raging Bolt\n|-damage|p1b: Raging Bolt|44/100\n|move|p1b: Raging Bolt|Snarl|p2a: Grimmsnarl|[spread] p2a,p2b\n|-resisted|p2a: Grimmsnarl\n|-damage|p2a: Grimmsnarl|99/100\n|-damage|p2b: Kyogre|72/100\n|-unboost|p2a: Grimmsnarl|spa|1\n|-unboost|p2b: Kyogre|spa|1\n|\n|-weather|RainDance|[upkeep]\n|upkeep\n|turn|10\n|\n|t:|1746138887\n|move|p2b: Kyogre|Ice Beam|p1b: Raging Bolt\n|-supereffective|p1b: Raging Bolt\n|-damage|p1b: Raging Bolt|24/100\n|move|p1b: Raging Bolt|Draco Meteor|p2b: Kyogre\n|-damage|p2b: Kyogre|62/100\n|-unboost|p1b: Raging Bolt|spa|2\n|move|p2a: Grimmsnarl|Spirit Break|p1b: Raging Bolt\n|-supereffective|p1b: Raging Bolt\n|-damage|p1b: Raging Bolt|0 fnt\n|faint|p1b: Raging Bolt\n|-end|p1b: Raging Bolt|Protosynthesis|[silent]\n|\n|win|Llama_Llord\n|raw|HeatVW's rating: 1146 &rarr; <strong>1126</strong><br />(-20 for losing)\n|raw|Llama_Llord's rating: 1221 &rarr; <strong>1241</strong><br />(+20 for winning)\n|l|\u2606HeatVW\n|player|p1|\n", "uploadtime": 1746138898, "views": 6, "formatid": "gen9vgc2025regibo3", "rating": 1126, "private": 0, "password": null}