{"id": "gen9vgc2025regibo3-2353949873", "format": "[Gen 9] VGC 2025 Reg I (Bo3)", "players": ["bertcamem", "Inkin"], "log": "|j|\u2606bertcamem\n|j|\u2606Inkin\n|html|<table width=\"100%\"><tr><td align=\"left\">bertcamem</td><td align=\"right\">Inkin</tr><tr><td align=\"left\"><i class=\"fa fa-circle-o\"></i> <i class=\"fa fa-circle-o\"></i> </td><td align=\"right\"><i class=\"fa fa-circle-o\"></i> <i class=\"fa fa-circle-o\"></i> </tr></table>\n|uhtml|bestof|<h2><strong>Game 1</strong> of <a href=\"/game-bestof3-gen9vgc2025regibo3-2353949872\">a best-of-3</a></h2>\n|t:|1746021862\n|gametype|doubles\n|player|p1|bertcamem|169|1234\n|player|p2|Inkin|shadowtriad|1333\n|teamsize|p1|6\n|teamsize|p2|6\n|gen|9\n|tier|[Gen 9] VGC 2025 Reg I (Bo3)\n|rated|\n|rule|Species Clause: Limit one of each Pok\u00e9mon\n|rule|Item Clause: Limit 1 of each item\n|clearpoke\n|poke|p1|Koraidon, L50|\n|poke|p1|Ho-Oh, L50|\n|poke|p1|Gurdurr, L50, M|\n|poke|p1|Flutter Mane, L50|\n|poke|p1|Rillaboom, L50, M|\n|poke|p1|Raging Bolt, L50|\n|poke|p2|Koraidon, L50|\n|poke|p2|Lunala, L50|\n|poke|p2|Flutter Mane, L50|\n|poke|p2|Ursaluna, L50, F|\n|poke|p2|Rillaboom, L50, M|\n|poke|p2|Chi-Yu, L50|\n|teampreview|4\n|showteam|p1|Koraidon||LifeOrb|OrichalcumPulse|FlareBlitz,CloseCombat,Protect,Uturn||||||50|,,,,,Fire]Ho-Oh||ClearAmulet|Regenerator|SacredFire,BraveBird,Protect,Tailwind||||||50|,,,,,Grass]Gurdurr||Eviolite|IronFist|DrainPunch,Coaching,WideGuard,HelpingHand|||M|||50|,,,,,Water]Flutter Mane||FocusSash|Protosynthesis|Moonblast,ShadowBall,Taunt,IcyWind||||||50|,,,,,Normal]Rillaboom||AssaultVest|GrassySurge|FakeOut,GrassyGlide,HighHorsepower,Uturn|||M|||50|,,,,,Fire]Raging Bolt||BoosterEnergy|Protosynthesis|Protect,Thunderclap,Thunderbolt,DracoMeteor||||||50|,,,,,Fairy\n|showteam|p2|Koraidon||LifeOrb|OrichalcumPulse|CloseCombat,FlareBlitz,FlameCharge,Protect||||||50|,,,,,Fire]Lunala||PowerHerb|ShadowShield|MeteorBeam,MoongeistBeam,TrickRoom,WideGuard||||||50|,,,,,Grass]Flutter Mane||FocusSash|Protosynthesis|IcyWind,Moonblast,ShadowBall,Protect||||||50|,,,,,Normal]Ursaluna||FlameOrb|Guts|HeadlongRush,Earthquake,Facade,Protect|||F|||50|,,,,,Water]Rillaboom||AssaultVest|GrassySurge|FakeOut,GrassyGlide,WoodHammer,Uturn|||M|||50|,,,,,Fire]Chi-Yu||ChoiceScarf|BeadsofRuin|HeatWave,Overheat,DarkPulse,Snarl||||||50|,,,,,Ghost\n|inactive|Battle timer is ON: inactive players will automatically lose when time's up. (requested by bertcamem)\n|inactive|Inkin has 60 seconds left.\n|inactive|Inkin has 30 seconds left.\n|inactive|Inkin has 20 seconds left.\n|inactive|Inkin has 15 seconds left.\n|inactive|Inkin has 10 seconds left.\n|inactive|Inkin has 5 seconds left.\n|\n|t:|1746021948\n|start\n|switch|p1a: Sun|Koraidon, L50|100/100\n|switch|p1b: Magician|Flutter Mane, L50|100/100\n|switch|p2a: Koraidon|Koraidon, L50|100/100\n|switch|p2b: Lunala|Lunala, L50|100/100\n|-weather|SunnyDay|[from] ability: Orichalcum Pulse|[of] p1a: Sun\n|-activate|p1b: Magician|ability: Protosynthesis\n|-start|p1b: Magician|protosynthesisspe\n|-activate|p1a: Sun|Orichalcum Pulse|[source]\n|-activate|p2a: Koraidon|ability: Orichalcum Pulse\n|turn|1\n|inactive|Inkin has 30 seconds left.\n|inactive|Inkin has 20 seconds left.\n|inactive|Inkin has 15 seconds left.\n|inactive|Inkin has 10 seconds left.\n|inactive|Inkin has 5 seconds left.\n|\n|t:|1746022001\n|-terastallize|p1a: Sun|Fire\n|move|p2b: Lunala|Wide Guard|p2b: Lunala\n|-singleturn|p2b: Lunala|Wide Guard\n|move|p1b: Magician|Icy Wind|p2b: Lunala|[spread] \n|-activate|p2a: Koraidon|move: Wide Guard\n|-activate|p2b: Lunala|move: Wide Guard\n|move|p1a: Sun|Flare Blitz|p2b: Lunala\n|-damage|p2b: Lunala|28/100\n|-damage|p1a: Sun|68/100|[from] Recoil\n|-damage|p1a: Sun|58/100|[from] item: Life Orb\n|move|p2a: Koraidon|Close Combat|p1a: Sun\n|-damage|p1a: Sun|0 fnt\n|-unboost|p2a: Koraidon|def|1\n|-unboost|p2a: Koraidon|spd|1\n|faint|p1a: Sun\n|-damage|p2a: Koraidon|91/100|[from] item: Life Orb\n|\n|-weather|SunnyDay|[upkeep]\n|upkeep\n|\n|t:|1746022006\n|switch|p1a: Emperor|Ho-Oh, L50|100/100\n|turn|2\n|\n|t:|1746022022\n|move|p2a: Koraidon|Protect|p2a: Koraidon\n|-singleturn|p2a: Koraidon|Protect\n|move|p1b: Magician|Moonblast|p2b: Lunala\n|-damage|p2b: Lunala|0 fnt\n|faint|p2b: Lunala\n|move|p1a: Emperor|Brave Bird|p2a: Koraidon\n|-activate|p2a: Koraidon|move: Protect\n|\n|-weather|SunnyDay|[upkeep]\n|upkeep\n|\n|t:|1746022031\n|switch|p2b: Flutter Mane|Flutter Mane, L50|100/100\n|-activate|p2b: Flutter Mane|ability: Protosynthesis\n|-start|p2b: Flutter Mane|protosynthesisspe\n|turn|3\n|\n|t:|1746022054\n|-end|p1b: Magician|Protosynthesis|[silent]\n|switch|p1b: Strength|Gurdurr, L50, M|100/100\n|move|p2b: Flutter Mane|Icy Wind|p1b: Strength|[spread] p1a,p1b\n|-damage|p1a: Emperor|92/100\n|-damage|p1b: Strength|86/100\n|-unboost|p1b: Strength|spe|1\n|move|p2a: Koraidon|Flame Charge|p1b: Strength\n|-damage|p1b: Strength|61/100\n|-boost|p2a: Koraidon|spe|1\n|-damage|p2a: Koraidon|81/100|[from] item: Life Orb\n|move|p1a: Emperor|Tailwind|p1a: Emperor\n|-sidestart|p1: bertcamem|move: Tailwind\n|\n|-weather|SunnyDay|[upkeep]\n|upkeep\n|turn|4\n|inactive|Inkin has 30 seconds left.\n|inactive|Inkin has 20 seconds left.\n|inactive|Inkin has 15 seconds left.\n|inactive|Inkin has 10 seconds left.\n|\n|t:|1746022102\n|move|p2a: Koraidon|Protect|p2a: Koraidon\n|-singleturn|p2a: Koraidon|Protect\n|move|p2b: Flutter Mane|Protect|p2b: Flutter Mane\n|-singleturn|p2b: Flutter Mane|Protect\n|move|p1a: Emperor|Sacred Fire|p2b: Flutter Mane\n|-activate|p2b: Flutter Mane|move: Protect\n|move|p1b: Strength|Coaching|p1a: Emperor\n|-boost|p1a: Emperor|atk|1\n|-boost|p1a: Emperor|def|1\n|\n|-weather|SunnyDay|[upkeep]\n|upkeep\n|turn|5\n|\n|t:|1746022121\n|-end|p2b: Flutter Mane|Protosynthesis|[silent]\n|switch|p2b: Ursaluna|Ursaluna, L50, F|100/100\n|move|p2a: Koraidon|Close Combat|p1b: Strength\n|-damage|p1b: Strength|6/100\n|-unboost|p2a: Koraidon|def|1\n|-unboost|p2a: Koraidon|spd|1\n|-damage|p2a: Koraidon|72/100|[from] item: Life Orb\n|move|p1a: Emperor|Sacred Fire|p2b: Ursaluna\n|-damage|p2b: Ursaluna|9/100\n|move|p1b: Strength|Drain Punch|p2a: Koraidon\n|-damage|p2a: Koraidon|15/100\n|-heal|p1b: Strength|32/100|[from] drain|[of] p2a: Koraidon\n|\n|-weather|none\n|-status|p2b: Ursaluna|brn|[from] item: Flame Orb\n|upkeep\n|turn|6\n|inactive|Inkin has 30 seconds left.\n|\n|t:|1746022150\n|move|p2a: Koraidon|Close Combat|p1b: Strength\n|-damage|p1b: Strength|0 fnt\n|-unboost|p2a: Koraidon|def|1\n|-unboost|p2a: Koraidon|spd|1\n|faint|p1b: Strength\n|-damage|p2a: Koraidon|5/100|[from] item: Life Orb\n|move|p1a: Emperor|Brave Bird|p2a: Koraidon\n|-supereffective|p2a: Koraidon\n|-damage|p2a: Koraidon|0 fnt\n|faint|p2a: Koraidon\n|-damage|p1a: Emperor|91/100|[from] Recoil\n|move|p2b: Ursaluna|Facade|p1a: Emperor\n|-damage|p1a: Emperor|17/100\n|\n|-damage|p2b: Ursaluna|3/100 brn|[from] brn\n|-sideend|p1: bertcamem|move: Tailwind\n|upkeep\n|\n|t:|1746022159\n|switch|p2a: Flutter Mane|Flutter Mane, L50|100/100\n|switch|p1b: Magician|Flutter Mane, L50|100/100\n|turn|7\n|\n|t:|1746022184\n|move|p2a: Flutter Mane|Shadow Ball|p1a: Emperor\n|-damage|p1a: Emperor|0 fnt\n|faint|p1a: Emperor\n|move|p1b: Magician|Icy Wind|p2b: Ursaluna|[spread] p2a,p2b\n|-supereffective|p2b: Ursaluna\n|-damage|p2a: Flutter Mane|83/100\n|-damage|p2b: Ursaluna|0 fnt\n|-unboost|p2a: Flutter Mane|spe|1\n|faint|p2b: Ursaluna\n|\n|upkeep\n|turn|8\n|\n|t:|1746022206\n|-terastallize|p2a: Flutter Mane|Normal\n|move|p1b: Magician|Moonblast|p2a: Flutter Mane\n|-damage|p2a: Flutter Mane|26/100\n|move|p2a: Flutter Mane|Icy Wind|p1b: Magician\n|-damage|p1b: Magician|79/100\n|-unboost|p1b: Magician|spe|1\n|\n|upkeep\n|turn|9\n|\n|t:|1746022218\n|move|p2a: Flutter Mane|Shadow Ball|p1b: Magician\n|-supereffective|p1b: Magician\n|-damage|p1b: Magician|0 fnt\n|faint|p1b: Magician\n|-end|p1b: Magician|Protosynthesis|[silent]\n|\n|win|Inkin\n|c|\u2606bertcamem|50/50\n|c|\u2606bertcamem|okay\n||Inkin is ready for game 2.\n||bertcamem is ready for game 2.\n|uhtml|next|Next: <a href=\"/battle-gen9vgc2025regibo3-2353953824\"><strong>Game 2 of 3</strong></a>\n|l|\u2606Inkin\n|player|p2|\n|l|\u2606bertcamem\n|player|p1|\n|j|\u2606bertcamem\n|player|p1|bertcamem|169|\n", "uploadtime": 1746022625, "views": 12, "formatid": "gen9vgc2025regibo3", "rating": null, "private": 0, "password": null}