{"id": "gen9vgc2025regibo3-2354977952", "format": "[Gen 9] VGC 2025 Reg I (Bo3)", "players": ["Water_Spout09", "WestyLiam"], "log": "|j|\u2606Water_Spout09\n|j|\u2606WestyLiam\n|html|<table width=\"100%\"><tr><td align=\"left\">Water_Spout09</td><td align=\"right\">WestyLiam</tr><tr><td align=\"left\"><i class=\"fa fa-circle\"></i> <i class=\"fa fa-circle-o\"></i> </td><td align=\"right\"><i class=\"fa fa-circle-o\"></i> <i class=\"fa fa-circle-o\"></i> </tr></table>\n|uhtml|bestof|<h2><strong>Game 2</strong> of <a href=\"/game-bestof3-gen9vgc2025regibo3-2354975831\">a best-of-3</a></h2>\n|t:|1746137930\n|gametype|doubles\n|player|p1|Water_Spout09|266|1277\n|player|p2|WestyLiam|ingo|1359\n|teamsize|p1|6\n|teamsize|p2|6\n|gen|9\n|tier|[Gen 9] VGC 2025 Reg I (Bo3)\n|rated|\n|rule|Species Clause: Limit one of each Pok\u00e9mon\n|rule|Item Clause: Limit 1 of each item\n|clearpoke\n|poke|p1|Pelipper, L50, M|\n|poke|p1|Urshifu-*, L50, M|\n|poke|p1|Zamazenta-*, L50|\n|poke|p1|Lunala, L50|\n|poke|p1|Indeedee-F, L50, F|\n|poke|p1|Iron Jugulis, L50|\n|poke|p2|Calyrex-Ice, L50|\n|poke|p2|Miraidon, L50|\n|poke|p2|Incineroar, L50, F|\n|poke|p2|Farigiraf, L50, F|\n|poke|p2|Urshifu-*, L50, F|\n|poke|p2|Iron Hands, L50|\n|teampreview|4\n|showteam|p1|Pelipper||FocusSash|Drizzle|Hurricane,WeatherBall,WideGuard,Protect|||M|||50|,,,,,Stellar]Urshifu-Rapid-Strike||ChoiceScarf|UnseenFist|SurgingStrikes,CloseCombat,AquaJet,Uturn|||M|||50|,,,,,Grass]Zamazenta-Crowned||RustedShield|DauntlessShield|BodyPress,HeavySlam,WideGuard,Protect||||||50|,,,,,Dragon]Lunala||PowerHerb|ShadowShield|MoongeistBeam,ExpandingForce,MeteorBeam,Protect||||||50|,,,,,Grass]Indeedee-F||PsychicSeed|PsychicSurge|Psychic,FollowMe,HelpingHand,BatonPass|||F|||50|,,,,,Fairy]Iron Jugulis||BoosterEnergy|QuarkDrive|AirSlash,Snarl,Tailwind,Protect||||||50|,,,,,Grass\n|showteam|p2|Calyrex-Ice||ClearAmulet|AsOneGlastrier|GlacialLance,HighHorsepower,TrickRoom,Protect||||||50|,,,,,Water]Miraidon||ChoiceSpecs|HadronEngine|VoltSwitch,ElectroDrift,DracoMeteor,DazzlingGleam||||||50|,,,,,Fairy]Incineroar||RockyHelmet|Intimidate|FakeOut,KnockOff,WillOWisp,PartingShot|||F|||50|,,,,,Fairy]Farigiraf||ElectricSeed|ArmorTail|FoulPlay,PsychicNoise,TrickRoom,HelpingHand|||F|||50|,,,,,Dark]Urshifu-Rapid-Strike||ChoiceScarf|UnseenFist|SurgingStrikes,CloseCombat,Uturn,AquaJet|||F|||50|,,,,,Water]Iron Hands||AssaultVest|QuarkDrive|FakeOut,DrainPunch,LowKick,WildCharge||||||50|,,,,,Water\n|inactive|Battle timer is ON: inactive players will automatically lose when time's up. (requested by WestyLiam)\n|\n|t:|1746137947\n|start\n|switch|p1a: Lunala|Lunala, L50|100/100\n|switch|p1b: Indeedee|Indeedee-F, L50, F, shiny|100/100\n|switch|p2a: Calyrex|Calyrex-Ice, L50|100/100\n|switch|p2b: Miraidon|Miraidon, L50|100/100\n|-ability|p2a: Calyrex|As One\n|-ability|p2a: Calyrex|Unnerve\n|-fieldstart|move: Electric Terrain|[from] ability: Hadron Engine|[of] p2b: Miraidon\n|-fieldstart|move: Psychic Terrain|[from] ability: Psychic Surge|[of] p1b: Indeedee\n|-enditem|p1b: Indeedee|Psychic Seed\n|-boost|p1b: Indeedee|spd|1|[from] item: Psychic Seed\n|turn|1\n|\n|t:|1746137959\n|-terastallize|p2b: Miraidon|Fairy\n|move|p1a: Lunala|Protect|p1a: Lunala\n|-singleturn|p1a: Lunala|Protect\n|move|p2b: Miraidon|Dazzling Gleam|p1b: Indeedee|[spread] p1b\n|-activate|p1a: Lunala|move: Protect\n|-damage|p1b: Indeedee|68/100\n|move|p1b: Indeedee|Baton Pass|p1b: Indeedee\n|\n|t:|1746137964\n|switch|p1b: Zamazenta|Zamazenta-Crowned, L50|100/100|[from] Baton Pass\n|-ability|p1b: Zamazenta|Dauntless Shield|boost\n|-boost|p1b: Zamazenta|def|1\n|move|p2a: Calyrex|Glacial Lance|p1a: Lunala|[spread] p1b\n|-activate|p1a: Lunala|move: Protect\n|-resisted|p1b: Zamazenta\n|-damage|p1b: Zamazenta|89/100\n|\n|upkeep\n|turn|2\n|\n|t:|1746137987\n|switch|p2b: Farigiraf|Farigiraf, L50, F|100/100\n|move|p2a: Calyrex|Protect|p2a: Calyrex\n|-singleturn|p2a: Calyrex|Protect\n|move|p1b: Zamazenta|Wide Guard|p1b: Zamazenta\n|-singleturn|p1b: Zamazenta|Wide Guard\n|move|p1a: Lunala|Meteor Beam||[still]\n|-prepare|p1a: Lunala|Meteor Beam\n|-boost|p1a: Lunala|spa|1\n|-enditem|p1a: Lunala|Power Herb\n|-anim|p1a: Lunala|Meteor Beam|p2b: Farigiraf|[miss]\n|-miss|p1a: Lunala|p2b: Farigiraf\n|\n|upkeep\n|turn|3\n|inactive|Water_Spout09 has 30 seconds left.\n|inactive|Water_Spout09 has 20 seconds left.\n|\n|t:|1746138026\n|switch|p2a: Iron Hands|Iron Hands, L50|100/100\n|move|p1b: Zamazenta|Body Press|p2b: Farigiraf\n|-damage|p2b: Farigiraf|48/100\n|move|p1a: Lunala|Moongeist Beam|p2a: Iron Hands\n|-damage|p2a: Iron Hands|63/100\n|move|p2b: Farigiraf|Foul Play|p1a: Lunala\n|-supereffective|p1a: Lunala\n|-damage|p1a: Lunala|67/100\n|\n|upkeep\n|turn|4\n|\n|t:|1746138051\n|-end|p2a: Iron Hands|Quark Drive|[silent]\n|switch|p2a: Miraidon|Miraidon, L50, tera:Fairy|100/100\n|-fieldstart|move: Electric Terrain|[from] ability: Hadron Engine|[of] p2a: Miraidon\n|-enditem|p2b: Farigiraf|Electric Seed\n|-boost|p2b: Farigiraf|def|1|[from] item: Electric Seed\n|move|p1b: Zamazenta|Body Press|p2b: Farigiraf\n|-damage|p2b: Farigiraf|16/100\n|move|p1a: Lunala|Expanding Force|p2a: Miraidon\n|-damage|p2a: Miraidon|47/100\n|move|p2b: Farigiraf|Foul Play|p1a: Lunala\n|-supereffective|p1a: Lunala\n|-damage|p1a: Lunala|3/100\n|\n|upkeep\n|turn|5\n|\n|t:|1746138067\n|move|p2b: Farigiraf|Helping Hand|p2a: Miraidon\n|-singleturn|p2a: Miraidon|Helping Hand|[of] p2b: Farigiraf\n|move|p1b: Zamazenta|Protect|p1b: Zamazenta\n|-singleturn|p1b: Zamazenta|Protect\n|move|p1a: Lunala|Protect|p1a: Lunala\n|-singleturn|p1a: Lunala|Protect\n|move|p2a: Miraidon|Volt Switch|p1b: Zamazenta\n|-activate|p1b: Zamazenta|move: Protect\n|\n|upkeep\n|turn|6\n|\n|t:|1746138088\n|-terastallize|p1b: Zamazenta|Dragon\n|move|p2b: Farigiraf|Helping Hand|p2a: Miraidon\n|-singleturn|p2a: Miraidon|Helping Hand|[of] p2b: Farigiraf\n|move|p2a: Miraidon|Volt Switch|p1b: Zamazenta\n|-resisted|p1b: Zamazenta\n|-damage|p1b: Zamazenta|50/100\n|\n|t:|1746138093\n|switch|p2a: Iron Hands|Iron Hands, L50|63/100|[from] Volt Switch\n|-activate|p2a: Iron Hands|ability: Quark Drive\n|-start|p2a: Iron Hands|quarkdriveatk\n|move|p1b: Zamazenta|Body Press|p2b: Farigiraf\n|-damage|p2b: Farigiraf|0 fnt\n|faint|p2b: Farigiraf\n|move|p1a: Lunala|Moongeist Beam|p2a: Iron Hands\n|-damage|p2a: Iron Hands|21/100\n|\n|upkeep\n|\n|t:|1746138096\n|switch|p2b: Miraidon|Miraidon, L50, tera:Fairy|47/100\n|-activate|p2b: Miraidon|ability: Hadron Engine\n|turn|7\n|\n|t:|1746138104\n|move|p1b: Zamazenta|Protect|p1b: Zamazenta\n|-singleturn|p1b: Zamazenta|Protect\n|move|p1a: Lunala|Protect|p1a: Lunala\n|-singleturn|p1a: Lunala|Protect\n|move|p2a: Iron Hands|Fake Out|p2b: Miraidon\n|-damage|p2b: Miraidon|29/100\n|cant|p2b: Miraidon|flinch\n|\n|upkeep\n|turn|8\n|inactive|Water_Spout09 has 30 seconds left.\n|\n|t:|1746138136\n|-end|p2a: Iron Hands|Quark Drive|[silent]\n|switch|p2a: Calyrex|Calyrex-Ice, L50|100/100\n|-ability|p2a: Calyrex|As One\n|-ability|p2a: Calyrex|Unnerve\n|move|p1b: Zamazenta|Wide Guard|p1b: Zamazenta\n|-singleturn|p1b: Zamazenta|Wide Guard\n|move|p2b: Miraidon|Dazzling Gleam|p1b: Zamazenta|[spread] \n|-activate|p1a: Lunala|move: Wide Guard\n|-activate|p1b: Zamazenta|move: Wide Guard\n|move|p1a: Lunala|Moongeist Beam|p2b: Miraidon\n|-damage|p2b: Miraidon|0 fnt\n|faint|p2b: Miraidon\n|\n|-fieldend|move: Electric Terrain\n|upkeep\n|\n|t:|1746138144\n|switch|p2b: Iron Hands|Iron Hands, L50|21/100\n|turn|9\n|-message|WestyLiam forfeited.\n|raw|Water_Spout09's rating: 1277 &rarr; <strong>1308</strong><br />(+31 for winning)\n|raw|WestyLiam's rating: 1359 &rarr; <strong>1334</strong><br />(-25 for losing)\n|\n|win|Water_Spout09\n|l|\u2606WestyLiam\n|player|p2|\n|l|\u2606Water_Spout09\n|player|p1|\n", "uploadtime": 1746138473, "views": 12, "formatid": "gen9vgc2025regibo3", "rating": 1308, "private": 0, "password": null}