{"id": "gen9vgc2025regibo3-2355109578", "format": "[Gen 9] VGC 2025 Reg I (Bo3)", "players": ["clockworkmango", "Gimffy"], "log": "|j|\u2606clockworkmango\n|j|\u2606Gimffy\n|html|<table width=\"100%\"><tr><td align=\"left\">clockworkmango</td><td align=\"right\">Gimffy</tr><tr><td align=\"left\"><i class=\"fa fa-circle\"></i> <i class=\"fa fa-circle-o\"></i> </td><td align=\"right\"><i class=\"fa fa-circle-o\"></i> <i class=\"fa fa-circle-o\"></i> </tr></table>\n|uhtml|bestof|<h2><strong>Game 2</strong> of <a href=\"/game-bestof3-gen9vgc2025regibo3-2355107397\">a best-of-3</a></h2>\n|t:|1746153667\n|gametype|doubles\n|player|p1|clockworkmango|burglar|1245\n|player|p2|Gimffy|ingo|1268\n|teamsize|p1|6\n|teamsize|p2|6\n|gen|9\n|tier|[Gen 9] VGC 2025 Reg I (Bo3)\n|rated|\n|rule|Species Clause: Limit one of each Pok\u00e9mon\n|rule|Item Clause: Limit 1 of each item\n|clearpoke\n|poke|p1|Calyrex-Shadow, L50|\n|poke|p1|Koraidon, L50|\n|poke|p1|Walking Wake, L50|\n|poke|p1|Incineroar, L50, M|\n|poke|p1|Brute Bonnet, L50|\n|poke|p1|Weezing-Galar, L50, M|\n|poke|p2|Koraidon, L50|\n|poke|p2|Lunala, L50|\n|poke|p2|Flutter Mane, L50|\n|poke|p2|Chi-Yu, L50|\n|poke|p2|Brute Bonnet, L50|\n|poke|p2|Ursaluna, L50, M|\n|teampreview|4\n|showteam|p1|Calyrex-Shadow||FocusSash|AsOneSpectrier|AstralBarrage,PollenPuff,Encore,Protect||||||50|,,,,,Ghost]Koraidon||LifeOrb|OrichalcumPulse|CloseCombat,FlareBlitz,FlameCharge,Protect||||||50|,,,,,Fire]Walking Wake||ThroatSpray|Protosynthesis|HydroSteam,DracoMeteor,Snarl,Protect||||||50|,,,,,Stellar]Incineroar||SafetyGoggles|Intimidate|FlareBlitz,FakeOut,HelpingHand,PartingShot|||M|||50|,,,,,Bug]Brute Bonnet||CovertCloak|Protosynthesis|SeedBomb,SuckerPunch,Spore,RagePowder||||||50|,,,,,Water]Weezing-Galar||ZoomLens|NeutralizingGas|GunkShot,WillOWisp,PainSplit,Protect|||M|||50|,,,,,Water\n|showteam|p2|Koraidon||ClearAmulet|OrichalcumPulse|CollisionCourse,FlareBlitz,FlameCharge,Protect||||||50|,,,,,Fire]Lunala||PowerHerb|ShadowShield|MoongeistBeam,MeteorBeam,WideGuard,TrickRoom||||||50|,,,,,Water]Flutter Mane||FocusSash|Protosynthesis|Moonblast,ShadowBall,DazzlingGleam,Protect||||||50|,,,,,Fairy]Chi-Yu||ChoiceScarf|BeadsofRuin|DarkPulse,HeatWave,Overheat,Protect||||||50|,,,,,Ghost]Brute Bonnet||RockyHelmet|Protosynthesis|RagePowder,Spore,SeedBomb,SuckerPunch||||||50|,,,,,Water]Ursaluna||FlameOrb|Guts|Facade,HeadlongRush,Earthquake,Protect|||M|||50|,,,,,Water\n|inactive|Battle timer is ON: inactive players will automatically lose when time's up. (requested by Gimffy)\n|inactive|clockworkmango has 60 seconds left.\n|\n|t:|1746153701\n|start\n|switch|p1a: Desperado|Koraidon, L50|100/100\n|switch|p1b: Bughouse|Brute Bonnet, L50|100/100\n|switch|p2a: Akira|Koraidon, L50|100/100\n|switch|p2b: Imposter|Brute Bonnet, L50|100/100\n|-weather|SunnyDay|[from] ability: Orichalcum Pulse|[of] p2a: Akira\n|-activate|p2b: Imposter|ability: Protosynthesis\n|-start|p2b: Imposter|protosynthesisdef\n|-activate|p1b: Bughouse|ability: Protosynthesis\n|-start|p1b: Bughouse|protosynthesisdef\n|-activate|p2a: Akira|Orichalcum Pulse|[source]\n|-activate|p1a: Desperado|ability: Orichalcum Pulse\n|turn|1\n|inactive|clockworkmango has 30 seconds left.\n|inactive|clockworkmango has 20 seconds left.\n|inactive|clockworkmango has 15 seconds left.\n|inactive|clockworkmango has 10 seconds left.\n|\n|t:|1746153751\n|-terastallize|p1b: Bughouse|Water\n|move|p2b: Imposter|Rage Powder|p2b: Imposter\n|-singleturn|p2b: Imposter|move: Rage Powder\n|move|p1b: Bughouse|Rage Powder|p1b: Bughouse\n|-singleturn|p1b: Bughouse|move: Rage Powder\n|move|p2a: Akira|Collision Course|p1b: Bughouse\n|-damage|p1b: Bughouse|70/100\n|move|p1a: Desperado|Close Combat|p2b: Imposter\n|-supereffective|p2b: Imposter\n|-damage|p2b: Imposter|0 fnt\n|-unboost|p1a: Desperado|def|1\n|-unboost|p1a: Desperado|spd|1\n|-damage|p1a: Desperado|84/100|[from] item: Rocky Helmet|[of] p2b: Imposter\n|faint|p2b: Imposter\n|-end|p2b: Imposter|Protosynthesis|[silent]\n|-damage|p1a: Desperado|74/100|[from] item: Life Orb\n|\n|-weather|SunnyDay|[upkeep]\n|upkeep\n|\n|t:|1746153762\n|switch|p2b: Anakin|Flutter Mane, L50|100/100\n|-activate|p2b: Anakin|ability: Protosynthesis\n|-start|p2b: Anakin|protosynthesisspe\n|turn|2\n|inactive|clockworkmango has 30 seconds left.\n|\n|t:|1746153797\n|-terastallize|p2b: Anakin|Fairy\n|move|p1a: Desperado|Protect|p1a: Desperado\n|-singleturn|p1a: Desperado|Protect\n|move|p1b: Bughouse|Sucker Punch|p2b: Anakin\n|-resisted|p2b: Anakin\n|-damage|p2b: Anakin|71/100\n|move|p2b: Anakin|Dazzling Gleam|p1a: Desperado|[spread] p1b\n|-activate|p1a: Desperado|move: Protect\n|-damage|p1b: Bughouse|36/100\n|move|p2a: Akira|Collision Course|p1a: Desperado\n|-activate|p1a: Desperado|move: Protect\n|\n|-weather|SunnyDay|[upkeep]\n|upkeep\n|turn|3\n|inactive|clockworkmango has 30 seconds left.\n|inactive|clockworkmango has 20 seconds left.\n|inactive|clockworkmango has 15 seconds left.\n|inactive|clockworkmango has 10 seconds left.\n|inactive|clockworkmango has 5 seconds left.\n|\n|t:|1746153849\n|move|p1b: Bughouse|Sucker Punch|p2b: Anakin\n|-resisted|p2b: Anakin\n|-damage|p2b: Anakin|37/100\n|move|p2b: Anakin|Dazzling Gleam|p1b: Bughouse|[spread] p1a,p1b\n|-supereffective|p1a: Desperado\n|-damage|p1a: Desperado|0 fnt\n|-damage|p1b: Bughouse|1/100\n|faint|p1a: Desperado\n|move|p2a: Akira|Collision Course|p1b: Bughouse\n|-damage|p1b: Bughouse|0 fnt\n|faint|p1b: Bughouse\n|-end|p1b: Bughouse|Protosynthesis|[silent]\n|\n|-weather|SunnyDay|[upkeep]\n|upkeep\n|\n|t:|1746153860\n|switch|p1a: Deep Blue|Walking Wake, L50|100/100\n|switch|p1b: Dark Square Bishop|Calyrex-Shadow, L50|100/100\n|-ability|p1b: Dark Square Bishop|As One\n|-ability|p1b: Dark Square Bishop|Unnerve\n|-activate|p1a: Deep Blue|ability: Protosynthesis\n|-start|p1a: Deep Blue|protosynthesisspe\n|turn|4\n|inactive|clockworkmango has 30 seconds left.\n|inactive|clockworkmango has 20 seconds left.\n|inactive|clockworkmango has 15 seconds left.\n|inactive|clockworkmango has 10 seconds left.\n|\n|t:|1746153909\n|move|p1a: Deep Blue|Protect|p1a: Deep Blue\n|-singleturn|p1a: Deep Blue|Protect\n|move|p1b: Dark Square Bishop|Protect|p1b: Dark Square Bishop\n|-singleturn|p1b: Dark Square Bishop|Protect\n|move|p2b: Anakin|Dazzling Gleam|p1a: Deep Blue|[spread] \n|-activate|p1a: Deep Blue|move: Protect\n|-activate|p1b: Dark Square Bishop|move: Protect\n|move|p2a: Akira|Flame Charge|p1b: Dark Square Bishop\n|-activate|p1b: Dark Square Bishop|move: Protect\n|\n|-weather|SunnyDay|[upkeep]\n|upkeep\n|turn|5\n|inactive|Gimffy has 30 seconds left.\n|\n|t:|1746153934\n|move|p1a: Deep Blue|Protect||[still]\n|-fail|p1a: Deep Blue\n|move|p1b: Dark Square Bishop|Protect|p1b: Dark Square Bishop\n|-singleturn|p1b: Dark Square Bishop|Protect\n|move|p2b: Anakin|Dazzling Gleam|p1b: Dark Square Bishop|[spread] p1a\n|-activate|p1b: Dark Square Bishop|move: Protect\n|-supereffective|p1a: Deep Blue\n|-damage|p1a: Deep Blue|0 fnt\n|faint|p1a: Deep Blue\n|-end|p1a: Deep Blue|Protosynthesis|[silent]\n|move|p2a: Akira|Flame Charge|p1b: Dark Square Bishop\n|-activate|p1b: Dark Square Bishop|move: Protect\n|\n|-weather|none\n|-end|p2b: Anakin|Protosynthesis\n|upkeep\n|turn|6\n|\n|t:|1746153951\n|move|p1b: Dark Square Bishop|Astral Barrage|p2a: Akira|[spread] p2a,p2b\n|-damage|p2a: Akira|43/100\n|-damage|p2b: Anakin|0 fnt\n|faint|p2b: Anakin\n|-end|p2b: Anakin|Protosynthesis|[silent]\n|-ability|p1b: Dark Square Bishop|Grim Neigh|boost\n|-boost|p1b: Dark Square Bishop|spa|1\n|move|p2a: Akira|Flame Charge|p1b: Dark Square Bishop\n|-damage|p1b: Dark Square Bishop|80/100\n|-boost|p2a: Akira|spe|1\n|\n|upkeep\n|\n|t:|1746153960\n|switch|p2b: Freddy Fazbear|Ursaluna, L50, M|100/100\n|turn|7\n|\n|t:|1746153981\n|move|p2a: Akira|Flare Blitz|p1b: Dark Square Bishop\n|-damage|p1b: Dark Square Bishop|29/100\n|-damage|p2a: Akira|26/100|[from] Recoil\n|move|p1b: Dark Square Bishop|Astral Barrage|p2b: Freddy Fazbear|[spread] p2a\n|-immune|p2b: Freddy Fazbear\n|-damage|p2a: Akira|0 fnt\n|faint|p2a: Akira\n|-ability|p1b: Dark Square Bishop|Grim Neigh|boost\n|-boost|p1b: Dark Square Bishop|spa|1\n|move|p2b: Freddy Fazbear|Headlong Rush|p1b: Dark Square Bishop\n|-damage|p1b: Dark Square Bishop|0 fnt\n|-unboost|p2b: Freddy Fazbear|def|1\n|-unboost|p2b: Freddy Fazbear|spd|1\n|faint|p1b: Dark Square Bishop\n|\n|win|Gimffy\n|inactive|clockworkmango has 30 seconds to confirm battle start!\n|inactive|Gimffy has 30 seconds to confirm battle start!\n||Gimffy is ready for game 3.\n||clockworkmango is ready for game 3.\n|uhtml|next|Next: <a href=\"/battle-gen9vgc2025regibo3-2355112235\"><strong>Game 3 of 3</strong></a>\n", "uploadtime": 1746154275, "views": 7, "formatid": "gen9vgc2025regibo3", "rating": null, "private": 0, "password": null}