{"id": "gen9vgc2025regibo3-2354106867", "format": "[Gen 9] VGC 2025 Reg I (Bo3)", "players": ["angandi01", "beonum2"], "log": "|j|\u2606angandi01\n|j|\u2606beonum2\n|html|<table width=\"100%\"><tr><td align=\"left\">angandi01</td><td align=\"right\">beonum2</tr><tr><td align=\"left\"><i class=\"fa fa-circle-o\"></i> <i class=\"fa fa-circle-o\"></i> </td><td align=\"right\"><i class=\"fa fa-circle-o\"></i> <i class=\"fa fa-circle-o\"></i> </tr></table>\n|uhtml|bestof|<h2><strong>Game 1</strong> of <a href=\"/game-bestof3-gen9vgc2025regibo3-2354106863\">a best-of-3</a></h2>\n|t:|1746035423\n|gametype|doubles\n|player|p1|angandi01|265|1228\n|player|p2|beonum2|266|1139\n|teamsize|p1|6\n|teamsize|p2|6\n|gen|9\n|tier|[Gen 9] VGC 2025 Reg I (Bo3)\n|rated|\n|rule|Species Clause: Limit one of each Pok\u00e9mon\n|rule|Item Clause: Limit 1 of each item\n|clearpoke\n|poke|p1|Miraidon, L50|\n|poke|p1|Ho-Oh, L50|\n|poke|p1|Iron Hands, L50|\n|poke|p1|Urshifu-*, L50, F|\n|poke|p1|Ursaluna, L50, M|\n|poke|p1|Farigiraf, L50, M|\n|poke|p2|Groudon, L50|\n|poke|p2|Miraidon, L50|\n|poke|p2|Chi-Yu, L50|\n|poke|p2|Whimsicott, L50, M|\n|poke|p2|Gothitelle, L50, F|\n|poke|p2|Flutter Mane, L50|\n|teampreview|4\n|showteam|p1|Miraidon||ChoiceSpecs|HadronEngine|ElectroDrift,DracoMeteor,DazzlingGleam,VoltSwitch||||||50|,,,,,Fairy]Ho-Oh||ClearAmulet|Regenerator|SacredFire,BraveBird,Tailwind,Protect||||||50|,,,,,Grass]Iron Hands||AssaultVest|QuarkDrive|FakeOut,WildCharge,DrainPunch,LowKick||||||50|,,,,,Grass]Urshifu||FocusSash|UnseenFist|WickedBlow,CloseCombat,SuckerPunch,Protect|||F|||50|,,,,,Dark]Ursaluna||FlameOrb|Guts|Facade,Earthquake,HeadlongRush,Protect|||M|||50|,,,,,Fairy]Farigiraf||ElectricSeed|ArmorTail|PsychicFangs,FoulPlay,TrickRoom,HelpingHand|||M|||50|,,,,,Water\n|showteam|p2|Groudon||ClearAmulet|Drought|PrecipiceBlades,HeatCrash,Protect,HighHorsepower||||||50|,,,,,Fairy]Miraidon||ChoiceSpecs|HadronEngine|DazzlingGleam,ElectroDrift,VoltSwitch,DracoMeteor||||||50|,,,,,Fairy]Chi-Yu||ChoiceScarf|BeadsofRuin|HeatWave,DarkPulse,Overheat,Snarl||||||50|,,,,,Ghost]Whimsicott||CovertCloak|Prankster|Moonblast,Encore,Taunt,Tailwind|||M|||50|,,,,,Dark]Gothitelle||ElectricSeed|ShadowTag|FakeOut,TrickRoom,Protect,FoulPlay|||F|||50|,,,,,Dark]Flutter Mane||FocusSash|Protosynthesis|IcyWind,Moonblast,Protect,PerishSong||||||50|,,,,,Fire\n|\n|t:|1746035491\n|start\n|switch|p1a: Miraidon|Miraidon, L50|100/100\n|switch|p1b: Farigiraf|Farigiraf, L50, M|100/100\n|switch|p2a: Gorerra Lucerterra|Groudon, L50|100/100\n|switch|p2b: Bicicletta Elettra|Miraidon, L50|100/100\n|-fieldstart|move: Electric Terrain|[from] ability: Hadron Engine|[of] p1a: Miraidon\n|-enditem|p1b: Farigiraf|Electric Seed\n|-boost|p1b: Farigiraf|def|1|[from] item: Electric Seed\n|-activate|p2b: Bicicletta Elettra|ability: Hadron Engine\n|-weather|SunnyDay|[from] ability: Drought|[of] p2a: Gorerra Lucerterra\n|turn|1\n|\n|t:|1746035585\n|switch|p1b: Ursaluna|Ursaluna, L50, M|100/100\n|-terastallize|p1a: Miraidon|Fairy\n|move|p1a: Miraidon|Draco Meteor|p2a: Gorerra Lucerterra\n|-damage|p2a: Gorerra Lucerterra|0 fnt\n|-unboost|p1a: Miraidon|spa|2\n|faint|p2a: Gorerra Lucerterra\n|move|p2b: Bicicletta Elettra|Electro Drift|p1b: Ursaluna\n|-immune|p1b: Ursaluna\n|\n|-weather|SunnyDay|[upkeep]\n|-status|p1b: Ursaluna|brn|[from] item: Flame Orb\n|upkeep\n|\n|t:|1746035599\n|switch|p2a: Gotigo gran Figo|Gothitelle, L50, F|100/100\n|-enditem|p2a: Gotigo gran Figo|Electric Seed\n|-boost|p2a: Gotigo gran Figo|def|1|[from] item: Electric Seed\n|turn|2\n|\n|t:|1746035647\n|move|p2a: Gotigo gran Figo|Fake Out|p1b: Ursaluna\n|-damage|p1b: Ursaluna|96/100 brn\n|move|p2b: Bicicletta Elettra|Electro Drift|p1a: Miraidon\n|-damage|p1a: Miraidon|0 fnt\n|faint|p1a: Miraidon\n|cant|p1b: Ursaluna|flinch\n|\n|-weather|SunnyDay|[upkeep]\n|-damage|p1b: Ursaluna|90/100 brn|[from] brn\n|upkeep\n|\n|t:|1746035660\n|switch|p1a: Urshifu|Urshifu, L50, F|100/100\n|turn|3\n|\n|t:|1746035689\n|move|p1a: Urshifu|Protect|p1a: Urshifu\n|-singleturn|p1a: Urshifu|Protect\n|move|p2b: Bicicletta Elettra|Electro Drift|p1a: Urshifu\n|-activate|p1a: Urshifu|move: Protect\n|move|p2a: Gotigo gran Figo|Foul Play|p1b: Ursaluna\n|-damage|p1b: Ursaluna|61/100 brn\n|move|p1b: Ursaluna|Headlong Rush|p2b: Bicicletta Elettra\n|-supereffective|p2b: Bicicletta Elettra\n|-damage|p2b: Bicicletta Elettra|0 fnt\n|-unboost|p1b: Ursaluna|def|1\n|-unboost|p1b: Ursaluna|spd|1\n|faint|p2b: Bicicletta Elettra\n|\n|-weather|SunnyDay|[upkeep]\n|-damage|p1b: Ursaluna|56/100 brn|[from] brn\n|upkeep\n|\n|t:|1746035697\n|switch|p2b: Prometto Prometeo|Chi-Yu, L50|100/100\n|-ability|p2b: Prometto Prometeo|Beads of Ruin\n|turn|4\n|\n|t:|1746035795\n|move|p1b: Ursaluna|Protect|p1b: Ursaluna\n|-singleturn|p1b: Ursaluna|Protect\n|move|p2b: Prometto Prometeo|Heat Wave|p1b: Ursaluna|[spread] p1a\n|-activate|p1b: Ursaluna|move: Protect\n|-enditem|p1a: Urshifu|Focus Sash\n|-damage|p1a: Urshifu|1/100\n|move|p1a: Urshifu|Close Combat|p2b: Prometto Prometeo\n|-supereffective|p2b: Prometto Prometeo\n|-damage|p2b: Prometto Prometeo|0 fnt\n|-unboost|p1a: Urshifu|def|1\n|-unboost|p1a: Urshifu|spd|1\n|faint|p2b: Prometto Prometeo\n|move|p2a: Gotigo gran Figo|Foul Play|p1a: Urshifu\n|-resisted|p1a: Urshifu\n|-damage|p1a: Urshifu|0 fnt\n|faint|p1a: Urshifu\n|\n|-weather|SunnyDay|[upkeep]\n|-damage|p1b: Ursaluna|50/100 brn|[from] brn\n|upkeep\n|\n|t:|1746035816\n|switch|p1a: Farigiraf|Farigiraf, L50, M|100/100\n|turn|5\n|\n|t:|1746035845\n|-terastallize|p2a: Gotigo gran Figo|Dark\n|move|p1a: Farigiraf|Helping Hand|p1b: Ursaluna\n|-singleturn|p1b: Ursaluna|Helping Hand|[of] p1a: Farigiraf\n|move|p2a: Gotigo gran Figo|Foul Play|p1b: Ursaluna\n|-damage|p1b: Ursaluna|0 fnt\n|faint|p1b: Ursaluna\n|\n|-weather|none\n|-fieldend|move: Electric Terrain\n|upkeep\n|turn|6\n|\n|t:|1746035866\n|move|p2a: Gotigo gran Figo|Foul Play|p1a: Farigiraf\n|-supereffective|p1a: Farigiraf\n|-damage|p1a: Farigiraf|61/100\n|move|p1a: Farigiraf|Foul Play|p2a: Gotigo gran Figo\n|-resisted|p2a: Gotigo gran Figo\n|-damage|p2a: Gotigo gran Figo|96/100\n|\n|upkeep\n|turn|7\n|\n|t:|1746035877\n|move|p2a: Gotigo gran Figo|Foul Play|p1a: Farigiraf\n|-supereffective|p1a: Farigiraf\n|-damage|p1a: Farigiraf|17/100\n|move|p1a: Farigiraf|Foul Play|p2a: Gotigo gran Figo\n|-resisted|p2a: Gotigo gran Figo\n|-damage|p2a: Gotigo gran Figo|91/100\n|\n|upkeep\n|turn|8\n|-message|angandi01 forfeited.\n|\n|win|beonum2\n||beonum2 is ready for game 2.\n||angandi01 is ready for game 2.\n|uhtml|next|Next: <a href=\"/battle-gen9vgc2025regibo3-2354112227\"><strong>Game 2 of 3</strong></a>\n|l|\u2606beonum2\n|player|p2|\n", "uploadtime": 1746036529, "views": 8, "formatid": "gen9vgc2025regibo3", "rating": null, "private": 0, "password": null}