{"id": "gen9vgc2025regibo3-2354059453", "format": "[Gen 9] VGC 2025 Reg I (Bo3)", "players": ["Galarian Wolfey", "Gosh-Z"], "log": "|j|\u2606Galarian Wolfey\n|j|\u2606Gosh-Z\n|html|<table width=\"100%\"><tr><td align=\"left\">Galarian Wolfey</td><td align=\"right\">Gosh-Z</tr><tr><td align=\"left\"><i class=\"fa fa-circle\"></i> <i class=\"fa fa-circle-o\"></i> </td><td align=\"right\"><i class=\"fa fa-circle-o\"></i> <i class=\"fa fa-circle-o\"></i> </tr></table>\n|uhtml|bestof|<h2><strong>Game 2</strong> of <a href=\"/game-bestof3-gen9vgc2025regibo3-2354057701\">a best-of-3</a></h2>\n|t:|1746031373\n|gametype|doubles\n|player|p1|Galarian Wolfey|harlequin|1278\n|player|p2|Gosh-Z|1|1403\n|teamsize|p1|6\n|teamsize|p2|6\n|gen|9\n|tier|[Gen 9] VGC 2025 Reg I (Bo3)\n|rated|\n|rule|Species Clause: Limit one of each Pok\u00e9mon\n|rule|Item Clause: Limit 1 of each item\n|clearpoke\n|poke|p1|Calyrex-Shadow, L50|\n|poke|p1|Zamazenta-*, L50|\n|poke|p1|Urshifu-*, L50, M|\n|poke|p1|Rillaboom, L50, F|\n|poke|p1|Brute Bonnet, L50|\n|poke|p1|Chien-Pao, L50|\n|poke|p2|Zamazenta-*, L50|\n|poke|p2|Calyrex-Shadow, L50|\n|poke|p2|Chien-Pao, L50|\n|poke|p2|Urshifu-*, L50, M|\n|poke|p2|Tornadus, L50, M|\n|poke|p2|Ogerpon-Cornerstone, L50, F|\n|teampreview|4\n|showteam|p1|Calyrex-Shadow||FocusSash|AsOneSpectrier|AstralBarrage,Psychic,NastyPlot,Protect||||||50|,,,,,Dark]Zamazenta-Crowned||RustedShield|DauntlessShield|BodyPress,behemothbash,WideGuard,Protect||||||50|,,,,,Ghost]Urshifu-Rapid-Strike||ChoiceScarf|UnseenFist|SurgingStrikes,AquaJet,CloseCombat,Uturn|||M|||50|,,,,,Water]Rillaboom||AssaultVest|GrassySurge|GrassyGlide,FakeOut,WoodHammer,Uturn|||F|||50|,,,,,Fire]Brute Bonnet||BoosterEnergy|Protosynthesis|Spore,SuckerPunch,SeedBomb,RagePowder||||||50|,,,,,Water]Chien-Pao||LifeOrb|SwordofRuin|IcicleCrash,IceShard,Crunch,Protect||||||50|,,,,,Stellar\n|showteam|p2|Zamazenta-Crowned||RustedShield|DauntlessShield|BodyPress,HeavySlam,WideGuard,Protect||||||50|,,,,,Dragon]Calyrex-Shadow||FocusSash|AsOneSpectrier|AstralBarrage,Psychic,Encore,Protect||||||50|,,,,,Ghost]Chien-Pao||LifeOrb|SwordofRuin|IceSpinner,ThroatChop,IceShard,Protect||||||50|,,,,,Ghost]Urshifu-Rapid-Strike||MysticWater|UnseenFist|SurgingStrikes,AquaJet,Taunt,Detect|||M|||50|,,,,,Water]Tornadus||RockyHelmet|Prankster|BleakwindStorm,Tailwind,RainDance,Protect|||M|||50|,,,,,Normal]Ogerpon-Cornerstone||CornerstoneMask|Sturdy|IvyCudgel,PowerWhip,SpikyShield,FollowMe|||F|||50|,,,,,Rock\n|inactive|Battle timer is ON: inactive players will automatically lose when time's up. (requested by Galarian Wolfey)\n|\n|t:|1746031394\n|start\n|switch|p1a: Brute Bonnet|Brute Bonnet, L50|100/100\n|switch|p1b: Chien-Pao|Chien-Pao, L50|100/100\n|switch|p2a: Zamazenta|Zamazenta-Crowned, L50|100/100\n|switch|p2b: Chien-Pao|Chien-Pao, L50|100/100\n|-ability|p2b: Chien-Pao|Sword of Ruin\n|-ability|p1b: Chien-Pao|Sword of Ruin\n|-ability|p2a: Zamazenta|Dauntless Shield|boost\n|-boost|p2a: Zamazenta|def|1\n|-enditem|p1a: Brute Bonnet|Booster Energy\n|-activate|p1a: Brute Bonnet|ability: Protosynthesis|[fromitem]\n|-start|p1a: Brute Bonnet|protosynthesisdef\n|turn|1\n|inactive|Gosh-Z has 30 seconds left.\n|\n|t:|1746031420\n|-terastallize|p1a: Brute Bonnet|Water\n|move|p1b: Chien-Pao|Protect|p1b: Chien-Pao\n|-singleturn|p1b: Chien-Pao|Protect\n|move|p2b: Chien-Pao|Throat Chop|p1a: Brute Bonnet\n|-damage|p1a: Brute Bonnet|68/100\n|-start|p1a: Brute Bonnet|Throat Chop|[silent]\n|-damage|p2b: Chien-Pao|91/100|[from] item: Life Orb\n|move|p2a: Zamazenta|Body Press|p1a: Brute Bonnet\n|-damage|p1a: Brute Bonnet|22/100\n|move|p1a: Brute Bonnet|Spore|p2a: Zamazenta\n|-status|p2a: Zamazenta|slp|[from] move: Spore\n|\n|upkeep\n|turn|2\n|\n|t:|1746031434\n|switch|p1b: Zamazenta|Zamazenta-Crowned, L50|100/100\n|-ability|p1b: Zamazenta|Dauntless Shield|boost\n|-boost|p1b: Zamazenta|def|1\n|cant|p2a: Zamazenta|slp\n|move|p2b: Chien-Pao|Throat Chop|p1a: Brute Bonnet\n|-damage|p1a: Brute Bonnet|0 fnt\n|faint|p1a: Brute Bonnet\n|-end|p1a: Brute Bonnet|Protosynthesis|[silent]\n|-damage|p2b: Chien-Pao|81/100|[from] item: Life Orb\n|\n|upkeep\n|\n|t:|1746031438\n|switch|p1a: Calyrex|Calyrex-Shadow, L50|100/100\n|-ability|p1a: Calyrex|As One\n|-ability|p1a: Calyrex|Unnerve\n|turn|3\n|\n|t:|1746031457\n|move|p2b: Chien-Pao|Protect|p2b: Chien-Pao\n|-singleturn|p2b: Chien-Pao|Protect\n|move|p1a: Calyrex|Astral Barrage|p2b: Chien-Pao|[spread] p2a\n|-activate|p2b: Chien-Pao|move: Protect\n|-damage|p2a: Zamazenta|61/100 slp\n|move|p1b: Zamazenta|Body Press|p2b: Chien-Pao\n|-activate|p2b: Chien-Pao|move: Protect\n|-curestatus|p2a: Zamazenta|slp|[msg]\n|move|p2a: Zamazenta|Heavy Slam|p1a: Calyrex\n|-damage|p1a: Calyrex|14/100\n|\n|upkeep\n|turn|4\n|\n|t:|1746031470\n|-terastallize|p2a: Zamazenta|Dragon\n|move|p1a: Calyrex|Protect|p1a: Calyrex\n|-singleturn|p1a: Calyrex|Protect\n|move|p2b: Chien-Pao|Ice Shard|p1a: Calyrex\n|-activate|p1a: Calyrex|move: Protect\n|move|p1b: Zamazenta|Body Press|p2b: Chien-Pao\n|-supereffective|p2b: Chien-Pao\n|-damage|p2b: Chien-Pao|0 fnt\n|faint|p2b: Chien-Pao\n|move|p2a: Zamazenta|Body Press|p1b: Zamazenta\n|-supereffective|p1b: Zamazenta\n|-damage|p1b: Zamazenta|46/100\n|\n|upkeep\n|\n|t:|1746031475\n|switch|p2b: Tornadus|Tornadus, L50, M|100/100\n|turn|5\n|\n|t:|1746031482\n|move|p2b: Tornadus|Tailwind|p2b: Tornadus\n|-sidestart|p2: Gosh-Z|move: Tailwind\n|move|p2a: Zamazenta|Heavy Slam|p1a: Calyrex\n|-damage|p1a: Calyrex|0 fnt\n|faint|p1a: Calyrex\n|move|p1b: Zamazenta|Body Press|p2a: Zamazenta\n|-damage|p2a: Zamazenta|36/100\n|\n|upkeep\n|\n|t:|1746031491\n|switch|p1a: Chien-Pao|Chien-Pao, L50|100/100\n|-ability|p1a: Chien-Pao|Sword of Ruin\n|turn|6\n|\n|t:|1746031508\n|move|p2b: Tornadus|Protect|p2b: Tornadus\n|-singleturn|p2b: Tornadus|Protect\n|move|p1a: Chien-Pao|Protect|p1a: Chien-Pao\n|-singleturn|p1a: Chien-Pao|Protect\n|move|p2a: Zamazenta|Body Press|p1a: Chien-Pao\n|-activate|p1a: Chien-Pao|move: Protect\n|move|p1b: Zamazenta|Body Press|p2a: Zamazenta\n|-damage|p2a: Zamazenta|5/100\n|\n|upkeep\n|turn|7\n|\n|t:|1746031519\n|move|p2a: Zamazenta|Protect|p2a: Zamazenta\n|-singleturn|p2a: Zamazenta|Protect\n|move|p1a: Chien-Pao|Ice Shard|p2a: Zamazenta\n|-activate|p2a: Zamazenta|move: Protect\n|move|p2b: Tornadus|Bleakwind Storm|p1a: Chien-Pao|[spread] p1a\n|-miss|p2b: Tornadus|p1b: Zamazenta\n|-damage|p1a: Chien-Pao|50/100\n|move|p1b: Zamazenta|Behemoth Bash|p2b: Tornadus\n|-damage|p2b: Tornadus|31/100\n|-damage|p1b: Zamazenta|30/100|[from] item: Rocky Helmet|[of] p2b: Tornadus\n|\n|upkeep\n|turn|8\n|\n|t:|1746031531\n|move|p1a: Chien-Pao|Protect|p1a: Chien-Pao\n|-singleturn|p1a: Chien-Pao|Protect\n|move|p1b: Zamazenta|Protect|p1b: Zamazenta\n|-singleturn|p1b: Zamazenta|Protect\n|move|p2a: Zamazenta|Body Press|p1a: Chien-Pao\n|-activate|p1a: Chien-Pao|move: Protect\n|move|p2b: Tornadus|Bleakwind Storm|p1a: Chien-Pao|[spread] \n|-activate|p1a: Chien-Pao|move: Protect\n|-activate|p1b: Zamazenta|move: Protect\n|\n|-sideend|p2: Gosh-Z|move: Tailwind\n|upkeep\n|turn|9\n|\n|t:|1746031540\n|move|p2a: Zamazenta|Protect|p2a: Zamazenta\n|-singleturn|p2a: Zamazenta|Protect\n|move|p1a: Chien-Pao|Ice Shard|p2b: Tornadus\n|-supereffective|p2b: Tornadus\n|-damage|p2b: Tornadus|0 fnt\n|faint|p2b: Tornadus\n|-damage|p1a: Chien-Pao|40/100|[from] item: Life Orb\n|move|p1b: Zamazenta|Body Press|p2a: Zamazenta\n|-activate|p2a: Zamazenta|move: Protect\n|\n|upkeep\n|\n|t:|1746031542\n|switch|p2b: Calyrex|Calyrex-Shadow, L50|100/100\n|-ability|p2b: Calyrex|As One\n|-ability|p2b: Calyrex|Unnerve\n|turn|10\n|inactive|Gosh-Z has 30 seconds left.\n|inactive|Gosh-Z has 20 seconds left.\n|inactive|Gosh-Z has 15 seconds left.\n|inactive|Gosh-Z has 10 seconds left.\n|\n|t:|1746031590\n|move|p1b: Zamazenta|Protect|p1b: Zamazenta\n|-singleturn|p1b: Zamazenta|Protect\n|move|p1a: Chien-Pao|Ice Shard|p2a: Zamazenta\n|-supereffective|p2a: Zamazenta\n|-damage|p2a: Zamazenta|0 fnt\n|faint|p2a: Zamazenta\n|-damage|p1a: Chien-Pao|31/100|[from] item: Life Orb\n|move|p2b: Calyrex|Encore|p1b: Zamazenta\n|-activate|p1b: Zamazenta|move: Protect\n|\n|upkeep\n|turn|11\n|\n|t:|1746031600\n|move|p1b: Zamazenta|Wide Guard|p1b: Zamazenta\n|-singleturn|p1b: Zamazenta|Wide Guard\n|move|p1a: Chien-Pao|Ice Shard|p2b: Calyrex\n|-damage|p2b: Calyrex|56/100\n|-damage|p1a: Chien-Pao|21/100|[from] item: Life Orb\n|move|p2b: Calyrex|Astral Barrage|p1a: Chien-Pao|[spread] \n|-activate|p1a: Chien-Pao|move: Wide Guard\n|-activate|p1b: Zamazenta|move: Wide Guard\n|\n|upkeep\n|turn|12\n|\n|t:|1746031607\n|move|p1b: Zamazenta|Wide Guard|p1b: Zamazenta\n|-singleturn|p1b: Zamazenta|Wide Guard\n|move|p2b: Calyrex|Astral Barrage|p1a: Chien-Pao|[spread] \n|-activate|p1a: Chien-Pao|move: Wide Guard\n|-activate|p1b: Zamazenta|move: Wide Guard\n|move|p1a: Chien-Pao|Crunch|p2b: Calyrex\n|-supereffective|p2b: Calyrex\n|-damage|p2b: Calyrex|0 fnt\n|faint|p2b: Calyrex\n|-damage|p1a: Chien-Pao|11/100|[from] item: Life Orb\n|\n|win|Galarian Wolfey\n|raw|Galarian Wolfey's rating: 1278 &rarr; <strong>1312</strong><br />(+34 for winning)\n|raw|Gosh-Z's rating: 1403 &rarr; <strong>1376</strong><br />(-27 for losing)\n|c|\u2606Gosh-Z|Man\n|c|\u2606Gosh-Z|Gg\n|c|\u2606Galarian Wolfey|gg\n", "uploadtime": 1746031628, "views": 28, "formatid": "gen9vgc2025regibo3", "rating": 1312, "private": 0, "password": null}