{"id": "gen9vgc2025regibo3-2353422962", "format": "[Gen 9] VGC 2025 Reg I (Bo3)", "players": ["CpTProphet", "Hadrian1917"], "log": "|j|\u2606CpTProphet\n|j|\u2606Hadrian1917\n|html|<table width=\"100%\"><tr><td align=\"left\">CpTProphet</td><td align=\"right\">Hadrian1917</tr><tr><td align=\"left\"><i class=\"fa fa-circle-o\"></i> <i class=\"fa fa-circle-o\"></i> </td><td align=\"right\"><i class=\"fa fa-circle-o\"></i> <i class=\"fa fa-circle\"></i> </tr></table>\n|uhtml|bestof|<h2><strong>Game 2</strong> of <a href=\"/game-bestof3-gen9vgc2025regibo3-2353416662\">a best-of-3</a></h2>\n|t:|1745954626\n|gametype|doubles\n|player|p1|CpTProphet|plasmagrunt|1316\n|player|p2|Hadrian1917|2|1337\n|teamsize|p1|6\n|teamsize|p2|6\n|gen|9\n|tier|[Gen 9] VGC 2025 Reg I (Bo3)\n|rated|\n|rule|Species Clause: Limit one of each Pok\u00e9mon\n|rule|Item Clause: Limit 1 of each item\n|clearpoke\n|poke|p1|Koraidon, L50|\n|poke|p1|Lunala, L50|\n|poke|p1|Umbreon, L50, M|\n|poke|p1|Amoonguss, L50, F|\n|poke|p1|Walking Wake, L50|\n|poke|p1|Incineroar, L50, M|\n|poke|p2|Miraidon, L50|\n|poke|p2|Whimsicott, L50, F|\n|poke|p2|Farigiraf, L50, F|\n|poke|p2|Iron Hands, L50|\n|poke|p2|Calyrex-Shadow, L50|\n|poke|p2|Ogerpon-Hearthflame, L50, F|\n|teampreview|4\n|showteam|p1|Koraidon||LifeOrb|OrichalcumPulse|FlameCharge,FlareBlitz,CloseCombat,Protect||||||50|,,,,,Fire]Lunala||PowerHerb|ShadowShield|MoongeistBeam,MeteorBeam,WideGuard,TrickRoom||||||50|,,,,,Fairy]Umbreon||SafetyGoggles|InnerFocus|FoulPlay,Snarl,Yawn,Moonlight|||M|||50|,,,,,Poison]Amoonguss||MentalHerb|Regenerator|Spore,RagePowder,PollenPuff,Protect|||F|||50|,,,,,Water]Walking Wake||ChoiceSpecs|Protosynthesis|HydroSteam,DracoMeteor,Snarl,WeatherBall||||||50|,,,,,Steel]Incineroar||AssaultVest|Intimidate|FakeOut,FlareBlitz,KnockOff,Uturn|||M|||50|,,,,,Bug\n|showteam|p2|Miraidon||ChoiceSpecs|HadronEngine|ElectroDrift,DracoMeteor,VoltSwitch,DazzlingGleam||||||50|,,,,,Fairy]Whimsicott||CovertCloak|Prankster|Tailwind,Encore,LightScreen,Moonblast|||F|||50|,,,,,Dark]Farigiraf||ElectricSeed|ArmorTail|PsychicNoise,FoulPlay,HelpingHand,TrickRoom|||F|||50|,,,,,Water]Iron Hands||AssaultVest|QuarkDrive|LowKick,DrainPunch,WildCharge,FakeOut||||||50|,,,,,Bug]Calyrex-Shadow||FocusSash|AsOneSpectrier|AstralBarrage,Psyshock,ShadowBall,Protect||||||50|,,,,,Ghost]Ogerpon-Hearthflame||HearthflameMask|MoldBreaker|IvyCudgel,FollowMe,Encore,SpikyShield|||F|||50|,,,,,Fire\n|inactive|Battle timer is ON: inactive players will automatically lose when time's up. (requested by Hadrian1917)\n|inactive|CpTProphet has 60 seconds left.\n|inactive|Hadrian1917 has 60 seconds left.\n|\n|t:|1745954688\n|start\n|switch|p1a: Koraidon|Koraidon, L50|100/100\n|switch|p1b: Walking Wake|Walking Wake, L50|100/100\n|switch|p2a: Ogerpon|Ogerpon-Hearthflame, L50, F|100/100\n|switch|p2b: Miraidon|Miraidon, L50|100/100\n|-weather|SunnyDay|[from] ability: Orichalcum Pulse|[of] p1a: Koraidon\n|-activate|p1b: Walking Wake|ability: Protosynthesis\n|-start|p1b: Walking Wake|protosynthesisspe\n|-activate|p1a: Koraidon|Orichalcum Pulse|[source]\n|-fieldstart|move: Electric Terrain|[from] ability: Hadron Engine|[of] p2b: Miraidon\n|-ability|p2a: Ogerpon|Mold Breaker\n|turn|1\n|inactive|CpTProphet has 30 seconds left.\n|inactive|Hadrian1917 has 30 seconds left.\n|inactive|CpTProphet has 20 seconds left.\n|inactive|CpTProphet has 15 seconds left.\n|inactive|CpTProphet has 10 seconds left.\n|inactive|CpTProphet has 5 seconds left.\n|\n|t:|1745954741\n|-terastallize|p1a: Koraidon|Fire\n|move|p2a: Ogerpon|Follow Me|p2a: Ogerpon\n|-singleturn|p2a: Ogerpon|move: Follow Me\n|move|p1b: Walking Wake|Snarl|p2b: Miraidon|[spread] p2a\n|-miss|p1b: Walking Wake|p2b: Miraidon\n|-damage|p2a: Ogerpon|81/100\n|-unboost|p2a: Ogerpon|spa|1\n|move|p1a: Koraidon|Flame Charge|p2a: Ogerpon\n|-damage|p2a: Ogerpon|1/100\n|-boost|p1a: Koraidon|spe|1\n|-damage|p1a: Koraidon|91/100|[from] item: Life Orb\n|move|p2b: Miraidon|Dazzling Gleam|p1a: Koraidon|[spread] p1a,p1b\n|-resisted|p1a: Koraidon\n|-supereffective|p1b: Walking Wake\n|-damage|p1a: Koraidon|69/100\n|-damage|p1b: Walking Wake|10/100\n|\n|-weather|SunnyDay|[upkeep]\n|upkeep\n|turn|2\n|inactive|CpTProphet has 30 seconds left.\n|inactive|Hadrian1917 has 30 seconds left.\n|inactive|CpTProphet has 20 seconds left.\n|\n|t:|1745954779\n|move|p1a: Koraidon|Protect|p1a: Koraidon\n|-singleturn|p1a: Koraidon|Protect\n|move|p2a: Ogerpon|Spiky Shield|p2a: Ogerpon\n|-singleturn|p2a: Ogerpon|move: Protect\n|move|p1b: Walking Wake|Snarl|p2b: Miraidon|[spread] p2b\n|-activate|p2a: Ogerpon|move: Protect\n|-damage|p2b: Miraidon|85/100\n|-unboost|p2b: Miraidon|spa|1\n|move|p2b: Miraidon|Dazzling Gleam|p1a: Koraidon|[spread] p1b\n|-activate|p1a: Koraidon|move: Protect\n|-supereffective|p1b: Walking Wake\n|-damage|p1b: Walking Wake|0 fnt\n|faint|p1b: Walking Wake\n|-end|p1b: Walking Wake|Protosynthesis|[silent]\n|\n|-weather|SunnyDay|[upkeep]\n|upkeep\n|\n|t:|1745954804\n|switch|p1b: Amoonguss|Amoonguss, L50, F|100/100\n|turn|3\n|\n|t:|1745954821\n|switch|p2a: Iron Hands|Iron Hands, L50, shiny|100/100\n|-activate|p2a: Iron Hands|ability: Quark Drive\n|-start|p2a: Iron Hands|quarkdriveatk\n|move|p1a: Koraidon|Flame Charge|p2a: Iron Hands\n|-damage|p2a: Iron Hands|44/100\n|-boost|p1a: Koraidon|spe|1\n|-damage|p1a: Koraidon|60/100|[from] item: Life Orb\n|move|p2b: Miraidon|Dazzling Gleam|p1a: Koraidon|[spread] p1a,p1b\n|-resisted|p1a: Koraidon\n|-resisted|p1b: Amoonguss\n|-damage|p1a: Koraidon|46/100\n|-damage|p1b: Amoonguss|90/100\n|move|p1b: Amoonguss|Pollen Puff|p1a: Koraidon\n|-heal|p1a: Koraidon|95/100\n|\n|-weather|SunnyDay|[upkeep]\n|upkeep\n|turn|4\n|inactive|CpTProphet has 30 seconds left.\n|inactive|CpTProphet has 20 seconds left.\n|\n|t:|1745954859\n|switch|p2b: Calyrex|Calyrex-Shadow, L50|100/100\n|-ability|p2b: Calyrex|As One\n|-ability|p2b: Calyrex|Unnerve\n|move|p2a: Iron Hands|Fake Out|p1a: Koraidon\n|-damage|p1a: Koraidon|79/100\n|cant|p1a: Koraidon|flinch\n|move|p1b: Amoonguss|Pollen Puff|p1a: Koraidon\n|-heal|p1a: Koraidon|100/100\n|\n|-weather|SunnyDay|[upkeep]\n|upkeep\n|turn|5\n|inactive|CpTProphet has 30 seconds left.\n|\n|t:|1745954892\n|move|p1a: Koraidon|Protect|p1a: Koraidon\n|-singleturn|p1a: Koraidon|Protect\n|move|p2b: Calyrex|Protect|p2b: Calyrex\n|-singleturn|p2b: Calyrex|Protect\n|move|p1b: Amoonguss|Protect|p1b: Amoonguss\n|-singleturn|p1b: Amoonguss|Protect\n|move|p2a: Iron Hands|Low Kick|p1a: Koraidon\n|-activate|p1a: Koraidon|move: Protect\n|\n|-weather|none\n|-fieldend|move: Electric Terrain\n|-end|p2a: Iron Hands|Quark Drive\n|upkeep\n|turn|6\n|inactive|CpTProphet has 30 seconds left.\n|\n|t:|1745954921\n|switch|p2b: Miraidon|Miraidon, L50|85/100\n|-fieldstart|move: Electric Terrain|[from] ability: Hadron Engine|[of] p2b: Miraidon\n|-activate|p2a: Iron Hands|ability: Quark Drive\n|-start|p2a: Iron Hands|quarkdriveatk\n|move|p1a: Koraidon|Flare Blitz|p2a: Iron Hands\n|-damage|p2a: Iron Hands|0 fnt\n|faint|p2a: Iron Hands\n|-end|p2a: Iron Hands|Quark Drive|[silent]\n|-damage|p1a: Koraidon|81/100|[from] Recoil\n|-damage|p1a: Koraidon|71/100|[from] item: Life Orb\n|move|p1b: Amoonguss|Pollen Puff|p2b: Miraidon\n|-damage|p2b: Miraidon|70/100\n|\n|upkeep\n|\n|t:|1745954940\n|switch|p2a: Calyrex|Calyrex-Shadow, L50|100/100\n|-ability|p2a: Calyrex|As One\n|-ability|p2a: Calyrex|Unnerve\n|turn|7\n|\n|t:|1745954963\n|move|p1a: Koraidon|Protect|p1a: Koraidon\n|-singleturn|p1a: Koraidon|Protect\n|move|p1b: Amoonguss|Protect|p1b: Amoonguss\n|-singleturn|p1b: Amoonguss|Protect\n|move|p2a: Calyrex|Astral Barrage|p1a: Koraidon|[spread] \n|-activate|p1a: Koraidon|move: Protect\n|-activate|p1b: Amoonguss|move: Protect\n|move|p2b: Miraidon|Draco Meteor|p1b: Amoonguss\n|-activate|p1b: Amoonguss|move: Protect\n|\n|upkeep\n|turn|8\n|inactive|CpTProphet has 30 seconds left.\n|inactive|CpTProphet has 20 seconds left.\n|inactive|CpTProphet has 15 seconds left.\n|\n|t:|1745955006\n|move|p1a: Koraidon|Close Combat|p2b: Miraidon\n|-damage|p2b: Miraidon|4/100\n|-unboost|p1a: Koraidon|def|1\n|-unboost|p1a: Koraidon|spd|1\n|-damage|p1a: Koraidon|62/100|[from] item: Life Orb\n|move|p2a: Calyrex|Astral Barrage|p1b: Amoonguss|[spread] p1a,p1b\n|-damage|p1a: Koraidon|0 fnt\n|-damage|p1b: Amoonguss|48/100\n|faint|p1a: Koraidon\n|-ability|p2a: Calyrex|Grim Neigh|boost\n|-boost|p2a: Calyrex|spa|1\n|move|p2b: Miraidon|Draco Meteor|p1b: Amoonguss|[miss]\n|-miss|p2b: Miraidon|p1b: Amoonguss\n|move|p1b: Amoonguss|Pollen Puff|p2a: Calyrex\n|-damage|p2a: Calyrex|81/100\n|\n|upkeep\n|\n|t:|1745955023\n|switch|p1a: Lunala|Lunala, L50|100/100\n|turn|9\n|\n|t:|1745955046\n|move|p2a: Calyrex|Protect|p2a: Calyrex\n|-singleturn|p2a: Calyrex|Protect\n|move|p1b: Amoonguss|Rage Powder|p1b: Amoonguss\n|-singleturn|p1b: Amoonguss|move: Rage Powder\n|move|p2b: Miraidon|Draco Meteor|p1b: Amoonguss\n|-damage|p1b: Amoonguss|0 fnt\n|-unboost|p2b: Miraidon|spa|2\n|faint|p1b: Amoonguss\n|move|p1a: Lunala|Trick Room|p1a: Lunala\n|-fieldstart|move: Trick Room|[of] p1a: Lunala\n|\n|upkeep\n|turn|10\n|\n|t:|1745955069\n|switch|p2b: Ogerpon|Ogerpon-Hearthflame, L50, F|1/100\n|-ability|p2b: Ogerpon|Mold Breaker\n|move|p2a: Calyrex|Protect||[still]\n|-fail|p2a: Calyrex\n|move|p1a: Lunala|Moongeist Beam|p2a: Calyrex\n|-supereffective|p2a: Calyrex\n|-damage|p2a: Calyrex|0 fnt\n|faint|p2a: Calyrex\n|\n|-fieldend|move: Electric Terrain\n|upkeep\n|\n|t:|1745955080\n|switch|p2a: Miraidon|Miraidon, L50|4/100\n|-fieldstart|move: Electric Terrain|[from] ability: Hadron Engine|[of] p2a: Miraidon\n|turn|11\n|\n|t:|1745955089\n|move|p2b: Ogerpon|Spiky Shield|p2b: Ogerpon\n|-singleturn|p2b: Ogerpon|move: Protect\n|move|p1a: Lunala|Moongeist Beam|p2a: Miraidon\n|-damage|p2a: Miraidon|0 fnt\n|faint|p2a: Miraidon\n|\n|upkeep\n|turn|12\n|-message|Hadrian1917 forfeited.\n|\n|win|CpTProphet\n||CpTProphet is ready for game 3.\n||Hadrian1917 is ready for game 3.\n|uhtml|next|Next: <a href=\"/battle-gen9vgc2025regibo3-2353428406\"><strong>Game 3 of 3</strong></a>\n", "uploadtime": 1745955383, "views": 18, "formatid": "gen9vgc2025regibo3", "rating": null, "private": 0, "password": null}