{"id": "gen9vgc2025regibo3-2354502353", "format": "[Gen 9] VGC 2025 Reg I (Bo3)", "players": ["basvos", "Flourobenzene"], "log": "|j|\u2606basvos\n|j|\u2606Flourobenzene\n|html|<table width=\"100%\"><tr><td align=\"left\">basvos</td><td align=\"right\">Flourobenzene</tr><tr><td align=\"left\"><i class=\"fa fa-circle-o\"></i> <i class=\"fa fa-circle-o\"></i> </td><td align=\"right\"><i class=\"fa fa-circle-o\"></i> <i class=\"fa fa-circle-o\"></i> </tr></table>\n|uhtml|bestof|<h2><strong>Game 1</strong> of <a href=\"/game-bestof3-gen9vgc2025regibo3-2354502352\">a best-of-3</a></h2>\n|t:|1746082974\n|gametype|doubles\n|player|p1|basvos|lucas|1139\n|player|p2|Flourobenzene|blue|1128\n|teamsize|p1|6\n|teamsize|p2|6\n|gen|9\n|tier|[Gen 9] VGC 2025 Reg I (Bo3)\n|rated|\n|rule|Species Clause: Limit one of each Pok\u00e9mon\n|rule|Item Clause: Limit 1 of each item\n|clearpoke\n|poke|p1|Zamazenta-*, L50|\n|poke|p1|Calyrex-Shadow, L50|\n|poke|p1|Chien-Pao, L50|\n|poke|p1|Grimmsnarl, L50, M|\n|poke|p1|Indeedee-F, L50, F|\n|poke|p1|Heatran, L50, M|\n|poke|p2|Calyrex-Shadow, L50|\n|poke|p2|Koraidon, L50|\n|poke|p2|Tornadus, L50, M|\n|poke|p2|Raging Bolt, L50|\n|poke|p2|Chi-Yu, L50|\n|poke|p2|Ogerpon-Cornerstone, L50, F|\n|teampreview|4\n|showteam|p1|Zamazenta-Crowned||RustedShield|DauntlessShield|behemothbash,BodyPress,Protect,WideGuard||||||50|,,,,,Dragon]Calyrex-Shadow||LifeOrb|AsOneSpectrier|NastyPlot,AstralBarrage,Psyshock,Protect||||||50|,,,,,Dark]Chien-Pao||FocusSash|SwordofRuin|SuckerPunch,SacredSword,ThroatChop,IcicleCrash||||||50|,,,,,Stellar]Grimmsnarl||LightClay|Prankster|LightScreen,ThunderWave,FoulPlay,Reflect|||M|||50|,,,,,Grass]Indeedee-F||RockyHelmet|PsychicSurge|TrickRoom,FollowMe,Protect,HelpingHand|||F|||50|,,,,,Grass]Heatran||ZoomLens|FlashFire|MagmaStorm,HeavySlam,WillOWisp,Protect|||M|||50|,,,,,Fairy\n|showteam|p2|Calyrex-Shadow||FocusSash|AsOneSpectrier|Protect,AstralBarrage,Psychic,Encore||||||50|,,,,,Normal]Koraidon||LifeOrb|OrichalcumPulse|Protect,CloseCombat,FlameCharge,FlareBlitz||||||50|,,,,,Fire]Tornadus||CovertCloak|Prankster|Tailwind,SunnyDay,Taunt,BleakwindStorm|||M|||50|,,,,,Dark]Raging Bolt||AssaultVest|Protosynthesis|Thunderclap,Electroweb,DracoMeteor,VoltSwitch||||||50|,,,,,Fairy]Chi-Yu||ChoiceScarf|BeadsofRuin|HeatWave,Snarl,Overheat,DarkPulse||||||50|,,,,,Ghost]Ogerpon-Cornerstone||CornerstoneMask|Sturdy|IvyCudgel,PowerWhip,FollowMe,SpikyShield|||F|||50|,,,,,Rock\n|\n|t:|1746083024\n|start\n|switch|p1a: Calyrex|Calyrex-Shadow, L50|100/100\n|switch|p1b: Chien-Pao|Chien-Pao, L50|100/100\n|switch|p2a: Tornadus|Tornadus, L50, M|100/100\n|switch|p2b: Chi-Yu|Chi-Yu, L50|100/100\n|-ability|p1a: Calyrex|As One\n|-ability|p1a: Calyrex|Unnerve\n|-ability|p2b: Chi-Yu|Beads of Ruin\n|-ability|p1b: Chien-Pao|Sword of Ruin\n|turn|1\n|l|\u2606Flourobenzene\n|player|p2|\n|j|\u2606Flourobenzene\n|player|p2|Flourobenzene|blue|\n|\n|t:|1746083095\n|-terastallize|p1a: Calyrex|Dark\n|move|p2a: Tornadus|Tailwind|p2a: Tornadus\n|-sidestart|p2: Flourobenzene|move: Tailwind\n|move|p2b: Chi-Yu|Overheat|p1b: Chien-Pao\n|-supereffective|p1b: Chien-Pao\n|-enditem|p1b: Chien-Pao|Focus Sash\n|-damage|p1b: Chien-Pao|1/100\n|-unboost|p2b: Chi-Yu|spa|2\n|move|p1a: Calyrex|Nasty Plot|p1a: Calyrex\n|-boost|p1a: Calyrex|spa|2\n|move|p1b: Chien-Pao|Sacred Sword|p2b: Chi-Yu\n|-supereffective|p2b: Chi-Yu\n|-damage|p2b: Chi-Yu|0 fnt\n|faint|p2b: Chi-Yu\n|\n|upkeep\n|\n|t:|1746083108\n|switch|p2b: Koraidon|Koraidon, L50|100/100\n|-weather|SunnyDay|[from] ability: Orichalcum Pulse|[of] p2b: Koraidon\n|-activate|p2b: Koraidon|Orichalcum Pulse|[source]\n|turn|2\n|\n|t:|1746083135\n|move|p1a: Calyrex|Protect|p1a: Calyrex\n|-singleturn|p1a: Calyrex|Protect\n|move|p2b: Koraidon|Flame Charge|p1b: Chien-Pao\n|-supereffective|p1b: Chien-Pao\n|-damage|p1b: Chien-Pao|0 fnt\n|-boost|p2b: Koraidon|spe|1\n|faint|p1b: Chien-Pao\n|-damage|p2b: Koraidon|91/100|[from] item: Life Orb\n|move|p2a: Tornadus|Bleakwind Storm|p1a: Calyrex\n|-activate|p1a: Calyrex|move: Protect\n|\n|-weather|SunnyDay|[upkeep]\n|upkeep\n|l|\u2606Flourobenzene\n|player|p2|\n|j|\u2606Flourobenzene\n|player|p2|Flourobenzene|blue|\n|\n|t:|1746083153\n|switch|p1b: Zamazenta|Zamazenta-Crowned, L50|100/100\n|-ability|p1b: Zamazenta|Dauntless Shield|boost\n|-boost|p1b: Zamazenta|def|1\n|turn|3\n|l|\u2606Flourobenzene\n|player|p2|\n|j|\u2606Flourobenzene\n|player|p2|Flourobenzene|blue|\n|\n|t:|1746083184\n|move|p1a: Calyrex|Protect||[still]\n|-fail|p1a: Calyrex\n|move|p2b: Koraidon|Close Combat|p1a: Calyrex\n|-supereffective|p1a: Calyrex\n|-damage|p1a: Calyrex|0 fnt\n|-unboost|p2b: Koraidon|def|1\n|-unboost|p2b: Koraidon|spd|1\n|faint|p1a: Calyrex\n|-damage|p2b: Koraidon|81/100|[from] item: Life Orb\n|move|p2a: Tornadus|Bleakwind Storm|p1b: Zamazenta\n|-damage|p1b: Zamazenta|69/100\n|move|p1b: Zamazenta|Body Press|p2b: Koraidon\n|-damage|p2b: Koraidon|0 fnt\n|faint|p2b: Koraidon\n|\n|-weather|SunnyDay|[upkeep]\n|upkeep\n|\n|t:|1746083200\n|switch|p1a: Heatran|Heatran, L50, M|100/100\n|switch|p2b: Calyrex|Calyrex-Shadow, L50|100/100\n|-ability|p2b: Calyrex|As One\n|-ability|p2b: Calyrex|Unnerve\n|turn|4\n|\n|t:|1746083221\n|move|p2b: Calyrex|Protect|p2b: Calyrex\n|-singleturn|p2b: Calyrex|Protect\n|move|p1b: Zamazenta|Wide Guard|p1b: Zamazenta\n|-singleturn|p1b: Zamazenta|Wide Guard\n|move|p2a: Tornadus|Taunt|p1b: Zamazenta\n|-start|p1b: Zamazenta|move: Taunt\n|move|p1a: Heatran|Magma Storm|p2b: Calyrex\n|-activate|p2b: Calyrex|move: Protect\n|\n|-weather|SunnyDay|[upkeep]\n|-sideend|p2: Flourobenzene|move: Tailwind\n|upkeep\n|turn|5\n|\n|t:|1746083252\n|move|p2b: Calyrex|Encore|p1b: Zamazenta\n|-start|p1b: Zamazenta|Encore\n|cant|p1b: Zamazenta|move: Taunt|Wide Guard\n|move|p2a: Tornadus|Bleakwind Storm|p1a: Heatran|[spread] p1b\n|-miss|p2a: Tornadus|p1a: Heatran\n|-damage|p1b: Zamazenta|44/100\n|move|p1a: Heatran|Magma Storm|p2b: Calyrex\n|-damage|p2b: Calyrex|39/100\n|-activate|p2b: Calyrex|move: Magma Storm|[of] p1a: Heatran\n|\n|-weather|SunnyDay|[upkeep]\n|-damage|p2b: Calyrex|26/100|[from] move: Magma Storm|[partiallytrapped]\n|upkeep\n|turn|6\n|\n|t:|1746083272\n|move|p2b: Calyrex|Astral Barrage|p1b: Zamazenta|[spread] p1a,p1b\n|-damage|p1a: Heatran|63/100\n|-damage|p1b: Zamazenta|0 fnt\n|faint|p1b: Zamazenta\n|-ability|p2b: Calyrex|Grim Neigh|boost\n|-boost|p2b: Calyrex|spa|1\n|move|p2a: Tornadus|Bleakwind Storm|p1a: Heatran\n|-resisted|p1a: Heatran\n|-damage|p1a: Heatran|48/100\n|move|p1a: Heatran|Magma Storm|p2b: Calyrex\n|-damage|p2b: Calyrex|0 fnt\n|faint|p2b: Calyrex\n|\n|-weather|none\n|upkeep\n|turn|7\n|l|\u2606Flourobenzene\n|player|p2|\n|j|\u2606Flourobenzene\n|player|p2|Flourobenzene|blue|\n|\n|t:|1746083300\n|move|p2a: Tornadus|Bleakwind Storm|p1a: Heatran\n|-resisted|p1a: Heatran\n|-damage|p1a: Heatran|34/100\n|-unboost|p1a: Heatran|spe|1\n|move|p1a: Heatran|Magma Storm|p2a: Tornadus\n|-damage|p2a: Tornadus|52/100\n|-activate|p2a: Tornadus|move: Magma Storm|[of] p1a: Heatran\n|\n|-damage|p2a: Tornadus|40/100|[from] move: Magma Storm|[partiallytrapped]\n|upkeep\n|turn|8\n|\n|t:|1746083311\n|move|p2a: Tornadus|Bleakwind Storm|p1a: Heatran|[miss]\n|-miss|p2a: Tornadus|p1a: Heatran\n|move|p1a: Heatran|Heavy Slam|p2a: Tornadus\n|-crit|p2a: Tornadus\n|-damage|p2a: Tornadus|0 fnt\n|faint|p2a: Tornadus\n|\n|win|basvos\n|l|\u2606Flourobenzene\n|player|p2|\n|raw|basvos's rating: 1139 &rarr; <strong>1163</strong><br />(+24 for winning)\n|raw|Flourobenzene's rating: 1128 &rarr; <strong>1104</strong><br />(-24 for losing)\n", "uploadtime": 1746083582, "views": 24, "formatid": "gen9vgc2025regibo3", "rating": 1104, "private": 0, "password": null}