{"id": "gen9vgc2025regibo3-2354524304", "format": "[Gen 9] VGC 2025 Reg I (Bo3)", "players": ["Pickedman", "thatsszabrow!"], "log": "|j|\u2606Pickedman\n|j|\u2606thatsszabrow!\n|html|<table width=\"100%\"><tr><td align=\"left\">Pickedman</td><td align=\"right\">thatsszabrow!</tr><tr><td align=\"left\"><i class=\"fa fa-circle-o\"></i> <i class=\"fa fa-circle-o\"></i> </td><td align=\"right\"><i class=\"fa fa-circle-o\"></i> <i class=\"fa fa-circle-o\"></i> </tr></table>\n|uhtml|bestof|<h2><strong>Game 1</strong> of <a href=\"/game-bestof3-gen9vgc2025regibo3-2354524303\">a best-of-3</a></h2>\n|t:|1746087549\n|gametype|doubles\n|player|p1|Pickedman|zinnia-masters|1120\n|player|p2|thatsszabrow!|265|1092\n|teamsize|p1|6\n|teamsize|p2|6\n|gen|9\n|tier|[Gen 9] VGC 2025 Reg I (Bo3)\n|rated|\n|rule|Species Clause: Limit one of each Pok\u00e9mon\n|rule|Item Clause: Limit 1 of each item\n|clearpoke\n|poke|p1|Dondozo, L50, M|\n|poke|p1|Tatsugiri-Droopy, L50, F|\n|poke|p1|Ho-Oh, L50|\n|poke|p1|Eternatus, L50|\n|poke|p1|Ting-Lu, L50|\n|poke|p1|Ogerpon-Hearthflame, L50, F|\n|poke|p2|Calyrex-Ice, L50|\n|poke|p2|Smeargle, L50, F|\n|poke|p2|Indeedee-F, L50, F|\n|poke|p2|Urshifu-*, L50, M|\n|poke|p2|Raging Bolt, L50|\n|poke|p2|Groudon, L50|\n|teampreview|4\n|showteam|p1|Dondozo||Leftovers|Unaware|Protect,BodyPress,OrderUp,HeavySlam|||M|||50|,,,,,Grass]Tatsugiri-Droopy||SafetyGoggles|Commander|DracoMeteor,Taunt,Protect,MuddyWater|||F|||50|,,,,,Steel]Ho-Oh||RockyHelmet|Regenerator|SacredFire,Whirlwind,Recover,Protect||||||50|,,,,,Grass]Eternatus||BlackSludge|Pressure|DynamaxCannon,Recover,ToxicSpikes,Protect||||||50|,,,,,Fairy]Ting-Lu||AssaultVest|VesselofRuin|Ruination,HeavySlam,StompingTantrum,ThroatChop||||||50|,,,,,Fairy]Ogerpon-Hearthflame||HearthflameMask|MoldBreaker|IvyCudgel,SpikyShield,FollowMe,WoodHammer|||F|||50|,,,,,Fire\n|showteam|p2|Calyrex-Ice||ClearAmulet|AsOneGlastrier|TrickRoom,GlacialLance,HighHorsepower,Protect||||||50|,,,,,Water]Smeargle||FocusSash|Technician|FakeOut,Spore,Decorate,FollowMe|||F|||50|,,,,,Normal]Indeedee-F||SafetyGoggles|PsychicSurge|TrickRoom,FollowMe,Imprison,Psychic|||F|||50|,,,,,Dragon]Urshifu||ChoiceBand|UnseenFist|WickedBlow,PoisonJab,Uturn,CloseCombat|||M|||50|,,,,,Poison]Raging Bolt||BoosterEnergy|Protosynthesis|Thunderbolt,Thunderclap,DracoMeteor,Protect||||||50|,,,,,Fairy]Groudon||Leftovers|Drought|PrecipiceBlades,HeatCrash,Protect,ThunderPunch||||||50|,,,,,Fire\n|j| Nocturne1023\n|inactive|Battle timer is ON: inactive players will automatically lose when time's up. (requested by thatsszabrow!)\n|\n|t:|1746087621\n|start\n|switch|p1a: Ogerpon|Ogerpon-Hearthflame, L50, F|100/100\n|switch|p1b: Eternatus|Eternatus, L50|100/100\n|switch|p2a: Calyrex|Calyrex-Ice, L50|100/100\n|switch|p2b: Smeargle|Smeargle, L50, F|100/100\n|-ability|p2a: Calyrex|As One\n|-ability|p2a: Calyrex|Unnerve\n|-ability|p1b: Eternatus|Pressure\n|-ability|p1a: Ogerpon|Mold Breaker\n|turn|1\n|\n|t:|1746087641\n|move|p1b: Eternatus|Protect|p1b: Eternatus\n|-singleturn|p1b: Eternatus|Protect\n|move|p1a: Ogerpon|Spiky Shield|p1a: Ogerpon\n|-singleturn|p1a: Ogerpon|move: Protect\n|move|p2b: Smeargle|Fake Out|p1a: Ogerpon\n|-activate|p1a: Ogerpon|move: Protect\n|-damage|p2b: Smeargle|88/100|[from] Spiky Shield|[of] p1a: Ogerpon\n|move|p2a: Calyrex|Trick Room|p2a: Calyrex\n|-fieldstart|move: Trick Room|[of] p2a: Calyrex\n|\n|upkeep\n|turn|2\n|\n|t:|1746087654\n|-terastallize|p2a: Calyrex|Water\n|move|p1a: Ogerpon|Follow Me|p1a: Ogerpon\n|-singleturn|p1a: Ogerpon|move: Follow Me\n|move|p2b: Smeargle|Decorate|p1a: Ogerpon\n|-boost|p1a: Ogerpon|atk|2\n|-boost|p1a: Ogerpon|spa|2\n|move|p2a: Calyrex|Glacial Lance|p1a: Ogerpon|[spread] p1a,p1b\n|-supereffective|p1b: Eternatus\n|-damage|p1a: Ogerpon|50/100\n|-damage|p1b: Eternatus|28/100\n|move|p1b: Eternatus|Toxic Spikes|p2b: Smeargle\n|-sidestart|p2: thatsszabrow!|move: Toxic Spikes\n|\n|-heal|p1b: Eternatus|34/100|[from] item: Black Sludge\n|upkeep\n|turn|3\n|\n|t:|1746087668\n|move|p1a: Ogerpon|Spiky Shield|p1a: Ogerpon\n|-singleturn|p1a: Ogerpon|move: Protect\n|move|p1b: Eternatus|Protect|p1b: Eternatus\n|-singleturn|p1b: Eternatus|Protect\n|move|p2b: Smeargle|Decorate|p2a: Calyrex\n|-boost|p2a: Calyrex|atk|2\n|-boost|p2a: Calyrex|spa|2\n|move|p2a: Calyrex|Glacial Lance|p1b: Eternatus|[spread] \n|-activate|p1a: Ogerpon|move: Protect\n|-activate|p1b: Eternatus|move: Protect\n|\n|-heal|p1b: Eternatus|40/100|[from] item: Black Sludge\n|upkeep\n|turn|4\n|\n|t:|1746087683\n|move|p1a: Ogerpon|Follow Me|p1a: Ogerpon\n|-singleturn|p1a: Ogerpon|move: Follow Me\n|move|p2b: Smeargle|Decorate|p1a: Ogerpon\n|-boost|p1a: Ogerpon|atk|2\n|-boost|p1a: Ogerpon|spa|2\n|move|p2a: Calyrex|Glacial Lance|p1a: Ogerpon|[spread] p1a,p1b\n|-supereffective|p1b: Eternatus\n|-crit|p1b: Eternatus\n|-damage|p1a: Ogerpon|0 fnt\n|-damage|p1b: Eternatus|0 fnt\n|faint|p1a: Ogerpon\n|faint|p1b: Eternatus\n|-ability|p2a: Calyrex|Chilling Neigh|boost\n|-boost|p2a: Calyrex|atk|2\n|\n|upkeep\n|\n|t:|1746087687\n|switch|p1a: Dondozo|Dondozo, L50, M|100/100\n|switch|p1b: Tatsugiri|Tatsugiri-Droopy, L50, F|100/100\n|-activate|p1b: Tatsugiri|ability: Commander|[of] p1a: Dondozo\n|-boost|p1a: Dondozo|atk|2\n|-boost|p1a: Dondozo|spa|2\n|-boost|p1a: Dondozo|spe|2\n|-boost|p1a: Dondozo|def|2\n|-boost|p1a: Dondozo|spd|2\n|turn|5\n|\n|t:|1746087703\n|move|p1a: Dondozo|Protect|p1a: Dondozo\n|-singleturn|p1a: Dondozo|Protect\n|move|p2b: Smeargle|Spore|p1a: Dondozo\n|-activate|p1a: Dondozo|move: Protect\n|move|p2a: Calyrex|Glacial Lance|p1a: Dondozo|[spread] \n|-miss|p2a: Calyrex|p1b: Tatsugiri\n|-activate|p1a: Dondozo|move: Protect\n|\n|-fieldend|move: Trick Room\n|upkeep\n|turn|6\n|\n|t:|1746087724\n|switch|p2b: Groudon|Groudon, L50|100/100\n|-status|p2b: Groudon|psn\n|-weather|SunnyDay|[from] ability: Drought|[of] p2b: Groudon\n|move|p1a: Dondozo|Body Press|p2b: Groudon\n|-damage|p2b: Groudon|65/100 psn\n|move|p2a: Calyrex|Trick Room|p2a: Calyrex\n|-fieldstart|move: Trick Room|[of] p2a: Calyrex\n|\n|-weather|SunnyDay|[upkeep]\n|-heal|p2b: Groudon|71/100 psn|[from] item: Leftovers\n|-damage|p2b: Groudon|58/100 psn|[from] psn\n|upkeep\n|turn|7\n|\n|t:|1746087743\n|move|p2a: Calyrex|High Horsepower|p1a: Dondozo\n|-damage|p1a: Dondozo|89/100\n|move|p2b: Groudon|Thunder Punch|p1a: Dondozo\n|-supereffective|p1a: Dondozo\n|-damage|p1a: Dondozo|72/100\n|move|p1a: Dondozo|Order Up|p2a: Calyrex\n|-damage|p2a: Calyrex|78/100\n|-boost|p1a: Dondozo|def|1\n|\n|-weather|SunnyDay|[upkeep]\n|-heal|p2b: Groudon|64/100 psn|[from] item: Leftovers\n|-heal|p1a: Dondozo|78/100|[from] item: Leftovers\n|-damage|p2b: Groudon|52/100 psn|[from] psn\n|upkeep\n|turn|8\n|\n|t:|1746087764\n|move|p2a: Calyrex|Glacial Lance|p1b: Tatsugiri|[spread] p1a\n|-miss|p2a: Calyrex|p1b: Tatsugiri\n|-resisted|p1a: Dondozo\n|-damage|p1a: Dondozo|73/100\n|move|p1a: Dondozo|Order Up|p2a: Calyrex\n|-damage|p2a: Calyrex|57/100\n|-boost|p1a: Dondozo|def|1\n|move|p2b: Groudon|Thunder Punch|p1a: Dondozo\n|-supereffective|p1a: Dondozo\n|-damage|p1a: Dondozo|62/100\n|\n|-weather|SunnyDay|[upkeep]\n|-heal|p1a: Dondozo|68/100|[from] item: Leftovers\n|-heal|p2b: Groudon|58/100 psn|[from] item: Leftovers\n|-damage|p2b: Groudon|45/100 psn|[from] psn\n|upkeep\n|turn|9\n|inactive|thatsszabrow! has 30 seconds left.\n|\n|t:|1746087791\n|move|p2a: Calyrex|Protect|p2a: Calyrex\n|-singleturn|p2a: Calyrex|Protect\n|move|p1a: Dondozo|Order Up|p2a: Calyrex\n|-activate|p2a: Calyrex|move: Protect\n|move|p2b: Groudon|Thunder Punch|p1a: Dondozo\n|-supereffective|p1a: Dondozo\n|-damage|p1a: Dondozo|57/100\n|\n|-weather|SunnyDay|[upkeep]\n|-heal|p2b: Groudon|51/100 psn|[from] item: Leftovers\n|-heal|p1a: Dondozo|63/100|[from] item: Leftovers\n|-damage|p2b: Groudon|39/100 psn|[from] psn\n|upkeep\n|turn|10\n|\n|t:|1746087805\n|move|p2a: Calyrex|High Horsepower|p1a: Dondozo\n|-damage|p1a: Dondozo|56/100\n|move|p2b: Groudon|Thunder Punch|p1a: Dondozo\n|-supereffective|p1a: Dondozo\n|-damage|p1a: Dondozo|45/100\n|move|p1a: Dondozo|Order Up|p2a: Calyrex\n|-damage|p2a: Calyrex|34/100\n|-boost|p1a: Dondozo|def|1\n|\n|-weather|none\n|-heal|p2b: Groudon|45/100 psn|[from] item: Leftovers\n|-heal|p1a: Dondozo|52/100|[from] item: Leftovers\n|-damage|p2b: Groudon|32/100 psn|[from] psn\n|-fieldend|move: Trick Room\n|upkeep\n|turn|11\n|inactive|Pickedman has 30 seconds left.\n|inactive|Pickedman has 20 seconds left.\n|\n|t:|1746087840\n|move|p2b: Groudon|Thunder Punch|p1a: Dondozo\n|-supereffective|p1a: Dondozo\n|-damage|p1a: Dondozo|42/100\n|move|p1a: Dondozo|Body Press|p2a: Calyrex\n|-damage|p2a: Calyrex|0 fnt\n|faint|p2a: Calyrex\n|\n|-heal|p2b: Groudon|38/100 psn|[from] item: Leftovers\n|-heal|p1a: Dondozo|48/100|[from] item: Leftovers\n|-damage|p2b: Groudon|26/100 psn|[from] psn\n|upkeep\n|c|\u2606thatsszabrow!|Very annoying team\n|\n|t:|1746087856\n|switch|p2a: Smeargle|Smeargle, L50, F|88/100\n|-status|p2a: Smeargle|psn\n|turn|12\n|\n|t:|1746087874\n|move|p1a: Dondozo|Protect|p1a: Dondozo\n|-singleturn|p1a: Dondozo|Protect\n|move|p2a: Smeargle|Fake Out|p1a: Dondozo\n|-activate|p1a: Dondozo|move: Protect\n|move|p2b: Groudon|Thunder Punch|p1a: Dondozo\n|-activate|p1a: Dondozo|move: Protect\n|\n|-heal|p1a: Dondozo|54/100|[from] item: Leftovers\n|-heal|p2b: Groudon|32/100 psn|[from] item: Leftovers\n|-damage|p2b: Groudon|19/100 psn|[from] psn\n|-damage|p2a: Smeargle|76/100 psn|[from] psn\n|upkeep\n|turn|13\n|inactive|thatsszabrow! has 30 seconds left.\n|\n|t:|1746087900\n|move|p2b: Groudon|Thunder Punch|p1a: Dondozo\n|-supereffective|p1a: Dondozo\n|-damage|p1a: Dondozo|44/100\n|move|p1a: Dondozo|Body Press|p2a: Smeargle\n|-supereffective|p2a: Smeargle\n|-damage|p2a: Smeargle|0 fnt\n|faint|p2a: Smeargle\n|\n|-heal|p1a: Dondozo|50/100|[from] item: Leftovers\n|-heal|p2b: Groudon|25/100 psn|[from] item: Leftovers\n|-damage|p2b: Groudon|13/100 psn|[from] psn\n|upkeep\n|\n|t:|1746087910\n|switch|p2a: Raging Bolt|Raging Bolt, L50|100/100\n|-status|p2a: Raging Bolt|psn\n|-enditem|p2a: Raging Bolt|Booster Energy\n|-activate|p2a: Raging Bolt|ability: Protosynthesis|[fromitem]\n|-start|p2a: Raging Bolt|protosynthesisspa\n|turn|14\n|\n|t:|1746087927\n|move|p1a: Dondozo|Protect|p1a: Dondozo\n|-singleturn|p1a: Dondozo|Protect\n|move|p2a: Raging Bolt|Thunderclap||[still]\n|-fail|p2a: Raging Bolt\n|move|p2b: Groudon|Thunder Punch|p1a: Dondozo\n|-activate|p1a: Dondozo|move: Protect\n|\n|-heal|p1a: Dondozo|57/100|[from] item: Leftovers\n|-heal|p2b: Groudon|19/100 psn|[from] item: Leftovers\n|-damage|p2b: Groudon|6/100 psn|[from] psn\n|-damage|p2a: Raging Bolt|88/100 psn|[from] psn\n|upkeep\n|turn|15\n|\n|t:|1746087940\n|-terastallize|p1a: Dondozo|Grass\n|move|p1a: Dondozo|Order Up|p2a: Raging Bolt\n|-supereffective|p2a: Raging Bolt\n|-damage|p2a: Raging Bolt|29/100 psn\n|-boost|p1a: Dondozo|def|1\n|move|p2b: Groudon|Thunder Punch|p1a: Dondozo\n|-resisted|p1a: Dondozo\n|-damage|p1a: Dondozo|55/100\n|move|p2a: Raging Bolt|Thunderbolt|p1a: Dondozo\n|-resisted|p1a: Dondozo\n|-damage|p1a: Dondozo|41/100\n|\n|-heal|p2b: Groudon|12/100 psn|[from] item: Leftovers\n|-heal|p1a: Dondozo|47/100|[from] item: Leftovers\n|-damage|p2b: Groudon|0 fnt|[from] psn\n|faint|p2b: Groudon\n|-damage|p2a: Raging Bolt|16/100 psn|[from] psn\n|upkeep\n|turn|16\n|l| Nocturne1023\n|\n|t:|1746087955\n|move|p1a: Dondozo|Body Press|p2a: Raging Bolt\n|-damage|p2a: Raging Bolt|0 fnt\n|faint|p2a: Raging Bolt\n|-end|p2a: Raging Bolt|Protosynthesis|[silent]\n|\n|win|Pickedman\n||thatsszabrow! is ready for game 2.\n||Pickedman is ready for game 2.\n|uhtml|next|Next: <a href=\"/battle-gen9vgc2025regibo3-2354526240\"><strong>Game 2 of 3</strong></a>\n", "uploadtime": 1746088232, "views": 12, "formatid": "gen9vgc2025regibo3", "rating": null, "private": 0, "password": null}