{"id": "gen9vgc2025regibo3-2354835847", "format": "[Gen 9] VGC 2025 Reg I (Bo3)", "players": ["Samueljacksonheehe", "bigbadbirdvgc"], "log": "|j|\u2606Samueljacksonheehe\n|j|\u2606bigbadbirdvgc\n|html|<table width=\"100%\"><tr><td align=\"left\">Samueljacksonheehe</td><td align=\"right\">bigbadbirdvgc</tr><tr><td align=\"left\"><i class=\"fa fa-circle-o\"></i> <i class=\"fa fa-circle-o\"></i> </td><td align=\"right\"><i class=\"fa fa-circle-o\"></i> <i class=\"fa fa-circle\"></i> </tr></table>\n|uhtml|bestof|<h2><strong>Game 2</strong> of <a href=\"/game-bestof3-gen9vgc2025regibo3-2354829704\">a best-of-3</a></h2>\n|t:|1746123922\n|gametype|doubles\n|player|p1|Samueljacksonheehe|169|1374\n|player|p2|bigbadbirdvgc|266|1348\n|teamsize|p1|6\n|teamsize|p2|6\n|gen|9\n|tier|[Gen 9] VGC 2025 Reg I (Bo3)\n|rated|\n|rule|Species Clause: Limit one of each Pok\u00e9mon\n|rule|Item Clause: Limit 1 of each item\n|clearpoke\n|poke|p1|Miraidon, L50|\n|poke|p1|Groudon, L50|\n|poke|p1|Iron Hands, L50|\n|poke|p1|Incineroar, L50, F|\n|poke|p1|Urshifu-*, L50, M|\n|poke|p1|Farigiraf, L50, M|\n|poke|p2|Farigiraf, L50, M|\n|poke|p2|Kyogre, L50|\n|poke|p2|Tornadus, L50, M|\n|poke|p2|Rillaboom, L50, F|\n|poke|p2|Zamazenta-*, L50|\n|poke|p2|Incineroar, L50, F|\n|teampreview|4\n|showteam|p1|Miraidon||ChoiceSpecs|HadronEngine|ElectroDrift,DracoMeteor,VoltSwitch,DazzlingGleam||||||50|,,,,,Fairy]Groudon||LifeOrb|Drought|PrecipiceBlades,HeatCrash,ThunderPunch,Protect||||||50|,,,,,Fire]Iron Hands||AssaultVest|QuarkDrive|FakeOut,LowKick,DrainPunch,HeavySlam||||||50|,,,,,Water]Incineroar||RockyHelmet|Intimidate|FakeOut,FlareBlitz,KnockOff,Uturn|||F|||50|,,,,,Ghost]Urshifu||FocusSash|UnseenFist|WickedBlow,CloseCombat,SuckerPunch,Detect|||M|||50|,,,,,Dark]Farigiraf||ElectricSeed|ArmorTail|Psychic,HelpingHand,Gravity,TrickRoom|||M|||50|,,,,,Water\n|showteam|p2|Farigiraf||GrassySeed|ArmorTail|TeraBlast,Protect,TrickRoom,Psychic|||M|||50|,,,,,Water]Kyogre||Leftovers|Drizzle|OriginPulse,CalmMind,IceBeam,Protect||||||50|,,,,,Grass]Tornadus||CovertCloak|Prankster|BleakwindStorm,RainDance,Tailwind,Protect|||M|||50|,,,,,Dark]Rillaboom||AssaultVest|GrassySurge|FakeOut,Uturn,GrassyGlide,WoodHammer|||F|||50|,,,,,Fire]Zamazenta-Crowned||RustedShield|DauntlessShield|BodyPress,Imprison,WideGuard,Protect||||||50|,,,,,Dark]Incineroar||SafetyGoggles|Intimidate|FakeOut,KnockOff,PartingShot,WillOWisp|||F|||50|,,,,,Ghost\n|j| Arkhept\n|inactive|Battle timer is ON: inactive players will automatically lose when time's up. (requested by Samueljacksonheehe)\n|\n|t:|1746123942\n|start\n|switch|p1a: Farigiraf|Farigiraf, L50, M|100/100\n|switch|p1b: Miraidon|Miraidon, L50|100/100\n|switch|p2a: Incineroar|Incineroar, L50, F|100/100\n|switch|p2b: Kyogre|Kyogre, L50|100/100\n|-fieldstart|move: Electric Terrain|[from] ability: Hadron Engine|[of] p1b: Miraidon\n|-enditem|p1a: Farigiraf|Electric Seed\n|-boost|p1a: Farigiraf|def|1|[from] item: Electric Seed\n|-weather|RainDance|[from] ability: Drizzle|[of] p2b: Kyogre\n|-ability|p2a: Incineroar|Intimidate|boost\n|-unboost|p1a: Farigiraf|atk|1\n|-unboost|p1b: Miraidon|atk|1\n|turn|1\n|inactive|bigbadbirdvgc has 30 seconds left.\n|\n|t:|1746123968\n|switch|p2b: Rillaboom|Rillaboom, L50, F|100/100\n|-fieldstart|move: Grassy Terrain|[from] ability: Grassy Surge|[of] p2b: Rillaboom\n|move|p1b: Miraidon|Volt Switch|p2a: Incineroar\n|-damage|p2a: Incineroar|57/100\n|\n|t:|1746123973\n|switch|p1b: Groudon|Groudon, L50|100/100|[from] Volt Switch\n|-weather|SunnyDay|[from] ability: Drought|[of] p1b: Groudon\n|move|p1a: Farigiraf|Gravity|p1a: Farigiraf\n|-fieldstart|move: Gravity\n|move|p2a: Incineroar|Parting Shot|p1b: Groudon\n|-unboost|p1b: Groudon|atk|1\n|-unboost|p1b: Groudon|spa|1\n|\n|t:|1746123982\n|switch|p2a: Kyogre|Kyogre, L50|100/100|[from] Parting Shot\n|-weather|RainDance|[from] ability: Drizzle|[of] p2a: Kyogre\n|\n|-weather|RainDance|[upkeep]\n|upkeep\n|turn|2\n|\n|t:|1746123998\n|switch|p2b: Incineroar|Incineroar, L50, F|57/100\n|-ability|p2b: Incineroar|Intimidate|boost\n|-unboost|p1a: Farigiraf|atk|1\n|-unboost|p1b: Groudon|atk|1\n|move|p1b: Groudon|Protect|p1b: Groudon\n|-singleturn|p1b: Groudon|Protect\n|move|p2a: Kyogre|Calm Mind|p2a: Kyogre\n|-boost|p2a: Kyogre|spa|1\n|-boost|p2a: Kyogre|spd|1\n|move|p1a: Farigiraf|Trick Room|p1a: Farigiraf\n|-fieldstart|move: Trick Room|[of] p1a: Farigiraf\n|\n|-weather|RainDance|[upkeep]\n|-heal|p2b: Incineroar|63/100|[from] Grassy Terrain\n|upkeep\n|turn|3\n|\n|t:|1746124021\n|switch|p2b: Rillaboom|Rillaboom, L50, F|100/100\n|switch|p1b: Iron Hands|Iron Hands, L50|100/100\n|move|p1a: Farigiraf|Psychic|p2a: Kyogre\n|-damage|p2a: Kyogre|86/100\n|-unboost|p2a: Kyogre|spd|1\n|move|p2a: Kyogre|Calm Mind|p2a: Kyogre\n|-boost|p2a: Kyogre|spa|1\n|-boost|p2a: Kyogre|spd|1\n|\n|-weather|RainDance|[upkeep]\n|-heal|p2a: Kyogre|92/100|[from] Grassy Terrain\n|-heal|p2a: Kyogre|98/100|[from] item: Leftovers\n|upkeep\n|turn|4\n|\n|t:|1746124042\n|move|p1a: Farigiraf|Helping Hand|p1b: Iron Hands\n|-singleturn|p1b: Iron Hands|Helping Hand|[of] p1a: Farigiraf\n|move|p2a: Kyogre|Protect|p2a: Kyogre\n|-singleturn|p2a: Kyogre|Protect\n|move|p1b: Iron Hands|Low Kick|p2a: Kyogre\n|-activate|p2a: Kyogre|move: Protect\n|move|p2b: Rillaboom|U-turn|p1b: Iron Hands\n|-resisted|p1b: Iron Hands\n|-damage|p1b: Iron Hands|93/100\n|\n|t:|1746124051\n|switch|p2b: Incineroar|Incineroar, L50, F|63/100|[from] U-turn\n|-ability|p2b: Incineroar|Intimidate|boost\n|-unboost|p1a: Farigiraf|atk|1\n|-unboost|p1b: Iron Hands|atk|1\n|\n|-weather|RainDance|[upkeep]\n|-heal|p2b: Incineroar|69/100|[from] Grassy Terrain\n|-heal|p1b: Iron Hands|99/100|[from] Grassy Terrain\n|-heal|p2a: Kyogre|100/100|[from] Grassy Terrain\n|upkeep\n|turn|5\n|inactive|bigbadbirdvgc has 30 seconds left.\n|\n|t:|1746124079\n|switch|p2b: Rillaboom|Rillaboom, L50, F|100/100\n|switch|p1a: Miraidon|Miraidon, L50|100/100\n|-fieldstart|move: Electric Terrain|[from] ability: Hadron Engine|[of] p1a: Miraidon\n|-activate|p1b: Iron Hands|ability: Quark Drive\n|-start|p1b: Iron Hands|quarkdriveatk\n|-terastallize|p1b: Iron Hands|Water\n|-terastallize|p2a: Kyogre|Grass\n|move|p1b: Iron Hands|Drain Punch|p2b: Rillaboom\n|-crit|p2b: Rillaboom\n|-damage|p2b: Rillaboom|26/100\n|-heal|p1b: Iron Hands|100/100|[from] drain|[of] p2b: Rillaboom\n|move|p2a: Kyogre|Origin Pulse|p1b: Iron Hands|[spread] p1a,p1b\n|-resisted|p1a: Miraidon\n|-resisted|p1b: Iron Hands\n|-crit|p1b: Iron Hands\n|-damage|p1a: Miraidon|41/100\n|-damage|p1b: Iron Hands|46/100\n|\n|-weather|none\n|-fieldend|move: Gravity\n|upkeep\n|turn|6\n|-message|Samueljacksonheehe forfeited.\n|raw|Samueljacksonheehe's rating: 1374 &rarr; <strong>1353</strong><br />(-21 for losing)\n|raw|bigbadbirdvgc's rating: 1348 &rarr; <strong>1369</strong><br />(+21 for winning)\n|\n|win|bigbadbirdvgc\n|l|\u2606Samueljacksonheehe\n|player|p1|\n|l|\u2606bigbadbirdvgc\n|player|p2|\n", "uploadtime": 1746124401, "views": 7, "formatid": "gen9vgc2025regibo3", "rating": 1353, "private": 0, "password": null}