{"id": "gen9vgc2025regibo3-2355065977", "format": "[Gen 9] VGC 2025 Reg I (Bo3)", "players": ["wideguard_user", "Ah-nick12"], "log": "|j|\u2606wideguard_user\n|j|\u2606Ah-nick12\n|html|<table width=\"100%\"><tr><td align=\"left\">wideguard_user</td><td align=\"right\">Ah-nick12</tr><tr><td align=\"left\"><i class=\"fa fa-circle-o\"></i> <i class=\"fa fa-circle-o\"></i> </td><td align=\"right\"><i class=\"fa fa-circle-o\"></i> <i class=\"fa fa-circle-o\"></i> </tr></table>\n|uhtml|bestof|<h2><strong>Game 1</strong> of <a href=\"/game-bestof3-gen9vgc2025regibo3-2355065976\">a best-of-3</a></h2>\n|t:|1746148242\n|gametype|doubles\n|player|p1|wideguard_user|169|1191\n|player|p2|Ah-nick12|1|1225\n|teamsize|p1|6\n|teamsize|p2|6\n|gen|9\n|tier|[Gen 9] VGC 2025 Reg I (Bo3)\n|rated|\n|rule|Species Clause: Limit one of each Pok\u00e9mon\n|rule|Item Clause: Limit 1 of each item\n|clearpoke\n|poke|p1|Zamazenta-*, L50|\n|poke|p1|Calyrex-Shadow, L50|\n|poke|p1|Tornadus, L50, M|\n|poke|p1|Urshifu-*, L50, F|\n|poke|p1|Rillaboom, L50, M|\n|poke|p1|Chien-Pao, L50|\n|poke|p2|Miraidon, L50|\n|poke|p2|Calyrex-Ice, L50|\n|poke|p2|Farigiraf, L50, M|\n|poke|p2|Whimsicott, L50, M|\n|poke|p2|Iron Hands, L50|\n|poke|p2|Landorus, L50, M|\n|teampreview|4\n|showteam|p1|Zamazenta-Crowned||RustedShield|DauntlessShield|BodyPress,HeavySlam,WideGuard,Protect||||||50|,,,,,Ghost]Calyrex-Shadow||FocusSash|AsOneSpectrier|AstralBarrage,Psychic,Encore,Protect||||||50|,,,,,Dark]Tornadus||RockyHelmet|Prankster|BleakwindStorm,Tailwind,RainDance,Protect|||M|||50|,,,,,Dark]Urshifu-Rapid-Strike||MysticWater|UnseenFist|SurgingStrikes,CloseCombat,AquaJet,Detect|||F|||50|,,,,,Water]Rillaboom||AssaultVest|GrassySurge|WoodHammer,GrassyGlide,Uturn,FakeOut|||M|||50|,,,,,Fire]Chien-Pao||LifeOrb|SwordofRuin|SuckerPunch,IcicleCrash,IceShard,Protect||||||50|,,,,,Stellar\n|showteam|p2|Miraidon||ChoiceSpecs|HadronEngine|ElectroDrift,DracoMeteor,DazzlingGleam,VoltSwitch||||||50|,,,,,Fairy]Calyrex-Ice||ClearAmulet|AsOneGlastrier|GlacialLance,HighHorsepower,TrickRoom,Protect||||||50|,,,,,Fire]Farigiraf||ElectricSeed|ArmorTail|FoulPlay,TrickRoom,HelpingHand,Imprison|||M|||50|,,,,,Water]Whimsicott||FocusSash|Prankster|Tailwind,Moonblast,Encore,LightScreen|||M|||50|,,,,,Ghost]Iron Hands||AssaultVest|QuarkDrive|FakeOut,DrainPunch,WildCharge,VoltSwitch||||||50|,,,,,Bug]Landorus||LifeOrb|SheerForce|EarthPower,SludgeBomb,SandsearStorm,Protect|||M|||50|,,,,,Water\n|inactive|Battle timer is ON: inactive players will automatically lose when time's up. (requested by Ah-nick12)\n|\n|t:|1746148266\n|start\n|switch|p1a: Zamazenta|Zamazenta-Crowned, L50|100/100\n|switch|p1b: Chien-Pao|Chien-Pao, L50|100/100\n|switch|p2a: Miraidon|Miraidon, L50|100/100\n|switch|p2b: Landorus|Landorus, L50, M|100/100\n|-ability|p1b: Chien-Pao|Sword of Ruin\n|-ability|p1a: Zamazenta|Dauntless Shield|boost\n|-boost|p1a: Zamazenta|def|1\n|-fieldstart|move: Electric Terrain|[from] ability: Hadron Engine|[of] p2a: Miraidon\n|turn|1\n|\n|t:|1746148278\n|-terastallize|p2a: Miraidon|Fairy\n|move|p1b: Chien-Pao|Protect|p1b: Chien-Pao\n|-singleturn|p1b: Chien-Pao|Protect\n|move|p1a: Zamazenta|Protect|p1a: Zamazenta\n|-singleturn|p1a: Zamazenta|Protect\n|move|p2b: Landorus|Protect|p2b: Landorus\n|-singleturn|p2b: Landorus|Protect\n|move|p2a: Miraidon|Electro Drift|p1a: Zamazenta\n|-activate|p1a: Zamazenta|move: Protect\n|\n|upkeep\n|turn|2\n|\n|t:|1746148289\n|switch|p1b: Rillaboom|Rillaboom, L50, M|100/100\n|-fieldstart|move: Grassy Terrain|[from] ability: Grassy Surge|[of] p1b: Rillaboom\n|switch|p2b: Iron Hands|Iron Hands, L50|100/100\n|move|p1a: Zamazenta|Heavy Slam|p2a: Miraidon\n|-supereffective|p2a: Miraidon\n|-damage|p2a: Miraidon|45/100\n|move|p2a: Miraidon|Electro Drift|p1a: Zamazenta\n|-damage|p1a: Zamazenta|36/100\n|\n|-heal|p1a: Zamazenta|42/100|[from] Grassy Terrain\n|-heal|p2a: Miraidon|51/100|[from] Grassy Terrain\n|upkeep\n|turn|3\n|\n|t:|1746148313\n|switch|p2a: Landorus|Landorus, L50, M|100/100\n|move|p1b: Rillaboom|Fake Out|p2b: Iron Hands\n|-damage|p2b: Iron Hands|92/100\n|cant|p2b: Iron Hands|flinch\n|move|p1a: Zamazenta|Heavy Slam|p2a: Landorus\n|-crit|p2a: Landorus\n|-damage|p2a: Landorus|23/100\n|\n|-heal|p1a: Zamazenta|48/100|[from] Grassy Terrain\n|-heal|p2b: Iron Hands|98/100|[from] Grassy Terrain\n|upkeep\n|turn|4\n|\n|t:|1746148330\n|move|p1b: Rillaboom|Grassy Glide|p2a: Landorus\n|-damage|p2a: Landorus|0 fnt\n|faint|p2a: Landorus\n|move|p1a: Zamazenta|Body Press|p2b: Iron Hands\n|-damage|p2b: Iron Hands|47/100\n|move|p2b: Iron Hands|Volt Switch|p1a: Zamazenta\n|-damage|p1a: Zamazenta|35/100\n|\n|t:|1746148334\n|-end|p2b: Iron Hands|Quark Drive|[silent]\n|switch|p2b: Calyrex|Calyrex-Ice, L50|100/100|[from] Volt Switch\n|-ability|p2b: Calyrex|As One\n|-ability|p2b: Calyrex|Unnerve\n|\n|-heal|p1a: Zamazenta|41/100|[from] Grassy Terrain\n|upkeep\n|\n|t:|1746148336\n|switch|p2a: Miraidon|Miraidon, L50, tera:Fairy|51/100\n|-fieldstart|move: Electric Terrain|[from] ability: Hadron Engine|[of] p2a: Miraidon\n|turn|5\n|\n|t:|1746148346\n|move|p1a: Zamazenta|Protect|p1a: Zamazenta\n|-singleturn|p1a: Zamazenta|Protect\n|move|p2a: Miraidon|Electro Drift|p1a: Zamazenta\n|-activate|p1a: Zamazenta|move: Protect\n|move|p1b: Rillaboom|U-turn|p2b: Calyrex\n|-supereffective|p2b: Calyrex\n|-damage|p2b: Calyrex|73/100\n|\n|t:|1746148354\n|switch|p1b: Chien-Pao|Chien-Pao, L50|100/100|[from] U-turn\n|-ability|p1b: Chien-Pao|Sword of Ruin\n|move|p2b: Calyrex|Glacial Lance|p1b: Chien-Pao|[spread] p1b\n|-activate|p1a: Zamazenta|move: Protect\n|-resisted|p1b: Chien-Pao\n|-damage|p1b: Chien-Pao|66/100\n|\n|upkeep\n|turn|6\n|\n|t:|1746148363\n|switch|p2b: Iron Hands|Iron Hands, L50|47/100\n|-activate|p2b: Iron Hands|ability: Quark Drive\n|-start|p2b: Iron Hands|quarkdriveatk\n|move|p1b: Chien-Pao|Sucker Punch||[still]\n|-fail|p1b: Chien-Pao\n|move|p1a: Zamazenta|Heavy Slam|p2a: Miraidon\n|-supereffective|p2a: Miraidon\n|-damage|p2a: Miraidon|0 fnt\n|faint|p2a: Miraidon\n|\n|upkeep\n|\n|t:|1746148371\n|switch|p2a: Calyrex|Calyrex-Ice, L50|73/100\n|-ability|p2a: Calyrex|As One\n|-ability|p2a: Calyrex|Unnerve\n|turn|7\n|inactive|wideguard_user has 30 seconds left.\n|inactive|wideguard_user has 20 seconds left.\n|inactive|wideguard_user has 15 seconds left.\n|inactive|wideguard_user has 10 seconds left.\n|inactive|wideguard_user has 5 seconds left.\n|\n|t:|1746148426\n|switch|p1b: Rillaboom|Rillaboom, L50, M|100/100\n|-fieldstart|move: Grassy Terrain|[from] ability: Grassy Surge|[of] p1b: Rillaboom\n|-end|p2b: Iron Hands|Quark Drive\n|move|p1a: Zamazenta|Wide Guard|p1a: Zamazenta\n|-singleturn|p1a: Zamazenta|Wide Guard\n|move|p2a: Calyrex|High Horsepower|p1a: Zamazenta\n|-supereffective|p1a: Zamazenta\n|-damage|p1a: Zamazenta|10/100\n|move|p2b: Iron Hands|Drain Punch|p1b: Rillaboom\n|-damage|p1b: Rillaboom|61/100\n|-heal|p2b: Iron Hands|64/100|[from] drain|[of] p1b: Rillaboom\n|\n|-heal|p1a: Zamazenta|16/100|[from] Grassy Terrain\n|-heal|p1b: Rillaboom|67/100|[from] Grassy Terrain\n|-heal|p2a: Calyrex|79/100|[from] Grassy Terrain\n|-heal|p2b: Iron Hands|70/100|[from] Grassy Terrain\n|upkeep\n|turn|8\n|\n|t:|1746148441\n|-terastallize|p1b: Rillaboom|Fire\n|move|p1b: Rillaboom|Fake Out|p2b: Iron Hands\n|-damage|p2b: Iron Hands|61/100\n|move|p1a: Zamazenta|Body Press|p2b: Iron Hands\n|-damage|p2b: Iron Hands|13/100\n|move|p2a: Calyrex|Glacial Lance|p1a: Zamazenta|[spread] p1a,p1b\n|-resisted|p1a: Zamazenta\n|-resisted|p1b: Rillaboom\n|-damage|p1a: Zamazenta|6/100\n|-damage|p1b: Rillaboom|43/100\n|cant|p2b: Iron Hands|flinch\n|\n|-heal|p1a: Zamazenta|12/100|[from] Grassy Terrain\n|-heal|p1b: Rillaboom|49/100|[from] Grassy Terrain\n|-heal|p2a: Calyrex|85/100|[from] Grassy Terrain\n|-heal|p2b: Iron Hands|19/100|[from] Grassy Terrain\n|upkeep\n|turn|9\n|\n|t:|1746148465\n|move|p1a: Zamazenta|Body Press|p2b: Iron Hands\n|-damage|p2b: Iron Hands|0 fnt\n|faint|p2b: Iron Hands\n|-end|p2b: Iron Hands|Quark Drive|[silent]\n|move|p1b: Rillaboom|U-turn|p2a: Calyrex\n|-supereffective|p2a: Calyrex\n|-crit|p2a: Calyrex\n|-damage|p2a: Calyrex|40/100\n|\n|t:|1746148472\n|switch|p1b: Chien-Pao|Chien-Pao, L50|66/100|[from] U-turn\n|-ability|p1b: Chien-Pao|Sword of Ruin\n|move|p2a: Calyrex|Glacial Lance|p1b: Chien-Pao|[spread] p1a,p1b\n|-resisted|p1a: Zamazenta\n|-resisted|p1b: Chien-Pao\n|-damage|p1a: Zamazenta|0 fnt\n|-damage|p1b: Chien-Pao|34/100\n|faint|p1a: Zamazenta\n|-ability|p2a: Calyrex|Chilling Neigh|boost\n|-boost|p2a: Calyrex|atk|1\n|\n|-heal|p1b: Chien-Pao|39/100|[from] Grassy Terrain\n|-heal|p2a: Calyrex|46/100|[from] Grassy Terrain\n|upkeep\n|inactive|wideguard_user has 30 seconds left.\n|\n|t:|1746148502\n|switch|p1a: Calyrex|Calyrex-Shadow, L50|100/100\n|-ability|p1a: Calyrex|As One\n|-ability|p1a: Calyrex|Unnerve\n|turn|10\n|\n|t:|1746148507\n|move|p1b: Chien-Pao|Sucker Punch|p2a: Calyrex\n|-supereffective|p2a: Calyrex\n|-damage|p2a: Calyrex|0 fnt\n|faint|p2a: Calyrex\n|-damage|p1b: Chien-Pao|30/100|[from] item: Life Orb\n|\n|win|wideguard_user\n", "uploadtime": 1746148507, "views": 3, "formatid": "gen9vgc2025regibo3", "rating": null, "private": 0, "password": null}