{"id": "gen9vgc2025regibo3-2354416301", "format": "[Gen 9] VGC 2025 Reg I (Bo3)", "players": ["INkevin", "twitchy1989"], "log": "|j|\u2606INkevin\n|j|\u2606twitchy1989\n|html|<table width=\"100%\"><tr><td align=\"left\">INkevin</td><td align=\"right\">twitchy1989</tr><tr><td align=\"left\"><i class=\"fa fa-circle-o\"></i> <i class=\"fa fa-circle-o\"></i> </td><td align=\"right\"><i class=\"fa fa-circle-o\"></i> <i class=\"fa fa-circle\"></i> </tr></table>\n|uhtml|bestof|<h2><strong>Game 2</strong> of <a href=\"/game-bestof3-gen9vgc2025regibo3-2354413061\">a best-of-3</a></h2>\n|t:|1746068717\n|gametype|doubles\n|player|p1|INkevin|iris-gen5bw2|1105\n|player|p2|twitchy1989|265|1040\n|teamsize|p1|6\n|teamsize|p2|6\n|gen|9\n|tier|[Gen 9] VGC 2025 Reg I (Bo3)\n|rated|\n|rule|Species Clause: Limit one of each Pok\u00e9mon\n|rule|Item Clause: Limit 1 of each item\n|clearpoke\n|poke|p1|Terapagos, L50, M|\n|poke|p1|Calyrex-Shadow, L50|\n|poke|p1|Clefairy, L50, M|\n|poke|p1|Incineroar, L50, F|\n|poke|p1|Tornadus, L50, M|\n|poke|p1|Urshifu-*, L50, F|\n|poke|p2|Koraidon, L50|\n|poke|p2|Lunala, L50|\n|poke|p2|Chi-Yu, L50|\n|poke|p2|Flutter Mane, L50|\n|poke|p2|Brute Bonnet, L50|\n|poke|p2|Iron Hands, L50|\n|teampreview|4\n|showteam|p1|Terapagos||Leftovers|TeraShift|TeraStarstorm,EarthPower,CalmMind,Protect|||M|||50|,,,,,Stellar]Calyrex-Shadow||LifeOrb|AsOneSpectrier|AstralBarrage,Psychic,NastyPlot,Protect||||||50|,,,,,Fairy]Clefairy||Eviolite|FriendGuard|LifeDew,Sing,FollowMe,AfterYou|||M|||50|,,,,,Grass]Incineroar||SitrusBerry|Intimidate|FlareBlitz,PartingShot,KnockOff,FakeOut|||F|||50|,,,,,Grass]Tornadus||CovertCloak|Prankster|Taunt,RainDance,BleakwindStorm,Tailwind|||M|||50|,,,,,Steel]Urshifu-Rapid-Strike||ChoiceScarf|UnseenFist|Uturn,AquaJet,CloseCombat,SurgingStrikes|||F|||50|,,,,,Poison\n|showteam|p2|Koraidon||ClearAmulet|OrichalcumPulse|FlareBlitz,Outrage,CollisionCourse,Protect||||||50|,,,,,Fire]Lunala||MentalHerb|ShadowShield|MoongeistBeam,Moonblast,WideGuard,TrickRoom||||||50|,,,,,Water]Chi-Yu||ChoiceScarf|BeadsofRuin|DarkPulse,Flamethrower,Snarl,HeatWave||||||50|,,,,,Ghost]Flutter Mane||FocusSash|Protosynthesis|Moonblast,ShadowBall,IcyWind,Protect||||||50|,,,,,Normal]Brute Bonnet||CovertCloak|Protosynthesis|RagePowder,SuckerPunch,SeedBomb,Spore||||||50|,,,,,Water]Iron Hands||AssaultVest|QuarkDrive|FakeOut,DrainPunch,WildCharge,VoltSwitch||||||50|,,,,,Fire\n|inactive|Battle timer is ON: inactive players will automatically lose when time's up. (requested by INkevin)\n|inactive|INkevin has 60 seconds left.\n|inactive|twitchy1989 has 60 seconds left.\n|\n|t:|1746068762\n|start\n|switch|p1a: Calyrex|Calyrex-Shadow, L50|100/100\n|switch|p1b: Urshifu|Urshifu-Rapid-Strike, L50, F|100/100\n|switch|p2a: Flutter Mane|Flutter Mane, L50|100/100\n|switch|p2b: Koraidon|Koraidon, L50|100/100\n|-ability|p1a: Calyrex|As One\n|-ability|p1a: Calyrex|Unnerve\n|-weather|SunnyDay|[from] ability: Orichalcum Pulse|[of] p2b: Koraidon\n|-activate|p2a: Flutter Mane|ability: Protosynthesis\n|-start|p2a: Flutter Mane|protosynthesisspe\n|-activate|p2b: Koraidon|Orichalcum Pulse|[source]\n|turn|1\n|inactive|twitchy1989 has 30 seconds left.\n|inactive|twitchy1989 has 20 seconds left.\n|inactive|twitchy1989 has 15 seconds left.\n|inactive|twitchy1989 has 10 seconds left.\n|\n|t:|1746068812\n|switch|p1b: Tornadus|Tornadus, L50, M, shiny|100/100\n|switch|p2b: Chi-Yu|Chi-Yu, L50|100/100\n|-ability|p2b: Chi-Yu|Beads of Ruin\n|-terastallize|p2a: Flutter Mane|Normal\n|move|p1a: Calyrex|Protect|p1a: Calyrex\n|-singleturn|p1a: Calyrex|Protect\n|move|p2a: Flutter Mane|Icy Wind|p1a: Calyrex|[spread] p1b\n|-activate|p1a: Calyrex|move: Protect\n|-supereffective|p1b: Tornadus\n|-damage|p1b: Tornadus|51/100\n|\n|-weather|SunnyDay|[upkeep]\n|upkeep\n|turn|2\n|inactive|INkevin has 30 seconds left.\n|\n|t:|1746068841\n|-terastallize|p1a: Calyrex|Fairy\n|move|p1b: Tornadus|Rain Dance|p1b: Tornadus\n|-weather|RainDance\n|-end|p2a: Flutter Mane|Protosynthesis\n|move|p2b: Chi-Yu|Snarl|p1b: Tornadus|[spread] p1a,p1b\n|-resisted|p1a: Calyrex\n|-damage|p1a: Calyrex|87/100\n|-damage|p1b: Tornadus|15/100\n|-unboost|p1a: Calyrex|spa|1\n|move|p1a: Calyrex|Nasty Plot|p1a: Calyrex\n|-boost|p1a: Calyrex|spa|2\n|move|p2a: Flutter Mane|Icy Wind|p1a: Calyrex|[spread] p1a,p1b\n|-supereffective|p1b: Tornadus\n|-damage|p1a: Calyrex|67/100\n|-damage|p1b: Tornadus|0 fnt\n|-unboost|p1a: Calyrex|spe|1\n|faint|p1b: Tornadus\n|\n|-weather|RainDance|[upkeep]\n|upkeep\n|\n|t:|1746068850\n|switch|p1b: Urshifu|Urshifu-Rapid-Strike, L50, F|100/100\n|turn|3\n|inactive|twitchy1989 has 30 seconds left.\n|\n|t:|1746068883\n|-end|p2a: Flutter Mane|Protosynthesis|[silent]\n|switch|p2a: Koraidon|Koraidon, L50|100/100\n|-weather|SunnyDay|[from] ability: Orichalcum Pulse|[of] p2a: Koraidon\n|-activate|p2a: Koraidon|Orichalcum Pulse|[source]\n|move|p1b: Urshifu|Aqua Jet|p2b: Chi-Yu\n|-supereffective|p2b: Chi-Yu\n|-damage|p2b: Chi-Yu|68/100\n|move|p2b: Chi-Yu|Snarl|p1b: Urshifu|[spread] p1b\n|-miss|p2b: Chi-Yu|p1a: Calyrex\n|-resisted|p1b: Urshifu\n|-damage|p1b: Urshifu|83/100\n|-unboost|p1b: Urshifu|spa|1\n|move|p1a: Calyrex|Psychic|p2a: Koraidon\n|-supereffective|p2a: Koraidon\n|-damage|p2a: Koraidon|0 fnt\n|faint|p2a: Koraidon\n|-ability|p1a: Calyrex|Grim Neigh|boost\n|-boost|p1a: Calyrex|spa|1\n|-damage|p1a: Calyrex|57/100|[from] item: Life Orb\n|\n|-weather|SunnyDay|[upkeep]\n|upkeep\n|inactive|twitchy1989 has 30 seconds left.\n|\n|t:|1746068909\n|switch|p2a: Flutter Mane|Flutter Mane, L50, tera:Normal|100/100\n|-activate|p2a: Flutter Mane|ability: Protosynthesis\n|-start|p2a: Flutter Mane|protosynthesisspe\n|turn|4\n|\n|t:|1746068929\n|switch|p1b: Incineroar|Incineroar, L50, F|100/100\n|-ability|p1b: Incineroar|Intimidate|boost\n|-unboost|p2a: Flutter Mane|atk|1\n|-unboost|p2b: Chi-Yu|atk|1\n|move|p1a: Calyrex|Protect|p1a: Calyrex\n|-singleturn|p1a: Calyrex|Protect\n|move|p2a: Flutter Mane|Moonblast|p1a: Calyrex\n|-activate|p1a: Calyrex|move: Protect\n|move|p2b: Chi-Yu|Snarl|p1b: Incineroar|[spread] p1b\n|-activate|p1a: Calyrex|move: Protect\n|-resisted|p1b: Incineroar\n|-damage|p1b: Incineroar|89/100\n|-unboost|p1b: Incineroar|spa|1\n|\n|-weather|SunnyDay|[upkeep]\n|upkeep\n|turn|5\n|\n|t:|1746068953\n|switch|p2b: Lunala|Lunala, L50|100/100\n|move|p1b: Incineroar|Fake Out|p2a: Flutter Mane\n|-damage|p2a: Flutter Mane|76/100\n|cant|p2a: Flutter Mane|flinch\n|move|p1a: Calyrex|Astral Barrage|p2a: Flutter Mane|[spread] p2b\n|-immune|p2a: Flutter Mane\n|-supereffective|p2b: Lunala\n|-damage|p2b: Lunala|0 fnt\n|faint|p2b: Lunala\n|-ability|p1a: Calyrex|Grim Neigh|boost\n|-boost|p1a: Calyrex|spa|1\n|-damage|p1a: Calyrex|47/100|[from] item: Life Orb\n|\n|-weather|SunnyDay|[upkeep]\n|upkeep\n|\n|t:|1746068962\n|switch|p2b: Chi-Yu|Chi-Yu, L50|68/100\n|-ability|p2b: Chi-Yu|Beads of Ruin\n|turn|6\n|\n|t:|1746068987\n|move|p1a: Calyrex|Protect|p1a: Calyrex\n|-singleturn|p1a: Calyrex|Protect\n|move|p2a: Flutter Mane|Moonblast|p1b: Incineroar\n|-damage|p1b: Incineroar|39/100\n|-enditem|p1b: Incineroar|Sitrus Berry|[eat]\n|-heal|p1b: Incineroar|64/100|[from] item: Sitrus Berry\n|move|p2b: Chi-Yu|Heat Wave|p1a: Calyrex|[spread] p1b\n|-activate|p1a: Calyrex|move: Protect\n|-resisted|p1b: Incineroar\n|-damage|p1b: Incineroar|34/100\n|move|p1b: Incineroar|Knock Off|p2b: Chi-Yu\n|-resisted|p2b: Chi-Yu\n|-damage|p2b: Chi-Yu|39/100\n|-enditem|p2b: Chi-Yu|Choice Scarf|[from] move: Knock Off|[of] p1b: Incineroar\n|\n|-weather|SunnyDay|[upkeep]\n|upkeep\n|turn|7\n|inactive|INkevin has 30 seconds left.\n|inactive|INkevin has 20 seconds left.\n|inactive|INkevin has 15 seconds left.\n|inactive|INkevin has 10 seconds left.\n|inactive|INkevin has 5 seconds left.\n|\n|t:|1746069038\n|move|p2a: Flutter Mane|Moonblast|p1a: Calyrex\n|-damage|p1a: Calyrex|0 fnt\n|faint|p1a: Calyrex\n|move|p2b: Chi-Yu|Heat Wave|p1b: Incineroar\n|-resisted|p1b: Incineroar\n|-damage|p1b: Incineroar|0 fnt\n|faint|p1b: Incineroar\n|\n|-weather|none\n|-end|p2a: Flutter Mane|Protosynthesis\n|upkeep\n|\n|t:|1746069048\n|switch|p1a: Urshifu|Urshifu-Rapid-Strike, L50, F|83/100\n|turn|8\n|inactive|twitchy1989 has 30 seconds left.\n|\n|t:|1746069081\n|move|p2a: Flutter Mane|Moonblast|p1a: Urshifu\n|-supereffective|p1a: Urshifu\n|-damage|p1a: Urshifu|0 fnt\n|faint|p1a: Urshifu\n|\n|win|twitchy1989\n|raw|INkevin's rating: 1105 &rarr; <strong>1075</strong><br />(-30 for losing)\n|raw|twitchy1989's rating: 1040 &rarr; <strong>1080</strong><br />(+40 for winning)\n", "uploadtime": 1746069088, "views": 13, "formatid": "gen9vgc2025regibo3", "rating": 1075, "private": 0, "password": null}