{"id": "gen9vgc2025regibo3-2353927906", "format": "[Gen 9] VGC 2025 Reg I (Bo3)", "players": ["sergio23perez", "GlickWithAGlock"], "log": "|j|\u2606sergio23perez\n|j|\u2606GlickWithAGlock\n|html|<table width=\"100%\"><tr><td align=\"left\">sergio23perez</td><td align=\"right\">GlickWithAGlock</tr><tr><td align=\"left\"><i class=\"fa fa-circle-o\"></i> <i class=\"fa fa-circle-o\"></i> </td><td align=\"right\"><i class=\"fa fa-circle-o\"></i> <i class=\"fa fa-circle-o\"></i> </tr></table>\n|uhtml|bestof|<h2><strong>Game 1</strong> of <a href=\"/game-bestof3-gen9vgc2025regibo3-2353927905\">a best-of-3</a></h2>\n|t:|1746019722\n|gametype|doubles\n|player|p1|sergio23perez|1|1175\n|player|p2|GlickWithAGlock|alder|1273\n|teamsize|p1|6\n|teamsize|p2|6\n|gen|9\n|tier|[Gen 9] VGC 2025 Reg I (Bo3)\n|rated|\n|rule|Species Clause: Limit one of each Pok\u00e9mon\n|rule|Item Clause: Limit 1 of each item\n|clearpoke\n|poke|p1|Koraidon, L50|\n|poke|p1|Lunala, L50|\n|poke|p1|Chi-Yu, L50|\n|poke|p1|Indeedee-F, L50, F|\n|poke|p1|Brute Bonnet, L50|\n|poke|p1|Flutter Mane, L50|\n|poke|p2|Urshifu-*, L50, M|\n|poke|p2|Iron Hands, L50|\n|poke|p2|Tornadus, L50, M|\n|poke|p2|Farigiraf, L50, F|\n|poke|p2|Miraidon, L50|\n|poke|p2|Kyogre, L50|\n|teampreview|4\n|showteam|p1|Koraidon||LifeOrb|OrichalcumPulse|FlareBlitz,FlameCharge,CloseCombat,Protect||||||50|,,,,,Fire]Lunala||PowerHerb|ShadowShield|MoongeistBeam,MeteorBeam,WideGuard,ExpandingForce||||||50|,,,,,Fairy]Chi-Yu||ChoiceScarf|BeadsofRuin|Overheat,HeatWave,DarkPulse,Snarl||||||50|,,,,,Ghost]Indeedee-F||SafetyGoggles|PsychicSurge|FollowMe,TrickRoom,Imprison,DazzlingGleam|||F|||50|,,,,,Water]Brute Bonnet||CovertCloak|Protosynthesis|SeedBomb,SuckerPunch,Spore,RagePowder||||||50|,,,,,Water]Flutter Mane||FocusSash|Protosynthesis|Moonblast,IcyWind,ShadowBall,Protect||||||50|,,,,,Normal\n|showteam|p2|Urshifu-Rapid-Strike||ChoiceScarf|UnseenFist|SurgingStrikes,Uturn,CloseCombat,AquaJet|||M|||50|,,,,,Water]Iron Hands||AssaultVest|QuarkDrive|FakeOut,DrainPunch,LowKick,WildCharge||||||50|,,,,,Water]Tornadus||AbilityShield|Prankster|Tailwind,BleakwindStorm,RainDance,Protect|||M|||50|,,,,,Dark]Farigiraf||ElectricSeed|ArmorTail|Psychic,FoulPlay,HelpingHand,TrickRoom|||F|||50|,,,,,Water]Miraidon||ChoiceSpecs|HadronEngine|VoltSwitch,DazzlingGleam,ElectroDrift,DracoMeteor||||||50|,,,,,Fairy]Kyogre||MysticWater|Drizzle|WaterSpout,OriginPulse,IceBeam,Protect||||||50|,,,,,Grass\n|inactive|Battle timer is ON: inactive players will automatically lose when time's up. (requested by sergio23perez)\n|inactive|GlickWithAGlock has 60 seconds left.\n|inactive|sergio23perez has 60 seconds left.\n|inactive|GlickWithAGlock has 30 seconds left.\n|inactive|GlickWithAGlock has 20 seconds left.\n|\n|t:|1746019799\n|start\n|switch|p1a: Lunala|Lunala, L50|100/100\n|switch|p1b: Flutter Mane|Flutter Mane, L50|100/100\n|switch|p2a: Miraidon|Miraidon, L50|100/100\n|switch|p2b: Iron Hands|Iron Hands, L50|100/100\n|-fieldstart|move: Electric Terrain|[from] ability: Hadron Engine|[of] p2a: Miraidon\n|-activate|p2b: Iron Hands|ability: Quark Drive\n|-start|p2b: Iron Hands|quarkdriveatk\n|turn|1\n|inactive|GlickWithAGlock has 30 seconds left.\n|inactive|GlickWithAGlock has 20 seconds left.\n|inactive|GlickWithAGlock has 15 seconds left.\n|\n|t:|1746019841\n|-terastallize|p2a: Miraidon|Fairy\n|move|p1b: Flutter Mane|Moonblast|p2a: Miraidon\n|-damage|p2a: Miraidon|58/100\n|-unboost|p2a: Miraidon|spa|1\n|move|p2a: Miraidon|Volt Switch|p1a: Lunala\n|-damage|p1a: Lunala|78/100\n|\n|t:|1746019856\n|switch|p2a: Urshifu|Urshifu-Rapid-Strike, L50, M|100/100|[from] Volt Switch\n|move|p1a: Lunala|Meteor Beam||[still]\n|-prepare|p1a: Lunala|Meteor Beam\n|-boost|p1a: Lunala|spa|1\n|-enditem|p1a: Lunala|Power Herb\n|-anim|p1a: Lunala|Meteor Beam|p2a: Urshifu\n|-resisted|p2a: Urshifu\n|-damage|p2a: Urshifu|55/100\n|move|p2b: Iron Hands|Wild Charge|p1a: Lunala\n|-damage|p1a: Lunala|20/100\n|-damage|p2b: Iron Hands|86/100|[from] Recoil\n|\n|upkeep\n|turn|2\n|\n|t:|1746019877\n|-end|p2b: Iron Hands|Quark Drive|[silent]\n|switch|p2b: Kyogre|Kyogre, L50, shiny|100/100\n|-weather|RainDance|[from] ability: Drizzle|[of] p2b: Kyogre\n|move|p2a: Urshifu|Surging Strikes|p1b: Flutter Mane\n|-crit|p1b: Flutter Mane\n|-damage|p1b: Flutter Mane|31/100\n|-crit|p1b: Flutter Mane\n|-damage|p1b: Flutter Mane|0 fnt\n|faint|p1b: Flutter Mane\n|-end|p1b: Flutter Mane|Protosynthesis|[silent]\n|-hitcount|p1: Flutter Mane|2\n|move|p1a: Lunala|Moongeist Beam|p2a: Urshifu\n|-damage|p2a: Urshifu|0 fnt\n|faint|p2a: Urshifu\n|\n|-weather|RainDance|[upkeep]\n|upkeep\n|\n|t:|1746019899\n|switch|p1b: Koraidon|Koraidon, L50|100/100\n|switch|p2a: Iron Hands|Iron Hands, L50|86/100\n|-weather|SunnyDay|[from] ability: Orichalcum Pulse|[of] p1b: Koraidon\n|-activate|p1b: Koraidon|Orichalcum Pulse|[source]\n|-activate|p2a: Iron Hands|ability: Quark Drive\n|-start|p2a: Iron Hands|quarkdriveatk\n|turn|3\n|inactive|sergio23perez has 30 seconds left.\n|inactive|GlickWithAGlock has 30 seconds left.\n|inactive|sergio23perez has 20 seconds left.\n|inactive|GlickWithAGlock has 20 seconds left.\n|inactive|GlickWithAGlock has 15 seconds left.\n|inactive|GlickWithAGlock has 10 seconds left.\n|\n|t:|1746019947\n|switch|p1a: Indeedee|Indeedee-F, L50, F|100/100\n|-fieldstart|move: Psychic Terrain|[from] ability: Psychic Surge|[of] p1a: Indeedee\n|-end|p2a: Iron Hands|Quark Drive\n|move|p2a: Iron Hands|Fake Out|p1b: Koraidon\n|-activate|p1b: Koraidon|move: Psychic Terrain\n|move|p1b: Koraidon|Flare Blitz|p2b: Kyogre\n|-resisted|p2b: Kyogre\n|-damage|p2b: Kyogre|47/100\n|-damage|p1b: Koraidon|82/100|[from] Recoil\n|-damage|p1b: Koraidon|72/100|[from] item: Life Orb\n|move|p2b: Kyogre|Ice Beam|p1a: Indeedee\n|-damage|p1a: Indeedee|67/100\n|\n|-weather|SunnyDay|[upkeep]\n|upkeep\n|turn|4\n|\n|t:|1746019970\n|switch|p2b: Miraidon|Miraidon, L50, tera:Fairy|58/100\n|-fieldstart|move: Electric Terrain|[from] ability: Hadron Engine|[of] p2b: Miraidon\n|-activate|p2a: Iron Hands|ability: Quark Drive\n|-start|p2a: Iron Hands|quarkdriveatk\n|move|p1a: Indeedee|Follow Me|p1a: Indeedee\n|-singleturn|p1a: Indeedee|move: Follow Me\n|move|p1b: Koraidon|Flare Blitz|p2b: Miraidon\n|-damage|p2b: Miraidon|0 fnt\n|faint|p2b: Miraidon\n|-damage|p1b: Koraidon|50/100|[from] Recoil\n|-damage|p1b: Koraidon|40/100|[from] item: Life Orb\n|move|p2a: Iron Hands|Low Kick|p1a: Indeedee\n|-damage|p1a: Indeedee|28/100\n|\n|-weather|SunnyDay|[upkeep]\n|upkeep\n|\n|t:|1746019988\n|switch|p2b: Kyogre|Kyogre, L50, shiny|47/100\n|-weather|RainDance|[from] ability: Drizzle|[of] p2b: Kyogre\n|turn|5\n|inactive|GlickWithAGlock has 30 seconds left.\n|\n|t:|1746020019\n|move|p2b: Kyogre|Protect|p2b: Kyogre\n|-singleturn|p2b: Kyogre|Protect\n|move|p1a: Indeedee|Follow Me|p1a: Indeedee\n|-singleturn|p1a: Indeedee|move: Follow Me\n|move|p1b: Koraidon|Close Combat|p2b: Kyogre\n|-activate|p2b: Kyogre|move: Protect\n|move|p2a: Iron Hands|Wild Charge|p1a: Indeedee\n|-damage|p1a: Indeedee|0 fnt\n|faint|p1a: Indeedee\n|-damage|p2a: Iron Hands|82/100|[from] Recoil\n|\n|-weather|RainDance|[upkeep]\n|upkeep\n|\n|t:|1746020026\n|switch|p1a: Lunala|Lunala, L50|20/100\n|turn|6\n|inactive|sergio23perez has 30 seconds left.\n|inactive|GlickWithAGlock has 30 seconds left.\n|inactive|GlickWithAGlock has 20 seconds left.\n|inactive|GlickWithAGlock has 15 seconds left.\n|\n|t:|1746020071\n|move|p1b: Koraidon|Close Combat|p2b: Kyogre\n|-damage|p2b: Kyogre|0 fnt\n|-unboost|p1b: Koraidon|def|1\n|-unboost|p1b: Koraidon|spd|1\n|faint|p2b: Kyogre\n|-damage|p1b: Koraidon|31/100|[from] item: Life Orb\n|move|p1a: Lunala|Expanding Force|p2a: Iron Hands\n|-supereffective|p2a: Iron Hands\n|-damage|p2a: Iron Hands|38/100\n|move|p2a: Iron Hands|Wild Charge|p1a: Lunala\n|-damage|p1a: Lunala|0 fnt\n|faint|p1a: Lunala\n|-damage|p2a: Iron Hands|34/100|[from] Recoil\n|\n|-weather|RainDance|[upkeep]\n|upkeep\n|turn|7\n|\n|t:|1746020088\n|move|p1b: Koraidon|Close Combat|p2a: Iron Hands\n|-damage|p2a: Iron Hands|0 fnt\n|-unboost|p1b: Koraidon|def|1\n|-unboost|p1b: Koraidon|spd|1\n|faint|p2a: Iron Hands\n|-end|p2a: Iron Hands|Quark Drive|[silent]\n|-damage|p1b: Koraidon|21/100|[from] item: Life Orb\n|\n|win|sergio23perez\n||sergio23perez is ready for game 2.\n|inactive|GlickWithAGlock has 30 seconds to confirm battle start!\n||GlickWithAGlock is ready for game 2.\n|uhtml|next|Next: <a href=\"/battle-gen9vgc2025regibo3-2353931689\"><strong>Game 2 of 3</strong></a>\n", "uploadtime": 1746020096, "views": 11, "formatid": "gen9vgc2025regibo3", "rating": null, "private": 0, "password": null}