{"id": "gen9vgc2025regibo3-2354208744", "format": "[Gen 9] VGC 2025 Reg I (Bo3)", "players": ["TRIUNVIRATUS VGC", "pantsuit"], "log": "|j|\u2606TRIUNVIRATUS VGC\n|j|\u2606pantsuit\n|html|<table width=\"100%\"><tr><td align=\"left\">TRIUNVIRATUS VGC</td><td align=\"right\">pantsuit</tr><tr><td align=\"left\"><i class=\"fa fa-circle\"></i> <i class=\"fa fa-circle-o\"></i> </td><td align=\"right\"><i class=\"fa fa-circle-o\"></i> <i class=\"fa fa-circle-o\"></i> </tr></table>\n|uhtml|bestof|<h2><strong>Game 2</strong> of <a href=\"/game-bestof3-gen9vgc2025regibo3-2354205430\">a best-of-3</a></h2>\n|t:|1746044815\n|gametype|doubles\n|player|p1|TRIUNVIRATUS VGC|ninjaboy|1338\n|player|p2|pantsuit|2|1338\n|teamsize|p1|6\n|teamsize|p2|6\n|gen|9\n|tier|[Gen 9] VGC 2025 Reg I (Bo3)\n|rated|\n|rule|Species Clause: Limit one of each Pok\u00e9mon\n|rule|Item Clause: Limit 1 of each item\n|clearpoke\n|poke|p1|Calyrex-Shadow, L50|\n|poke|p1|Terapagos, L50, M|\n|poke|p1|Incineroar, L50, F|\n|poke|p1|Rillaboom, L50, M|\n|poke|p1|Amoonguss, L50, M|\n|poke|p1|Urshifu-*, L50, M|\n|poke|p2|Koraidon, L50|\n|poke|p2|Lunala, L50|\n|poke|p2|Chi-Yu, L50|\n|poke|p2|Ursaluna, L50, F|\n|poke|p2|Brute Bonnet, L50|\n|poke|p2|Flutter Mane, L50|\n|teampreview|4\n|showteam|p1|Calyrex-Shadow||FocusSash|AsOneSpectrier|AstralBarrage,WillOWisp,Disable,Protect||||||50|,,,,,Ghost]Terapagos||Leftovers|TeraShift|TeraStarstorm,EarthPower,CalmMind,Protect|||M|||50|,,,,,Stellar]Incineroar||SafetyGoggles|Intimidate|KnockOff,WillOWisp,FakeOut,PartingShot|||F|||50|,,,,,Bug]Rillaboom||AssaultVest|GrassySurge|GrassyGlide,FakeOut,WoodHammer,Uturn|||M|||50|,,,,,Grass]Amoonguss||RockyHelmet|Regenerator|Spore,RagePowder,SludgeBomb,Protect|||M|||50|,,,,,Water]Urshifu-Rapid-Strike||MysticWater|UnseenFist|SurgingStrikes,CloseCombat,Taunt,Protect|||M|||50|,,,,,Water\n|showteam|p2|Koraidon||LifeOrb|OrichalcumPulse|FlareBlitz,FlameCharge,CloseCombat,Protect||||||50|,,,,,Fire]Lunala||PowerHerb|ShadowShield|MoongeistBeam,MeteorBeam,WideGuard,TrickRoom||||||50|,,,,,Water]Chi-Yu||ChoiceScarf|BeadsofRuin|Overheat,HeatWave,DarkPulse,Snarl||||||50|,,,,,Ghost]Ursaluna||FlameOrb|Guts|Facade,Earthquake,HeadlongRush,Protect|||F|||50|,,,,,Water]Brute Bonnet||CovertCloak|Protosynthesis|SeedBomb,SuckerPunch,Spore,RagePowder||||||50|,,,,,Water]Flutter Mane||FocusSash|Protosynthesis|Moonblast,IcyWind,ShadowBall,Protect||||||50|,,,,,Normal\n|\n|t:|1746044839\n|start\n|switch|p1a: Calyrex|Calyrex-Shadow, L50|100/100\n|switch|p1b: Amoonguss|Amoonguss, L50, M, shiny|100/100\n|switch|p2a: Koraidon|Koraidon, L50|100/100\n|switch|p2b: Brute Bonnet|Brute Bonnet, L50|100/100\n|-ability|p1a: Calyrex|As One\n|-ability|p1a: Calyrex|Unnerve\n|-weather|SunnyDay|[from] ability: Orichalcum Pulse|[of] p2a: Koraidon\n|-activate|p2b: Brute Bonnet|ability: Protosynthesis\n|-start|p2b: Brute Bonnet|protosynthesisdef\n|-activate|p2a: Koraidon|Orichalcum Pulse|[source]\n|turn|1\n|\n|t:|1746044860\n|switch|p1a: Incineroar|Incineroar, L50, F|100/100\n|-ability|p1a: Incineroar|Intimidate|boost\n|-unboost|p2a: Koraidon|atk|1\n|-unboost|p2b: Brute Bonnet|atk|1\n|move|p2a: Koraidon|Protect|p2a: Koraidon\n|-singleturn|p2a: Koraidon|Protect\n|move|p2b: Brute Bonnet|Spore|p1a: Incineroar\n|-activate|p1a: Incineroar|item: Safety Goggles|Spore\n|move|p1b: Amoonguss|Spore|p2a: Koraidon\n|-activate|p2a: Koraidon|move: Protect\n|\n|-weather|SunnyDay|[upkeep]\n|upkeep\n|turn|2\n|\n|t:|1746044882\n|-end|p2b: Brute Bonnet|Protosynthesis|[silent]\n|switch|p2b: Chi-Yu|Chi-Yu, L50|100/100\n|-ability|p2b: Chi-Yu|Beads of Ruin\n|move|p1a: Incineroar|Fake Out|p2a: Koraidon\n|-damage|p2a: Koraidon|91/100\n|cant|p2a: Koraidon|flinch\n|move|p1b: Amoonguss|Spore|p2a: Koraidon\n|-status|p2a: Koraidon|slp|[from] move: Spore\n|\n|-weather|SunnyDay|[upkeep]\n|upkeep\n|turn|3\n|\n|t:|1746044901\n|switch|p2a: Brute Bonnet|Brute Bonnet, L50|100/100\n|-activate|p2a: Brute Bonnet|ability: Protosynthesis\n|-start|p2a: Brute Bonnet|protosynthesisdef\n|-terastallize|p1b: Amoonguss|Water\n|move|p2b: Chi-Yu|Heat Wave|p1a: Incineroar|[spread] p1a,p1b\n|-resisted|p1a: Incineroar\n|-resisted|p1b: Amoonguss\n|-damage|p1a: Incineroar|64/100\n|-damage|p1b: Amoonguss|59/100\n|move|p1a: Incineroar|Parting Shot|p2b: Chi-Yu\n|-unboost|p2b: Chi-Yu|atk|1\n|-unboost|p2b: Chi-Yu|spa|1\n|\n|t:|1746044909\n|switch|p1a: Calyrex|Calyrex-Shadow, L50|100/100|[from] Parting Shot\n|-ability|p1a: Calyrex|As One\n|-ability|p1a: Calyrex|Unnerve\n|move|p1b: Amoonguss|Spore|p2b: Chi-Yu\n|-status|p2b: Chi-Yu|slp|[from] move: Spore\n|\n|-weather|SunnyDay|[upkeep]\n|upkeep\n|turn|4\n|\n|t:|1746044919\n|switch|p1b: Incineroar|Incineroar, L50, F|64/100\n|-ability|p1b: Incineroar|Intimidate|boost\n|-unboost|p2a: Brute Bonnet|atk|1\n|-unboost|p2b: Chi-Yu|atk|1\n|cant|p2b: Chi-Yu|slp\n|move|p1a: Calyrex|Astral Barrage|p2a: Brute Bonnet|[spread] p2a,p2b\n|-resisted|p2a: Brute Bonnet\n|-resisted|p2b: Chi-Yu\n|-damage|p2a: Brute Bonnet|71/100\n|-damage|p2b: Chi-Yu|71/100 slp\n|move|p2a: Brute Bonnet|Seed Bomb|p1a: Calyrex\n|-damage|p1a: Calyrex|73/100\n|\n|-weather|SunnyDay|[upkeep]\n|upkeep\n|turn|5\n|\n|t:|1746044941\n|cant|p2b: Chi-Yu|slp\n|move|p1a: Calyrex|Disable|p2a: Brute Bonnet\n|-start|p2a: Brute Bonnet|Disable|Seed Bomb\n|move|p1b: Incineroar|Will-O-Wisp|p1a: Calyrex\n|-status|p1a: Calyrex|brn\n|cant|p2a: Brute Bonnet|Disable|Seed Bomb\n|\n|-weather|none\n|-end|p2a: Brute Bonnet|Protosynthesis\n|-damage|p1a: Calyrex|67/100 brn|[from] brn\n|upkeep\n|turn|6\n|\n|t:|1746044954\n|move|p1a: Calyrex|Protect|p1a: Calyrex\n|-singleturn|p1a: Calyrex|Protect\n|move|p2a: Brute Bonnet|Sucker Punch||[still]\n|-fail|p2a: Brute Bonnet\n|cant|p2b: Chi-Yu|slp\n|move|p1b: Incineroar|Parting Shot|p2b: Chi-Yu\n|-unboost|p2b: Chi-Yu|atk|1\n|-unboost|p2b: Chi-Yu|spa|1\n|\n|t:|1746044960\n|switch|p1b: Urshifu|Urshifu-Rapid-Strike, L50, M|100/100|[from] Parting Shot\n|\n|-damage|p1a: Calyrex|61/100 brn|[from] brn\n|upkeep\n|turn|7\n|\n|t:|1746044991\n|switch|p2b: Koraidon|Koraidon, L50|91/100 slp\n|-weather|SunnyDay|[from] ability: Orichalcum Pulse|[of] p2b: Koraidon\n|-activate|p2a: Brute Bonnet|ability: Protosynthesis\n|-start|p2a: Brute Bonnet|protosynthesisdef\n|-activate|p2b: Koraidon|Orichalcum Pulse|[source]\n|switch|p1a: Incineroar|Incineroar, L50, F|64/100\n|-ability|p1a: Incineroar|Intimidate|boost\n|-unboost|p2a: Brute Bonnet|atk|1\n|-unboost|p2b: Koraidon|atk|1\n|move|p2a: Brute Bonnet|Sucker Punch||[still]\n|-fail|p2a: Brute Bonnet\n|move|p1b: Urshifu|Close Combat|p2b: Koraidon\n|-damage|p2b: Koraidon|29/100 slp\n|-unboost|p1b: Urshifu|def|1\n|-unboost|p1b: Urshifu|spd|1\n|\n|-weather|SunnyDay|[upkeep]\n|upkeep\n|turn|8\n|\n|t:|1746045010\n|cant|p2b: Koraidon|slp\n|move|p1b: Urshifu|Close Combat|p2b: Koraidon\n|-damage|p2b: Koraidon|0 fnt\n|-unboost|p1b: Urshifu|def|1\n|-unboost|p1b: Urshifu|spd|1\n|faint|p2b: Koraidon\n|move|p1a: Incineroar|Parting Shot|p2a: Brute Bonnet\n|-unboost|p2a: Brute Bonnet|atk|1\n|-unboost|p2a: Brute Bonnet|spa|1\n|\n|t:|1746045018\n|switch|p1a: Amoonguss|Amoonguss, L50, M, shiny, tera:Water|93/100|[from] Parting Shot\n|move|p2a: Brute Bonnet|Spore|p1b: Urshifu\n|-status|p1b: Urshifu|slp|[from] move: Spore\n|\n|-weather|SunnyDay|[upkeep]\n|-end|p2a: Brute Bonnet|Disable\n|upkeep\n|\n|t:|1746045026\n|switch|p2b: Chi-Yu|Chi-Yu, L50|71/100 slp\n|-ability|p2b: Chi-Yu|Beads of Ruin\n|turn|9\n|\n|t:|1746045034\n|switch|p1b: Incineroar|Incineroar, L50, F|64/100\n|-ability|p1b: Incineroar|Intimidate|boost\n|-unboost|p2a: Brute Bonnet|atk|1\n|-unboost|p2b: Chi-Yu|atk|1\n|move|p1a: Amoonguss|Protect|p1a: Amoonguss\n|-singleturn|p1a: Amoonguss|Protect\n|-curestatus|p2b: Chi-Yu|slp|[msg]\n|move|p2b: Chi-Yu|Heat Wave|p1b: Incineroar|[spread] p1b\n|-activate|p1a: Amoonguss|move: Protect\n|-resisted|p1b: Incineroar\n|-damage|p1b: Incineroar|27/100\n|move|p2a: Brute Bonnet|Spore|p1a: Amoonguss\n|-activate|p1a: Amoonguss|move: Protect\n|\n|-weather|SunnyDay|[upkeep]\n|upkeep\n|turn|10\n|\n|t:|1746045048\n|switch|p1a: Urshifu|Urshifu-Rapid-Strike, L50, M|100/100 slp\n|-terastallize|p2b: Chi-Yu|Ghost\n|move|p1b: Incineroar|Fake Out|p2b: Chi-Yu\n|-immune|p2b: Chi-Yu\n|move|p2b: Chi-Yu|Heat Wave|p1b: Incineroar|[spread] p1a,p1b\n|-resisted|p1a: Urshifu\n|-resisted|p1b: Incineroar\n|-damage|p1a: Urshifu|38/100 slp\n|-damage|p1b: Incineroar|0 fnt\n|faint|p1b: Incineroar\n|move|p2a: Brute Bonnet|Spore|p1a: Urshifu\n|-fail|p1a: Urshifu|slp\n|\n|-weather|SunnyDay|[upkeep]\n|upkeep\n|\n|t:|1746045054\n|switch|p1b: Amoonguss|Amoonguss, L50, M, shiny, tera:Water|100/100\n|turn|11\n|-message|TRIUNVIRATUS VGC forfeited.\n|\n|win|pantsuit\n||TRIUNVIRATUS VGC is ready for game 3.\n||pantsuit is ready for game 3.\n|uhtml|next|Next: <a href=\"/battle-gen9vgc2025regibo3-2354211202\"><strong>Game 3 of 3</strong></a>\n", "uploadtime": 1746045342, "views": 26, "formatid": "gen9vgc2025regibo3", "rating": null, "private": 0, "password": null}