{"id": "gen9vgc2025regibo3-2354476964", "format": "[Gen 9] VGC 2025 Reg I (Bo3)", "players": ["Meakashi_Shion", "sadfkl"], "log": "|j|\u2606Meakashi_Shion\n|j|\u2606sadfkl\n|html|<table width=\"100%\"><tr><td align=\"left\">Meakashi_Shion</td><td align=\"right\">sadfkl</tr><tr><td align=\"left\"><i class=\"fa fa-circle-o\"></i> <i class=\"fa fa-circle-o\"></i> </td><td align=\"right\"><i class=\"fa fa-circle-o\"></i> <i class=\"fa fa-circle\"></i> </tr></table>\n|uhtml|bestof|<h2><strong>Game 2</strong> of <a href=\"/game-bestof3-gen9vgc2025regibo3-2354476376\">a best-of-3</a></h2>\n|t:|1746077974\n|gametype|doubles\n|player|p1|Meakashi_Shion|hugh|1128\n|player|p2|sadfkl|ethan|1152\n|teamsize|p1|6\n|teamsize|p2|6\n|gen|9\n|tier|[Gen 9] VGC 2025 Reg I (Bo3)\n|rated|\n|rule|Species Clause: Limit one of each Pok\u00e9mon\n|rule|Item Clause: Limit 1 of each item\n|clearpoke\n|poke|p1|Koraidon, L50|\n|poke|p1|Ogerpon-Cornerstone, L50, F|\n|poke|p1|Flutter Mane, L50|\n|poke|p1|Terapagos, L50, M|\n|poke|p1|Rillaboom, L50, F|\n|poke|p1|Incineroar, L50, F|\n|poke|p2|Koraidon, L50|\n|poke|p2|Calyrex-Shadow, L50|\n|poke|p2|Indeedee-F, L50, F|\n|poke|p2|Iron Bundle, L50|\n|poke|p2|Chi-Yu, L50|\n|poke|p2|Brute Bonnet, L50|\n|teampreview|4\n|showteam|p1|Koraidon||LifeOrb|OrichalcumPulse|FlareBlitz,CloseCombat,FlameCharge,Protect||||||50|,,,,,Fire]Ogerpon-Cornerstone||CornerstoneMask|Sturdy|IvyCudgel,PowerWhip,FollowMe,SpikyShield|||F|||50|,,,,,Rock]Flutter Mane||FocusSash|Protosynthesis|Moonblast,IcyWind,ShadowBall,Protect||||||50|,,,,,Normal]Terapagos||Leftovers|TeraShift|TeraStarstorm,EarthPower,CalmMind,Protect|||M|||50|,,,,,Stellar]Rillaboom||AssaultVest|GrassySurge|WoodHammer,GrassyGlide,Uturn,FakeOut|||F|||50|,,,,,Grass]Incineroar||RockyHelmet|Intimidate|KnockOff,FakeOut,WillOWisp,PartingShot|||F|||50|,,,,,Poison\n|showteam|p2|Koraidon||LifeOrb|OrichalcumPulse|CollisionCourse,FlareBlitz,Protect,LowKick||||||50|,,,,,Fire]Calyrex-Shadow||FocusSash|AsOneSpectrier|AstralBarrage,ExpandingForce,Protect,PollenPuff||||||50|,,,,,Dark]Indeedee-F||PsychicSeed|PsychicSurge|AlluringVoice,FollowMe,HelpingHand,TrickRoom|||F|||50|,,,,,Water]Iron Bundle||BoosterEnergy|QuarkDrive|IcyWind,Taunt,Encore,FreezeDry||||||50|,,,,,Ghost]Chi-Yu||ChoiceScarf|BeadsofRuin|HeatWave,DarkPulse,Snarl,Overheat||||||50|,,,,,Fire]Brute Bonnet||CovertCloak|Protosynthesis|SeedBomb,SuckerPunch,Spore,RagePowder||||||50|,,,,,Water\n|inactive|Battle timer is ON: inactive players will automatically lose when time's up. (requested by Meakashi_Shion)\n|\n|t:|1746077990\n|start\n|switch|p1a: Terapagos|Terapagos, L50, M|100/100\n|switch|p1b: Incineroar|Incineroar, L50, F|100/100\n|switch|p2a: Iron Bundle|Iron Bundle, L50|100/100\n|switch|p2b: Calyrex|Calyrex-Shadow, L50|100/100\n|-activate|p1a: Terapagos|ability: Tera Shift\n|detailschange|p1a: Terapagos|Terapagos-Terastal, L50, M\n|-heal|p1a: Terapagos|100/100|[silent]\n|-ability|p2b: Calyrex|As One\n|-ability|p2b: Calyrex|Unnerve\n|-ability|p1b: Incineroar|Intimidate|boost\n|-unboost|p2a: Iron Bundle|atk|1\n|-unboost|p2b: Calyrex|atk|1\n|-enditem|p2a: Iron Bundle|Booster Energy\n|-activate|p2a: Iron Bundle|ability: Quark Drive|[fromitem]\n|-start|p2a: Iron Bundle|quarkdrivespe\n|turn|1\n|\n|t:|1746078004\n|-terastallize|p1a: Terapagos|Stellar\n|detailschange|p1a: Terapagos|Terapagos-Stellar, L50, M, tera:Stellar\n|-heal|p1a: Terapagos|100/100|[silent]\n|move|p1b: Incineroar|Fake Out|p2a: Iron Bundle\n|-damage|p2a: Iron Bundle|89/100\n|cant|p2a: Iron Bundle|flinch\n|move|p2b: Calyrex|Pollen Puff|p1b: Incineroar\n|-damage|p1b: Incineroar|64/100\n|move|p1a: Terapagos|Tera Starstorm|p2a: Iron Bundle|[spread] p2a,p2b\n|-damage|p2a: Iron Bundle|36/100\n|-damage|p2b: Calyrex|67/100\n|\n|upkeep\n|turn|2\n|\n|t:|1746078026\n|move|p2a: Iron Bundle|Icy Wind|p1b: Incineroar|[spread] p1a,p1b\n|-resisted|p1b: Incineroar\n|-damage|p1a: Terapagos|90/100\n|-damage|p1b: Incineroar|56/100\n|-unboost|p1a: Terapagos|spe|1\n|-unboost|p1b: Incineroar|spe|1\n|move|p2b: Calyrex|Pollen Puff|p1b: Incineroar\n|-damage|p1b: Incineroar|25/100\n|move|p1a: Terapagos|Calm Mind|p1a: Terapagos\n|-boost|p1a: Terapagos|spa|1\n|-boost|p1a: Terapagos|spd|1\n|move|p1b: Incineroar|Parting Shot|p2a: Iron Bundle\n|-unboost|p2a: Iron Bundle|atk|1\n|-unboost|p2a: Iron Bundle|spa|1\n|\n|t:|1746078030\n|switch|p1b: Rillaboom|Rillaboom, L50, F|100/100|[from] Parting Shot\n|-fieldstart|move: Grassy Terrain|[from] ability: Grassy Surge|[of] p1b: Rillaboom\n|\n|-heal|p2a: Iron Bundle|42/100|[from] Grassy Terrain\n|-heal|p2b: Calyrex|73/100|[from] Grassy Terrain\n|-heal|p1a: Terapagos|96/100|[from] Grassy Terrain\n|-heal|p1a: Terapagos|100/100|[from] item: Leftovers\n|upkeep\n|turn|3\n|\n|t:|1746078047\n|-terastallize|p2a: Iron Bundle|Ghost\n|move|p1b: Rillaboom|Grassy Glide|p2a: Iron Bundle\n|-damage|p2a: Iron Bundle|4/100\n|move|p2a: Iron Bundle|Encore|p1a: Terapagos\n|-start|p1a: Terapagos|Encore\n|move|p2b: Calyrex|Pollen Puff|p1b: Rillaboom\n|-supereffective|p1b: Rillaboom\n|-damage|p1b: Rillaboom|53/100\n|move|p1a: Terapagos|Calm Mind|p1a: Terapagos\n|-boost|p1a: Terapagos|spa|1\n|-boost|p1a: Terapagos|spd|1\n|\n|-heal|p2a: Iron Bundle|10/100|[from] Grassy Terrain\n|-heal|p2b: Calyrex|79/100|[from] Grassy Terrain\n|-heal|p1b: Rillaboom|59/100|[from] Grassy Terrain\n|upkeep\n|turn|4\n|\n|t:|1746078063\n|move|p2a: Iron Bundle|Taunt|p1a: Terapagos\n|-start|p1a: Terapagos|move: Taunt\n|move|p2b: Calyrex|Pollen Puff|p1b: Rillaboom\n|-supereffective|p1b: Rillaboom\n|-damage|p1b: Rillaboom|11/100\n|move|p1b: Rillaboom|Wood Hammer|p2b: Calyrex\n|-damage|p2b: Calyrex|0 fnt\n|faint|p2b: Calyrex\n|-damage|p1b: Rillaboom|0 fnt|[from] Recoil\n|faint|p1b: Rillaboom\n|cant|p1a: Terapagos|move: Taunt|Calm Mind\n|\n|-heal|p2a: Iron Bundle|16/100|[from] Grassy Terrain\n|upkeep\n|\n|t:|1746078071\n|switch|p2b: Koraidon|Koraidon, L50|100/100\n|switch|p1b: Incineroar|Incineroar, L50, F|25/100\n|-weather|SunnyDay|[from] ability: Orichalcum Pulse|[of] p2b: Koraidon\n|-activate|p2b: Koraidon|Orichalcum Pulse|[source]\n|-ability|p1b: Incineroar|Intimidate|boost\n|-unboost|p2a: Iron Bundle|atk|1\n|-unboost|p2b: Koraidon|atk|1\n|turn|5\n|\n|t:|1746078084\n|switch|p1a: Koraidon|Koraidon, L50|100/100\n|-activate|p1a: Koraidon|ability: Orichalcum Pulse\n|move|p1b: Incineroar|Fake Out|p2b: Koraidon\n|-damage|p2b: Koraidon|91/100\n|move|p2a: Iron Bundle|Freeze-Dry|p1b: Incineroar\n|-resisted|p1b: Incineroar\n|-damage|p1b: Incineroar|17/100\n|cant|p2b: Koraidon|flinch\n|\n|-weather|SunnyDay|[upkeep]\n|-heal|p2a: Iron Bundle|22/100|[from] Grassy Terrain\n|-heal|p2b: Koraidon|97/100|[from] Grassy Terrain\n|-heal|p1b: Incineroar|23/100|[from] Grassy Terrain\n|upkeep\n|turn|6\n|\n|t:|1746078096\n|switch|p1a: Terapagos|Terapagos-Stellar, L50, M, tera:Stellar|100/100\n|move|p2a: Iron Bundle|Icy Wind|p1b: Incineroar|[spread] p1a,p1b\n|-resisted|p1b: Incineroar\n|-damage|p1a: Terapagos|93/100\n|-damage|p1b: Incineroar|17/100\n|-unboost|p1a: Terapagos|spe|1\n|-unboost|p1b: Incineroar|spe|1\n|move|p2b: Koraidon|Collision Course|p1a: Terapagos\n|-supereffective|p1a: Terapagos\n|-damage|p1a: Terapagos|2/100\n|-damage|p2b: Koraidon|87/100|[from] item: Life Orb\n|move|p1b: Incineroar|Knock Off|p2a: Iron Bundle\n|-supereffective|p2a: Iron Bundle\n|-damage|p2a: Iron Bundle|0 fnt\n|faint|p2a: Iron Bundle\n|-end|p2a: Iron Bundle|Quark Drive|[silent]\n|\n|-weather|SunnyDay|[upkeep]\n|-heal|p2b: Koraidon|94/100|[from] Grassy Terrain\n|-heal|p1a: Terapagos|8/100|[from] Grassy Terrain\n|-heal|p1a: Terapagos|15/100|[from] item: Leftovers\n|-heal|p1b: Incineroar|23/100|[from] Grassy Terrain\n|-fieldend|move: Grassy Terrain\n|upkeep\n|\n|t:|1746078106\n|switch|p2a: Chi-Yu|Chi-Yu, L50|100/100\n|-ability|p2a: Chi-Yu|Beads of Ruin\n|turn|7\n|\n|t:|1746078122\n|move|p1a: Terapagos|Protect|p1a: Terapagos\n|-singleturn|p1a: Terapagos|Protect\n|move|p2a: Chi-Yu|Heat Wave|p1a: Terapagos|[spread] p1b\n|-activate|p1a: Terapagos|move: Protect\n|-resisted|p1b: Incineroar\n|-damage|p1b: Incineroar|0 fnt\n|faint|p1b: Incineroar\n|move|p2b: Koraidon|Collision Course|p1a: Terapagos\n|-activate|p1a: Terapagos|move: Protect\n|\n|-weather|SunnyDay|[upkeep]\n|-heal|p1a: Terapagos|21/100|[from] item: Leftovers\n|upkeep\n|\n|t:|1746078126\n|switch|p1b: Koraidon|Koraidon, L50|100/100\n|-activate|p1b: Koraidon|ability: Orichalcum Pulse\n|turn|8\n|\n|t:|1746078139\n|move|p2a: Chi-Yu|Heat Wave|p1b: Koraidon|[spread] p1a,p1b\n|-resisted|p1b: Koraidon\n|-damage|p1a: Terapagos|0 fnt\n|-damage|p1b: Koraidon|55/100\n|faint|p1a: Terapagos\n|move|p1b: Koraidon|Close Combat|p2a: Chi-Yu\n|-supereffective|p2a: Chi-Yu\n|-damage|p2a: Chi-Yu|0 fnt\n|-unboost|p1b: Koraidon|def|1\n|-unboost|p1b: Koraidon|spd|1\n|faint|p2a: Chi-Yu\n|-damage|p1b: Koraidon|46/100|[from] item: Life Orb\n|move|p2b: Koraidon|Collision Course|p1b: Koraidon\n|-damage|p1b: Koraidon|0 fnt\n|faint|p1b: Koraidon\n|-damage|p2b: Koraidon|84/100|[from] item: Life Orb\n|\n|win|sadfkl\n|raw|Meakashi_Shion's rating: 1128 &rarr; <strong>1105</strong><br />(-23 for losing)\n|raw|sadfkl's rating: 1152 &rarr; <strong>1175</strong><br />(+23 for winning)\n", "uploadtime": 1746078144, "views": 14, "formatid": "gen9vgc2025regibo3", "rating": 1105, "private": 0, "password": null}