{"id": "gen9vgc2025regibo3-2354404965", "format": "[Gen 9] VGC 2025 Reg I (Bo3)", "players": ["helio list", "idkloldude"], "log": "|j|\u2606helio list\n|j|\u2606idkloldude\n|html|<table width=\"100%\"><tr><td align=\"left\">helio list</td><td align=\"right\">idkloldude</tr><tr><td align=\"left\"><i class=\"fa fa-circle\"></i> <i class=\"fa fa-circle-o\"></i> </td><td align=\"right\"><i class=\"fa fa-circle-o\"></i> <i class=\"fa fa-circle\"></i> </tr></table>\n|uhtml|bestof|<h2><strong>Game 3</strong> of <a href=\"/game-bestof3-gen9vgc2025regibo3-2354400584\">a best-of-3</a></h2>\n|t:|1746067303\n|gametype|doubles\n|player|p1|helio list|pokemonbreederf|\n|player|p2|idkloldude|elesa|\n|teamsize|p1|6\n|teamsize|p2|6\n|gen|9\n|tier|[Gen 9] VGC 2025 Reg I (Bo3)\n|rule|Species Clause: Limit one of each Pok\u00e9mon\n|rule|Item Clause: Limit 1 of each item\n|clearpoke\n|poke|p1|Calyrex-Shadow, L50|\n|poke|p1|Miraidon, L50|\n|poke|p1|Clefairy, L50, F|\n|poke|p1|Chi-Yu, L50|\n|poke|p1|Iron Hands, L50|\n|poke|p1|Whimsicott, L50, F|\n|poke|p2|Calyrex-Shadow, L50|\n|poke|p2|Terapagos, L50, M|\n|poke|p2|Rillaboom, L50, F|\n|poke|p2|Incineroar, L50, F|\n|poke|p2|Urshifu-*, L50, M|\n|poke|p2|Ogerpon-Cornerstone, L50, F|\n|teampreview|4\n|showteam|p1|Calyrex-Shadow||LifeOrb|AsOneSpectrier|AstralBarrage,Psychic,NastyPlot,Protect||||||50|,,,,,Dark]Miraidon||ChoiceSpecs|HadronEngine|DracoMeteor,VoltSwitch,DazzlingGleam,ElectroDrift||||||50|,,,,,Fairy]Clefairy||Eviolite|FriendGuard|FollowMe,HelpingHand,AfterYou,Protect|||F|||50|,,,,,Water]Chi-Yu||FocusSash|BeadsofRuin|HeatWave,Snarl,DarkPulse,Protect||||||50|,,,,,Ghost]Iron Hands||AssaultVest|QuarkDrive|FakeOut,DrainPunch,LowKick,HeavySlam||||||50|,,,,,Bug]Whimsicott||CovertCloak|Prankster|Tailwind,Encore,Moonblast,LightScreen|||F|||50|,,,,,Dark\n|showteam|p2|Calyrex-Shadow||FocusSash|AsOneSpectrier|AstralBarrage,WillOWisp,Disable,Protect||||||50|,,,,,Ghost]Terapagos||Leftovers|TeraShift|TeraStarstorm,CalmMind,EarthPower,Protect|||M|||50|,,,,,Stellar]Rillaboom||AssaultVest|GrassySurge|WoodHammer,GrassyGlide,Uturn,FakeOut|||F|||50|,,,,,Grass]Incineroar||SafetyGoggles|Intimidate|KnockOff,FakeOut,PartingShot,WillOWisp|||F|||50|,,,,,Ghost]Urshifu-Rapid-Strike||ChoiceScarf|UnseenFist|SurgingStrikes,CloseCombat,AquaJet,Uturn|||M|||50|,,,,,Water]Ogerpon-Cornerstone||CornerstoneMask|Sturdy|IvyCudgel,SpikyShield,FollowMe,PowerWhip|||F|||50|,,,,,Rock\n|inactive|Battle timer is ON: inactive players will automatically lose when time's up. (requested by idkloldude)\n|inactive|helio list also wants the timer to be on.\n|c|\u2606helio list|gl hf\n|c|\u2606idkloldude|glhf\n|inactive|idkloldude has 60 seconds left.\n|\n|t:|1746067353\n|start\n|switch|p1a: Armorer Artificer|Iron Hands, L50|100/100\n|switch|p1b: Wildfire Druid|Chi-Yu, L50|100/100\n|switch|p2a: Rillaboom|Rillaboom, L50, F|100/100\n|switch|p2b: Urshifu|Urshifu-Rapid-Strike, L50, M|100/100\n|-ability|p1b: Wildfire Druid|Beads of Ruin\n|-fieldstart|move: Grassy Terrain|[from] ability: Grassy Surge|[of] p2a: Rillaboom\n|turn|1\n|inactive|helio list has 30 seconds left.\n|inactive|idkloldude has 30 seconds left.\n|inactive|idkloldude has 20 seconds left.\n|inactive|idkloldude has 15 seconds left.\n|\n|t:|1746067399\n|switch|p1b: Glamour Bard|Whimsicott, L50, F|100/100\n|move|p2a: Rillaboom|Fake Out|p1a: Armorer Artificer\n|-damage|p1a: Armorer Artificer|92/100\n|move|p2b: Urshifu|U-turn|p1b: Glamour Bard\n|-damage|p1b: Glamour Bard|64/100\n|\n|t:|1746067413\n|switch|p2b: Calyrex|Calyrex-Shadow, L50|100/100|[from] U-turn\n|-ability|p2b: Calyrex|As One\n|-ability|p2b: Calyrex|Unnerve\n|cant|p1a: Armorer Artificer|flinch\n|\n|-heal|p1b: Glamour Bard|71/100|[from] Grassy Terrain\n|-heal|p1a: Armorer Artificer|98/100|[from] Grassy Terrain\n|upkeep\n|turn|2\n|\n|t:|1746067426\n|move|p1b: Glamour Bard|Tailwind|p1b: Glamour Bard\n|-sidestart|p1: helio list|move: Tailwind\n|move|p2b: Calyrex|Will-O-Wisp|p1a: Armorer Artificer\n|-status|p1a: Armorer Artificer|brn\n|move|p1a: Armorer Artificer|Low Kick|p2a: Rillaboom\n|-damage|p2a: Rillaboom|78/100\n|move|p2a: Rillaboom|U-turn|p1b: Glamour Bard\n|-damage|p1b: Glamour Bard|39/100\n|\n|t:|1746067434\n|switch|p2a: Terapagos|Terapagos, L50, M|100/100|[from] U-turn\n|-activate|p2a: Terapagos|ability: Tera Shift\n|detailschange|p2a: Terapagos|Terapagos-Terastal, L50, M\n|-heal|p2a: Terapagos|100/100|[silent]\n|\n|-heal|p1b: Glamour Bard|45/100|[from] Grassy Terrain\n|-heal|p1a: Armorer Artificer|100/100 brn|[from] Grassy Terrain\n|-damage|p1a: Armorer Artificer|94/100 brn|[from] brn\n|upkeep\n|turn|3\n|\n|t:|1746067455\n|move|p2b: Calyrex|Protect|p2b: Calyrex\n|-singleturn|p2b: Calyrex|Protect\n|move|p1b: Glamour Bard|Encore|p2b: Calyrex\n|-activate|p2b: Calyrex|move: Protect\n|move|p1a: Armorer Artificer|Heavy Slam|p2a: Terapagos\n|-activate|p2a: Terapagos|ability: Tera Shell\n|-resisted|p2a: Terapagos\n|-damage|p2a: Terapagos|92/100\n|move|p2a: Terapagos|Tera Starstorm|p1b: Glamour Bard\n|-damage|p1b: Glamour Bard|0 fnt\n|faint|p1b: Glamour Bard\n|\n|-heal|p1a: Armorer Artificer|100/100 brn|[from] Grassy Terrain\n|-heal|p2a: Terapagos|98/100|[from] Grassy Terrain\n|-heal|p2a: Terapagos|100/100|[from] item: Leftovers\n|-damage|p1a: Armorer Artificer|94/100 brn|[from] brn\n|upkeep\n|\n|t:|1746067457\n|switch|p1b: Necromancy Wizard|Calyrex-Shadow, L50|100/100\n|-ability|p1b: Necromancy Wizard|As One\n|-ability|p1b: Necromancy Wizard|Unnerve\n|turn|4\n|inactive|idkloldude has 30 seconds left.\n|\n|t:|1746067485\n|move|p1b: Necromancy Wizard|Protect|p1b: Necromancy Wizard\n|-singleturn|p1b: Necromancy Wizard|Protect\n|move|p2b: Calyrex|Astral Barrage|p1b: Necromancy Wizard|[spread] p1a\n|-activate|p1b: Necromancy Wizard|move: Protect\n|-damage|p1a: Armorer Artificer|62/100 brn\n|move|p1a: Armorer Artificer|Heavy Slam|p2b: Calyrex\n|-damage|p2b: Calyrex|70/100\n|move|p2a: Terapagos|Calm Mind|p2a: Terapagos\n|-boost|p2a: Terapagos|spa|1\n|-boost|p2a: Terapagos|spd|1\n|\n|-heal|p2b: Calyrex|76/100|[from] Grassy Terrain\n|-heal|p1a: Armorer Artificer|68/100 brn|[from] Grassy Terrain\n|-damage|p1a: Armorer Artificer|62/100 brn|[from] brn\n|upkeep\n|turn|5\n|\n|t:|1746067502\n|move|p2b: Calyrex|Protect|p2b: Calyrex\n|-singleturn|p2b: Calyrex|Protect\n|move|p2a: Terapagos|Protect|p2a: Terapagos\n|-singleturn|p2a: Terapagos|Protect\n|move|p1b: Necromancy Wizard|Astral Barrage|p2a: Terapagos|[spread] \n|-activate|p2a: Terapagos|move: Protect\n|-activate|p2b: Calyrex|move: Protect\n|move|p1a: Armorer Artificer|Drain Punch|p2a: Terapagos\n|-activate|p2a: Terapagos|move: Protect\n|\n|-heal|p2b: Calyrex|82/100|[from] Grassy Terrain\n|-heal|p1a: Armorer Artificer|68/100 brn|[from] Grassy Terrain\n|-damage|p1a: Armorer Artificer|62/100 brn|[from] brn\n|-sideend|p1: helio list|move: Tailwind\n|-fieldend|move: Grassy Terrain\n|upkeep\n|turn|6\n|\n|t:|1746067516\n|move|p2b: Calyrex|Astral Barrage|p1a: Armorer Artificer|[spread] p1a,p1b\n|-supereffective|p1b: Necromancy Wizard\n|-damage|p1a: Armorer Artificer|28/100 brn\n|-damage|p1b: Necromancy Wizard|0 fnt\n|faint|p1b: Necromancy Wizard\n|-ability|p2b: Calyrex|Grim Neigh|boost\n|-boost|p2b: Calyrex|spa|1\n|move|p2a: Terapagos|Calm Mind|p2a: Terapagos\n|-boost|p2a: Terapagos|spa|1\n|-boost|p2a: Terapagos|spd|1\n|move|p1a: Armorer Artificer|Drain Punch|p2a: Terapagos\n|-activate|p2a: Terapagos|ability: Tera Shell\n|-resisted|p2a: Terapagos\n|-damage|p2a: Terapagos|93/100\n|-heal|p1a: Armorer Artificer|31/100 brn|[from] drain|[of] p2a: Terapagos\n|\n|-heal|p2a: Terapagos|99/100|[from] item: Leftovers\n|-damage|p1a: Armorer Artificer|25/100 brn|[from] brn\n|upkeep\n|c|\u2606helio list|gg\n|\n|t:|1746067523\n|switch|p1b: Wildfire Druid|Chi-Yu, L50|100/100\n|-ability|p1b: Wildfire Druid|Beads of Ruin\n|turn|7\n|-message|helio list forfeited.\n|\n|win|idkloldude\n|c|\u2606idkloldude|ggwp\n|c|\u2606helio list|wp\n", "uploadtime": 1746067561, "views": 7, "formatid": "gen9vgc2025regibo3", "rating": null, "private": 0, "password": null}