{"id": "gen9vgc2025regibo3-2354361822", "format": "[Gen 9] VGC 2025 Reg I (Bo3)", "players": ["BeckVGC", "phoenix burner"], "log": "|j|\u2606BeckVGC\n|j|\u2606phoenix burner\n|html|<table width=\"100%\"><tr><td align=\"left\">BeckVGC</td><td align=\"right\">phoenix burner</tr><tr><td align=\"left\"><i class=\"fa fa-circle-o\"></i> <i class=\"fa fa-circle-o\"></i> </td><td align=\"right\"><i class=\"fa fa-circle-o\"></i> <i class=\"fa fa-circle-o\"></i> </tr></table>\n|uhtml|bestof|<h2><strong>Game 1</strong> of <a href=\"/game-bestof3-gen9vgc2025regibo3-2354361821\">a best-of-3</a></h2>\n|t:|1746061989\n|gametype|doubles\n|player|p1|BeckVGC|roughneck-gen4|1101\n|player|p2|phoenix burner|102|1177\n|teamsize|p1|6\n|teamsize|p2|6\n|gen|9\n|tier|[Gen 9] VGC 2025 Reg I (Bo3)\n|rated|\n|rule|Species Clause: Limit one of each Pok\u00e9mon\n|rule|Item Clause: Limit 1 of each item\n|clearpoke\n|poke|p1|Koraidon, L50|\n|poke|p1|Lunala, L50|\n|poke|p1|Chi-Yu, L50|\n|poke|p1|Ursaluna, L50, M|\n|poke|p1|Brute Bonnet, L50|\n|poke|p1|Flutter Mane, L50|\n|poke|p2|Calyrex-Ice, L50|\n|poke|p2|Lunala, L50|\n|poke|p2|Ogerpon-Cornerstone, L50, F|\n|poke|p2|Iron Hands, L50|\n|poke|p2|Torkoal, L50, M|\n|poke|p2|Oranguru, L50, M|\n|teampreview|4\n|showteam|p1|Koraidon||LifeOrb|OrichalcumPulse|FlareBlitz,FlameCharge,CloseCombat,Protect||||||50|,,,,,Fire]Lunala||PowerHerb|ShadowShield|MoongeistBeam,MeteorBeam,WideGuard,TrickRoom||||||50|,,,,,Water]Chi-Yu||ChoiceScarf|BeadsofRuin|Overheat,HeatWave,DarkPulse,Snarl||||||50|,,,,,Ghost]Ursaluna||FlameOrb|Guts|Facade,Earthquake,HeadlongRush,Protect|||M|||50|,,,,,Ghost]Brute Bonnet||CovertCloak|Protosynthesis|SeedBomb,SuckerPunch,Spore,RagePowder||||||50|,,,,,Water]Flutter Mane||FocusSash|Protosynthesis|Moonblast,IcyWind,ShadowBall,Protect||||||50|,,,,,Normal\n|showteam|p2|Calyrex-Ice||ClearAmulet|AsOneGlastrier|GlacialLance,HighHorsepower,Protect,TrickRoom||||||50|,,,,,Normal]Lunala||PowerHerb|ShadowShield|MoongeistBeam,MeteorBeam,WideGuard,TrickRoom||||||50|,,,,,Fairy]Ogerpon-Cornerstone||CornerstoneMask|Sturdy|IvyCudgel,SpikyShield,Taunt,FollowMe|||F|||50|,,,,,Rock]Iron Hands||AssaultVest|QuarkDrive|LowKick,WildCharge,CloseCombat,FakeOut||||||50|,,,,,Water]Torkoal||Charcoal|Drought|Eruption,HeatWave,Protect,WeatherBall|||M|||50|,,,,,Fire]Oranguru||MentalHerb|InnerFocus|Instruct,TrickRoom,FoulPlay,Taunt|||M|||50|,,,,,Fire\n|inactive|Battle timer is ON: inactive players will automatically lose when time's up. (requested by BeckVGC)\n|inactive|BeckVGC has 60 seconds left.\n|\n|t:|1746062035\n|start\n|switch|p1a: Chi-Yu|Chi-Yu, L50|100/100\n|switch|p1b: Koraidon|Koraidon, L50|100/100\n|switch|p2a: Calyrex|Calyrex-Ice, L50|100/100\n|switch|p2b: Ogerpon|Ogerpon-Cornerstone, L50, F|100/100\n|-ability|p2a: Calyrex|As One\n|-ability|p2a: Calyrex|Unnerve\n|-ability|p1a: Chi-Yu|Beads of Ruin\n|-weather|SunnyDay|[from] ability: Orichalcum Pulse|[of] p1b: Koraidon\n|-activate|p1b: Koraidon|Orichalcum Pulse|[source]\n|turn|1\n|inactive|phoenix burner has 30 seconds left.\n|\n|t:|1746062060\n|-terastallize|p2a: Calyrex|Normal\n|move|p2b: Ogerpon|Follow Me|p2b: Ogerpon\n|-singleturn|p2b: Ogerpon|move: Follow Me\n|move|p1a: Chi-Yu|Heat Wave|p2a: Calyrex|[spread] p2a,p2b\n|-damage|p2a: Calyrex|48/100\n|-damage|p2b: Ogerpon|30/100\n|move|p1b: Koraidon|Close Combat|p2b: Ogerpon\n|-supereffective|p2b: Ogerpon\n|-damage|p2b: Ogerpon|0 fnt\n|-unboost|p1b: Koraidon|def|1\n|-unboost|p1b: Koraidon|spd|1\n|faint|p2b: Ogerpon\n|-damage|p1b: Koraidon|91/100|[from] item: Life Orb\n|move|p2a: Calyrex|Trick Room|p2a: Calyrex\n|-fieldstart|move: Trick Room|[of] p2a: Calyrex\n|\n|-weather|SunnyDay|[upkeep]\n|upkeep\n|\n|t:|1746062074\n|switch|p2b: Oranguru|Oranguru, L50, M|100/100\n|turn|2\n|\n|t:|1746062079\n|move|p1b: Koraidon|Protect|p1b: Koraidon\n|-singleturn|p1b: Koraidon|Protect\n|move|p2a: Calyrex|High Horsepower|p1a: Chi-Yu\n|-supereffective|p1a: Chi-Yu\n|-damage|p1a: Chi-Yu|0 fnt\n|faint|p1a: Chi-Yu\n|-ability|p2a: Calyrex|Chilling Neigh|boost\n|-boost|p2a: Calyrex|atk|1\n|move|p2b: Oranguru|Instruct|p2a: Calyrex\n|-singleturn|p2a: Calyrex|move: Instruct|[of] p2b: Oranguru\n|move|p2a: Calyrex|High Horsepower|p1b: Koraidon\n|-activate|p1b: Koraidon|move: Protect\n|\n|-weather|SunnyDay|[upkeep]\n|upkeep\n|\n|t:|1746062082\n|switch|p1a: Lunala|Lunala, L50|100/100\n|turn|3\n|\n|t:|1746062100\n|move|p2a: Calyrex|Protect|p2a: Calyrex\n|-singleturn|p2a: Calyrex|Protect\n|move|p1b: Koraidon|Protect||[still]\n|-fail|p1b: Koraidon\n|move|p2b: Oranguru|Taunt|p1a: Lunala\n|-start|p1a: Lunala|move: Taunt\n|move|p1a: Lunala|Meteor Beam||[still]\n|-prepare|p1a: Lunala|Meteor Beam\n|-boost|p1a: Lunala|spa|1\n|-enditem|p1a: Lunala|Power Herb\n|-anim|p1a: Lunala|Meteor Beam|p2a: Calyrex\n|-activate|p2a: Calyrex|move: Protect\n|\n|-weather|SunnyDay|[upkeep]\n|upkeep\n|turn|4\n|\n|t:|1746062113\n|-terastallize|p1a: Lunala|Water\n|move|p2a: Calyrex|Glacial Lance|p1a: Lunala|[spread] p1a,p1b\n|-resisted|p1a: Lunala\n|-supereffective|p1b: Koraidon\n|-damage|p1a: Lunala|80/100\n|-damage|p1b: Koraidon|0 fnt\n|faint|p1b: Koraidon\n|-ability|p2a: Calyrex|Chilling Neigh|boost\n|-boost|p2a: Calyrex|atk|1\n|move|p2b: Oranguru|Instruct|p2a: Calyrex\n|-singleturn|p2a: Calyrex|move: Instruct|[of] p2b: Oranguru\n|move|p2a: Calyrex|Glacial Lance|p1a: Lunala\n|-resisted|p1a: Lunala\n|-damage|p1a: Lunala|16/100\n|move|p1a: Lunala|Moongeist Beam|p2a: Calyrex\n|-immune|p2a: Calyrex\n|\n|-weather|SunnyDay|[upkeep]\n|upkeep\n|\n|t:|1746062117\n|switch|p1b: Brute Bonnet|Brute Bonnet, L50|100/100\n|-activate|p1b: Brute Bonnet|ability: Protosynthesis\n|-start|p1b: Brute Bonnet|protosynthesisdef\n|turn|5\n|\n|t:|1746062135\n|move|p1b: Brute Bonnet|Sucker Punch|p2a: Calyrex\n|-damage|p2a: Calyrex|30/100\n|move|p2a: Calyrex|Glacial Lance|p1a: Lunala|[spread] p1a,p1b\n|-resisted|p1a: Lunala\n|-supereffective|p1b: Brute Bonnet\n|-damage|p1a: Lunala|0 fnt\n|-damage|p1b: Brute Bonnet|0 fnt\n|faint|p1a: Lunala\n|faint|p1b: Brute Bonnet\n|-end|p1b: Brute Bonnet|Protosynthesis|[silent]\n|\n|win|phoenix burner\n||BeckVGC is ready for game 2.\n||phoenix burner is ready for game 2.\n|uhtml|next|Next: <a href=\"/battle-gen9vgc2025regibo3-2354363084\"><strong>Game 2 of 3</strong></a>\n|l|\u2606BeckVGC\n|player|p1|\n", "uploadtime": 1746062610, "views": 19, "formatid": "gen9vgc2025regibo3", "rating": null, "private": 0, "password": null}