{"id": "gen9vgc2025regibo3-2353580604", "format": "[Gen 9] VGC 2025 Reg I (Bo3)", "players": ["Hoogaman", "waveniki"], "log": "|j|\u2606Hoogaman\n|j|\u2606waveniki\n|html|<table width=\"100%\"><tr><td align=\"left\">Hoogaman</td><td align=\"right\">waveniki</tr><tr><td align=\"left\"><i class=\"fa fa-circle-o\"></i> <i class=\"fa fa-circle-o\"></i> </td><td align=\"right\"><i class=\"fa fa-circle-o\"></i> <i class=\"fa fa-circle-o\"></i> </tr></table>\n|uhtml|bestof|<h2><strong>Game 1</strong> of <a href=\"/game-bestof3-gen9vgc2025regibo3-2353580603\">a best-of-3</a></h2>\n|t:|1745970747\n|gametype|doubles\n|player|p1|Hoogaman|li|1103\n|player|p2|waveniki|clerk|1189\n|teamsize|p1|6\n|teamsize|p2|6\n|gen|9\n|tier|[Gen 9] VGC 2025 Reg I (Bo3)\n|rated|\n|rule|Species Clause: Limit one of each Pok\u00e9mon\n|rule|Item Clause: Limit 1 of each item\n|clearpoke\n|poke|p1|Zamazenta-*, L50|\n|poke|p1|Calyrex-Shadow, L50|\n|poke|p1|Sneasler, L50, F|\n|poke|p1|Indeedee-F, L50, F|\n|poke|p1|Chien-Pao, L50|\n|poke|p1|Urshifu-*, L50, F|\n|poke|p2|Terapagos, L50, M|\n|poke|p2|Koraidon, L50|\n|poke|p2|Incineroar, L50, F|\n|poke|p2|Flutter Mane, L50|\n|poke|p2|Raging Bolt, L50|\n|poke|p2|Ogerpon-Cornerstone, L50, F|\n|teampreview|4\n|showteam|p1|Zamazenta-Crowned||RustedShield|DauntlessShield|BodyPress,WideGuard,HeavySlam,IronDefense||||||50|,,,,,Grass]Calyrex-Shadow||WeaknessPolicy|AsOneSpectrier|AstralBarrage,ExpandingForce,Protect,NastyPlot||||||50|,,,,,Dark]Sneasler||PsychicSeed|Unburden|Acrobatics,SwordsDance,CloseCombat,DireClaw|||F|||50|,,,,,Flying]Indeedee-F||MentalHerb|PsychicSurge|Protect,HelpingHand,DrainingKiss,FollowMe|||F|||50|,,,,,Grass]Chien-Pao||FocusSash|SwordofRuin|PsychicFangs,Ruination,SwordsDance,IcicleCrash||||||50|,,,,,Ice]Urshifu-Rapid-Strike||KingsRock|UnseenFist|Coaching,CloseCombat,SurgingStrikes,SwordsDance|||F|||50|,,,,,Fighting\n|showteam|p2|Terapagos||Leftovers|TeraShift|TeraStarstorm,EarthPower,CalmMind,Protect|||M|||50|,,,,,Stellar]Koraidon||LifeOrb|OrichalcumPulse|CloseCombat,FlareBlitz,FlameCharge,Protect||||||50|,,,,,Fire]Incineroar||RockyHelmet|Intimidate|FakeOut,FlareBlitz,KnockOff,PartingShot|||F|||50|,,,,,Bug]Flutter Mane||FocusSash|Protosynthesis|Moonblast,ShadowBall,IcyWind,Protect||||||50|,,,,,Stellar]Raging Bolt||AssaultVest|Protosynthesis|Thunderbolt,Thunderclap,Snarl,DracoMeteor||||||50|,,,,,Electric]Ogerpon-Cornerstone||CornerstoneMask|Sturdy|IvyCudgel,PowerWhip,FollowMe,SpikyShield|||F|||50|,,,,,Rock\n|inactive|Battle timer is ON: inactive players will automatically lose when time's up. (requested by waveniki)\n|inactive|Hoogaman also wants the timer to be on.\n|inactive|Hoogaman has 60 seconds left.\n|inactive|waveniki has 60 seconds left.\n|inactive|waveniki has 30 seconds left.\n|inactive|Hoogaman has 30 seconds left.\n|inactive|waveniki has 20 seconds left.\n|\n|t:|1745970821\n|start\n|switch|p1a: Zamazenta|Zamazenta-Crowned, L50, shiny|100/100\n|switch|p1b: Sneasler|Sneasler, L50, F, shiny|100/100\n|switch|p2a: Koraidon|Koraidon, L50|100/100\n|switch|p2b: Flutter Mane|Flutter Mane, L50|100/100\n|-weather|SunnyDay|[from] ability: Orichalcum Pulse|[of] p2a: Koraidon\n|-activate|p2b: Flutter Mane|ability: Protosynthesis\n|-start|p2b: Flutter Mane|protosynthesisspe\n|-activate|p2a: Koraidon|Orichalcum Pulse|[source]\n|-ability|p1a: Zamazenta|Dauntless Shield|boost\n|-boost|p1a: Zamazenta|def|1\n|turn|1\n|\n|t:|1745970843\n|switch|p1a: Indeedee|Indeedee-F, L50, F, shiny|100/100\n|-fieldstart|move: Psychic Terrain|[from] ability: Psychic Surge|[of] p1a: Indeedee\n|-enditem|p1b: Sneasler|Psychic Seed\n|-boost|p1b: Sneasler|spd|1|[from] item: Psychic Seed\n|-terastallize|p1b: Sneasler|Flying\n|move|p2a: Koraidon|Protect|p2a: Koraidon\n|-singleturn|p2a: Koraidon|Protect\n|move|p1b: Sneasler|Acrobatics|p2a: Koraidon\n|-activate|p2a: Koraidon|move: Protect\n|move|p2b: Flutter Mane|Icy Wind|p1b: Sneasler|[spread] p1a,p1b\n|-supereffective|p1b: Sneasler\n|-damage|p1a: Indeedee|86/100\n|-damage|p1b: Sneasler|73/100\n|-unboost|p1a: Indeedee|spe|1\n|-unboost|p1b: Sneasler|spe|1\n|\n|-weather|SunnyDay|[upkeep]\n|upkeep\n|turn|2\n|\n|t:|1745970865\n|-terastallize|p2a: Koraidon|Fire\n|move|p1a: Indeedee|Helping Hand|p1b: Sneasler\n|-singleturn|p1b: Sneasler|Helping Hand|[of] p1a: Indeedee\n|move|p2b: Flutter Mane|Icy Wind|p1a: Indeedee|[spread] p1a\n|-miss|p2b: Flutter Mane|p1b: Sneasler\n|-damage|p1a: Indeedee|71/100\n|-unboost|p1a: Indeedee|spe|1\n|move|p1b: Sneasler|Acrobatics|p2a: Koraidon\n|-damage|p2a: Koraidon|16/100\n|move|p2a: Koraidon|Flame Charge|p1b: Sneasler\n|-damage|p1b: Sneasler|0 fnt\n|-boost|p2a: Koraidon|spe|1\n|faint|p1b: Sneasler\n|-damage|p2a: Koraidon|7/100|[from] item: Life Orb\n|\n|-weather|SunnyDay|[upkeep]\n|upkeep\n|inactive|Hoogaman has 30 seconds left.\n|\n|t:|1745970892\n|switch|p1b: Urshifu|Urshifu-Rapid-Strike, L50, F|100/100\n|turn|3\n|\n|t:|1745970908\n|switch|p2a: Raging Bolt|Raging Bolt, L50|100/100\n|-activate|p2a: Raging Bolt|ability: Protosynthesis\n|-start|p2a: Raging Bolt|protosynthesisspa\n|move|p1a: Indeedee|Follow Me|p1a: Indeedee\n|-singleturn|p1a: Indeedee|move: Follow Me\n|move|p2b: Flutter Mane|Moonblast|p1a: Indeedee\n|-damage|p1a: Indeedee|24/100\n|move|p1b: Urshifu|Swords Dance|p1b: Urshifu\n|-boost|p1b: Urshifu|atk|2\n|\n|-weather|SunnyDay|[upkeep]\n|upkeep\n|turn|4\n|inactive|Hoogaman has 30 seconds left.\n|inactive|Hoogaman has 20 seconds left.\n|inactive|Hoogaman has 15 seconds left.\n|\n|t:|1745970950\n|move|p1a: Indeedee|Follow Me|p1a: Indeedee\n|-singleturn|p1a: Indeedee|move: Follow Me\n|move|p2b: Flutter Mane|Moonblast|p1a: Indeedee\n|-damage|p1a: Indeedee|0 fnt\n|faint|p1a: Indeedee\n|move|p1b: Urshifu|Close Combat|p2a: Raging Bolt\n|-damage|p2a: Raging Bolt|0 fnt\n|-unboost|p1b: Urshifu|def|1\n|-unboost|p1b: Urshifu|spd|1\n|faint|p2a: Raging Bolt\n|-end|p2a: Raging Bolt|Protosynthesis|[silent]\n|\n|-weather|SunnyDay|[upkeep]\n|upkeep\n|\n|t:|1745970959\n|switch|p1a: Zamazenta|Zamazenta-Crowned, L50, shiny|100/100\n|switch|p2a: Incineroar|Incineroar, L50, F|100/100\n|-ability|p2a: Incineroar|Intimidate|boost\n|-unboost|p1a: Zamazenta|atk|1\n|-unboost|p1b: Urshifu|atk|1\n|turn|5\n|\n|t:|1745970970\n|move|p2a: Incineroar|Fake Out|p1b: Urshifu\n|-activate|p1b: Urshifu|move: Psychic Terrain\n|move|p2b: Flutter Mane|Moonblast|p1b: Urshifu\n|-supereffective|p1b: Urshifu\n|-damage|p1b: Urshifu|0 fnt\n|faint|p1b: Urshifu\n|move|p1a: Zamazenta|Heavy Slam|p2b: Flutter Mane\n|-supereffective|p2b: Flutter Mane\n|-crit|p2b: Flutter Mane\n|-enditem|p2b: Flutter Mane|Focus Sash\n|-damage|p2b: Flutter Mane|1/100\n|\n|-weather|none\n|-end|p2b: Flutter Mane|Protosynthesis\n|-fieldend|move: Psychic Terrain\n|upkeep\n|turn|6\n|\n|t:|1745970989\n|move|p2b: Flutter Mane|Moonblast|p1a: Zamazenta\n|-damage|p1a: Zamazenta|57/100\n|move|p1a: Zamazenta|Body Press|p2a: Incineroar\n|-supereffective|p2a: Incineroar\n|-damage|p2a: Incineroar|25/100\n|-damage|p1a: Zamazenta|41/100|[from] item: Rocky Helmet|[of] p2a: Incineroar\n|move|p2a: Incineroar|Flare Blitz|p1a: Zamazenta\n|-supereffective|p1a: Zamazenta\n|-damage|p1a: Zamazenta|0 fnt\n|faint|p1a: Zamazenta\n|-damage|p2a: Incineroar|14/100|[from] Recoil\n|\n|win|waveniki\n||Hoogaman is ready for game 2.\n", "uploadtime": 1745970998, "views": 16, "formatid": "gen9vgc2025regibo3", "rating": null, "private": 0, "password": null}