{"id": "gen9vgc2025regibo3-2353982619", "format": "[Gen 9] VGC 2025 Reg I (Bo3)", "players": ["fireb7798", "Richiskz"], "log": "|j|\u2606fireb7798\n|j|\u2606Richiskz\n|html|<table width=\"100%\"><tr><td align=\"left\">fireb7798</td><td align=\"right\">Richiskz</tr><tr><td align=\"left\"><i class=\"fa fa-circle-o\"></i> <i class=\"fa fa-circle-o\"></i> </td><td align=\"right\"><i class=\"fa fa-circle-o\"></i> <i class=\"fa fa-circle-o\"></i> </tr></table>\n|uhtml|bestof|<h2><strong>Game 1</strong> of <a href=\"/game-bestof3-gen9vgc2025regibo3-2353982616\">a best-of-3</a></h2>\n|t:|1746024792\n|gametype|doubles\n|player|p1|fireb7798|shauntal|1073\n|player|p2|Richiskz|marshal|1059\n|teamsize|p1|6\n|teamsize|p2|6\n|gen|9\n|tier|[Gen 9] VGC 2025 Reg I (Bo3)\n|rated|\n|rule|Species Clause: Limit one of each Pok\u00e9mon\n|rule|Item Clause: Limit 1 of each item\n|clearpoke\n|poke|p1|Groudon, L50|\n|poke|p1|Lunala, L50|\n|poke|p1|Meowstic, L50, M|\n|poke|p1|Chi-Yu, L50|\n|poke|p1|Roaring Moon, L50|\n|poke|p1|Flutter Mane, L50|\n|poke|p2|Glimmora, L50, M|\n|poke|p2|Garganacl, L50, M|\n|poke|p2|Calyrex-Shadow, L50|\n|poke|p2|Zamazenta-*, L50|\n|poke|p2|Urshifu-*, L50, F|\n|poke|p2|Tornadus, L50, M|\n|teampreview|4\n|showteam|p1|Groudon||ClearAmulet|Drought|PrecipiceBlades,FirePunch,ThunderWave,Protect||||||50|,,,,,Ground]Lunala||Leftovers|ShadowShield|TrickRoom,ExpandingForce,MoongeistBeam,WideGuard||||||50|,,,,,Dark]Meowstic||LightClay|KeenEye|Reflect,Gravity,PsychicTerrain,LightScreen|||M|||50|,,,,,Dark]Chi-Yu||ChoiceScarf|BeadsofRuin|HeatWave,Overheat,Snarl,DarkPulse||||||50|,,,,,Ghost]Roaring Moon||BoosterEnergy|Protosynthesis|KnockOff,Tailwind,Protect,Acrobatics||||||50|,,,,,Flying]Flutter Mane||FocusSash|Protosynthesis|TrickRoom,Protect,Moonblast,ThunderWave||||||50|,,,,,Dark\n|showteam|p2|Glimmora||FocusSash|ToxicDebris|Spikes,SpikyShield,MortalSpin,Explosion|||M|||50|,,,,,Ghost]Garganacl||Leftovers|Sturdy|SaltCure,StealthRock,WideGuard,Protect|||M|||50|,,,,,Water]Calyrex-Shadow||LifeOrb|AsOneSpectrier|AstralBarrage,GigaDrain,NastyPlot,Protect||||||50|,,,,,Normal]Zamazenta-Crowned||RustedShield|DauntlessShield|BodyPress,behemothbash,WideGuard,Protect||||||50|,,,,,Fairy]Urshifu-Rapid-Strike||MysticWater|UnseenFist|SurgingStrikes,CloseCombat,AquaJet,Detect|||F|||50|,,,,,Fighting]Tornadus||CovertCloak|Prankster|Tailwind,BleakwindStorm,RainDance,Protect|||M|||50|,,,,,Flying\n|inactive|Battle timer is ON: inactive players will automatically lose when time's up. (requested by Richiskz)\n|inactive|fireb7798 has 60 seconds left.\n|\n|t:|1746024839\n|start\n|switch|p1a: Lunala|Lunala, L50|100/100\n|switch|p1b: Chi-Yu|Chi-Yu, L50|100/100\n|switch|p2a: Glimmora|Glimmora, L50, M|100/100\n|switch|p2b: Garganacl|Garganacl, L50, M|100/100\n|-ability|p1b: Chi-Yu|Beads of Ruin\n|turn|1\n|inactive|Richiskz has 30 seconds left.\n|inactive|Richiskz has 20 seconds left.\n|\n|t:|1746024874\n|switch|p1b: Groudon|Groudon, L50|100/100\n|-weather|SunnyDay|[from] ability: Drought|[of] p1b: Groudon\n|move|p2a: Glimmora|Mortal Spin|p1a: Lunala|[spread] p1a,p1b\n|-resisted|p1a: Lunala\n|-resisted|p1b: Groudon\n|-damage|p1a: Lunala|99/100\n|-damage|p1b: Groudon|99/100\n|-status|p1a: Lunala|psn\n|-status|p1b: Groudon|psn\n|move|p2b: Garganacl|Salt Cure|p1a: Lunala\n|-damage|p1a: Lunala|89/100 psn\n|-start|p1a: Lunala|Salt Cure\n|move|p1a: Lunala|Trick Room|p1a: Lunala\n|-fieldstart|move: Trick Room|[of] p1a: Lunala\n|\n|-weather|SunnyDay|[upkeep]\n|-heal|p1a: Lunala|96/100 psn|[from] item: Leftovers\n|-damage|p1b: Groudon|87/100 psn|[from] psn\n|-damage|p1a: Lunala|83/100 psn|[from] psn\n|-damage|p1a: Lunala|71/100 psn|[from] Salt Cure\n|upkeep\n|turn|2\n|\n|t:|1746024897\n|move|p2b: Garganacl|Protect|p2b: Garganacl\n|-singleturn|p2b: Garganacl|Protect\n|move|p2a: Glimmora|Spiky Shield|p2a: Glimmora\n|-singleturn|p2a: Glimmora|move: Protect\n|move|p1b: Groudon|Precipice Blades|p2b: Garganacl|[spread] \n|-activate|p2a: Glimmora|move: Protect\n|-activate|p2b: Garganacl|move: Protect\n|move|p1a: Lunala|Moongeist Beam|p2a: Glimmora\n|-activate|p2a: Glimmora|move: Protect\n|\n|-weather|SunnyDay|[upkeep]\n|-heal|p1a: Lunala|77/100 psn|[from] item: Leftovers\n|-damage|p1b: Groudon|75/100 psn|[from] psn\n|-damage|p1a: Lunala|65/100 psn|[from] psn\n|-damage|p1a: Lunala|53/100 psn|[from] Salt Cure\n|upkeep\n|turn|3\n|\n|t:|1746024920\n|-terastallize|p2b: Garganacl|Water\n|move|p2b: Garganacl|Salt Cure|p1b: Groudon\n|-resisted|p1b: Groudon\n|-damage|p1b: Groudon|70/100 psn\n|-start|p1b: Groudon|Salt Cure\n|move|p1b: Groudon|Precipice Blades|p2a: Glimmora|[spread] p2a,p2b\n|-supereffective|p2a: Glimmora\n|-enditem|p2a: Glimmora|Focus Sash\n|-damage|p2a: Glimmora|1/100\n|-damage|p2b: Garganacl|71/100\n|-activate|p2a: Glimmora|ability: Toxic Debris\n|-sidestart|p1: fireb7798|move: Toxic Spikes\n|move|p1a: Lunala|Moongeist Beam|p2a: Glimmora\n|-damage|p2a: Glimmora|0 fnt\n|faint|p2a: Glimmora\n|\n|-weather|SunnyDay|[upkeep]\n|-heal|p2b: Garganacl|77/100|[from] item: Leftovers\n|-heal|p1a: Lunala|59/100 psn|[from] item: Leftovers\n|-damage|p1b: Groudon|58/100 psn|[from] psn\n|-damage|p1a: Lunala|46/100 psn|[from] psn\n|-damage|p1b: Groudon|46/100 psn|[from] Salt Cure\n|-damage|p1a: Lunala|34/100 psn|[from] Salt Cure\n|upkeep\n|\n|t:|1746024941\n|switch|p2a: Tornadus|Tornadus, L50, M|100/100\n|turn|4\n|\n|t:|1746024957\n|move|p2a: Tornadus|Protect|p2a: Tornadus\n|-singleturn|p2a: Tornadus|Protect\n|move|p2b: Garganacl|Stealth Rock|p1a: Lunala\n|-sidestart|p1: fireb7798|move: Stealth Rock\n|move|p1b: Groudon|Precipice Blades|p2a: Tornadus|[spread] \n|-activate|p2a: Tornadus|move: Protect\n|-miss|p1b: Groudon|p2b: Garganacl\n|move|p1a: Lunala|Moongeist Beam|p2a: Tornadus\n|-activate|p2a: Tornadus|move: Protect\n|\n|-weather|SunnyDay|[upkeep]\n|-heal|p2b: Garganacl|83/100|[from] item: Leftovers\n|-heal|p1a: Lunala|40/100 psn|[from] item: Leftovers\n|-damage|p1b: Groudon|34/100 psn|[from] psn\n|-damage|p1a: Lunala|28/100 psn|[from] psn\n|-damage|p1b: Groudon|21/100 psn|[from] Salt Cure\n|-damage|p1a: Lunala|16/100 psn|[from] Salt Cure\n|upkeep\n|turn|5\n|\n|t:|1746024982\n|move|p2b: Garganacl|Protect|p2b: Garganacl\n|-singleturn|p2b: Garganacl|Protect\n|move|p2a: Tornadus|Tailwind|p2a: Tornadus\n|-sidestart|p2: Richiskz|move: Tailwind\n|move|p1b: Groudon|Fire Punch|p2a: Tornadus\n|-damage|p2a: Tornadus|25/100\n|move|p1a: Lunala|Moongeist Beam|p2a: Tornadus\n|-damage|p2a: Tornadus|0 fnt\n|faint|p2a: Tornadus\n|\n|-weather|none\n|-heal|p2b: Garganacl|88/100|[from] item: Leftovers\n|-heal|p1a: Lunala|22/100 psn|[from] item: Leftovers\n|-damage|p1b: Groudon|9/100 psn|[from] psn\n|-damage|p1a: Lunala|10/100 psn|[from] psn\n|-damage|p1b: Groudon|0 fnt|[from] Salt Cure\n|faint|p1b: Groudon\n|-damage|p1a: Lunala|0 fnt|[from] Salt Cure\n|faint|p1a: Lunala\n|-fieldend|move: Trick Room\n|upkeep\n|\n|t:|1746025002\n|switch|p2a: Calyrex|Calyrex-Shadow, L50|100/100\n|switch|p1a: Chi-Yu|Chi-Yu, L50|100/100\n|switch|p1b: Meowstic|Meowstic, L50, M|100/100\n|-ability|p2a: Calyrex|As One\n|-ability|p2a: Calyrex|Unnerve\n|-status|p1a: Chi-Yu|psn\n|-damage|p1a: Chi-Yu|76/100 psn|[from] Stealth Rock\n|-ability|p1a: Chi-Yu|Beads of Ruin\n|-status|p1b: Meowstic|psn\n|-damage|p1b: Meowstic|88/100 psn|[from] Stealth Rock\n|turn|6\n|inactive|fireb7798 has 30 seconds left.\n|inactive|fireb7798 has 20 seconds left.\n|inactive|fireb7798 has 15 seconds left.\n|inactive|fireb7798 has 10 seconds left.\n|inactive|fireb7798 has 5 seconds left.\n|\n|t:|1746025053\n|move|p2a: Calyrex|Protect|p2a: Calyrex\n|-singleturn|p2a: Calyrex|Protect\n|move|p1a: Chi-Yu|Dark Pulse|p2b: Garganacl\n|-damage|p2b: Garganacl|31/100\n|move|p1b: Meowstic|Light Screen|p1b: Meowstic\n|-sidestart|p1: fireb7798|move: Light Screen\n|move|p2b: Garganacl|Salt Cure|p1a: Chi-Yu\n|-supereffective|p1a: Chi-Yu\n|-damage|p1a: Chi-Yu|25/100 psn\n|-start|p1a: Chi-Yu|Salt Cure\n|\n|-heal|p2b: Garganacl|37/100|[from] item: Leftovers\n|-damage|p1a: Chi-Yu|13/100 psn|[from] psn\n|-damage|p1b: Meowstic|76/100 psn|[from] psn\n|-damage|p1a: Chi-Yu|0 fnt|[from] Salt Cure\n|faint|p1a: Chi-Yu\n|upkeep\n|turn|7\n|-message|fireb7798 forfeited.\n|\n|win|Richiskz\n||Richiskz is ready for game 2.\n||fireb7798 is ready for game 2.\n|uhtml|next|Next: <a href=\"/battle-gen9vgc2025regibo3-2353985819\"><strong>Game 2 of 3</strong></a>\n|l|\u2606Richiskz\n|player|p2|\n", "uploadtime": 1746025442, "views": 6, "formatid": "gen9vgc2025regibo3", "rating": null, "private": 0, "password": null}