{"id": "gen9vgc2025regibo3-2353640840", "format": "[Gen 9] VGC 2025 Reg I (Bo3)", "players": ["twiz94", "FatassPansexual"], "log": "|j|\u2606twiz94\n|j|\u2606FatassPansexual\n|html|<table width=\"100%\"><tr><td align=\"left\">twiz94</td><td align=\"right\">FatassPansexual</tr><tr><td align=\"left\"><i class=\"fa fa-circle\"></i> <i class=\"fa fa-circle-o\"></i> </td><td align=\"right\"><i class=\"fa fa-circle-o\"></i> <i class=\"fa fa-circle\"></i> </tr></table>\n|uhtml|bestof|<h2><strong>Game 3</strong> of <a href=\"/game-bestof3-gen9vgc2025regibo3-2353631055\">a best-of-3</a></h2>\n|t:|1745977881\n|gametype|doubles\n|player|p1|twiz94|102|1031\n|player|p2|FatassPansexual|nurse|1069\n|teamsize|p1|6\n|teamsize|p2|6\n|gen|9\n|tier|[Gen 9] VGC 2025 Reg I (Bo3)\n|rated|\n|rule|Species Clause: Limit one of each Pok\u00e9mon\n|rule|Item Clause: Limit 1 of each item\n|clearpoke\n|poke|p1|Lunala, L50|\n|poke|p1|Ho-Oh, L50|\n|poke|p1|Flutter Mane, L50|\n|poke|p1|Gastrodon, L50, M|\n|poke|p1|Grimmsnarl, L50, M|\n|poke|p1|Indeedee-F, L50, F|\n|poke|p2|Lunala, L50|\n|poke|p2|Terapagos, L50, M|\n|poke|p2|Ogerpon-Cornerstone, L50, F|\n|poke|p2|Incineroar, L50, F|\n|poke|p2|Rillaboom, L50, M|\n|poke|p2|Scream Tail, L50|\n|teampreview|4\n|showteam|p1|Lunala||PowerHerb|ShadowShield|WideGuard,MeteorBeam,MoongeistBeam,ExpandingForce||||||50|,,,,,Water]Ho-Oh||CovertCloak|Regenerator|Tailwind,SacredFire,BraveBird,LifeDew||||||50|,,,,,Grass]Flutter Mane||BoosterEnergy|Protosynthesis|Taunt,ThunderWave,Moonblast,IcyWind||||||50|,,,,,Normal]Gastrodon||Leftovers|StormDrain|Protect,EarthPower,Yawn,SludgeBomb|||M|||50|,,,,,Poison]Grimmsnarl||LightClay|Prankster|Reflect,LightScreen,FoulPlay,SpiritBreak|||M|||50|,,,,,Ghost]Indeedee-F||PsychicSeed|PsychicSurge|HelpingHand,FollowMe,TrickRoom,AlluringVoice|||F|||50|,,,,,Grass\n|showteam|p2|Lunala||PowerHerb|ShadowShield|MoongeistBeam,MeteorBeam,WideGuard,Protect||||||50|,,,,,Fairy]Terapagos||Leftovers|TeraShift|CalmMind,TeraStarstorm,Substitute,Protect|||M|||50|,,,,,Stellar]Ogerpon-Cornerstone||CornerstoneMask|Sturdy|IvyCudgel,PowerWhip,FollowMe,SpikyShield|||F|||50|,,,,,Rock]Incineroar||RockyHelmet|Intimidate|FakeOut,KnockOff,WillOWisp,PartingShot|||F|||50|,,,,,Bug]Rillaboom||AssaultVest|GrassySurge|FakeOut,WoodHammer,GrassyGlide,Uturn|||M|||50|,,,,,Fire]Scream Tail||BoosterEnergy|Protosynthesis|Encore,Disable,DazzlingGleam,Protect||||||50|,,,,,Dark\n|inactive|Battle timer is ON: inactive players will automatically lose when time's up. (requested by twiz94)\n|inactive|twiz94 has 60 seconds left.\n|inactive|FatassPansexual has 60 seconds left.\n|\n|t:|1745977926\n|start\n|switch|p1a: Flutter Mane|Flutter Mane, L50, shiny|100/100\n|switch|p1b: Grimmsnarl|Grimmsnarl, L50, M, shiny|100/100\n|switch|p2a: Terapagos|Terapagos, L50, M|100/100\n|switch|p2b: Ogerpon|Ogerpon-Cornerstone, L50, F|100/100\n|-activate|p2a: Terapagos|ability: Tera Shift\n|detailschange|p2a: Terapagos|Terapagos-Terastal, L50, M\n|-heal|p2a: Terapagos|100/100|[silent]\n|-enditem|p1a: Flutter Mane|Booster Energy\n|-activate|p1a: Flutter Mane|ability: Protosynthesis|[fromitem]\n|-start|p1a: Flutter Mane|protosynthesisspe\n|turn|1\n|inactive|twiz94 has 30 seconds left.\n|\n|t:|1745977953\n|move|p1b: Grimmsnarl|Reflect|p1b: Grimmsnarl\n|-sidestart|p1: twiz94|Reflect\n|move|p1a: Flutter Mane|Thunder Wave|p2b: Ogerpon\n|-status|p2b: Ogerpon|par\n|move|p2a: Terapagos|Tera Starstorm|p1b: Grimmsnarl\n|-damage|p1b: Grimmsnarl|48/100\n|cant|p2b: Ogerpon|par\n|\n|upkeep\n|turn|2\n|\n|t:|1745977969\n|move|p2a: Terapagos|Protect|p2a: Terapagos\n|-singleturn|p2a: Terapagos|Protect\n|move|p1b: Grimmsnarl|Light Screen|p1b: Grimmsnarl\n|-sidestart|p1: twiz94|move: Light Screen\n|move|p1a: Flutter Mane|Taunt|p2a: Terapagos\n|-activate|p2a: Terapagos|move: Protect\n|move|p2b: Ogerpon|Power Whip|p1a: Flutter Mane\n|-damage|p1a: Flutter Mane|31/100\n|\n|upkeep\n|turn|3\n|\n|t:|1745977994\n|move|p1a: Flutter Mane|Icy Wind|p2a: Terapagos|[spread] p2a,p2b\n|-activate|p2a: Terapagos|ability: Tera Shell\n|-resisted|p2a: Terapagos\n|-supereffective|p2b: Ogerpon\n|-damage|p2a: Terapagos|95/100\n|-damage|p2b: Ogerpon|73/100 par\n|-unboost|p2a: Terapagos|spe|1\n|-unboost|p2b: Ogerpon|spe|1\n|move|p1b: Grimmsnarl|Foul Play|p2b: Ogerpon\n|-damage|p2b: Ogerpon|8/100 par\n|move|p2a: Terapagos|Tera Starstorm|p1b: Grimmsnarl\n|-damage|p1b: Grimmsnarl|16/100\n|move|p2b: Ogerpon|Ivy Cudgel|p1a: Flutter Mane|[anim] Ivy Cudgel Rock\n|-damage|p1a: Flutter Mane|0 fnt\n|faint|p1a: Flutter Mane\n|-end|p1a: Flutter Mane|Protosynthesis|[silent]\n|\n|-heal|p2a: Terapagos|100/100|[from] item: Leftovers\n|upkeep\n|\n|t:|1745978011\n|switch|p1a: Lunala|Lunala, L50, shiny|100/100\n|turn|4\n|\n|t:|1745978023\n|move|p2b: Ogerpon|Spiky Shield|p2b: Ogerpon\n|-singleturn|p2b: Ogerpon|move: Protect\n|move|p1a: Lunala|Meteor Beam||[still]\n|-prepare|p1a: Lunala|Meteor Beam\n|-boost|p1a: Lunala|spa|1\n|-enditem|p1a: Lunala|Power Herb\n|-anim|p1a: Lunala|Meteor Beam|p2a: Terapagos\n|-activate|p2a: Terapagos|ability: Tera Shell\n|-resisted|p2a: Terapagos\n|-damage|p2a: Terapagos|72/100\n|move|p1b: Grimmsnarl|Spirit Break|p2a: Terapagos\n|-damage|p2a: Terapagos|48/100\n|-unboost|p2a: Terapagos|spa|1\n|move|p2a: Terapagos|Substitute|p2a: Terapagos\n|-start|p2a: Terapagos|Substitute\n|-damage|p2a: Terapagos|23/100\n|\n|-heal|p2a: Terapagos|30/100|[from] item: Leftovers\n|upkeep\n|turn|5\n|inactive|twiz94 has 30 seconds left.\n|\n|t:|1745978052\n|switch|p2b: Rillaboom|Rillaboom, L50, M|100/100\n|-fieldstart|move: Grassy Terrain|[from] ability: Grassy Surge|[of] p2b: Rillaboom\n|move|p1a: Lunala|Meteor Beam||[still]\n|-prepare|p1a: Lunala|Meteor Beam\n|-boost|p1a: Lunala|spa|1\n|move|p1b: Grimmsnarl|Spirit Break|p2b: Rillaboom\n|-damage|p2b: Rillaboom|72/100\n|-unboost|p2b: Rillaboom|spa|1\n|move|p2a: Terapagos|Calm Mind|p2a: Terapagos\n|-boost|p2a: Terapagos|spa|1\n|-boost|p2a: Terapagos|spd|1\n|\n|-heal|p2b: Rillaboom|78/100|[from] Grassy Terrain\n|-heal|p1b: Grimmsnarl|22/100|[from] Grassy Terrain\n|-heal|p2a: Terapagos|36/100|[from] Grassy Terrain\n|-heal|p2a: Terapagos|42/100|[from] item: Leftovers\n|upkeep\n|turn|6\n|\n|t:|1745978074\n|switch|p1b: Ho-Oh|Ho-Oh, L50, shiny|100/100\n|move|p2a: Terapagos|Protect|p2a: Terapagos\n|-singleturn|p2a: Terapagos|Protect\n|move|p1a: Lunala|Meteor Beam|p2a: Terapagos|[from] lockedmove\n|-activate|p2a: Terapagos|move: Protect\n|move|p2b: Rillaboom|Wood Hammer|p1a: Lunala\n|-damage|p1a: Lunala|80/100\n|-damage|p2b: Rillaboom|70/100|[from] Recoil\n|\n|-heal|p1a: Lunala|86/100|[from] Grassy Terrain\n|-heal|p2b: Rillaboom|76/100|[from] Grassy Terrain\n|-heal|p2a: Terapagos|48/100|[from] Grassy Terrain\n|-heal|p2a: Terapagos|55/100|[from] item: Leftovers\n|upkeep\n|turn|7\n|inactive|twiz94 has 30 seconds left.\n|inactive|twiz94 has 20 seconds left.\n|inactive|twiz94 has 15 seconds left.\n|inactive|twiz94 has 10 seconds left.\n|\n|t:|1745978122\n|-terastallize|p2b: Rillaboom|Fire\n|move|p1b: Ho-Oh|Brave Bird|p2b: Rillaboom\n|-damage|p2b: Rillaboom|21/100\n|-damage|p1b: Ho-Oh|83/100|[from] Recoil\n|move|p1a: Lunala|Meteor Beam||[still]\n|-prepare|p1a: Lunala|Meteor Beam\n|-boost|p1a: Lunala|spa|1\n|move|p2b: Rillaboom|Wood Hammer|p1a: Lunala\n|-damage|p1a: Lunala|44/100\n|-damage|p2b: Rillaboom|5/100|[from] Recoil\n|move|p2a: Terapagos|Calm Mind|p2a: Terapagos\n|-boost|p2a: Terapagos|spa|1\n|-boost|p2a: Terapagos|spd|1\n|\n|-heal|p1a: Lunala|50/100|[from] Grassy Terrain\n|-heal|p2b: Rillaboom|11/100|[from] Grassy Terrain\n|-heal|p2a: Terapagos|61/100|[from] Grassy Terrain\n|-heal|p2a: Terapagos|67/100|[from] item: Leftovers\n|upkeep\n|turn|8\n|inactive|FatassPansexual has 30 seconds left.\n|inactive|FatassPansexual has 20 seconds left.\n|inactive|FatassPansexual has 15 seconds left.\n|\n|t:|1745978163\n|switch|p2b: Ogerpon|Ogerpon-Cornerstone, L50, F|8/100 par\n|move|p1b: Ho-Oh|Life Dew|p1b: Ho-Oh|[spread] p1a,p1b\n|-heal|p1a: Lunala|75/100\n|-heal|p1b: Ho-Oh|100/100\n|move|p1a: Lunala|Meteor Beam|p2b: Ogerpon|[from] lockedmove\n|-damage|p2b: Ogerpon|0 fnt\n|faint|p2b: Ogerpon\n|move|p2a: Terapagos|Calm Mind|p2a: Terapagos\n|-boost|p2a: Terapagos|spa|1\n|-boost|p2a: Terapagos|spd|1\n|\n|-heal|p1a: Lunala|81/100|[from] Grassy Terrain\n|-heal|p2a: Terapagos|73/100|[from] Grassy Terrain\n|-heal|p2a: Terapagos|80/100|[from] item: Leftovers\n|-sideend|p1: twiz94|Reflect\n|upkeep\n|\n|t:|1745978171\n|switch|p2b: Lunala|Lunala, L50|100/100\n|turn|9\n|inactive|twiz94 has 30 seconds left.\n|inactive|FatassPansexual has 30 seconds left.\n|inactive|twiz94 has 20 seconds left.\n|\n|t:|1745978208\n|-terastallize|p1a: Lunala|Water\n|move|p2b: Lunala|Wide Guard|p2b: Lunala\n|-singleturn|p2b: Lunala|Wide Guard\n|move|p1a: Lunala|Wide Guard|p1a: Lunala\n|-singleturn|p1a: Lunala|Wide Guard\n|move|p1b: Ho-Oh|Tailwind|p1b: Ho-Oh\n|-sidestart|p1: twiz94|move: Tailwind\n|move|p2a: Terapagos|Calm Mind|p2a: Terapagos\n|-boost|p2a: Terapagos|spa|1\n|-boost|p2a: Terapagos|spd|1\n|\n|-heal|p1a: Lunala|87/100|[from] Grassy Terrain\n|-heal|p2a: Terapagos|86/100|[from] Grassy Terrain\n|-heal|p2a: Terapagos|92/100|[from] item: Leftovers\n|-sideend|p1: twiz94|move: Light Screen\n|-fieldend|move: Grassy Terrain\n|upkeep\n|turn|10\n|\n|t:|1745978228\n|move|p1a: Lunala|Wide Guard|p1a: Lunala\n|-singleturn|p1a: Lunala|Wide Guard\n|move|p1b: Ho-Oh|Life Dew||[still]|[spread] p1a,p1b\n|-heal|p1a: Lunala|100/100\n|-fail|p1b: Ho-Oh|heal\n|move|p2b: Lunala|Meteor Beam||[still]\n|-prepare|p2b: Lunala|Meteor Beam\n|-boost|p2b: Lunala|spa|1\n|-enditem|p2b: Lunala|Power Herb\n|-anim|p2b: Lunala|Meteor Beam|p1b: Ho-Oh\n|-supereffective|p1b: Ho-Oh\n|-damage|p1b: Ho-Oh|0 fnt\n|faint|p1b: Ho-Oh\n|move|p2a: Terapagos|Tera Starstorm|p1a: Lunala\n|-damage|p1a: Lunala|55/100\n|\n|-heal|p2a: Terapagos|98/100|[from] item: Leftovers\n|upkeep\n|\n|t:|1745978244\n|switch|p1b: Grimmsnarl|Grimmsnarl, L50, M, shiny|22/100\n|turn|11\n|\n|t:|1745978260\n|move|p1a: Lunala|Wide Guard|p1a: Lunala\n|-singleturn|p1a: Lunala|Wide Guard\n|move|p1b: Grimmsnarl|Foul Play|p2b: Lunala\n|-supereffective|p2b: Lunala\n|-damage|p2b: Lunala|59/100\n|move|p2b: Lunala|Moongeist Beam|p1a: Lunala\n|-damage|p1a: Lunala|0 fnt\n|faint|p1a: Lunala\n|move|p2a: Terapagos|Calm Mind|p2a: Terapagos\n|-boost|p2a: Terapagos|spa|1\n|-boost|p2a: Terapagos|spd|1\n|\n|-heal|p2a: Terapagos|100/100|[from] item: Leftovers\n|upkeep\n|turn|12\n|-message|twiz94 forfeited.\n|raw|twiz94's rating: 1031 &rarr; <strong>1018</strong><br />(-13 for losing)\n|raw|FatassPansexual's rating: 1069 &rarr; <strong>1095</strong><br />(+26 for winning)\n|\n|win|FatassPansexual\n|l|\u2606twiz94\n|player|p1|\n|c|\u2606FatassPansexual|gg\n|c|\u2606FatassPansexual|\ud83d\ude2d\n|l|\u2606FatassPansexual\n|player|p2|\n|j|\u2606FatassPansexual\n|player|p2|FatassPansexual|nurse|\n", "uploadtime": 1745978775, "views": 23, "formatid": "gen9vgc2025regibo3", "rating": 1018, "private": 0, "password": null}