{"id": "gen9vgc2025regibo3-2353788359", "format": "[Gen 9] VGC 2025 Reg I (Bo3)", "players": ["R1xohbambino", "boober_magmar"], "log": "|j|\u2606R1xohbambino\n|j|\u2606boober_magmar\n|html|<table width=\"100%\"><tr><td align=\"left\">R1xohbambino</td><td align=\"right\">boober_magmar</tr><tr><td align=\"left\"><i class=\"fa fa-circle\"></i> <i class=\"fa fa-circle-o\"></i> </td><td align=\"right\"><i class=\"fa fa-circle-o\"></i> <i class=\"fa fa-circle\"></i> </tr></table>\n|uhtml|bestof|<h2><strong>Game 3</strong> of <a href=\"/game-bestof3-gen9vgc2025regibo3-2353786083\">a best-of-3</a></h2>\n|t:|1746000080\n|gametype|doubles\n|player|p1|R1xohbambino|102|1312\n|player|p2|boober_magmar|blue|1337\n|teamsize|p1|6\n|teamsize|p2|6\n|gen|9\n|tier|[Gen 9] VGC 2025 Reg I (Bo3)\n|rated|\n|rule|Species Clause: Limit one of each Pok\u00e9mon\n|rule|Item Clause: Limit 1 of each item\n|clearpoke\n|poke|p1|Calyrex-Shadow, L50|\n|poke|p1|Koraidon, L50|\n|poke|p1|Whimsicott, L50, M|\n|poke|p1|Raging Bolt, L50|\n|poke|p1|Ogerpon-Cornerstone, L50, F|\n|poke|p1|Volcarona, L50, F|\n|poke|p2|Lunala, L50|\n|poke|p2|Zamazenta-*, L50|\n|poke|p2|Incineroar, L50, M|\n|poke|p2|Rillaboom, L50, M|\n|poke|p2|Grimmsnarl, L50, M|\n|poke|p2|Tornadus, L50, M|\n|teampreview|4\n|showteam|p1|Calyrex-Shadow||FocusSash|AsOneSpectrier|AstralBarrage,Psychic,Protect,Imprison||||||50|,,,,,Dark]Koraidon||ClearAmulet|OrichalcumPulse|CollisionCourse,FlareBlitz,FlameCharge,Protect||||||50|,,,,,Fire]Whimsicott||CovertCloak|Prankster|Tailwind,Moonblast,LightScreen,Encore|||M|||50|,,,,,Dark]Raging Bolt||AssaultVest|Protosynthesis|VoltSwitch,Thunderclap,Snarl,DracoMeteor||||||50|,,,,,Electric]Ogerpon-Cornerstone||CornerstoneMask|Sturdy|IvyCudgel,PowerWhip,SpikyShield,FollowMe|||F|||50|,,,,,Rock]Volcarona||RockyHelmet|FlameBody|WillOWisp,HeatWave,RagePowder,Protect|||F|||50|,,,,,Dragon\n|showteam|p2|Lunala||Leftovers|ShadowShield|MoongeistBeam,Moonblast,CalmMind,Protect||||||50|,,,,,Fairy]Zamazenta-Crowned||RustedShield|DauntlessShield|BodyPress,behemothbash,WideGuard,Protect||||||50|,,,,,Dragon]Incineroar||RockyHelmet|Intimidate|FakeOut,FlareBlitz,KnockOff,PartingShot|||M|||50|,,,,,Water]Rillaboom||AssaultVest|GrassySurge|FakeOut,WoodHammer,GrassyGlide,Uturn|||M|||50|,,,,,Fire]Grimmsnarl||LightClay|Prankster|FoulPlay,Reflect,LightScreen,ThunderWave|||M|||50|,,,,,Water]Tornadus||AbilityShield|Prankster|BleakwindStorm,Tailwind,RainDance,Protect|||M|||50|,,,,,Dark\n|inactive|Battle timer is ON: inactive players will automatically lose when time's up. (requested by boober_magmar)\n|\n|t:|1746000099\n|start\n|switch|p1a: Koraidon|Koraidon, L50|100/100\n|switch|p1b: Mothra|Volcarona, L50, F, shiny|100/100\n|switch|p2a: Lunala|Lunala, L50|100/100\n|switch|p2b: Grimmsnarl|Grimmsnarl, L50, M|100/100\n|-weather|SunnyDay|[from] ability: Orichalcum Pulse|[of] p1a: Koraidon\n|-activate|p1a: Koraidon|Orichalcum Pulse|[source]\n|turn|1\n|\n|t:|1746000114\n|move|p1b: Mothra|Rage Powder|p1b: Mothra\n|-singleturn|p1b: Mothra|move: Rage Powder\n|move|p2b: Grimmsnarl|Thunder Wave|p1b: Mothra\n|-status|p1b: Mothra|par\n|move|p1a: Koraidon|Collision Course|p2b: Grimmsnarl\n|-damage|p2b: Grimmsnarl|42/100\n|move|p2a: Lunala|Moongeist Beam|p1b: Mothra\n|-damage|p1b: Mothra|54/100 par\n|\n|-weather|SunnyDay|[upkeep]\n|upkeep\n|turn|2\n|\n|t:|1746000138\n|move|p1b: Mothra|Rage Powder|p1b: Mothra\n|-singleturn|p1b: Mothra|move: Rage Powder\n|move|p2b: Grimmsnarl|Reflect|p2b: Grimmsnarl\n|-sidestart|p2: boober_magmar|Reflect\n|move|p1a: Koraidon|Collision Course|p2b: Grimmsnarl\n|-damage|p2b: Grimmsnarl|2/100\n|move|p2a: Lunala|Moongeist Beam|p1b: Mothra\n|-damage|p1b: Mothra|11/100 par\n|\n|-weather|SunnyDay|[upkeep]\n|upkeep\n|turn|3\n|\n|t:|1746000155\n|cant|p1b: Mothra|par\n|move|p2b: Grimmsnarl|Light Screen|p2b: Grimmsnarl\n|-sidestart|p2: boober_magmar|move: Light Screen\n|move|p1a: Koraidon|Flame Charge|p2b: Grimmsnarl\n|-damage|p2b: Grimmsnarl|0 fnt\n|-boost|p1a: Koraidon|spe|1\n|faint|p2b: Grimmsnarl\n|move|p2a: Lunala|Moongeist Beam|p1a: Koraidon\n|-damage|p1a: Koraidon|48/100\n|\n|-weather|SunnyDay|[upkeep]\n|upkeep\n|\n|t:|1746000169\n|switch|p2b: Zamazenta|Zamazenta-Crowned, L50|100/100\n|-ability|p2b: Zamazenta|Dauntless Shield|boost\n|-boost|p2b: Zamazenta|def|1\n|turn|4\n|\n|t:|1746000179\n|-terastallize|p2b: Zamazenta|Dragon\n|move|p1a: Koraidon|Protect|p1a: Koraidon\n|-singleturn|p1a: Koraidon|Protect\n|move|p1b: Mothra|Rage Powder|p1b: Mothra\n|-singleturn|p1b: Mothra|move: Rage Powder\n|move|p2b: Zamazenta|Body Press|p1b: Mothra\n|-resisted|p1b: Mothra\n|-damage|p1b: Mothra|0 fnt\n|-damage|p2b: Zamazenta|84/100|[from] item: Rocky Helmet|[of] p1b: Mothra\n|-status|p2b: Zamazenta|brn|[from] ability: Flame Body|[of] p1b: Mothra\n|faint|p1b: Mothra\n|move|p2a: Lunala|Moongeist Beam|p1a: Koraidon\n|-activate|p1a: Koraidon|move: Protect\n|\n|-weather|SunnyDay|[upkeep]\n|-damage|p2b: Zamazenta|78/100 brn|[from] brn\n|upkeep\n|\n|t:|1746000194\n|switch|p1b: Raging Bolt|Raging Bolt, L50|100/100\n|-activate|p1b: Raging Bolt|ability: Protosynthesis\n|-start|p1b: Raging Bolt|protosynthesisspa\n|turn|5\n|\n|t:|1746000218\n|-terastallize|p1b: Raging Bolt|Electric\n|move|p1a: Koraidon|Flare Blitz|p2a: Lunala\n|-damage|p2a: Lunala|81/100\n|-damage|p1a: Koraidon|40/100|[from] Recoil\n|move|p2b: Zamazenta|Body Press|p1b: Raging Bolt\n|-damage|p1b: Raging Bolt|72/100\n|move|p2a: Lunala|Moongeist Beam|p1a: Koraidon\n|-damage|p1a: Koraidon|0 fnt\n|faint|p1a: Koraidon\n|move|p1b: Raging Bolt|Snarl|p2b: Zamazenta|[spread] p2a,p2b\n|-supereffective|p2a: Lunala\n|-damage|p2a: Lunala|42/100\n|-damage|p2b: Zamazenta|69/100 brn\n|-unboost|p2a: Lunala|spa|1\n|-unboost|p2b: Zamazenta|spa|1\n|\n|-weather|none\n|-end|p1b: Raging Bolt|Protosynthesis\n|-heal|p2a: Lunala|48/100|[from] item: Leftovers\n|-damage|p2b: Zamazenta|63/100 brn|[from] brn\n|upkeep\n|\n|t:|1746000230\n|switch|p1a: Calyrex|Calyrex-Shadow, L50|100/100\n|-ability|p1a: Calyrex|As One\n|-ability|p1a: Calyrex|Unnerve\n|turn|6\n|\n|t:|1746000245\n|move|p2b: Zamazenta|Wide Guard|p2b: Zamazenta\n|-singleturn|p2b: Zamazenta|Wide Guard\n|move|p1a: Calyrex|Astral Barrage|p2b: Zamazenta|[spread] \n|-activate|p2a: Lunala|move: Wide Guard\n|-activate|p2b: Zamazenta|move: Wide Guard\n|move|p2a: Lunala|Moongeist Beam|p1a: Calyrex\n|-supereffective|p1a: Calyrex\n|-enditem|p1a: Calyrex|Focus Sash\n|-damage|p1a: Calyrex|1/100\n|move|p1b: Raging Bolt|Draco Meteor|p2b: Zamazenta\n|-supereffective|p2b: Zamazenta\n|-damage|p2b: Zamazenta|5/100 brn\n|-unboost|p1b: Raging Bolt|spa|2\n|\n|-heal|p2a: Lunala|54/100|[from] item: Leftovers\n|-damage|p2b: Zamazenta|0 fnt|[from] brn\n|faint|p2b: Zamazenta\n|upkeep\n|\n|t:|1746000261\n|switch|p2b: Incineroar|Incineroar, L50, M|100/100\n|-ability|p2b: Incineroar|Intimidate|boost\n|-unboost|p1a: Calyrex|atk|1\n|-unboost|p1b: Raging Bolt|atk|1\n|turn|7\n|\n|t:|1746000277\n|move|p1a: Calyrex|Protect|p1a: Calyrex\n|-singleturn|p1a: Calyrex|Protect\n|move|p2a: Lunala|Moonblast|p1b: Raging Bolt\n|-damage|p1b: Raging Bolt|59/100\n|-unboost|p1b: Raging Bolt|spa|1\n|move|p1b: Raging Bolt|Draco Meteor|p2b: Incineroar\n|-damage|p2b: Incineroar|83/100\n|-unboost|p1b: Raging Bolt|spa|2\n|move|p2b: Incineroar|Flare Blitz|p1b: Raging Bolt\n|-damage|p1b: Raging Bolt|21/100\n|-damage|p2b: Incineroar|69/100|[from] Recoil\n|\n|-heal|p2a: Lunala|60/100|[from] item: Leftovers\n|upkeep\n|turn|8\n|\n|t:|1746000297\n|move|p1b: Raging Bolt|Thunderclap|p2b: Incineroar\n|-crit|p2b: Incineroar\n|-damage|p2b: Incineroar|4/100\n|move|p1a: Calyrex|Astral Barrage|p2b: Incineroar|[spread] p2a,p2b\n|-supereffective|p2a: Lunala\n|-resisted|p2b: Incineroar\n|-damage|p2a: Lunala|0 fnt\n|-damage|p2b: Incineroar|0 fnt\n|faint|p2a: Lunala\n|faint|p2b: Incineroar\n|\n|win|R1xohbambino\n|raw|R1xohbambino's rating: 1312 &rarr; <strong>1333</strong><br />(+21 for winning)\n|raw|boober_magmar's rating: 1337 &rarr; <strong>1316</strong><br />(-21 for losing)\n|c|\u2606boober_magmar|Cmaon\n|l|\u2606R1xohbambino\n|player|p1|\n|c|\u2606boober_magmar|Fucling lucky\n|l|\u2606boober_magmar\n|player|p2|\n", "uploadtime": 1746000614, "views": 16, "formatid": "gen9vgc2025regibo3", "rating": 1316, "private": 0, "password": null}