{"id": "gen9vgc2025regibo3-2353534189", "format": "[Gen 9] VGC 2025 Reg I (Bo3)", "players": ["wideguard_user", "ketertitanarmadio"], "log": "|j|\u2606wideguard_user\n|j|\u2606ketertitanarmadio\n|html|<table width=\"100%\"><tr><td align=\"left\">wideguard_user</td><td align=\"right\">ketertitanarmadio</tr><tr><td align=\"left\"><i class=\"fa fa-circle-o\"></i> <i class=\"fa fa-circle-o\"></i> </td><td align=\"right\"><i class=\"fa fa-circle-o\"></i> <i class=\"fa fa-circle\"></i> </tr></table>\n|uhtml|bestof|<h2><strong>Game 2</strong> of <a href=\"/game-bestof3-gen9vgc2025regibo3-2353532206\">a best-of-3</a></h2>\n|t:|1745965427\n|gametype|doubles\n|player|p1|wideguard_user|265|1286\n|player|p2|ketertitanarmadio|265|1343\n|teamsize|p1|6\n|teamsize|p2|6\n|gen|9\n|tier|[Gen 9] VGC 2025 Reg I (Bo3)\n|rated|\n|rule|Species Clause: Limit one of each Pok\u00e9mon\n|rule|Item Clause: Limit 1 of each item\n|clearpoke\n|poke|p1|Zamazenta-*, L50|\n|poke|p1|Calyrex-Shadow, L50|\n|poke|p1|Tornadus, L50, M|\n|poke|p1|Urshifu-*, L50, M|\n|poke|p1|Rillaboom, L50, M|\n|poke|p1|Chien-Pao, L50|\n|poke|p2|Incineroar, L50, M|\n|poke|p2|Ogerpon-Cornerstone, L50, F|\n|poke|p2|Zacian-*, L50|\n|poke|p2|Miraidon, L50|\n|poke|p2|Farigiraf, L50, F|\n|poke|p2|Volbeat, L50, M|\n|teampreview|4\n|showteam|p1|Zamazenta-Crowned||RustedShield|DauntlessShield|BodyPress,HeavySlam,WideGuard,Protect||||||50|,,,,,Ghost]Calyrex-Shadow||FocusSash|AsOneSpectrier|AstralBarrage,Psychic,Encore,Protect||||||50|,,,,,Dark]Tornadus||RockyHelmet|Prankster|BleakwindStorm,Tailwind,RainDance,Protect|||M|||50|,,,,,Dark]Urshifu-Rapid-Strike||MysticWater|UnseenFist|SurgingStrikes,CloseCombat,AquaJet,Detect|||M|||50|,,,,,Water]Rillaboom||AssaultVest|GrassySurge|WoodHammer,GrassyGlide,Uturn,FakeOut|||M|||50|,,,,,Fire]Chien-Pao||LifeOrb|SwordofRuin|SuckerPunch,IcicleCrash,IceShard,Protect||||||50|,,,,,Stellar\n|showteam|p2|Incineroar||SitrusBerry|Intimidate|KnockOff,WillOWisp,PartingShot,FakeOut|||M|||50|,,,,,Bug]Ogerpon-Cornerstone||CornerstoneMask|Sturdy|IvyCudgel,SeedBomb,FollowMe,SpikyShield|||F|||50|,,,,,Rock]Zacian-Crowned||RustedSword|IntrepidSword|behemothblade,PlayRough,SwordsDance,Protect||||||50|,,,,,Normal]Miraidon||ChoiceSpecs|HadronEngine|ElectroDrift,VoltSwitch,DracoMeteor,DazzlingGleam||||||50|,,,,,Fairy]Farigiraf||ElectricSeed|ArmorTail|Psychic,FoulPlay,TrickRoom,HelpingHand|||F|||50|,,,,,Water]Volbeat||FocusSash|Prankster|Uturn,Tailwind,Encore,LightScreen|||M|||50|,,,,,Ghost\n|c|\u2606ketertitanarmadio|why did you forfeit?\n|inactive|Battle timer is ON: inactive players will automatically lose when time's up. (requested by wideguard_user)\n|\n|t:|1745965455\n|start\n|switch|p1a: Zamazenta|Zamazenta-Crowned, L50|100/100\n|switch|p1b: Rillaboom|Rillaboom, L50, M|100/100\n|switch|p2a: Miraidon|Miraidon, L50|100/100\n|switch|p2b: Incineroar|Incineroar, L50, M|100/100\n|-fieldstart|move: Electric Terrain|[from] ability: Hadron Engine|[of] p2a: Miraidon\n|-ability|p1a: Zamazenta|Dauntless Shield|boost\n|-boost|p1a: Zamazenta|def|1\n|-fieldstart|move: Grassy Terrain|[from] ability: Grassy Surge|[of] p1b: Rillaboom\n|-ability|p2b: Incineroar|Intimidate|boost\n|-unboost|p1a: Zamazenta|atk|1\n|-unboost|p1b: Rillaboom|atk|1\n|turn|1\n|c|\u2606wideguard_user|because I didn't want to play it out. You're zacian outsped my whole team and I had no way to kill it easily\n|inactive|wideguard_user has 30 seconds left.\n|inactive|wideguard_user has 20 seconds left.\n|c|\u2606wideguard_user|not to mention you had marai in the back to sweep anyway\n|\n|t:|1745965495\n|-terastallize|p2b: Incineroar|Bug\n|move|p1b: Rillaboom|Fake Out|p2b: Incineroar\n|-damage|p2b: Incineroar|94/100\n|move|p2a: Miraidon|Volt Switch|p1a: Zamazenta\n|-damage|p1a: Zamazenta|50/100\n|\n|t:|1745965503\n|switch|p2a: Farigiraf|Farigiraf, L50, F|100/100|[from] Volt Switch\n|move|p1a: Zamazenta|Body Press|p2a: Farigiraf\n|-damage|p2a: Farigiraf|48/100\n|cant|p2b: Incineroar|flinch\n|\n|-heal|p1a: Zamazenta|56/100|[from] Grassy Terrain\n|-heal|p2a: Farigiraf|53/100|[from] Grassy Terrain\n|-heal|p2b: Incineroar|99/100|[from] Grassy Terrain\n|upkeep\n|turn|2\n|\n|t:|1745965528\n|move|p1a: Zamazenta|Protect|p1a: Zamazenta\n|-singleturn|p1a: Zamazenta|Protect\n|move|p1b: Rillaboom|Wood Hammer|p2a: Farigiraf\n|-damage|p2a: Farigiraf|13/100\n|-damage|p1b: Rillaboom|86/100|[from] Recoil\n|move|p2a: Farigiraf|Foul Play|p1b: Rillaboom\n|-damage|p1b: Rillaboom|68/100\n|move|p2b: Incineroar|Knock Off|p1b: Rillaboom\n|-damage|p1b: Rillaboom|31/100\n|-enditem|p1b: Rillaboom|Assault Vest|[from] move: Knock Off|[of] p2b: Incineroar\n|\n|-heal|p1a: Zamazenta|62/100|[from] Grassy Terrain\n|-heal|p1b: Rillaboom|36/100|[from] Grassy Terrain\n|-heal|p2a: Farigiraf|19/100|[from] Grassy Terrain\n|-heal|p2b: Incineroar|100/100|[from] Grassy Terrain\n|upkeep\n|turn|3\n|inactive|ketertitanarmadio has 30 seconds left.\n|\n|t:|1745965555\n|switch|p2a: Miraidon|Miraidon, L50|100/100\n|-fieldstart|move: Electric Terrain|[from] ability: Hadron Engine|[of] p2a: Miraidon\n|move|p1a: Zamazenta|Heavy Slam|p2b: Incineroar\n|-damage|p2b: Incineroar|76/100\n|move|p1b: Rillaboom|U-turn|p2a: Miraidon\n|-damage|p2a: Miraidon|85/100\n|\n|t:|1745965566\n|switch|p1b: Chien-Pao|Chien-Pao, L50|100/100|[from] U-turn\n|-ability|p1b: Chien-Pao|Sword of Ruin\n|move|p2b: Incineroar|Will-O-Wisp|p1a: Zamazenta\n|-status|p1a: Zamazenta|brn\n|\n|-damage|p1a: Zamazenta|56/100 brn|[from] brn\n|upkeep\n|turn|4\n|inactive|ketertitanarmadio has 30 seconds left.\n|\n|t:|1745965593\n|-terastallize|p1b: Chien-Pao|Stellar\n|move|p1b: Chien-Pao|Ice Shard|p2a: Miraidon\n|-supereffective|p2a: Miraidon\n|-damage|p2a: Miraidon|0 fnt\n|faint|p2a: Miraidon\n|-damage|p1b: Chien-Pao|91/100|[from] item: Life Orb\n|move|p1a: Zamazenta|Heavy Slam|p2b: Incineroar\n|-damage|p2b: Incineroar|58/100\n|move|p2b: Incineroar|Parting Shot|p1b: Chien-Pao\n|-unboost|p1b: Chien-Pao|atk|1\n|-unboost|p1b: Chien-Pao|spa|1\n|\n|t:|1745965607\n|switch|p2b: Zacian|Zacian-Crowned, L50, shiny|100/100|[from] Parting Shot\n|-ability|p2b: Zacian|Intrepid Sword|boost\n|-boost|p2b: Zacian|atk|1\n|\n|-damage|p1a: Zamazenta|50/100 brn|[from] brn\n|upkeep\n|\n|t:|1745965611\n|switch|p2a: Incineroar|Incineroar, L50, M, tera:Bug|58/100\n|-ability|p2a: Incineroar|Intimidate|boost\n|-unboost|p1a: Zamazenta|atk|1\n|-unboost|p1b: Chien-Pao|atk|1\n|turn|5\n|\n|t:|1745965629\n|switch|p1b: Rillaboom|Rillaboom, L50, M|36/100\n|-fieldstart|move: Grassy Terrain|[from] ability: Grassy Surge|[of] p1b: Rillaboom\n|move|p2b: Zacian|Swords Dance|p2b: Zacian\n|-boost|p2b: Zacian|atk|2\n|move|p1a: Zamazenta|Body Press|p2b: Zacian\n|-damage|p2b: Zacian|73/100\n|move|p2a: Incineroar|Parting Shot|p1a: Zamazenta\n|-unboost|p1a: Zamazenta|atk|1\n|-unboost|p1a: Zamazenta|spa|1\n|\n|t:|1745965637\n|switch|p2a: Farigiraf|Farigiraf, L50, F|19/100|[from] Parting Shot\n|\n|-heal|p2b: Zacian|79/100|[from] Grassy Terrain\n|-heal|p1a: Zamazenta|56/100 brn|[from] Grassy Terrain\n|-heal|p1b: Rillaboom|42/100|[from] Grassy Terrain\n|-heal|p2a: Farigiraf|24/100|[from] Grassy Terrain\n|-damage|p1a: Zamazenta|50/100 brn|[from] brn\n|upkeep\n|turn|6\n|inactive|wideguard_user has 30 seconds left.\n|inactive|wideguard_user has 20 seconds left.\n|\n|t:|1745965673\n|switch|p2a: Incineroar|Incineroar, L50, M, tera:Bug|58/100\n|-ability|p2a: Incineroar|Intimidate|boost\n|-unboost|p1a: Zamazenta|atk|1\n|-unboost|p1b: Rillaboom|atk|1\n|move|p2b: Zacian|Behemoth Blade|p1b: Rillaboom\n|-damage|p1b: Rillaboom|0 fnt\n|faint|p1b: Rillaboom\n|move|p1a: Zamazenta|Body Press|p2b: Zacian\n|-damage|p2b: Zacian|49/100\n|\n|-heal|p2b: Zacian|55/100|[from] Grassy Terrain\n|-heal|p1a: Zamazenta|56/100 brn|[from] Grassy Terrain\n|-heal|p2a: Incineroar|64/100|[from] Grassy Terrain\n|-damage|p1a: Zamazenta|50/100 brn|[from] brn\n|upkeep\n|\n|t:|1745965695\n|switch|p1b: Calyrex|Calyrex-Shadow, L50|100/100\n|-ability|p1b: Calyrex|As One\n|-ability|p1b: Calyrex|Unnerve\n|turn|7\n|inactive|wideguard_user has 30 seconds left.\n|\n|t:|1745965724\n|move|p1b: Calyrex|Protect|p1b: Calyrex\n|-singleturn|p1b: Calyrex|Protect\n|move|p2b: Zacian|Play Rough|p1a: Zamazenta\n|-damage|p1a: Zamazenta|3/100 brn\n|move|p1a: Zamazenta|Body Press|p2b: Zacian\n|-damage|p2b: Zacian|28/100\n|move|p2a: Incineroar|Knock Off|p1b: Calyrex\n|-activate|p1b: Calyrex|move: Protect\n|\n|-heal|p2b: Zacian|34/100|[from] Grassy Terrain\n|-heal|p1a: Zamazenta|9/100 brn|[from] Grassy Terrain\n|-heal|p2a: Incineroar|70/100|[from] Grassy Terrain\n|-damage|p1a: Zamazenta|3/100 brn|[from] brn\n|upkeep\n|turn|8\n|inactive|wideguard_user has 30 seconds left.\n|inactive|ketertitanarmadio has 30 seconds left.\n|inactive|wideguard_user has 20 seconds left.\n|inactive|ketertitanarmadio has 20 seconds left.\n|inactive|ketertitanarmadio has 15 seconds left.\n|\n|t:|1745965765\n|switch|p1b: Chien-Pao|Chien-Pao, L50, tera:Stellar|91/100\n|-ability|p1b: Chien-Pao|Sword of Ruin\n|move|p2b: Zacian|Behemoth Blade|p1b: Chien-Pao\n|-supereffective|p1b: Chien-Pao\n|-damage|p1b: Chien-Pao|0 fnt\n|faint|p1b: Chien-Pao\n|move|p1a: Zamazenta|Heavy Slam|p2a: Incineroar\n|-damage|p2a: Incineroar|64/100\n|move|p2a: Incineroar|Knock Off|p1a: Zamazenta\n|-resisted|p1a: Zamazenta\n|-damage|p1a: Zamazenta|0 fnt\n|faint|p1a: Zamazenta\n|\n|-heal|p2b: Zacian|40/100|[from] Grassy Terrain\n|-heal|p2a: Incineroar|70/100|[from] Grassy Terrain\n|upkeep\n|\n|t:|1745965776\n|switch|p1b: Calyrex|Calyrex-Shadow, L50|100/100\n|-ability|p1b: Calyrex|As One\n|-ability|p1b: Calyrex|Unnerve\n|turn|9\n|\n|t:|1745965787\n|move|p2b: Zacian|Protect|p2b: Zacian\n|-singleturn|p2b: Zacian|Protect\n|move|p1b: Calyrex|Astral Barrage|p2b: Zacian|[spread] p2a\n|-activate|p2b: Zacian|move: Protect\n|-damage|p2a: Incineroar|23/100\n|move|p2a: Incineroar|Knock Off|p1b: Calyrex\n|-supereffective|p1b: Calyrex\n|-enditem|p1b: Calyrex|Focus Sash\n|-damage|p1b: Calyrex|1/100\n|\n|-heal|p1b: Calyrex|7/100|[from] Grassy Terrain\n|-heal|p2b: Zacian|46/100|[from] Grassy Terrain\n|-heal|p2a: Incineroar|29/100|[from] Grassy Terrain\n|-fieldend|move: Grassy Terrain\n|upkeep\n|turn|10\n|\n|t:|1745965801\n|switch|p2a: Farigiraf|Farigiraf, L50, F|24/100\n|move|p1b: Calyrex|Astral Barrage|p2b: Zacian|[spread] p2b\n|-immune|p2a: Farigiraf\n|-damage|p2b: Zacian|9/100\n|move|p2b: Zacian|Behemoth Blade|p1b: Calyrex\n|-damage|p1b: Calyrex|0 fnt\n|faint|p1b: Calyrex\n|\n|win|ketertitanarmadio\n|raw|wideguard_user's rating: 1286 &rarr; <strong>1265</strong><br />(-21 for losing)\n|raw|ketertitanarmadio's rating: 1343 &rarr; <strong>1360</strong><br />(+17 for winning)\n|c|\u2606ketertitanarmadio|gg\n", "uploadtime": 1745966153, "views": 15, "formatid": "gen9vgc2025regibo3", "rating": 1265, "private": 0, "password": null}