{"id": "gen9vgc2025regibo3-2354207793", "format": "[Gen 9] VGC 2025 Reg I (Bo3)", "players": ["TreTrainer5252", "Ishtype"], "log": "|j|\u2606TreTrainer5252\n|j|\u2606Ishtype\n|html|<table width=\"100%\"><tr><td align=\"left\">TreTrainer5252</td><td align=\"right\">Ishtype</tr><tr><td align=\"left\"><i class=\"fa fa-circle\"></i> <i class=\"fa fa-circle-o\"></i> </td><td align=\"right\"><i class=\"fa fa-circle-o\"></i> <i class=\"fa fa-circle-o\"></i> </tr></table>\n|uhtml|bestof|<h2><strong>Game 2</strong> of <a href=\"/game-bestof3-gen9vgc2025regibo3-2354205185\">a best-of-3</a></h2>\n|t:|1746044723\n|gametype|doubles\n|player|p1|TreTrainer5252|linebacker|1072\n|player|p2|Ishtype|cynthia-gen4|1082\n|teamsize|p1|6\n|teamsize|p2|6\n|gen|9\n|tier|[Gen 9] VGC 2025 Reg I (Bo3)\n|rated|\n|rule|Species Clause: Limit one of each Pok\u00e9mon\n|rule|Item Clause: Limit 1 of each item\n|clearpoke\n|poke|p1|Tornadus, L50, M|\n|poke|p1|Kyogre, L50|\n|poke|p1|Iron Crown, L50|\n|poke|p1|Iron Hands, L50|\n|poke|p1|Indeedee-F, L50, F|\n|poke|p1|Zamazenta-*, L50|\n|poke|p2|Miraidon, L50|\n|poke|p2|Whimsicott, L50, F|\n|poke|p2|Farigiraf, L50, F|\n|poke|p2|Zacian-*, L50|\n|poke|p2|Urshifu-*, L50, M|\n|poke|p2|Incineroar, L50, F|\n|teampreview|4\n|showteam|p1|Tornadus||MentalHerb|Prankster|Taunt,Tailwind,RainDance,BleakwindStorm|||M|||50|,,,,,Ghost]Kyogre||ChoiceScarf|Drizzle|Thunder,IceBeam,WaterSpout,HydroPump||||||50|,,,,,Grass]Iron Crown||BoosterEnergy|QuarkDrive|Protect,FocusBlast,TachyonCutter,ExpandingForce||||||50|,,,,,Ground]Iron Hands||AssaultVest|QuarkDrive|FakeOut,HeavySlam,DrainPunch,WildCharge||||||50|,,,,,Water]Indeedee-F||RedCard|PsychicSurge|FollowMe,TrickRoom,HelpingHand,DazzlingGleam|||F|||50|,,,,,Dragon]Zamazenta-Crowned||RustedShield|DauntlessShield|Protect,BodyPress,WideGuard,IronDefense||||||50|,,,,,Water\n|showteam|p2|Miraidon||ChoiceSpecs|HadronEngine|DazzlingGleam,ElectroDrift,VoltSwitch,DracoMeteor||||||50|,,,,,Fairy]Whimsicott||CovertCloak|Prankster|CottonSpore,Tailwind,Moonblast,Encore|||F|||50|,,,,,Dark]Farigiraf||ElectricSeed|ArmorTail|Psychic,Roar,TrickRoom,HelpingHand|||F|||50|,,,,,Dark]Zacian-Crowned||RustedSword|IntrepidSword|SacredSword,behemothblade,PlayRough,Protect||||||50|,,,,,Water]Urshifu-Rapid-Strike||ChoiceScarf|UnseenFist|SurgingStrikes,RockSlide,CloseCombat,Uturn|||M|||50|,,,,,Water]Incineroar||SitrusBerry|Intimidate|Taunt,FakeOut,KnockOff,FlareBlitz|||F|||50|,,,,,Ghost\n|inactive|Battle timer is ON: inactive players will automatically lose when time's up. (requested by Ishtype)\n|inactive|TreTrainer5252 has 60 seconds left.\n|\n|t:|1746044761\n|start\n|switch|p1a: Thorton|Iron Crown, L50|100/100\n|switch|p1b: Dc2trill|Iron Hands, L50, shiny|100/100\n|switch|p2a: Whimsicott|Whimsicott, L50, F|100/100\n|switch|p2b: Urshifu|Urshifu-Rapid-Strike, L50, M|100/100\n|-enditem|p1a: Thorton|Booster Energy\n|-activate|p1a: Thorton|ability: Quark Drive|[fromitem]\n|-start|p1a: Thorton|quarkdrivespa\n|turn|1\n|\n|t:|1746044781\n|switch|p2b: Zacian|Zacian-Crowned, L50|100/100\n|-ability|p2b: Zacian|Intrepid Sword|boost\n|-boost|p2b: Zacian|atk|1\n|-end|p1b: Dc2trill|Quark Drive|[silent]\n|switch|p1b: Mamacita|Indeedee-F, L50, F|100/100\n|-fieldstart|move: Psychic Terrain|[from] ability: Psychic Surge|[of] p1b: Mamacita\n|move|p2a: Whimsicott|Moonblast|p1b: Mamacita\n|-damage|p1b: Mamacita|75/100\n|-unboost|p1b: Mamacita|spa|1\n|-enditem|p1b: Mamacita|Red Card|[of] p2a: Whimsicott\n|drag|p2a: Urshifu|Urshifu-Rapid-Strike, L50, M|100/100\n|move|p1a: Thorton|Expanding Force|p2b: Zacian|[spread] p2a,p2b\n|-supereffective|p2a: Urshifu\n|-resisted|p2b: Zacian\n|-damage|p2a: Urshifu|0 fnt\n|-damage|p2b: Zacian|66/100\n|faint|p2a: Urshifu\n|\n|upkeep\n|\n|t:|1746044802\n|switch|p2a: Miraidon|Miraidon, L50|100/100\n|-fieldstart|move: Electric Terrain|[from] ability: Hadron Engine|[of] p2a: Miraidon\n|turn|2\n|\n|t:|1746044814\n|switch|p1b: Dc2trill|Iron Hands, L50, shiny|100/100\n|-activate|p1b: Dc2trill|ability: Quark Drive\n|-start|p1b: Dc2trill|quarkdriveatk\n|-terastallize|p2a: Miraidon|Fairy\n|move|p1a: Thorton|Protect|p1a: Thorton\n|-singleturn|p1a: Thorton|Protect\n|move|p2b: Zacian|Sacred Sword|p1a: Thorton\n|-activate|p1a: Thorton|move: Protect\n|move|p2a: Miraidon|Dazzling Gleam|p1a: Thorton|[spread] p1b\n|-activate|p1a: Thorton|move: Protect\n|-supereffective|p1b: Dc2trill\n|-damage|p1b: Dc2trill|32/100\n|\n|upkeep\n|turn|3\n|\n|t:|1746044840\n|-terastallize|p1a: Thorton|Ground\n|move|p1b: Dc2trill|Fake Out|p2b: Zacian\n|-resisted|p2b: Zacian\n|-damage|p2b: Zacian|57/100\n|cant|p2b: Zacian|flinch\n|move|p2a: Miraidon|Dazzling Gleam|p1a: Thorton|[spread] p1a,p1b\n|-supereffective|p1b: Dc2trill\n|-damage|p1a: Thorton|42/100\n|-damage|p1b: Dc2trill|0 fnt\n|faint|p1b: Dc2trill\n|-end|p1b: Dc2trill|Quark Drive|[silent]\n|move|p1a: Thorton|Tachyon Cutter|p2a: Miraidon\n|-supereffective|p2a: Miraidon\n|-damage|p2a: Miraidon|37/100\n|-supereffective|p2a: Miraidon\n|-crit|p2a: Miraidon\n|-damage|p2a: Miraidon|0 fnt\n|faint|p2a: Miraidon\n|-hitcount|p2: Miraidon|2\n|\n|upkeep\n|\n|t:|1746044859\n|switch|p2a: Whimsicott|Whimsicott, L50, F|100/100\n|switch|p1b: Mamacita|Indeedee-F, L50, F|75/100\n|-fieldstart|move: Psychic Terrain|[from] ability: Psychic Surge|[of] p1b: Mamacita\n|turn|4\n|inactive|Ishtype has 30 seconds left.\n|\n|t:|1746044893\n|move|p1b: Mamacita|Follow Me|p1b: Mamacita\n|-singleturn|p1b: Mamacita|move: Follow Me\n|move|p2a: Whimsicott|Tailwind|p2a: Whimsicott\n|-sidestart|p2: Ishtype|move: Tailwind\n|move|p2b: Zacian|Behemoth Blade|p1b: Mamacita\n|-damage|p1b: Mamacita|0 fnt\n|faint|p1b: Mamacita\n|move|p1a: Thorton|Expanding Force|p2a: Whimsicott|[spread] p2a,p2b\n|-resisted|p2b: Zacian\n|-damage|p2a: Whimsicott|0 fnt\n|-damage|p2b: Zacian|21/100\n|faint|p2a: Whimsicott\n|\n|upkeep\n|\n|t:|1746044907\n|switch|p1b: Elemento|Kyogre, L50|100/100\n|-weather|RainDance|[from] ability: Drizzle|[of] p1b: Elemento\n|turn|5\n|\n|t:|1746044917\n|move|p2b: Zacian|Behemoth Blade|p1b: Elemento\n|-resisted|p1b: Elemento\n|-damage|p1b: Elemento|57/100\n|move|p1b: Elemento|Ice Beam|p2b: Zacian\n|-resisted|p2b: Zacian\n|-damage|p2b: Zacian|7/100\n|move|p1a: Thorton|Expanding Force|p2b: Zacian\n|-resisted|p2b: Zacian\n|-damage|p2b: Zacian|0 fnt\n|faint|p2b: Zacian\n|\n|win|TreTrainer5252\n|raw|TreTrainer5252's rating: 1072 &rarr; <strong>1102</strong><br />(+30 for winning)\n|raw|Ishtype's rating: 1082 &rarr; <strong>1059</strong><br />(-23 for losing)\n|l|\u2606Ishtype\n|player|p2|\n", "uploadtime": 1746044932, "views": 6, "formatid": "gen9vgc2025regibo3", "rating": 1059, "private": 0, "password": null}