{"id": "gen9vgc2025regibo3-2355110962", "format": "[Gen 9] VGC 2025 Reg I (Bo3)", "players": ["ShinkaiEx", "twitchy1989"], "log": "|j|\u2606ShinkaiEx\n|j|\u2606twitchy1989\n|html|<table width=\"100%\"><tr><td align=\"left\">ShinkaiEx</td><td align=\"right\">twitchy1989</tr><tr><td align=\"left\"><i class=\"fa fa-circle-o\"></i> <i class=\"fa fa-circle-o\"></i> </td><td align=\"right\"><i class=\"fa fa-circle-o\"></i> <i class=\"fa fa-circle-o\"></i> </tr></table>\n|uhtml|bestof|<h2><strong>Game 1</strong> of <a href=\"/game-bestof3-gen9vgc2025regibo3-2355110960\">a best-of-3</a></h2>\n|t:|1746153840\n|gametype|doubles\n|player|p1|ShinkaiEx|101|1114\n|player|p2|twitchy1989|2|1049\n|teamsize|p1|6\n|teamsize|p2|6\n|gen|9\n|tier|[Gen 9] VGC 2025 Reg I (Bo3)\n|rated|\n|rule|Species Clause: Limit one of each Pok\u00e9mon\n|rule|Item Clause: Limit 1 of each item\n|clearpoke\n|poke|p1|Koraidon, L50|\n|poke|p1|Zamazenta-*, L50|\n|poke|p1|Flutter Mane, L50|\n|poke|p1|Incineroar, L50, F|\n|poke|p1|Raging Bolt, L50|\n|poke|p1|Brute Bonnet, L50|\n|poke|p2|Koraidon, L50|\n|poke|p2|Lunala, L50|\n|poke|p2|Chi-Yu, L50|\n|poke|p2|Flutter Mane, L50|\n|poke|p2|Brute Bonnet, L50|\n|poke|p2|Iron Hands, L50|\n|teampreview|4\n|showteam|p1|Koraidon||ClearAmulet|OrichalcumPulse|FlareBlitz,CollisionCourse,FlameCharge,Protect||||||50|,,,,,Fire]Zamazenta-Crowned||RustedShield|DauntlessShield|BodyPress,HeavySlam,WideGuard,Protect||||||50|,,,,,Dragon]Flutter Mane||FocusSash|Protosynthesis|Moonblast,ShadowBall,IcyWind,Protect||||||50|,,,,,Stellar]Incineroar||RockyHelmet|Intimidate|FakeOut,FlareBlitz,KnockOff,PartingShot|||F|||50|,,,,,Grass]Raging Bolt||AssaultVest|Protosynthesis|Thunderbolt,Thunderclap,Snarl,DracoMeteor||||||50|,,,,,Electric]Brute Bonnet||CovertCloak|Protosynthesis|Spore,RagePowder,SeedBomb,SuckerPunch||||||50|,,,,,Water\n|showteam|p2|Koraidon||ClearAmulet|OrichalcumPulse|FlareBlitz,Outrage,CollisionCourse,Protect||||||50|,,,,,Fire]Lunala||MentalHerb|ShadowShield|MoongeistBeam,Moonblast,WideGuard,TrickRoom||||||50|,,,,,Water]Chi-Yu||ChoiceScarf|BeadsofRuin|DarkPulse,Flamethrower,Snarl,HeatWave||||||50|,,,,,Ghost]Flutter Mane||FocusSash|Protosynthesis|Moonblast,ShadowBall,IcyWind,Protect||||||50|,,,,,Normal]Brute Bonnet||CovertCloak|Protosynthesis|RagePowder,SuckerPunch,SeedBomb,Spore||||||50|,,,,,Water]Iron Hands||AssaultVest|QuarkDrive|FakeOut,DrainPunch,WildCharge,VoltSwitch||||||50|,,,,,Fire\n|inactive|Battle timer is ON: inactive players will automatically lose when time's up. (requested by ShinkaiEx)\n|\n|t:|1746153905\n|start\n|switch|p1a: Incineroar|Incineroar, L50, F|100/100\n|switch|p1b: Brute Bonnet|Brute Bonnet, L50|100/100\n|switch|p2a: Iron Hands|Iron Hands, L50|100/100\n|switch|p2b: Lunala|Lunala, L50|100/100\n|-ability|p1a: Incineroar|Intimidate|boost\n|-unboost|p2a: Iron Hands|atk|1\n|-unboost|p2b: Lunala|atk|1\n|turn|1\n|inactive|twitchy1989 has 30 seconds left.\n|\n|t:|1746153937\n|-terastallize|p2b: Lunala|Water\n|move|p1a: Incineroar|Fake Out|p2a: Iron Hands\n|-damage|p2a: Iron Hands|93/100\n|move|p1b: Brute Bonnet|Spore|p2b: Lunala\n|-status|p2b: Lunala|slp|[from] move: Spore\n|cant|p2a: Iron Hands|flinch\n|cant|p2b: Lunala|slp\n|\n|upkeep\n|turn|2\n|inactive|ShinkaiEx has 30 seconds left.\n|inactive|twitchy1989 has 30 seconds left.\n|inactive|ShinkaiEx has 20 seconds left.\n|inactive|twitchy1989 has 20 seconds left.\n|inactive|twitchy1989 has 15 seconds left.\n|inactive|twitchy1989 has 10 seconds left.\n|\n|t:|1746153983\n|switch|p2b: Koraidon|Koraidon, L50|100/100\n|-weather|SunnyDay|[from] ability: Orichalcum Pulse|[of] p2b: Koraidon\n|-activate|p1b: Brute Bonnet|ability: Protosynthesis\n|-start|p1b: Brute Bonnet|protosynthesisdef\n|-activate|p2b: Koraidon|Orichalcum Pulse|[source]\n|-end|p2a: Iron Hands|Quark Drive|[silent]\n|switch|p2a: Brute Bonnet|Brute Bonnet, L50|100/100\n|-activate|p2a: Brute Bonnet|ability: Protosynthesis\n|-start|p2a: Brute Bonnet|protosynthesisdef\n|move|p1a: Incineroar|Parting Shot|p2a: Brute Bonnet\n|-unboost|p2a: Brute Bonnet|atk|1\n|-unboost|p2a: Brute Bonnet|spa|1\n|inactive|ShinkaiEx has 30 seconds left.\n|\n|t:|1746154011\n|switch|p1a: Koraidon|Koraidon, L50|100/100|[from] Parting Shot\n|-activate|p1a: Koraidon|ability: Orichalcum Pulse\n|move|p1b: Brute Bonnet|Seed Bomb|p2b: Koraidon\n|-resisted|p2b: Koraidon\n|-damage|p2b: Koraidon|86/100\n|\n|-weather|SunnyDay|[upkeep]\n|upkeep\n|turn|3\n|inactive|ShinkaiEx has 30 seconds left.\n|inactive|twitchy1989 has 30 seconds left.\n|inactive|ShinkaiEx has 20 seconds left.\n|\n|t:|1746154048\n|-terastallize|p1a: Koraidon|Fire\n|move|p2a: Brute Bonnet|Rage Powder|p2a: Brute Bonnet\n|-singleturn|p2a: Brute Bonnet|move: Rage Powder\n|move|p1a: Koraidon|Flame Charge|p2a: Brute Bonnet\n|-supereffective|p2a: Brute Bonnet\n|-damage|p2a: Brute Bonnet|34/100\n|-boost|p1a: Koraidon|spe|1\n|move|p2b: Koraidon|Collision Course|p1b: Brute Bonnet\n|-supereffective|p1b: Brute Bonnet\n|-damage|p1b: Brute Bonnet|4/100\n|move|p1b: Brute Bonnet|Spore|p2a: Brute Bonnet\n|-immune|p2a: Brute Bonnet\n|\n|-weather|SunnyDay|[upkeep]\n|upkeep\n|turn|4\n|inactive|ShinkaiEx has 30 seconds left.\n|\n|t:|1746154079\n|move|p2a: Brute Bonnet|Rage Powder|p2a: Brute Bonnet\n|-singleturn|p2a: Brute Bonnet|move: Rage Powder\n|move|p1a: Koraidon|Flame Charge|p2a: Brute Bonnet\n|-supereffective|p2a: Brute Bonnet\n|-damage|p2a: Brute Bonnet|0 fnt\n|-boost|p1a: Koraidon|spe|1\n|faint|p2a: Brute Bonnet\n|-end|p2a: Brute Bonnet|Protosynthesis|[silent]\n|move|p2b: Koraidon|Outrage|p1b: Brute Bonnet\n|-damage|p1b: Brute Bonnet|0 fnt\n|faint|p1b: Brute Bonnet\n|-end|p1b: Brute Bonnet|Protosynthesis|[silent]\n|\n|-weather|SunnyDay|[upkeep]\n|upkeep\n|\n|t:|1746154101\n|switch|p2a: Iron Hands|Iron Hands, L50|93/100\n|switch|p1b: Flutter Mane|Flutter Mane, L50|100/100\n|-activate|p1b: Flutter Mane|ability: Protosynthesis\n|-start|p1b: Flutter Mane|protosynthesisspe\n|turn|5\n|inactive|twitchy1989 has 30 seconds left.\n|\n|t:|1746154127\n|move|p1a: Koraidon|Collision Course|p2b: Koraidon\n|-damage|p2b: Koraidon|27/100\n|move|p1b: Flutter Mane|Moonblast|p2a: Iron Hands\n|-supereffective|p2a: Iron Hands\n|-damage|p2a: Iron Hands|42/100\n|move|p2b: Koraidon|Outrage|p1a: Koraidon|[from] lockedmove\n|-damage|p1a: Koraidon|20/100\n|move|p2a: Iron Hands|Wild Charge|p1b: Flutter Mane\n|-enditem|p1b: Flutter Mane|Focus Sash\n|-damage|p1b: Flutter Mane|1/100\n|-damage|p2a: Iron Hands|28/100|[from] Recoil\n|\n|-weather|SunnyDay|[upkeep]\n|upkeep\n|turn|6\n|inactive|twitchy1989 has 30 seconds left.\n|inactive|ShinkaiEx has 30 seconds left.\n|inactive|twitchy1989 has 20 seconds left.\n|\n|t:|1746154170\n|-end|p2a: Iron Hands|Quark Drive|[silent]\n|switch|p2a: Lunala|Lunala, L50, tera:Water|100/100 slp\n|move|p1a: Koraidon|Collision Course|p2a: Lunala\n|-damage|p2a: Lunala|67/100 slp\n|move|p1b: Flutter Mane|Moonblast|p2b: Koraidon\n|-supereffective|p2b: Koraidon\n|-crit|p2b: Koraidon\n|-damage|p2b: Koraidon|0 fnt\n|faint|p2b: Koraidon\n|\n|-weather|none\n|-end|p1b: Flutter Mane|Protosynthesis\n|upkeep\n|\n|t:|1746154180\n|switch|p2b: Iron Hands|Iron Hands, L50|28/100\n|turn|7\n|\n|t:|1746154191\n|move|p1a: Koraidon|Protect|p1a: Koraidon\n|-singleturn|p1a: Koraidon|Protect\n|move|p2b: Iron Hands|Fake Out|p1a: Koraidon\n|-activate|p1a: Koraidon|move: Protect\n|move|p1b: Flutter Mane|Moonblast|p2b: Iron Hands\n|-supereffective|p2b: Iron Hands\n|-damage|p2b: Iron Hands|0 fnt\n|faint|p2b: Iron Hands\n|-end|p2b: Iron Hands|Quark Drive|[silent]\n|-curestatus|p2a: Lunala|slp|[msg]\n|move|p2a: Lunala|Moonblast|p1b: Flutter Mane\n|-damage|p1b: Flutter Mane|0 fnt\n|faint|p1b: Flutter Mane\n|-end|p1b: Flutter Mane|Protosynthesis|[silent]\n|\n|upkeep\n|\n|t:|1746154203\n|switch|p1b: Incineroar|Incineroar, L50, F|100/100\n|-ability|p1b: Incineroar|Intimidate|boost\n|-unboost|p2a: Lunala|atk|1\n|turn|8\n|\n|t:|1746154212\n|move|p1b: Incineroar|Fake Out|p2a: Lunala\n|-damage|p2a: Lunala|57/100\n|move|p1a: Koraidon|Collision Course|p2a: Lunala\n|-damage|p2a: Lunala|7/100\n|cant|p2a: Lunala|flinch\n|\n|upkeep\n|turn|9\n|\n|t:|1746154221\n|move|p1a: Koraidon|Collision Course|p2a: Lunala\n|-damage|p2a: Lunala|0 fnt\n|faint|p2a: Lunala\n|\n|win|ShinkaiEx\n|inactive|ShinkaiEx has 30 seconds to confirm battle start!\n|inactive|twitchy1989 has 30 seconds to confirm battle start!\n||ShinkaiEx is ready for game 2.\n||twitchy1989 is ready for game 2.\n|uhtml|next|Next: <a href=\"/battle-gen9vgc2025regibo3-2355114136\"><strong>Game 2 of 3</strong></a>\n", "uploadtime": 1746154231, "views": 5, "formatid": "gen9vgc2025regibo3", "rating": null, "private": 0, "password": null}