{"id": "gen9vgc2025regibo3-2354281584", "format": "[Gen 9] VGC 2025 Reg I (Bo3)", "players": ["Semiau", "xSavageX2x"], "log": "|j|\u2606Semiau\n|j|\u2606xSavageX2x\n|html|<table width=\"100%\"><tr><td align=\"left\">Semiau</td><td align=\"right\">xSavageX2x</tr><tr><td align=\"left\"><i class=\"fa fa-circle-o\"></i> <i class=\"fa fa-circle-o\"></i> </td><td align=\"right\"><i class=\"fa fa-circle-o\"></i> <i class=\"fa fa-circle-o\"></i> </tr></table>\n|uhtml|bestof|<h2><strong>Game 1</strong> of <a href=\"/game-bestof3-gen9vgc2025regibo3-2354281583\">a best-of-3</a></h2>\n|t:|1746052487\n|gametype|doubles\n|player|p1|Semiau|2|1178\n|player|p2|xSavageX2x|102|1045\n|teamsize|p1|6\n|teamsize|p2|6\n|gen|9\n|tier|[Gen 9] VGC 2025 Reg I (Bo3)\n|rated|\n|rule|Species Clause: Limit one of each Pok\u00e9mon\n|rule|Item Clause: Limit 1 of each item\n|clearpoke\n|poke|p1|Terapagos, L50, M|\n|poke|p1|Clefairy, L50, F|\n|poke|p1|Latios, L50, M|\n|poke|p1|Rillaboom, L50, F|\n|poke|p1|Grimmsnarl, L50, M|\n|poke|p1|Zamazenta-*, L50|\n|poke|p2|Groudon, L50|\n|poke|p2|Zacian-*, L50|\n|poke|p2|Flutter Mane, L50|\n|poke|p2|Walking Wake, L50|\n|poke|p2|Incineroar, L50, M|\n|poke|p2|Brute Bonnet, L50|\n|teampreview|4\n|showteam|p1|Terapagos||Leftovers|TeraShift|TeraStarstorm,EarthPower,Protect,CalmMind|||M|||50|,,,,,Stellar]Clefairy||Eviolite|FriendGuard|BatonPass,CosmicPower,FollowMe,HelpingHand|||F|||50|,,,,,Fairy]Latios||SoulDew|Levitate|DracoMeteor,Tailwind,SimpleBeam,PsychicNoise|||M|||50|,,,,,Bug]Rillaboom||AssaultVest|GrassySurge|GrassyGlide,FakeOut,WoodHammer,Uturn|||F|||50|,,,,,Fire]Grimmsnarl||LightBall|Prankster|PartingShot,FoulPlay,LightScreen,Reflect|||M|||50|,,,,,Dark]Zamazenta-Crowned||RustedShield|DauntlessShield|BodyPress,Coaching,WideGuard,Protect||||||50|,,,,,Dragon\n|showteam|p2|Groudon||ClearAmulet|Drought|HeatCrash,PrecipiceBlades,Protect,SwordsDance||||||50|,,,,,Fire]Zacian-Crowned||RustedSword|IntrepidSword|behemothblade,PlayRough,Protect,SacredSword||||||50|,,,,,Fairy]Flutter Mane||BoosterEnergy|Protosynthesis|Moonblast,ShadowBall,Protect,IcyWind||||||50|,,,,,Fairy]Walking Wake||LifeOrb|Protosynthesis|DracoMeteor,Flamethrower,HydroSteam,Protect||||||50|,,,,,Fire]Incineroar||AssaultVest|Intimidate|FakeOut,FlareBlitz,Uturn,KnockOff|||M|||50|,,,,,Ghost]Brute Bonnet||CovertCloak|Protosynthesis|RagePowder,SeedBomb,Spore,SuckerPunch||||||50|,,,,,Water\n|inactive|Battle timer is ON: inactive players will automatically lose when time's up. (requested by xSavageX2x)\n|inactive|Semiau has 60 seconds left.\n|\n|t:|1746052568\n|start\n|switch|p1a: Latios|Latios, L50, M|100/100\n|switch|p1b: Terapagos|Terapagos, L50, M|100/100\n|switch|p2a: Incineroar|Incineroar, L50, M|100/100\n|switch|p2b: Groudon|Groudon, L50, shiny|100/100\n|-activate|p1b: Terapagos|ability: Tera Shift\n|detailschange|p1b: Terapagos|Terapagos-Terastal, L50, M\n|-heal|p1b: Terapagos|100/100|[silent]\n|-weather|SunnyDay|[from] ability: Drought|[of] p2b: Groudon\n|-ability|p2a: Incineroar|Intimidate|boost\n|-unboost|p1a: Latios|atk|1\n|-unboost|p1b: Terapagos|atk|1\n|turn|1\n|inactive|xSavageX2x has 30 seconds left.\n|inactive|xSavageX2x has 20 seconds left.\n|\n|t:|1746052606\n|move|p1b: Terapagos|Protect|p1b: Terapagos\n|-singleturn|p1b: Terapagos|Protect\n|move|p1a: Latios|Tailwind|p1a: Latios\n|-sidestart|p1: Semiau|move: Tailwind\n|move|p2b: Groudon|Swords Dance|p2b: Groudon\n|-boost|p2b: Groudon|atk|2\n|move|p2a: Incineroar|Knock Off|p1b: Terapagos\n|-activate|p1b: Terapagos|move: Protect\n|\n|-weather|SunnyDay|[upkeep]\n|upkeep\n|turn|2\n|\n|t:|1746052629\n|-terastallize|p1b: Terapagos|Stellar\n|detailschange|p1b: Terapagos|Terapagos-Stellar, L50, M, tera:Stellar\n|-heal|p1b: Terapagos|100/100|[silent]\n|-ability|p1b: Terapagos|Teraform Zero\n|-weather|none\n|move|p1a: Latios|Draco Meteor|p2b: Groudon\n|-damage|p2b: Groudon|36/100\n|-unboost|p1a: Latios|spa|2\n|move|p1b: Terapagos|Tera Starstorm|p2a: Incineroar|[spread] p2a,p2b\n|-damage|p2a: Incineroar|75/100\n|-damage|p2b: Groudon|0 fnt\n|faint|p2b: Groudon\n|move|p2a: Incineroar|Knock Off|p1b: Terapagos\n|-damage|p1b: Terapagos|72/100\n|-enditem|p1b: Terapagos|Leftovers|[from] move: Knock Off|[of] p2a: Incineroar\n|\n|upkeep\n|\n|t:|1746052647\n|switch|p2b: Zacian|Zacian-Crowned, L50|100/100\n|-ability|p2b: Zacian|Intrepid Sword|boost\n|-boost|p2b: Zacian|atk|1\n|turn|3\n|\n|t:|1746052667\n|switch|p1a: Zamazenta|Zamazenta-Crowned, L50|100/100\n|-ability|p1a: Zamazenta|Dauntless Shield|boost\n|-boost|p1a: Zamazenta|def|1\n|move|p1b: Terapagos|Earth Power|p2b: Zacian\n|-supereffective|p2b: Zacian\n|-damage|p2b: Zacian|30/100\n|move|p2b: Zacian|Play Rough|p1a: Zamazenta\n|-damage|p1a: Zamazenta|67/100\n|move|p2a: Incineroar|Knock Off|p1a: Zamazenta\n|-resisted|p1a: Zamazenta\n|-damage|p1a: Zamazenta|62/100\n|\n|upkeep\n|turn|4\n|inactive|xSavageX2x has 30 seconds left.\n|inactive|xSavageX2x has 20 seconds left.\n|inactive|xSavageX2x has 15 seconds left.\n|inactive|Semiau has 30 seconds left.\n|inactive|xSavageX2x has 10 seconds left.\n|\n|t:|1746052719\n|switch|p1b: Latios|Latios, L50, M|100/100\n|-terastallize|p2a: Incineroar|Ghost\n|move|p2b: Zacian|Protect|p2b: Zacian\n|-singleturn|p2b: Zacian|Protect\n|move|p1a: Zamazenta|Body Press|p2b: Zacian\n|-activate|p2b: Zacian|move: Protect\n|move|p2a: Incineroar|U-turn|p1b: Latios\n|-supereffective|p1b: Latios\n|-damage|p1b: Latios|60/100\n|\n|t:|1746052730\n|switch|p2a: Brute Bonnet|Brute Bonnet, L50|100/100|[from] U-turn\n|\n|-sideend|p1: Semiau|move: Tailwind\n|upkeep\n|turn|5\n|\n|t:|1746052753\n|move|p2b: Zacian|Play Rough|p1b: Latios\n|-supereffective|p1b: Latios\n|-damage|p1b: Latios|0 fnt\n|faint|p1b: Latios\n|move|p1a: Zamazenta|Body Press|p2b: Zacian\n|-damage|p2b: Zacian|0 fnt\n|faint|p2b: Zacian\n|move|p2a: Brute Bonnet|Spore|p1a: Zamazenta\n|-status|p1a: Zamazenta|slp|[from] move: Spore\n|\n|upkeep\n|\n|t:|1746052761\n|switch|p2b: Incineroar|Incineroar, L50, M, tera:Ghost|75/100\n|switch|p1b: Grimmsnarl|Grimmsnarl, L50, M|100/100\n|-ability|p2b: Incineroar|Intimidate|boost\n|-unboost|p1a: Zamazenta|atk|1\n|-unboost|p1b: Grimmsnarl|atk|1\n|turn|6\n|\n|t:|1746052780\n|move|p2b: Incineroar|Fake Out|p1b: Grimmsnarl\n|-damage|p1b: Grimmsnarl|87/100\n|cant|p1b: Grimmsnarl|flinch\n|cant|p1a: Zamazenta|slp\n|move|p2a: Brute Bonnet|Spore|p1b: Grimmsnarl\n|-status|p1b: Grimmsnarl|slp|[from] move: Spore\n|\n|upkeep\n|turn|7\n|\n|t:|1746052800\n|cant|p1b: Grimmsnarl|slp\n|-curestatus|p1a: Zamazenta|slp|[msg]\n|move|p1a: Zamazenta|Body Press|p2a: Brute Bonnet\n|-supereffective|p2a: Brute Bonnet\n|-damage|p2a: Brute Bonnet|12/100\n|move|p2b: Incineroar|Flare Blitz|p1b: Grimmsnarl\n|-damage|p1b: Grimmsnarl|19/100 slp\n|-damage|p2b: Incineroar|52/100|[from] Recoil\n|move|p2a: Brute Bonnet|Seed Bomb|p1b: Grimmsnarl\n|-damage|p1b: Grimmsnarl|0 fnt\n|faint|p1b: Grimmsnarl\n|\n|upkeep\n|\n|t:|1746052802\n|switch|p1b: Terapagos|Terapagos-Stellar, L50, M, tera:Stellar|72/100\n|turn|8\n|inactive|xSavageX2x has 30 seconds left.\n|\n|t:|1746052831\n|move|p2a: Brute Bonnet|Sucker Punch|p1b: Terapagos\n|-damage|p1b: Terapagos|52/100\n|move|p1a: Zamazenta|Coaching|p1b: Terapagos\n|-boost|p1b: Terapagos|atk|1\n|-boost|p1b: Terapagos|def|1\n|move|p1b: Terapagos|Tera Starstorm|p2a: Brute Bonnet|[spread] p2a,p2b\n|-supereffective|p2b: Incineroar\n|-damage|p2a: Brute Bonnet|0 fnt\n|-damage|p2b: Incineroar|1/100\n|faint|p2a: Brute Bonnet\n|-end|p2a: Brute Bonnet|Protosynthesis|[silent]\n|move|p2b: Incineroar|Flare Blitz|p1b: Terapagos\n|-damage|p1b: Terapagos|29/100\n|-status|p1b: Terapagos|brn\n|-damage|p2b: Incineroar|0 fnt|[from] Recoil\n|faint|p2b: Incineroar\n|\n|win|Semiau\n|l|\u2606Semiau\n|player|p1|\n||xSavageX2x is ready for game 2.\n||Semiau is ready for game 2.\n|uhtml|next|Next: <a href=\"/battle-gen9vgc2025regibo3-2354284688\"><strong>Game 2 of 3</strong></a>\n", "uploadtime": 1746053098, "views": 7, "formatid": "gen9vgc2025regibo3", "rating": null, "private": 0, "password": null}