{"id": "gen9vgc2025regibo3-2354401310", "format": "[Gen 9] VGC 2025 Reg I (Bo3)", "players": ["Rai-kunvgc", "dxrodd"], "log": "|j|\u2606Rai-kunvgc\n|j|\u2606dxrodd\n|html|<table width=\"100%\"><tr><td align=\"left\">Rai-kunvgc</td><td align=\"right\">dxrodd</tr><tr><td align=\"left\"><i class=\"fa fa-circle-o\"></i> <i class=\"fa fa-circle-o\"></i> </td><td align=\"right\"><i class=\"fa fa-circle-o\"></i> <i class=\"fa fa-circle-o\"></i> </tr></table>\n|uhtml|bestof|<h2><strong>Game 1</strong> of <a href=\"/game-bestof3-gen9vgc2025regibo3-2354401308\">a best-of-3</a></h2>\n|t:|1746066846\n|gametype|doubles\n|player|p1|Rai-kunvgc|170|1122\n|player|p2|dxrodd|266|1149\n|teamsize|p1|6\n|teamsize|p2|6\n|gen|9\n|tier|[Gen 9] VGC 2025 Reg I (Bo3)\n|rated|\n|rule|Species Clause: Limit one of each Pok\u00e9mon\n|rule|Item Clause: Limit 1 of each item\n|clearpoke\n|poke|p1|Miraidon, L50|\n|poke|p1|Groudon, L50|\n|poke|p1|Whimsicott, L50, F|\n|poke|p1|Iron Hands, L50|\n|poke|p1|Flutter Mane, L50|\n|poke|p1|Ogerpon-Cornerstone, L50, F|\n|poke|p2|Solgaleo, L50|\n|poke|p2|Groudon, L50|\n|poke|p2|Indeedee-F, L50, F|\n|poke|p2|Brute Bonnet, L50|\n|poke|p2|Oranguru, L50, F|\n|poke|p2|Chi-Yu, L50|\n|teampreview|4\n|showteam|p1|Miraidon||ChoiceSpecs|HadronEngine|Discharge,VoltSwitch,DracoMeteor,DazzlingGleam||||||50|,,,,,Fairy]Groudon||ClearAmulet|Drought|PrecipiceBlades,RockSlide,HeatCrash,Protect||||||50|,,,,,Fire]Whimsicott||CovertCloak|Chlorophyll|Encore,Tailwind,Moonblast,LightScreen|||F|||50|,,,,,Steel]Iron Hands||AssaultVest|QuarkDrive|DrainPunch,LowKick,WildCharge,FakeOut||||||50|,,,,,Fighting]Flutter Mane||FocusSash|Protosynthesis|IcyWind,Moonblast,ShadowBall,Protect||||||50|,,,,,Normal]Ogerpon-Cornerstone||CornerstoneMask|Sturdy|FollowMe,SpikyShield,IvyCudgel,WoodHammer|||F|||50|,,,,,Rock\n|showteam|p2|Solgaleo||AssaultVest|FullMetalBody|PsychicFangs,SunsteelStrike,KnockOff,FlareBlitz||||||50|,,,,,Fire]Groudon||ClearAmulet|Drought|PrecipiceBlades,Protect,SwordsDance,HeatCrash||||||50|,,,,,Grass]Indeedee-F||PsychicSeed|PsychicSurge|HelpingHand,TrickRoom,FollowMe,Psychic|||F|||50|,,,,,Fairy]Brute Bonnet||RoomService|Protosynthesis|Spore,RagePowder,SuckerPunch,SeedBomb||||||50|,,,,,Water]Oranguru||SafetyGoggles|InnerFocus|TrickRoom,Instruct,Protect,TeraBlast|||F|||50|,,,,,Fairy]Chi-Yu||ChoiceSpecs|BeadsofRuin|HeatWave,Overheat,DarkPulse,Snarl||||||50|,,,,,Ghost\n|\n|t:|1746066880\n|start\n|switch|p1a: Ogerpon|Ogerpon-Cornerstone, L50, F|100/100\n|switch|p1b: Flutter Mane|Flutter Mane, L50|100/100\n|switch|p2a: Groudon|Groudon, L50|100/100\n|switch|p2b: Indeedee|Indeedee-F, L50, F|100/100\n|-fieldstart|move: Psychic Terrain|[from] ability: Psychic Surge|[of] p2b: Indeedee\n|-enditem|p2b: Indeedee|Psychic Seed\n|-boost|p2b: Indeedee|spd|1|[from] item: Psychic Seed\n|-weather|SunnyDay|[from] ability: Drought|[of] p2a: Groudon\n|-activate|p1b: Flutter Mane|ability: Protosynthesis\n|-start|p1b: Flutter Mane|protosynthesisspe\n|turn|1\n|inactive|Battle timer is ON: inactive players will automatically lose when time's up. (requested by dxrodd)\n|inactive|Rai-kunvgc has 60 seconds left.\n|\n|t:|1746066920\n|-terastallize|p2a: Groudon|Grass\n|move|p1b: Flutter Mane|Moonblast|p2b: Indeedee\n|-damage|p2b: Indeedee|68/100\n|-unboost|p2b: Indeedee|spa|1\n|move|p1a: Ogerpon|Ivy Cudgel|p2b: Indeedee|[anim] Ivy Cudgel Rock\n|-crit|p2b: Indeedee\n|-damage|p2b: Indeedee|0 fnt\n|faint|p2b: Indeedee\n|move|p2a: Groudon|Swords Dance|p2a: Groudon\n|-boost|p2a: Groudon|atk|2\n|\n|-weather|SunnyDay|[upkeep]\n|upkeep\n|\n|t:|1746066933\n|switch|p2b: Oranguru|Oranguru, L50, F|100/100\n|turn|2\n|\n|t:|1746066956\n|move|p1b: Flutter Mane|Moonblast|p2b: Oranguru\n|-damage|p2b: Oranguru|60/100\n|move|p1a: Ogerpon|Ivy Cudgel|p2b: Oranguru|[anim] Ivy Cudgel Rock\n|-damage|p2b: Oranguru|13/100\n|move|p2a: Groudon|Precipice Blades|p1b: Flutter Mane|[spread] p1a,p1b\n|-ability|p1a: Ogerpon|Sturdy\n|-damage|p1a: Ogerpon|1/100\n|-enditem|p1b: Flutter Mane|Focus Sash\n|-damage|p1b: Flutter Mane|1/100\n|move|p2b: Oranguru|Trick Room|p2b: Oranguru\n|-fieldstart|move: Trick Room|[of] p2b: Oranguru\n|\n|-weather|SunnyDay|[upkeep]\n|upkeep\n|turn|3\n|\n|t:|1746066976\n|move|p1a: Ogerpon|Spiky Shield|p1a: Ogerpon\n|-singleturn|p1a: Ogerpon|move: Protect\n|move|p1b: Flutter Mane|Protect|p1b: Flutter Mane\n|-singleturn|p1b: Flutter Mane|Protect\n|move|p2b: Oranguru|Instruct|p2a: Groudon\n|-singleturn|p2a: Groudon|move: Instruct|[of] p2b: Oranguru\n|move|p2a: Groudon|Precipice Blades|p1a: Ogerpon|[spread] \n|-activate|p1a: Ogerpon|move: Protect\n|-activate|p1b: Flutter Mane|move: Protect\n|move|p2a: Groudon|Precipice Blades|p1a: Ogerpon|[spread] \n|-activate|p1a: Ogerpon|move: Protect\n|-activate|p1b: Flutter Mane|move: Protect\n|\n|-weather|SunnyDay|[upkeep]\n|upkeep\n|turn|4\n|\n|t:|1746066997\n|move|p1a: Ogerpon|Spiky Shield||[still]\n|-fail|p1a: Ogerpon\n|move|p1b: Flutter Mane|Protect||[still]\n|-fail|p1b: Flutter Mane\n|move|p2b: Oranguru|Instruct|p2a: Groudon\n|-singleturn|p2a: Groudon|move: Instruct|[of] p2b: Oranguru\n|move|p2a: Groudon|Precipice Blades|p1b: Flutter Mane|[spread] p1a,p1b\n|-damage|p1a: Ogerpon|0 fnt\n|-damage|p1b: Flutter Mane|0 fnt\n|faint|p1a: Ogerpon\n|faint|p1b: Flutter Mane\n|-end|p1b: Flutter Mane|Protosynthesis|[silent]\n|move|p2a: Groudon|Precipice Blades|p1: Ogerpon|[notarget]\n|-fail|p2a: Groudon\n|\n|-weather|SunnyDay|[upkeep]\n|upkeep\n|\n|t:|1746067012\n|switch|p1a: Miraidon|Miraidon, L50|100/100\n|switch|p1b: Groudon|Groudon, L50|100/100\n|-fieldstart|move: Electric Terrain|[from] ability: Hadron Engine|[of] p1a: Miraidon\n|turn|5\n|\n|t:|1746067034\n|-terastallize|p1a: Miraidon|Fairy\n|move|p2b: Oranguru|Instruct|p2a: Groudon\n|-singleturn|p2a: Groudon|move: Instruct|[of] p2b: Oranguru\n|move|p2a: Groudon|Precipice Blades|p1b: Groudon|[spread] p1a,p1b\n|-damage|p1a: Miraidon|0 fnt\n|-damage|p1b: Groudon|34/100\n|faint|p1a: Miraidon\n|move|p2a: Groudon|Precipice Blades|p1b: Groudon\n|-crit|p1b: Groudon\n|-damage|p1b: Groudon|0 fnt\n|faint|p1b: Groudon\n|\n|win|dxrodd\n||Rai-kunvgc is ready for game 2.\n|inactive|dxrodd has 30 seconds to confirm battle start!\n||dxrodd is ready for game 2.\n|uhtml|next|Next: <a href=\"/battle-gen9vgc2025regibo3-2354402904\"><strong>Game 2 of 3</strong></a>\n|l|\u2606dxrodd\n|player|p2|\n", "uploadtime": 1746067441, "views": 7, "formatid": "gen9vgc2025regibo3", "rating": null, "private": 0, "password": null}