{"id": "gen9vgc2025regibo3-2353314448", "format": "[Gen 9] VGC 2025 Reg I (Bo3)", "players": ["Pxxcy", "Applepi_5_10"], "log": "|j|\u2606Pxxcy\n|j|\u2606Applepi_5_10\n|html|<table width=\"100%\"><tr><td align=\"left\">Pxxcy</td><td align=\"right\">Applepi_5_10</tr><tr><td align=\"left\"><i class=\"fa fa-circle\"></i> <i class=\"fa fa-circle-o\"></i> </td><td align=\"right\"><i class=\"fa fa-circle-o\"></i> <i class=\"fa fa-circle\"></i> </tr></table>\n|uhtml|bestof|<h2><strong>Game 3</strong> of <a href=\"/game-bestof3-gen9vgc2025regibo3-2353308190\">a best-of-3</a></h2>\n|t:|1745945660\n|gametype|doubles\n|player|p1|Pxxcy|265|1108\n|player|p2|Applepi_5_10|170|1083\n|teamsize|p1|6\n|teamsize|p2|6\n|gen|9\n|tier|[Gen 9] VGC 2025 Reg I (Bo3)\n|rated|\n|rule|Species Clause: Limit one of each Pok\u00e9mon\n|rule|Item Clause: Limit 1 of each item\n|clearpoke\n|poke|p1|Zacian-*, L50|\n|poke|p1|Koraidon, L50|\n|poke|p1|Walking Wake, L50|\n|poke|p1|Chien-Pao, L50|\n|poke|p1|Ogerpon-Cornerstone, L50, F|\n|poke|p1|Thundurus, L50, M|\n|poke|p2|Flutter Mane, L50|\n|poke|p2|Ogerpon-Cornerstone, L50, F|\n|poke|p2|Chi-Yu, L50|\n|poke|p2|Koraidon, L50|\n|poke|p2|Lunala, L50|\n|poke|p2|Indeedee-F, L50, F|\n|teampreview|4\n|showteam|p1|Zacian-Crowned||RustedSword|IntrepidSword|behemothblade,PlayRough,Substitute,Protect||||||50|,,,,,Normal]Koraidon||ClearAmulet|OrichalcumPulse|FlareBlitz,CollisionCourse,ScaleShot,Protect||||||50|,,,,,Fire]Walking Wake||LifeOrb|Protosynthesis|HydroSteam,DracoMeteor,Snarl,Protect||||||50|,,,,,Water]Chien-Pao||FocusSash|SwordofRuin|IcicleCrash,Crunch,SuckerPunch,Protect||||||50|,,,,,Stellar]Ogerpon-Cornerstone||CornerstoneMask|Sturdy|IvyCudgel,PowerWhip,FollowMe,SpikyShield|||F|||50|,,,,,Rock]Thundurus||SitrusBerry|Prankster|WildboltStorm,ThunderWave,EerieImpulse,Leer|||M|||50|,,,,,Steel\n|showteam|p2|Flutter Mane||FocusSash|Protosynthesis|Protect,Moonblast,ShadowBall,IcyWind||||||50|,,,,,Normal]Ogerpon-Cornerstone||CornerstoneMask|Sturdy|IvyCudgel,PowerWhip,SpikyShield,FollowMe|||F|||50|,,,,,Rock]Chi-Yu||ChoiceScarf|BeadsofRuin|HeatWave,DarkPulse,Snarl,Overheat||||||50|,,,,,Fire]Koraidon||LifeOrb|OrichalcumPulse|CloseCombat,FlareBlitz,Protect,FlameCharge||||||50|,,,,,Fire]Lunala||PowerHerb|ShadowShield|Protect,MeteorBeam,ExpandingForce,MoongeistBeam||||||50|,,,,,Water]Indeedee-F||RockyHelmet|PsychicSurge|FollowMe,HelpingHand,ShadowBall,TrickRoom|||F|||50|,,,,,Water\n|inactive|Battle timer is ON: inactive players will automatically lose when time's up. (requested by Applepi_5_10)\n|\n|t:|1745945689\n|start\n|switch|p1a: Walking Wake|Walking Wake, L50|100/100\n|switch|p1b: Koraidon|Koraidon, L50|100/100\n|switch|p2a: Armin|Flutter Mane, L50|100/100\n|switch|p2b: Chi-Yu|Chi-Yu, L50|100/100\n|-ability|p2b: Chi-Yu|Beads of Ruin\n|-weather|SunnyDay|[from] ability: Orichalcum Pulse|[of] p1b: Koraidon\n|-activate|p2a: Armin|ability: Protosynthesis\n|-start|p2a: Armin|protosynthesisspe\n|-activate|p1a: Walking Wake|ability: Protosynthesis\n|-start|p1a: Walking Wake|protosynthesisspe\n|-activate|p1b: Koraidon|Orichalcum Pulse|[source]\n|turn|1\n|inactive|Applepi_5_10 has 30 seconds left.\n|\n|t:|1745945717\n|-terastallize|p1b: Koraidon|Fire\n|move|p1a: Walking Wake|Protect|p1a: Walking Wake\n|-singleturn|p1a: Walking Wake|Protect\n|move|p2a: Armin|Icy Wind|p1b: Koraidon|[spread] p1b\n|-activate|p1a: Walking Wake|move: Protect\n|-resisted|p1b: Koraidon\n|-damage|p1b: Koraidon|93/100\n|move|p2b: Chi-Yu|Dark Pulse|p1b: Koraidon\n|-damage|p1b: Koraidon|45/100\n|move|p1b: Koraidon|Scale Shot|p2b: Chi-Yu\n|-damage|p2b: Chi-Yu|71/100\n|-damage|p2b: Chi-Yu|40/100\n|-damage|p2b: Chi-Yu|10/100\n|-hitcount|p2b: Chi-Yu|3\n|-unboost|p1b: Koraidon|def|1\n|-boost|p1b: Koraidon|spe|1\n|\n|-weather|SunnyDay|[upkeep]\n|upkeep\n|turn|2\n|\n|t:|1745945742\n|move|p2a: Armin|Icy Wind|p1a: Walking Wake|[spread] p1a,p1b\n|-resisted|p1b: Koraidon\n|-damage|p1a: Walking Wake|75/100\n|-damage|p1b: Koraidon|36/100\n|-unboost|p1a: Walking Wake|spe|1\n|move|p2b: Chi-Yu|Dark Pulse|p1b: Koraidon\n|-damage|p1b: Koraidon|0 fnt\n|faint|p1b: Koraidon\n|move|p1a: Walking Wake|Snarl|p2b: Chi-Yu|[spread] p2a,p2b\n|-resisted|p2b: Chi-Yu\n|-damage|p2a: Armin|75/100\n|-damage|p2b: Chi-Yu|0 fnt\n|-unboost|p2a: Armin|spa|1\n|faint|p2b: Chi-Yu\n|-damage|p1a: Walking Wake|66/100|[from] item: Life Orb\n|\n|-weather|SunnyDay|[upkeep]\n|upkeep\n|\n|t:|1745945758\n|switch|p2b: Indeedee|Indeedee-F, L50, F|100/100\n|switch|p1b: Ogerpon|Ogerpon-Cornerstone, L50, F|100/100\n|-fieldstart|move: Psychic Terrain|[from] ability: Psychic Surge|[of] p2b: Indeedee\n|turn|3\n|\n|t:|1745945783\n|move|p1b: Ogerpon|Follow Me|p1b: Ogerpon\n|-singleturn|p1b: Ogerpon|move: Follow Me\n|move|p2b: Indeedee|Follow Me|p2b: Indeedee\n|-singleturn|p2b: Indeedee|move: Follow Me\n|move|p2a: Armin|Icy Wind|p1b: Ogerpon|[spread] p1a,p1b\n|-supereffective|p1b: Ogerpon\n|-damage|p1a: Walking Wake|55/100\n|-damage|p1b: Ogerpon|79/100\n|-unboost|p1a: Walking Wake|spe|1\n|-unboost|p1b: Ogerpon|spe|1\n|move|p1a: Walking Wake|Snarl|p2b: Indeedee|[spread] p2a,p2b\n|-supereffective|p2b: Indeedee\n|-damage|p2a: Armin|54/100\n|-damage|p2b: Indeedee|67/100\n|-unboost|p2a: Armin|spa|1\n|-unboost|p2b: Indeedee|spa|1\n|-damage|p1a: Walking Wake|45/100|[from] item: Life Orb\n|\n|-weather|SunnyDay|[upkeep]\n|upkeep\n|turn|4\n|\n|t:|1745945799\n|move|p2b: Indeedee|Helping Hand|p2a: Armin\n|-singleturn|p2a: Armin|Helping Hand|[of] p2b: Indeedee\n|move|p1b: Ogerpon|Follow Me|p1b: Ogerpon\n|-singleturn|p1b: Ogerpon|move: Follow Me\n|move|p2a: Armin|Moonblast|p1b: Ogerpon\n|-damage|p1b: Ogerpon|30/100\n|move|p1a: Walking Wake|Snarl|p2b: Indeedee|[spread] p2a,p2b\n|-supereffective|p2b: Indeedee\n|-damage|p2a: Armin|34/100\n|-damage|p2b: Indeedee|34/100\n|-unboost|p2a: Armin|spa|1\n|-unboost|p2b: Indeedee|spa|1\n|-damage|p1a: Walking Wake|35/100|[from] item: Life Orb\n|\n|-weather|SunnyDay|[upkeep]\n|upkeep\n|turn|5\n|inactive|Applepi_5_10 has 30 seconds left.\n|inactive|Applepi_5_10 has 20 seconds left.\n|\n|t:|1745945838\n|move|p2b: Indeedee|Helping Hand|p2a: Armin\n|-singleturn|p2a: Armin|Helping Hand|[of] p2b: Indeedee\n|move|p1b: Ogerpon|Follow Me|p1b: Ogerpon\n|-singleturn|p1b: Ogerpon|move: Follow Me\n|move|p2a: Armin|Moonblast|p1b: Ogerpon\n|-damage|p1b: Ogerpon|0 fnt\n|faint|p1b: Ogerpon\n|move|p1a: Walking Wake|Snarl|p2a: Armin|[spread] p2a,p2b\n|-supereffective|p2b: Indeedee\n|-damage|p2a: Armin|15/100\n|-damage|p2b: Indeedee|0 fnt\n|-unboost|p2a: Armin|spa|1\n|faint|p2b: Indeedee\n|-damage|p1a: Walking Wake|26/100|[from] item: Life Orb\n|\n|-weather|none\n|-end|p2a: Armin|Protosynthesis\n|-end|p1a: Walking Wake|Protosynthesis\n|upkeep\n|\n|t:|1745945852\n|switch|p1b: Zacian|Zacian-Crowned, L50|100/100\n|switch|p2b: Lunala|Lunala, L50|100/100\n|-ability|p1b: Zacian|Intrepid Sword|boost\n|-boost|p1b: Zacian|atk|1\n|turn|6\n|\n|t:|1745945870\n|-terastallize|p2b: Lunala|Water\n|move|p1b: Zacian|Play Rough|p2b: Lunala\n|-damage|p2b: Lunala|65/100\n|move|p2a: Armin|Icy Wind|p1a: Walking Wake|[spread] p1a,p1b\n|-crit|p1a: Walking Wake\n|-resisted|p1b: Zacian\n|-damage|p1a: Walking Wake|0 fnt\n|-damage|p1b: Zacian|99/100\n|-unboost|p1b: Zacian|spe|1\n|faint|p1a: Walking Wake\n|-end|p1a: Walking Wake|Protosynthesis|[silent]\n|move|p2b: Lunala|Expanding Force|p1b: Zacian\n|-resisted|p1b: Zacian\n|-damage|p1b: Zacian|60/100\n|\n|upkeep\n|turn|7\n|inactive|Applepi_5_10 has 30 seconds left.\n|\n|t:|1745945901\n|move|p2a: Armin|Shadow Ball|p1b: Zacian\n|-damage|p1b: Zacian|48/100\n|-unboost|p1b: Zacian|spd|1\n|move|p2b: Lunala|Moongeist Beam|p1b: Zacian\n|-damage|p1b: Zacian|0 fnt\n|faint|p1b: Zacian\n|\n|win|Applepi_5_10\n|raw|Pxxcy's rating: 1108 &rarr; <strong>1081</strong><br />(-27 for losing)\n|raw|Applepi_5_10's rating: 1083 &rarr; <strong>1113</strong><br />(+30 for winning)\n|l|\u2606Pxxcy\n|player|p1|\n|c|\u2606Applepi_5_10|gg\n", "uploadtime": 1745946024, "views": 6, "formatid": "gen9vgc2025regibo3", "rating": 1081, "private": 0, "password": null}