{"id": "gen9vgc2025regibo3-2354917279", "format": "[Gen 9] VGC 2025 Reg I (Bo3)", "players": ["goat pincurchin", "Samueljacksonheehe"], "log": "|j|\u2606goat pincurchin\n|j|\u2606Samueljacksonheehe\n|html|<table width=\"100%\"><tr><td align=\"left\">goat pincurchin</td><td align=\"right\">Samueljacksonheehe</tr><tr><td align=\"left\"><i class=\"fa fa-circle-o\"></i> <i class=\"fa fa-circle-o\"></i> </td><td align=\"right\"><i class=\"fa fa-circle-o\"></i> <i class=\"fa fa-circle-o\"></i> </tr></table>\n|uhtml|bestof|<h2><strong>Game 1</strong> of <a href=\"/game-bestof3-gen9vgc2025regibo3-2354917277\">a best-of-3</a></h2>\n|t:|1746131538\n|gametype|doubles\n|player|p1|goat pincurchin|leon-masters|1319\n|player|p2|Samueljacksonheehe|169|1388\n|teamsize|p1|6\n|teamsize|p2|6\n|gen|9\n|tier|[Gen 9] VGC 2025 Reg I (Bo3)\n|rated|\n|rule|Species Clause: Limit one of each Pok\u00e9mon\n|rule|Item Clause: Limit 1 of each item\n|clearpoke\n|poke|p1|Kyogre, L50|\n|poke|p1|Rillaboom, L50, M|\n|poke|p1|Tornadus, L50, M|\n|poke|p1|Urshifu-*, L50, M|\n|poke|p1|Chien-Pao, L50|\n|poke|p1|Zacian-*, L50|\n|poke|p2|Miraidon, L50|\n|poke|p2|Groudon, L50|\n|poke|p2|Iron Hands, L50|\n|poke|p2|Sableye, L50, F|\n|poke|p2|Urshifu-*, L50, M|\n|poke|p2|Farigiraf, L50, F|\n|teampreview|4\n|showteam|p1|Kyogre||MysticWater|Drizzle|WaterSpout,OriginPulse,IceBeam,Protect||||||50|,,,,,Grass]Rillaboom||AssaultVest|GrassySurge|FakeOut,GrassyGlide,WoodHammer,Uturn|||M|||50|,,,,,Fire]Tornadus||CovertCloak|Prankster|Hurricane,RainDance,Tailwind,Taunt|||M|||50|,,,,,Dark]Urshifu-Rapid-Strike||ChoiceScarf|UnseenFist|SurgingStrikes,AquaJet,CloseCombat,Uturn|||M|||50|,,,,,Water]Chien-Pao||FocusSash|SwordofRuin|SuckerPunch,IcicleCrash,Protect,Crunch||||||50|,,,,,Ghost]Zacian-Crowned||RustedSword|IntrepidSword|behemothblade,PlayRough,Protect,TeraBlast||||||50|,,,,,Ground\n|showteam|p2|Miraidon||ChoiceSpecs|HadronEngine|ElectroDrift,DracoMeteor,VoltSwitch,DazzlingGleam||||||50|,,,,,Fairy]Groudon||LifeOrb|Drought|PrecipiceBlades,HeatCrash,ThunderPunch,Protect||||||50|,,,,,Fire]Iron Hands||AssaultVest|QuarkDrive|FakeOut,LowKick,DrainPunch,HeavySlam||||||50|,,,,,Water]Sableye||LaggingTail|Prankster|Feint,Gravity,HelpingHand,Trick|||F|||50|,,,,,Steel]Urshifu||FocusSash|UnseenFist|WickedBlow,CloseCombat,SuckerPunch,Detect|||M|||50|,,,,,Dark]Farigiraf||ElectricSeed|ArmorTail|Psychic,HelpingHand,FoulPlay,TrickRoom|||F|||50|,,,,,Water\n|inactive|Battle timer is ON: inactive players will automatically lose when time's up. (requested by Samueljacksonheehe)\n|\n|t:|1746131633\n|start\n|switch|p1a: Zacian|Zacian-Crowned, L50|100/100\n|switch|p1b: Rillaboom|Rillaboom, L50, M|100/100\n|switch|p2a: Miraidon|Miraidon, L50|100/100\n|switch|p2b: Iron Hands|Iron Hands, L50|100/100\n|-ability|p1a: Zacian|Intrepid Sword|boost\n|-boost|p1a: Zacian|atk|1\n|-fieldstart|move: Electric Terrain|[from] ability: Hadron Engine|[of] p2a: Miraidon\n|-activate|p2b: Iron Hands|ability: Quark Drive\n|-start|p2b: Iron Hands|quarkdriveatk\n|-fieldstart|move: Grassy Terrain|[from] ability: Grassy Surge|[of] p1b: Rillaboom\n|-end|p2b: Iron Hands|Quark Drive\n|turn|1\n|\n|t:|1746131649\n|switch|p2a: Groudon|Groudon, L50|100/100\n|-weather|SunnyDay|[from] ability: Drought|[of] p2a: Groudon\n|move|p1b: Rillaboom|Fake Out|p2b: Iron Hands\n|-damage|p2b: Iron Hands|91/100\n|cant|p2b: Iron Hands|flinch\n|move|p1a: Zacian|Play Rough|p2a: Groudon\n|-damage|p2a: Groudon|53/100\n|\n|-weather|SunnyDay|[upkeep]\n|-heal|p2a: Groudon|59/100|[from] Grassy Terrain\n|-heal|p2b: Iron Hands|97/100|[from] Grassy Terrain\n|upkeep\n|turn|2\n|inactive|Samueljacksonheehe has 30 seconds left.\n|\n|t:|1746131676\n|-terastallize|p2a: Groudon|Fire\n|move|p1a: Zacian|Play Rough|p2b: Iron Hands|[miss]\n|-miss|p1a: Zacian|p2b: Iron Hands\n|move|p2a: Groudon|Heat Crash|p1b: Rillaboom\n|-supereffective|p1b: Rillaboom\n|-damage|p1b: Rillaboom|0 fnt\n|faint|p1b: Rillaboom\n|-damage|p2a: Groudon|50/100|[from] item: Life Orb\n|move|p2b: Iron Hands|Low Kick|p1a: Zacian\n|-damage|p1a: Zacian|32/100\n|\n|-weather|SunnyDay|[upkeep]\n|-heal|p1a: Zacian|38/100|[from] Grassy Terrain\n|-heal|p2a: Groudon|56/100|[from] Grassy Terrain\n|-heal|p2b: Iron Hands|100/100|[from] Grassy Terrain\n|upkeep\n|\n|t:|1746131682\n|switch|p1b: Kyogre|Kyogre, L50|100/100\n|-weather|RainDance|[from] ability: Drizzle|[of] p1b: Kyogre\n|turn|3\n|inactive|Samueljacksonheehe has 30 seconds left.\n|\n|t:|1746131711\n|switch|p2a: Miraidon|Miraidon, L50|100/100\n|-fieldstart|move: Electric Terrain|[from] ability: Hadron Engine|[of] p2a: Miraidon\n|-activate|p2b: Iron Hands|ability: Quark Drive\n|-start|p2b: Iron Hands|quarkdriveatk\n|move|p1a: Zacian|Play Rough|p2b: Iron Hands|[miss]\n|-miss|p1a: Zacian|p2b: Iron Hands\n|move|p1b: Kyogre|Water Spout|p2b: Iron Hands|[spread] p2a,p2b\n|-resisted|p2a: Miraidon\n|-damage|p2a: Miraidon|46/100\n|-damage|p2b: Iron Hands|44/100\n|move|p2b: Iron Hands|Low Kick|p1b: Kyogre\n|-damage|p1b: Kyogre|10/100\n|\n|-weather|RainDance|[upkeep]\n|upkeep\n|turn|4\n|inactive|Samueljacksonheehe has 30 seconds left.\n|c|\u2606goat pincurchin|God dann it\n|c|\u2606goat pincurchin|Damn*\n|inactive|Samueljacksonheehe has 20 seconds left.\n|inactive|Samueljacksonheehe has 15 seconds left.\n|inactive|Samueljacksonheehe has 10 seconds left.\n|\n|t:|1746131760\n|-end|p2b: Iron Hands|Quark Drive|[silent]\n|switch|p2b: Groudon|Groudon, L50, tera:Fire|56/100\n|-weather|SunnyDay|[from] ability: Drought|[of] p2b: Groudon\n|move|p1a: Zacian|Play Rough|p2a: Miraidon\n|-supereffective|p2a: Miraidon\n|-damage|p2a: Miraidon|0 fnt\n|faint|p2a: Miraidon\n|move|p1b: Kyogre|Origin Pulse|p2b: Groudon\n|-supereffective|p2b: Groudon\n|-damage|p2b: Groudon|0 fnt\n|faint|p2b: Groudon\n|\n|-weather|SunnyDay|[upkeep]\n|upkeep\n|\n|t:|1746131766\n|switch|p2a: Iron Hands|Iron Hands, L50|44/100\n|switch|p2b: Sableye|Sableye, L50, F|100/100\n|-activate|p2a: Iron Hands|ability: Quark Drive\n|-start|p2a: Iron Hands|quarkdriveatk\n|turn|5\n|\n|t:|1746131786\n|move|p2a: Iron Hands|Fake Out|p1a: Zacian\n|-resisted|p1a: Zacian\n|-damage|p1a: Zacian|28/100\n|move|p2b: Sableye|Trick|p1b: Kyogre\n|-activate|p2b: Sableye|move: Trick|[of] p1b: Kyogre\n|-item|p1b: Kyogre|Lagging Tail|[from] move: Trick\n|-item|p2b: Sableye|Mystic Water|[from] move: Trick\n|cant|p1a: Zacian|flinch\n|move|p1b: Kyogre|Origin Pulse|p2b: Sableye|[spread] p2a,p2b\n|-damage|p2a: Iron Hands|31/100\n|-damage|p2b: Sableye|73/100\n|\n|-weather|SunnyDay|[upkeep]\n|upkeep\n|turn|6\n|\n|t:|1746131804\n|move|p2b: Sableye|Feint|p1b: Kyogre\n|-damage|p1b: Kyogre|3/100\n|move|p1a: Zacian|Play Rough|p2a: Iron Hands\n|-supereffective|p2a: Iron Hands\n|-damage|p2a: Iron Hands|0 fnt\n|faint|p2a: Iron Hands\n|-end|p2a: Iron Hands|Quark Drive|[silent]\n|move|p1b: Kyogre|Origin Pulse|p2b: Sableye\n|-damage|p2b: Sableye|38/100\n|\n|-weather|SunnyDay|[upkeep]\n|upkeep\n|turn|7\n|\n|t:|1746131813\n|move|p2b: Sableye|Feint|p1b: Kyogre\n|-damage|p1b: Kyogre|0 fnt\n|faint|p1b: Kyogre\n|move|p1a: Zacian|Behemoth Blade|p2b: Sableye\n|-damage|p2b: Sableye|0 fnt\n|faint|p2b: Sableye\n|\n|win|goat pincurchin\n||Samueljacksonheehe is ready for game 2.\n||goat pincurchin is ready for game 2.\n|uhtml|next|Next: <a href=\"/battle-gen9vgc2025regibo3-2354920040\"><strong>Game 2 of 3</strong></a>\n|l|\u2606Samueljacksonheehe\n|player|p2|\n|l|\u2606goat pincurchin\n|player|p1|\n", "uploadtime": 1746132081, "views": 6, "formatid": "gen9vgc2025regibo3", "rating": null, "private": 0, "password": null}