{"id": "gen9vgc2025regibo3-2353348542", "format": "[Gen 9] VGC 2025 Reg I (Bo3)", "players": ["Jean CHASUBLE 1", "messi-05"], "log": "|j|\u2606Jean CHASUBLE 1\n|j|\u2606messi-05\n|html|<table width=\"100%\"><tr><td align=\"left\">Jean CHASUBLE 1</td><td align=\"right\">messi-05</tr><tr><td align=\"left\"><i class=\"fa fa-circle\"></i> <i class=\"fa fa-circle-o\"></i> </td><td align=\"right\"><i class=\"fa fa-circle-o\"></i> <i class=\"fa fa-circle-o\"></i> </tr></table>\n|uhtml|bestof|<h2><strong>Game 2</strong> of <a href=\"/game-bestof3-gen9vgc2025regibo3-2353345543\">a best-of-3</a></h2>\n|t:|1745948389\n|gametype|doubles\n|player|p1|Jean CHASUBLE 1|cheren-gen5bw2|1203\n|player|p2|messi-05|266|1201\n|teamsize|p1|6\n|teamsize|p2|6\n|gen|9\n|tier|[Gen 9] VGC 2025 Reg I (Bo3)\n|rated|\n|rule|Species Clause: Limit one of each Pok\u00e9mon\n|rule|Item Clause: Limit 1 of each item\n|clearpoke\n|poke|p1|Kyogre, L50|\n|poke|p1|Zacian-*, L50|\n|poke|p1|Tornadus, L50, M|\n|poke|p1|Landorus, L50, M|\n|poke|p1|Amoonguss, L50, M|\n|poke|p1|Urshifu-*, L50, M|\n|poke|p2|Terapagos, L50, M|\n|poke|p2|Koraidon, L50|\n|poke|p2|Incineroar, L50, M|\n|poke|p2|Rillaboom, L50, F|\n|poke|p2|Ogerpon-Cornerstone, L50, F|\n|poke|p2|Flutter Mane, L50|\n|teampreview|4\n|showteam|p1|Kyogre||AssaultVest|Drizzle|Thunder,WaterSpout,IceBeam,HydroPump||||||50|,,,,,Grass]Zacian-Crowned||RustedSword|IntrepidSword|Protect,PlayRough,behemothblade,SacredSword||||||50|,,,,,Fairy]Tornadus||CovertCloak|Prankster|Tailwind,Taunt,BleakwindStorm,RainDance|||M|||50|,,,,,Dark]Landorus||LifeOrb|SheerForce|EarthPower,SandsearStorm,SludgeBomb,Protect|||M|||50|,,,,,Poison]Amoonguss||RockyHelmet|Regenerator|Spore,PollenPuff,Protect,RagePowder|||M|||50|,,,,,Water]Urshifu-Rapid-Strike||ChoiceScarf|UnseenFist|SurgingStrikes,Uturn,AquaJet,CloseCombat|||M|||50|,,,,,Water\n|showteam|p2|Terapagos||Leftovers|TeraShift|TeraStarstorm,CalmMind,Substitute,Protect|||M|||50|,,,,,Stellar]Koraidon||LifeOrb|OrichalcumPulse|FlareBlitz,CloseCombat,FlameCharge,Protect||||||50|,,,,,Fire]Incineroar||RockyHelmet|Intimidate|KnockOff,PartingShot,WillOWisp,FakeOut|||M|||50|,,,,,Water]Rillaboom||AssaultVest|GrassySurge|WoodHammer,GrassyGlide,Uturn,FakeOut|||F|||50|,,,,,Water]Ogerpon-Cornerstone||CornerstoneMask|Sturdy|IvyCudgel,GrassyGlide,FollowMe,SpikyShield|||F|||50|,,,,,Rock]Flutter Mane||ChoiceSpecs|Protosynthesis|Moonblast,DazzlingGleam,ShadowBall,IcyWind||||||50|,,,,,Fairy\n|inactive|Battle timer is ON: inactive players will automatically lose when time's up. (requested by messi-05)\n|inactive|Jean CHASUBLE 1 has 60 seconds left.\n|\n|t:|1745948439\n|start\n|switch|p1a: Tornadus|Tornadus, L50, M|100/100\n|switch|p1b: Zacian|Zacian-Crowned, L50|100/100\n|switch|p2a: Rillaboom|Rillaboom, L50, F|100/100\n|switch|p2b: Ogerpon|Ogerpon-Cornerstone, L50, F|100/100\n|-ability|p1b: Zacian|Intrepid Sword|boost\n|-boost|p1b: Zacian|atk|1\n|-fieldstart|move: Grassy Terrain|[from] ability: Grassy Surge|[of] p2a: Rillaboom\n|turn|1\n|inactive|Jean CHASUBLE 1 has 30 seconds left.\n|inactive|messi-05 has 30 seconds left.\n|inactive|messi-05 has 20 seconds left.\n|inactive|messi-05 has 15 seconds left.\n|inactive|messi-05 has 10 seconds left.\n|\n|t:|1745948488\n|-terastallize|p1a: Tornadus|Dark\n|move|p2b: Ogerpon|Spiky Shield|p2b: Ogerpon\n|-singleturn|p2b: Ogerpon|move: Protect\n|move|p1b: Zacian|Behemoth Blade|p2b: Ogerpon\n|-activate|p2b: Ogerpon|move: Protect\n|-damage|p1b: Zacian|88/100|[from] Spiky Shield|[of] p2b: Ogerpon\n|move|p1a: Tornadus|Bleakwind Storm|p2b: Ogerpon|[spread] p2a\n|-activate|p2b: Ogerpon|move: Protect\n|-supereffective|p2a: Rillaboom\n|-damage|p2a: Rillaboom|56/100\n|-unboost|p2a: Rillaboom|spe|1\n|move|p2a: Rillaboom|Wood Hammer|p1a: Tornadus\n|-damage|p1a: Tornadus|21/100\n|-damage|p2a: Rillaboom|32/100|[from] Recoil\n|\n|-heal|p1b: Zacian|94/100|[from] Grassy Terrain\n|-heal|p1a: Tornadus|27/100|[from] Grassy Terrain\n|-heal|p2a: Rillaboom|38/100|[from] Grassy Terrain\n|upkeep\n|turn|2\n|inactive|Jean CHASUBLE 1 has 30 seconds left.\n|inactive|messi-05 has 30 seconds left.\n|inactive|Jean CHASUBLE 1 has 20 seconds left.\n|inactive|messi-05 has 20 seconds left.\n|inactive|messi-05 has 15 seconds left.\n|inactive|messi-05 has 10 seconds left.\n|\n|t:|1745948538\n|switch|p1a: Landorus|Landorus, L50, M|100/100\n|move|p2b: Ogerpon|Grassy Glide|p1a: Landorus\n|-damage|p1a: Landorus|56/100\n|move|p2a: Rillaboom|Grassy Glide|p1a: Landorus\n|-damage|p1a: Landorus|12/100\n|move|p1b: Zacian|Play Rough|p2a: Rillaboom\n|-damage|p2a: Rillaboom|0 fnt\n|faint|p2a: Rillaboom\n|\n|-heal|p1b: Zacian|100/100|[from] Grassy Terrain\n|upkeep\n|\n|t:|1745948552\n|switch|p2a: Terapagos|Terapagos, L50, M|100/100\n|-activate|p2a: Terapagos|ability: Tera Shift\n|detailschange|p2a: Terapagos|Terapagos-Terastal, L50, M\n|-heal|p2a: Terapagos|100/100|[silent]\n|turn|3\n|\n|t:|1745948567\n|move|p1a: Landorus|Protect|p1a: Landorus\n|-singleturn|p1a: Landorus|Protect\n|move|p2b: Ogerpon|Grassy Glide|p1a: Landorus\n|-activate|p1a: Landorus|move: Protect\n|move|p1b: Zacian|Behemoth Blade|p2b: Ogerpon\n|-supereffective|p2b: Ogerpon\n|-ability|p2b: Ogerpon|Sturdy\n|-damage|p2b: Ogerpon|1/100\n|move|p2a: Terapagos|Calm Mind|p2a: Terapagos\n|-boost|p2a: Terapagos|spa|1\n|-boost|p2a: Terapagos|spd|1\n|\n|-heal|p2b: Ogerpon|7/100|[from] Grassy Terrain\n|upkeep\n|turn|4\n|inactive|Jean CHASUBLE 1 has 30 seconds left.\n|inactive|Jean CHASUBLE 1 has 20 seconds left.\n|\n|t:|1745948604\n|move|p2b: Ogerpon|Grassy Glide|p1a: Landorus\n|-damage|p1a: Landorus|0 fnt\n|faint|p1a: Landorus\n|move|p1b: Zacian|Behemoth Blade|p2a: Terapagos\n|-activate|p2a: Terapagos|ability: Tera Shell\n|-resisted|p2a: Terapagos\n|-damage|p2a: Terapagos|64/100\n|move|p2a: Terapagos|Tera Starstorm|p1b: Zacian\n|-resisted|p1b: Zacian\n|-damage|p1b: Zacian|59/100\n|\n|-heal|p1b: Zacian|65/100|[from] Grassy Terrain\n|-heal|p2b: Ogerpon|13/100|[from] Grassy Terrain\n|-heal|p2a: Terapagos|70/100|[from] Grassy Terrain\n|-heal|p2a: Terapagos|77/100|[from] item: Leftovers\n|upkeep\n|\n|t:|1745948618\n|switch|p1a: Urshifu|Urshifu-Rapid-Strike, L50, M|100/100\n|turn|5\n|inactive|messi-05 has 30 seconds left.\n|inactive|messi-05 has 20 seconds left.\n|inactive|messi-05 has 15 seconds left.\n|\n|t:|1745948659\n|move|p2b: Ogerpon|Grassy Glide|p1a: Urshifu\n|-supereffective|p1a: Urshifu\n|-damage|p1a: Urshifu|22/100\n|move|p1a: Urshifu|Close Combat|p2a: Terapagos\n|-supereffective|p2a: Terapagos\n|-damage|p2a: Terapagos|0 fnt\n|-unboost|p1a: Urshifu|def|1\n|-unboost|p1a: Urshifu|spd|1\n|faint|p2a: Terapagos\n|move|p1b: Zacian|Behemoth Blade|p2b: Ogerpon\n|-supereffective|p2b: Ogerpon\n|-damage|p2b: Ogerpon|0 fnt\n|faint|p2b: Ogerpon\n|\n|-heal|p1a: Urshifu|28/100|[from] Grassy Terrain\n|-heal|p1b: Zacian|72/100|[from] Grassy Terrain\n|-fieldend|move: Grassy Terrain\n|upkeep\n|\n|t:|1745948669\n|switch|p2b: Koraidon|Koraidon, L50|100/100\n|-weather|SunnyDay|[from] ability: Orichalcum Pulse|[of] p2b: Koraidon\n|-activate|p2b: Koraidon|Orichalcum Pulse|[source]\n|turn|6\n|inactive|messi-05 has 30 seconds left.\n|\n|t:|1745948708\n|-terastallize|p2b: Koraidon|Fire\n|move|p1b: Zacian|Protect|p1b: Zacian\n|-singleturn|p1b: Zacian|Protect\n|move|p1a: Urshifu|Close Combat|p2b: Koraidon\n|-crit|p2b: Koraidon\n|-damage|p2b: Koraidon|5/100\n|-unboost|p1a: Urshifu|def|1\n|-unboost|p1a: Urshifu|spd|1\n|move|p2b: Koraidon|Flame Charge|p1a: Urshifu\n|-resisted|p1a: Urshifu\n|-damage|p1a: Urshifu|0 fnt\n|-boost|p2b: Koraidon|spe|1\n|faint|p1a: Urshifu\n|-damage|p2b: Koraidon|0 fnt|[from] item: Life Orb\n|faint|p2b: Koraidon\n|\n|win|Jean CHASUBLE 1\n|raw|Jean CHASUBLE 1's rating: 1203 &rarr; <strong>1228</strong><br />(+25 for winning)\n|raw|messi-05's rating: 1201 &rarr; <strong>1176</strong><br />(-25 for losing)\n", "uploadtime": 1745948736, "views": 18, "formatid": "gen9vgc2025regibo3", "rating": 1176, "private": 0, "password": null}