{"id": "gen9vgc2025regibo3-2354400856", "format": "[Gen 9] VGC 2025 Reg I (Bo3)", "players": ["Bdogplatinum", "MolluskVGC"], "log": "|j|\u2606Bdogplatinum\n|j|\u2606MolluskVGC\n|html|<table width=\"100%\"><tr><td align=\"left\">Bdogplatinum</td><td align=\"right\">MolluskVGC</tr><tr><td align=\"left\"><i class=\"fa fa-circle-o\"></i> <i class=\"fa fa-circle-o\"></i> </td><td align=\"right\"><i class=\"fa fa-circle-o\"></i> <i class=\"fa fa-circle-o\"></i> </tr></table>\n|uhtml|bestof|<h2><strong>Game 1</strong> of <a href=\"/game-bestof3-gen9vgc2025regibo3-2354400855\">a best-of-3</a></h2>\n|t:|1746066791\n|gametype|doubles\n|player|p1|Bdogplatinum|101|\n|player|p2|MolluskVGC|hiker-gen4|\n|teamsize|p1|6\n|teamsize|p2|6\n|gen|9\n|tier|[Gen 9] VGC 2025 Reg I (Bo3)\n|rule|Species Clause: Limit one of each Pok\u00e9mon\n|rule|Item Clause: Limit 1 of each item\n|clearpoke\n|poke|p1|Necrozma-Dusk-Mane, L50|\n|poke|p1|Miraidon, L50|\n|poke|p1|Iron Moth, L50|\n|poke|p1|Grimmsnarl, L50, M|\n|poke|p1|Tsareena, L50, F|\n|poke|p1|Iron Hands, L50|\n|poke|p2|Miraidon, L50|\n|poke|p2|Ho-Oh, L50|\n|poke|p2|Iron Hands, L50|\n|poke|p2|Farigiraf, L50, F|\n|poke|p2|Grimmsnarl, L50, M|\n|poke|p2|Urshifu-*, L50, M|\n|teampreview|4\n|showteam|p1|Necrozma-Dusk-Mane||ClearAmulet|PrismArmor|Protect,TrickRoom,SunsteelStrike,PhotonGeyser||||||50|,,,,,Water]Miraidon||ChoiceSpecs|HadronEngine|DracoMeteor,ElectroDrift,DazzlingGleam,VoltSwitch||||||50|,,,,,Fairy]Iron Moth||BoosterEnergy|QuarkDrive|SludgeWave,AcidSpray,FieryDance,Protect||||||50|,,,,,Grass]Grimmsnarl||LightClay|Prankster|Reflect,LightScreen,SuckerPunch,SpiritBreak|||M|||50|,,,,,Ghost]Tsareena||WideLens|QueenlyMajesty|Protect,HelpingHand,TripleAxel,PowerWhip|||F|||50|,,,,,Ice]Iron Hands||AssaultVest|QuarkDrive|FakeOut,DrainPunch,LowKick,HeavySlam||||||50|,,,,,Bug\n|showteam|p2|Miraidon||ChoiceSpecs|HadronEngine|ElectroDrift,DracoMeteor,VoltSwitch,DazzlingGleam||||||50|,,,,,Fairy]Ho-Oh||ClearAmulet|Regenerator|Protect,BraveBird,SacredFire,Tailwind||||||50|,,,,,Grass]Iron Hands||AssaultVest|QuarkDrive|FakeOut,DrainPunch,WildCharge,LowKick||||||50|,,,,,Water]Farigiraf||ElectricSeed|ArmorTail|FoulPlay,PsychicNoise,HelpingHand,TrickRoom|||F|||50|,,,,,Water]Grimmsnarl||LightClay|Prankster|SpiritBreak,LightScreen,Reflect,SuckerPunch|||M|||50|,,,,,Ghost]Urshifu-Rapid-Strike||MysticWater|UnseenFist|Detect,SurgingStrikes,CloseCombat,AquaJet|||M|||50|,,,,,Water\n|c|\u2606Bdogplatinum|Glhf\n|c|\u2606MolluskVGC|glhf\n|\n|t:|1746066820\n|start\n|switch|p1a: Grimmsnarl|Grimmsnarl, L50, M|100/100\n|switch|p1b: Miraidon|Miraidon, L50|100/100\n|switch|p2a: Grimmsnarl|Grimmsnarl, L50, M, shiny|100/100\n|switch|p2b: Miraidon|Miraidon, L50|100/100\n|-fieldstart|move: Electric Terrain|[from] ability: Hadron Engine|[of] p2b: Miraidon\n|-activate|p1b: Miraidon|ability: Hadron Engine\n|turn|1\n|\n|t:|1746066843\n|-terastallize|p1b: Miraidon|Fairy\n|move|p1a: Grimmsnarl|Light Screen|p1a: Grimmsnarl\n|-sidestart|p1: Bdogplatinum|move: Light Screen\n|move|p2a: Grimmsnarl|Light Screen|p2a: Grimmsnarl\n|-sidestart|p2: MolluskVGC|move: Light Screen\n|move|p2b: Miraidon|Volt Switch|p1b: Miraidon\n|-damage|p1b: Miraidon|46/100\n|\n|t:|1746066850\n|switch|p2b: Ho-Oh|Ho-Oh, L50|100/100|[from] Volt Switch\n|move|p1b: Miraidon|Volt Switch|p2b: Ho-Oh\n|-supereffective|p2b: Ho-Oh\n|-damage|p2b: Ho-Oh|40/100\n|\n|t:|1746066860\n|switch|p1b: Iron Moth|Iron Moth, L50|100/100|[from] Volt Switch\n|-activate|p1b: Iron Moth|ability: Quark Drive\n|-start|p1b: Iron Moth|quarkdrivespe\n|\n|upkeep\n|turn|2\n|\n|t:|1746066875\n|move|p2a: Grimmsnarl|Reflect|p2a: Grimmsnarl\n|-sidestart|p2: MolluskVGC|Reflect\n|move|p1b: Iron Moth|Fiery Dance|p2a: Grimmsnarl\n|-damage|p2a: Grimmsnarl|75/100\n|-boost|p1b: Iron Moth|spa|1\n|move|p2b: Ho-Oh|Sacred Fire|p1a: Grimmsnarl\n|-damage|p1a: Grimmsnarl|54/100\n|move|p1a: Grimmsnarl|Spirit Break|p2a: Grimmsnarl\n|-supereffective|p2a: Grimmsnarl\n|-damage|p2a: Grimmsnarl|35/100\n|-unboost|p2a: Grimmsnarl|spa|1\n|\n|upkeep\n|turn|3\n|\n|t:|1746066893\n|move|p1a: Grimmsnarl|Sucker Punch||[still]\n|-fail|p1a: Grimmsnarl\n|move|p1b: Iron Moth|Sludge Wave|p2b: Ho-Oh|[spread] p1a,p2a,p2b\n|-supereffective|p1a: Grimmsnarl\n|-supereffective|p2a: Grimmsnarl\n|-damage|p1a: Grimmsnarl|0 fnt\n|-damage|p2a: Grimmsnarl|0 fnt\n|-damage|p2b: Ho-Oh|21/100\n|faint|p1a: Grimmsnarl\n|faint|p2a: Grimmsnarl\n|move|p2b: Ho-Oh|Tailwind|p2b: Ho-Oh\n|-sidestart|p2: MolluskVGC|move: Tailwind\n|\n|upkeep\n|\n|t:|1746066902\n|switch|p1a: Iron Hands|Iron Hands, L50|100/100\n|switch|p2a: Iron Hands|Iron Hands, L50|100/100\n|-activate|p2a: Iron Hands|ability: Quark Drive\n|-start|p2a: Iron Hands|quarkdriveatk\n|-activate|p1a: Iron Hands|ability: Quark Drive\n|-start|p1a: Iron Hands|quarkdriveatk\n|turn|4\n|\n|t:|1746066913\n|switch|p2b: Miraidon|Miraidon, L50|100/100\n|-activate|p2b: Miraidon|ability: Hadron Engine\n|move|p1a: Iron Hands|Fake Out|p2b: Miraidon\n|-damage|p2b: Miraidon|87/100\n|move|p1b: Iron Moth|Sludge Wave|p2b: Miraidon|[spread] p1a,p2a,p2b\n|-damage|p1a: Iron Hands|78/100\n|-damage|p2a: Iron Hands|82/100\n|-damage|p2b: Miraidon|57/100\n|move|p2a: Iron Hands|Low Kick|p1a: Iron Hands\n|-damage|p1a: Iron Hands|24/100\n|\n|upkeep\n|turn|5\n|\n|t:|1746066936\n|move|p1b: Iron Moth|Protect|p1b: Iron Moth\n|-singleturn|p1b: Iron Moth|Protect\n|move|p2b: Miraidon|Electro Drift|p1b: Iron Moth\n|-activate|p1b: Iron Moth|move: Protect\n|move|p2a: Iron Hands|Drain Punch|p1a: Iron Hands\n|-damage|p1a: Iron Hands|0 fnt\n|-heal|p2a: Iron Hands|95/100|[from] drain|[of] p1a: Iron Hands\n|faint|p1a: Iron Hands\n|-end|p1a: Iron Hands|Quark Drive|[silent]\n|\n|-fieldend|move: Electric Terrain\n|-end|p1b: Iron Moth|Quark Drive\n|-end|p2a: Iron Hands|Quark Drive\n|upkeep\n|-enditem|p1b: Iron Moth|Booster Energy\n|-activate|p1b: Iron Moth|ability: Quark Drive|[fromitem]\n|-start|p1b: Iron Moth|quarkdrivespa\n|\n|t:|1746066949\n|switch|p1a: Miraidon|Miraidon, L50, tera:Fairy|46/100\n|-fieldstart|move: Electric Terrain|[from] ability: Hadron Engine|[of] p1a: Miraidon\n|-activate|p2a: Iron Hands|ability: Quark Drive\n|-start|p2a: Iron Hands|quarkdriveatk\n|turn|6\n|\n|t:|1746066961\n|move|p2b: Miraidon|Electro Drift|p1b: Iron Moth\n|-damage|p1b: Iron Moth|8/100\n|move|p1b: Iron Moth|Fiery Dance|p2a: Iron Hands\n|-damage|p2a: Iron Hands|70/100\n|-boost|p1b: Iron Moth|spa|1\n|move|p1a: Miraidon|Dazzling Gleam|p2b: Miraidon|[spread] p2a,p2b\n|-supereffective|p2a: Iron Hands\n|-supereffective|p2b: Miraidon\n|-crit|p2b: Miraidon\n|-damage|p2a: Iron Hands|27/100\n|-damage|p2b: Miraidon|0 fnt\n|faint|p2b: Miraidon\n|move|p2a: Iron Hands|Wild Charge|p1a: Miraidon\n|-damage|p1a: Miraidon|0 fnt\n|faint|p1a: Miraidon\n|-damage|p2a: Iron Hands|17/100|[from] Recoil\n|\n|-sideend|p2: MolluskVGC|move: Tailwind\n|upkeep\n|\n|t:|1746066978\n|switch|p2b: Ho-Oh|Ho-Oh, L50|54/100\n|turn|7\n|\n|t:|1746066985\n|move|p1b: Iron Moth|Sludge Wave|p2b: Ho-Oh|[spread] p2a,p2b\n|-damage|p2a: Iron Hands|0 fnt\n|-damage|p2b: Ho-Oh|24/100\n|faint|p2a: Iron Hands\n|-end|p2a: Iron Hands|Quark Drive|[silent]\n|move|p2b: Ho-Oh|Brave Bird|p1b: Iron Moth\n|-damage|p1b: Iron Moth|0 fnt\n|faint|p1b: Iron Moth\n|-end|p1b: Iron Moth|Quark Drive|[silent]\n|-damage|p2b: Ho-Oh|23/100|[from] Recoil\n|\n|win|MolluskVGC\n||Bdogplatinum is ready for game 2.\n|inactive|MolluskVGC has 30 seconds to confirm battle start!\n|c|\u2606MolluskVGC|gg\n||MolluskVGC is ready for game 2.\n|uhtml|next|Next: <a href=\"/battle-gen9vgc2025regibo3-2354402512\"><strong>Game 2 of 3</strong></a>\n", "uploadtime": 1746067025, "views": 9, "formatid": "gen9vgc2025regibo3", "rating": null, "private": 0, "password": null}