{"id": "gen9vgc2025regibo3-2354452866", "format": "[Gen 9] VGC 2025 Reg I (Bo3)", "players": ["Mona Aster", "spongebob601"], "log": "|j|\u2606Mona Aster\n|j|\u2606spongebob601\n|html|<table width=\"100%\"><tr><td align=\"left\">Mona Aster</td><td align=\"right\">spongebob601</tr><tr><td align=\"left\"><i class=\"fa fa-circle-o\"></i> <i class=\"fa fa-circle-o\"></i> </td><td align=\"right\"><i class=\"fa fa-circle-o\"></i> <i class=\"fa fa-circle-o\"></i> </tr></table>\n|uhtml|bestof|<h2><strong>Game 1</strong> of <a href=\"/game-bestof3-gen9vgc2025regibo3-2354452865\">a best-of-3</a></h2>\n|t:|1746073811\n|gametype|doubles\n|player|p1|Mona Aster|265|1152\n|player|p2|spongebob601|170|1041\n|teamsize|p1|6\n|teamsize|p2|6\n|gen|9\n|tier|[Gen 9] VGC 2025 Reg I (Bo3)\n|rated|\n|rule|Species Clause: Limit one of each Pok\u00e9mon\n|rule|Item Clause: Limit 1 of each item\n|clearpoke\n|poke|p1|Lunala, L50|\n|poke|p1|Groudon, L50|\n|poke|p1|Incineroar, L50, F|\n|poke|p1|Iron Valiant, L50|\n|poke|p1|Urshifu-*, L50, F|\n|poke|p1|Raging Bolt, L50|\n|poke|p2|Kyogre, L50|\n|poke|p2|Zamazenta-*, L50|\n|poke|p2|Incineroar, L50, M|\n|poke|p2|Raging Bolt, L50|\n|poke|p2|Gothitelle, L50, F|\n|poke|p2|Grimmsnarl, L50, M|\n|teampreview|4\n|showteam|p1|Lunala||PowerHerb|ShadowShield|TrickRoom,MeteorBeam,WideGuard,MoongeistBeam||||||50|,,,,,Water]Groudon||ClearAmulet|Drought|Protect,PrecipiceBlades,HeatCrash,Substitute||||||50|,,,,,Fire]Incineroar||SafetyGoggles|Intimidate|FlareBlitz,KnockOff,FakeOut,PartingShot|||F|||50|,,,,,Ghost]Iron Valiant||BoosterEnergy|QuarkDrive|Moonblast,Encore,Protect,Disable||||||50|,,,,,Ghost]Urshifu||ChoiceScarf|UnseenFist|WickedBlow,CloseCombat,Uturn,IronHead|||F|||50|,,,,,Stellar]Raging Bolt||AssaultVest|Protosynthesis|Electroweb,Thunderclap,WeatherBall,DracoMeteor||||||50|,,,,,Electric\n|showteam|p2|Kyogre||AssaultVest|Drizzle|WaterSpout,OriginPulse,Thunder,IceBeam||||||50|,,,,,Grass]Zamazenta-Crowned||RustedShield|DauntlessShield|BodyPress,IronDefense,Snarl,WideGuard||||||50|,,,,,Dragon]Incineroar||RockyHelmet|Intimidate|KnockOff,PartingShot,FakeOut,WillOWisp|||M|||50|,,,,,Dragon]Raging Bolt||Leftovers|Protosynthesis|Thunderclap,CalmMind,DragonPulse,Snarl||||||50|,,,,,Fairy]Gothitelle||SitrusBerry|ShadowTag|FakeOut,Psyshock,Protect,TrickRoom|||F|||50|,,,,,Dragon]Grimmsnarl||LightClay|Prankster|LightScreen,Reflect,SpiritBreak,ThunderWave|||M|||50|,,,,,Ghost\n|inactive|Battle timer is ON: inactive players will automatically lose when time's up. (requested by spongebob601)\n|inactive|Mona Aster has 60 seconds left.\n|inactive|spongebob601 has 60 seconds left.\n|inactive|Mona Aster has 30 seconds left.\n|\n|t:|1746073897\n|start\n|switch|p1a: Lunala|Lunala, L50|100/100\n|switch|p1b: Urshifu|Urshifu, L50, F|100/100\n|switch|p2a: Grimmsnarl|Grimmsnarl, L50, M|100/100\n|switch|p2b: Kyogre|Kyogre, L50|100/100\n|-weather|RainDance|[from] ability: Drizzle|[of] p2b: Kyogre\n|turn|1\n|inactive|Mona Aster has 30 seconds left.\n|inactive|spongebob601 has 30 seconds left.\n|inactive|Mona Aster has 20 seconds left.\n|\n|t:|1746073935\n|move|p2a: Grimmsnarl|Thunder Wave|p1b: Urshifu\n|-hint|Since gen 7, Dark is immune to Prankster moves.\n|-immune|p1b: Urshifu\n|move|p1b: Urshifu|Close Combat|p2b: Kyogre\n|-damage|p2b: Kyogre|45/100\n|-unboost|p1b: Urshifu|def|1\n|-unboost|p1b: Urshifu|spd|1\n|move|p1a: Lunala|Meteor Beam||[still]\n|-prepare|p1a: Lunala|Meteor Beam\n|-boost|p1a: Lunala|spa|1\n|-enditem|p1a: Lunala|Power Herb\n|-anim|p1a: Lunala|Meteor Beam|p2a: Grimmsnarl\n|-damage|p2a: Grimmsnarl|33/100\n|move|p2b: Kyogre|Water Spout|p1a: Lunala|[spread] p1a,p1b\n|-crit|p1b: Urshifu\n|-damage|p1a: Lunala|85/100\n|-damage|p1b: Urshifu|0 fnt\n|faint|p1b: Urshifu\n|\n|-weather|RainDance|[upkeep]\n|upkeep\n|\n|t:|1746073958\n|switch|p1b: Raging Bolt|Raging Bolt, L50|100/100\n|turn|2\n|\n|t:|1746073977\n|-terastallize|p2b: Kyogre|Grass\n|move|p2a: Grimmsnarl|Light Screen|p2a: Grimmsnarl\n|-sidestart|p2: spongebob601|move: Light Screen\n|move|p1a: Lunala|Moongeist Beam|p2a: Grimmsnarl\n|-resisted|p2a: Grimmsnarl\n|-damage|p2a: Grimmsnarl|8/100\n|move|p1b: Raging Bolt|Electroweb|p2a: Grimmsnarl|[spread] p2a,p2b\n|-resisted|p2b: Kyogre\n|-damage|p2a: Grimmsnarl|0 fnt\n|-damage|p2b: Kyogre|43/100\n|-unboost|p2b: Kyogre|spe|1\n|faint|p2a: Grimmsnarl\n|move|p2b: Kyogre|Ice Beam|p1b: Raging Bolt\n|-supereffective|p1b: Raging Bolt\n|-damage|p1b: Raging Bolt|65/100\n|\n|-weather|RainDance|[upkeep]\n|upkeep\n|\n|t:|1746073997\n|switch|p2a: Zamazenta|Zamazenta-Crowned, L50|100/100\n|-ability|p2a: Zamazenta|Dauntless Shield|boost\n|-boost|p2a: Zamazenta|def|1\n|turn|3\n|\n|t:|1746074008\n|switch|p1a: Groudon|Groudon, L50|100/100\n|-weather|SunnyDay|[from] ability: Drought|[of] p1a: Groudon\n|-activate|p1b: Raging Bolt|ability: Protosynthesis\n|-start|p1b: Raging Bolt|protosynthesisspa\n|move|p2a: Zamazenta|Snarl|p1b: Raging Bolt|[spread] p1a,p1b\n|-damage|p1a: Groudon|94/100\n|-damage|p1b: Raging Bolt|60/100\n|-unboost|p1b: Raging Bolt|spa|1\n|move|p1b: Raging Bolt|Weather Ball|p2a: Zamazenta\n|-supereffective|p2a: Zamazenta\n|-damage|p2a: Zamazenta|58/100\n|move|p2b: Kyogre|Ice Beam|p1b: Raging Bolt\n|-supereffective|p1b: Raging Bolt\n|-damage|p1b: Raging Bolt|22/100\n|\n|-weather|SunnyDay|[upkeep]\n|upkeep\n|turn|4\n|inactive|spongebob601 has 30 seconds left.\n|\n|t:|1746074043\n|switch|p2b: Gothitelle|Gothitelle, L50, F|100/100\n|move|p1b: Raging Bolt|Thunderclap|p2a: Zamazenta\n|-damage|p2a: Zamazenta|44/100\n|move|p2a: Zamazenta|Snarl|p1a: Groudon|[spread] p1a,p1b\n|-crit|p1a: Groudon\n|-damage|p1a: Groudon|84/100\n|-damage|p1b: Raging Bolt|17/100\n|-unboost|p1b: Raging Bolt|spa|1\n|move|p1a: Groudon|Precipice Blades|p2a: Zamazenta|[spread] p2a,p2b\n|-supereffective|p2a: Zamazenta\n|-damage|p2a: Zamazenta|4/100\n|-damage|p2b: Gothitelle|58/100\n|\n|-weather|SunnyDay|[upkeep]\n|upkeep\n|turn|5\n|inactive|Mona Aster has 30 seconds left.\n|inactive|spongebob601 has 30 seconds left.\n|inactive|spongebob601 has 20 seconds left.\n|\n|t:|1746074082\n|switch|p2a: Kyogre|Kyogre, L50, tera:Grass|43/100\n|-weather|RainDance|[from] ability: Drizzle|[of] p2a: Kyogre\n|-end|p1b: Raging Bolt|Protosynthesis\n|move|p1a: Groudon|Protect|p1a: Groudon\n|-singleturn|p1a: Groudon|Protect\n|move|p1b: Raging Bolt|Draco Meteor|p2a: Kyogre\n|-damage|p2a: Kyogre|34/100\n|-unboost|p1b: Raging Bolt|spa|2\n|move|p2b: Gothitelle|Trick Room|p2b: Gothitelle\n|-fieldstart|move: Trick Room|[of] p2b: Gothitelle\n|\n|-weather|RainDance|[upkeep]\n|upkeep\n|turn|6\n|inactive|Mona Aster has 30 seconds left.\n|inactive|spongebob601 has 30 seconds left.\n|inactive|Mona Aster has 20 seconds left.\n|\n|t:|1746074121\n|move|p2b: Gothitelle|Psyshock|p1a: Groudon\n|-damage|p1a: Groudon|66/100\n|move|p2a: Kyogre|Origin Pulse|p1b: Raging Bolt|[spread] p1a,p1b\n|-supereffective|p1a: Groudon\n|-resisted|p1b: Raging Bolt\n|-damage|p1a: Groudon|0 fnt\n|-damage|p1b: Raging Bolt|0 fnt\n|faint|p1a: Groudon\n|faint|p1b: Raging Bolt\n|-end|p1b: Raging Bolt|Protosynthesis|[silent]\n|\n|-weather|RainDance|[upkeep]\n|upkeep\n|\n|t:|1746074127\n|switch|p1b: Lunala|Lunala, L50|85/100\n|turn|7\n|\n|t:|1746074139\n|move|p2b: Gothitelle|Psyshock|p1b: Lunala\n|-resisted|p1b: Lunala\n|-damage|p1b: Lunala|76/100\n|move|p2a: Kyogre|Origin Pulse|p1b: Lunala\n|-damage|p1b: Lunala|11/100\n|move|p1b: Lunala|Moongeist Beam|p2a: Kyogre\n|-damage|p2a: Kyogre|20/100\n|\n|-weather|RainDance|[upkeep]\n|upkeep\n|turn|8\n|-message|Mona Aster forfeited.\n|\n|win|spongebob601\n||spongebob601 is ready for game 2.\n|inactive|Mona Aster has 30 seconds to confirm battle start!\n||Mona Aster is ready for game 2.\n|uhtml|next|Next: <a href=\"/battle-gen9vgc2025regibo3-2354455182\"><strong>Game 2 of 3</strong></a>\n|l|\u2606spongebob601\n|player|p2|\n|l|\u2606Mona Aster\n|player|p1|\n", "uploadtime": 1746074160, "views": 12, "formatid": "gen9vgc2025regibo3", "rating": null, "private": 0, "password": null}