{"id": "gen9vgc2025regibo3-2354259982", "format": "[Gen 9] VGC 2025 Reg I (Bo3)", "players": ["MatthewJi\u5e7b\u6b87\u79cb\u51a5VGC", "Fookinraw42"], "log": "|j|\u2606MatthewJi\u5e7b\u6b87\u79cb\u51a5VGC\n|j|\u2606Fookinraw42\n|html|<table width=\"100%\"><tr><td align=\"left\">MatthewJi\u5e7b\u6b87\u79cb\u51a5VGC</td><td align=\"right\">Fookinraw42</tr><tr><td align=\"left\"><i class=\"fa fa-circle\"></i> <i class=\"fa fa-circle-o\"></i> </td><td align=\"right\"><i class=\"fa fa-circle-o\"></i> <i class=\"fa fa-circle-o\"></i> </tr></table>\n|uhtml|bestof|<h2><strong>Game 2</strong> of <a href=\"/game-bestof3-gen9vgc2025regibo3-2354257301\">a best-of-3</a></h2>\n|t:|1746050103\n|gametype|doubles\n|player|p1|MatthewJi\u5e7b\u6b87\u79cb\u51a5VGC|lucas|1199\n|player|p2|Fookinraw42|baker|1231\n|teamsize|p1|6\n|teamsize|p2|6\n|gen|9\n|tier|[Gen 9] VGC 2025 Reg I (Bo3)\n|rated|\n|rule|Species Clause: Limit one of each Pok\u00e9mon\n|rule|Item Clause: Limit 1 of each item\n|clearpoke\n|poke|p1|Koraidon, L50|\n|poke|p1|Lunala, L50|\n|poke|p1|Umbreon, L50, M|\n|poke|p1|Raging Bolt, L50|\n|poke|p1|Flutter Mane, L50|\n|poke|p1|Brute Bonnet, L50|\n|poke|p2|Kyogre, L50|\n|poke|p2|Urshifu-*, L50, M|\n|poke|p2|Tornadus, L50, M|\n|poke|p2|Miraidon, L50|\n|poke|p2|Tsareena, L50, F|\n|poke|p2|Iron Hands, L50|\n|teampreview|4\n|showteam|p1|Koraidon||ClearAmulet|OrichalcumPulse|CollisionCourse,FlareBlitz,FlameCharge,Protect||||||50|,,,,,Fire]Lunala||Leftovers|ShadowShield|MoongeistBeam,Moonblast,WideGuard,TrickRoom||||||50|,,,,,Fairy]Umbreon||ChopleBerry|InnerFocus|FoulPlay,Taunt,Snarl,Yawn|||M|||50|,,,,,Bug]Raging Bolt||AssaultVest|Protosynthesis|Thunderclap,VoltSwitch,DracoMeteor,Thunderbolt||||||50|,,,,,Fairy]Flutter Mane||FocusSash|Protosynthesis|Moonblast,ShadowBall,IcyWind,Protect||||||50|,,,,,Fairy]Brute Bonnet||CovertCloak|Protosynthesis|Spore,SuckerPunch,SeedBomb,RagePowder||||||50|,,,,,Water\n|showteam|p2|Kyogre||MysticWater|Drizzle|WaterSpout,OriginPulse,IceBeam,Protect||||||50|,,,,,Grass]Urshifu-Rapid-Strike||FocusSash|UnseenFist|SurgingStrikes,CloseCombat,AquaJet,Detect|||M|||50|,,,,,Water]Tornadus||CovertCloak|Prankster|BleakwindStorm,Tailwind,Taunt,RainDance|||M|||50|,,,,,Dark]Miraidon||ChoiceSpecs|HadronEngine|ElectroDrift,VoltSwitch,DracoMeteor,DazzlingGleam||||||50|,,,,,Fairy]Tsareena||WideLens|QueenlyMajesty|PowerWhip,TripleAxel,HelpingHand,Protect|||F|||50|,,,,,Water]Iron Hands||AssaultVest|QuarkDrive|WildCharge,DrainPunch,LowKick,FakeOut||||||50|,,,,,Bug\n|inactive|Battle timer is ON: inactive players will automatically lose when time's up. (requested by Fookinraw42)\n|\n|t:|1746050127\n|start\n|switch|p1a: Lunala|Lunala, L50|100/100\n|switch|p1b: Raging Bolt|Raging Bolt, L50|100/100\n|switch|p2a: Kyogre|Kyogre, L50|100/100\n|switch|p2b: Miraidon|Miraidon, L50|100/100\n|-fieldstart|move: Electric Terrain|[from] ability: Hadron Engine|[of] p2b: Miraidon\n|-weather|RainDance|[from] ability: Drizzle|[of] p2a: Kyogre\n|turn|1\n|inactive|MatthewJi\u5e7b\u6b87\u79cb\u51a5VGC has 30 seconds left.\n|inactive|Fookinraw42 has 30 seconds left.\n|\n|t:|1746050157\n|-terastallize|p1b: Raging Bolt|Fairy\n|move|p2b: Miraidon|Volt Switch|p1a: Lunala\n|-damage|p1a: Lunala|64/100\n|\n|t:|1746050167\n|switch|p2b: Tsareena|Tsareena, L50, F|100/100|[from] Volt Switch\n|move|p2a: Kyogre|Ice Beam|p1b: Raging Bolt\n|-crit|p1b: Raging Bolt\n|-damage|p1b: Raging Bolt|66/100\n|move|p1b: Raging Bolt|Volt Switch|p2b: Tsareena\n|-resisted|p2b: Tsareena\n|-damage|p2b: Tsareena|73/100\n|\n|t:|1746050177\n|-end|p1b: Raging Bolt|Protosynthesis|[silent]\n|switch|p1b: Koraidon|Koraidon, L50|100/100|[from] Volt Switch\n|-weather|SunnyDay|[from] ability: Orichalcum Pulse|[of] p1b: Koraidon\n|-activate|p1b: Koraidon|Orichalcum Pulse|[source]\n|move|p1a: Lunala|Trick Room|p1a: Lunala\n|-fieldstart|move: Trick Room|[of] p1a: Lunala\n|\n|-weather|SunnyDay|[upkeep]\n|-heal|p1a: Lunala|71/100|[from] item: Leftovers\n|upkeep\n|turn|2\n|inactive|Fookinraw42 has 30 seconds left.\n|\n|t:|1746050203\n|-terastallize|p2b: Tsareena|Water\n|move|p2b: Tsareena|Triple Axel|p1b: Koraidon\n|-supereffective|p1b: Koraidon\n|-damage|p1b: Koraidon|88/100\n|-supereffective|p1b: Koraidon\n|-damage|p1b: Koraidon|66/100\n|-supereffective|p1b: Koraidon\n|-damage|p1b: Koraidon|33/100\n|-hitcount|p1b: Koraidon|3\n|move|p1a: Lunala|Moongeist Beam|p2a: Kyogre\n|-damage|p2a: Kyogre|67/100\n|move|p2a: Kyogre|Ice Beam|p1a: Lunala\n|-damage|p1a: Lunala|47/100\n|move|p1b: Koraidon|Collision Course|p2b: Tsareena\n|-damage|p2b: Tsareena|1/100\n|\n|-weather|SunnyDay|[upkeep]\n|-heal|p1a: Lunala|53/100|[from] item: Leftovers\n|upkeep\n|turn|3\n|inactive|Fookinraw42 has 30 seconds left.\n|\n|t:|1746050237\n|move|p1b: Koraidon|Protect|p1b: Koraidon\n|-singleturn|p1b: Koraidon|Protect\n|move|p2b: Tsareena|Power Whip|p1a: Lunala\n|-damage|p1a: Lunala|3/100\n|move|p1a: Lunala|Moongeist Beam|p2a: Kyogre\n|-damage|p2a: Kyogre|32/100\n|move|p2a: Kyogre|Ice Beam|p1b: Koraidon\n|-activate|p1b: Koraidon|move: Protect\n|\n|-weather|SunnyDay|[upkeep]\n|-heal|p1a: Lunala|10/100|[from] item: Leftovers\n|upkeep\n|turn|4\n|\n|t:|1746050261\n|move|p2b: Tsareena|Triple Axel|p1a: Lunala\n|-damage|p1a: Lunala|3/100\n|-damage|p1a: Lunala|0 fnt\n|faint|p1a: Lunala\n|-hitcount|p1: Lunala|2\n|move|p2a: Kyogre|Ice Beam|p1b: Koraidon\n|-supereffective|p1b: Koraidon\n|-damage|p1b: Koraidon|0 fnt\n|faint|p1b: Koraidon\n|\n|-weather|SunnyDay|[upkeep]\n|upkeep\n|\n|t:|1746050264\n|switch|p1a: Brute Bonnet|Brute Bonnet, L50|100/100\n|switch|p1b: Raging Bolt|Raging Bolt, L50, tera:Fairy|66/100\n|-activate|p1a: Brute Bonnet|ability: Protosynthesis\n|-start|p1a: Brute Bonnet|protosynthesisatk\n|-activate|p1b: Raging Bolt|ability: Protosynthesis\n|-start|p1b: Raging Bolt|protosynthesisspa\n|turn|5\n|\n|t:|1746050286\n|switch|p2a: Urshifu|Urshifu-Rapid-Strike, L50, M|100/100\n|move|p2b: Tsareena|Protect|p2b: Tsareena\n|-singleturn|p2b: Tsareena|Protect\n|move|p1a: Brute Bonnet|Seed Bomb|p2b: Tsareena\n|-activate|p2b: Tsareena|move: Protect\n|move|p1b: Raging Bolt|Thunderbolt|p2a: Urshifu\n|-supereffective|p2a: Urshifu\n|-enditem|p2a: Urshifu|Focus Sash\n|-damage|p2a: Urshifu|1/100\n|\n|-weather|none\n|-end|p1a: Brute Bonnet|Protosynthesis\n|-end|p1b: Raging Bolt|Protosynthesis\n|-fieldend|move: Trick Room\n|-fieldend|move: Electric Terrain\n|upkeep\n|turn|6\n|inactive|Fookinraw42 has 30 seconds left.\n|\n|t:|1746050314\n|move|p2a: Urshifu|Close Combat|p1a: Brute Bonnet\n|-supereffective|p1a: Brute Bonnet\n|-damage|p1a: Brute Bonnet|7/100\n|-unboost|p2a: Urshifu|def|1\n|-unboost|p2a: Urshifu|spd|1\n|move|p1b: Raging Bolt|Thunderbolt|p2b: Tsareena\n|-supereffective|p2b: Tsareena\n|-crit|p2b: Tsareena\n|-damage|p2b: Tsareena|0 fnt\n|faint|p2b: Tsareena\n|move|p1a: Brute Bonnet|Seed Bomb|p2a: Urshifu\n|-supereffective|p2a: Urshifu\n|-damage|p2a: Urshifu|0 fnt\n|faint|p2a: Urshifu\n|\n|upkeep\n|\n|t:|1746050327\n|switch|p2a: Miraidon|Miraidon, L50|100/100\n|switch|p2b: Kyogre|Kyogre, L50|32/100\n|-fieldstart|move: Electric Terrain|[from] ability: Hadron Engine|[of] p2a: Miraidon\n|-weather|RainDance|[from] ability: Drizzle|[of] p2b: Kyogre\n|turn|7\n|\n|t:|1746050348\n|move|p2b: Kyogre|Protect|p2b: Kyogre\n|-singleturn|p2b: Kyogre|Protect\n|move|p1b: Raging Bolt|Thunderclap||[still]\n|-fail|p1b: Raging Bolt\n|move|p1a: Brute Bonnet|Sucker Punch|p2a: Miraidon\n|-damage|p2a: Miraidon|70/100\n|move|p2a: Miraidon|Electro Drift|p1a: Brute Bonnet\n|-resisted|p1a: Brute Bonnet\n|-crit|p1a: Brute Bonnet\n|-damage|p1a: Brute Bonnet|0 fnt\n|faint|p1a: Brute Bonnet\n|-end|p1a: Brute Bonnet|Protosynthesis|[silent]\n|\n|-weather|RainDance|[upkeep]\n|upkeep\n|turn|8\n|\n|t:|1746050362\n|move|p1b: Raging Bolt|Thunderclap|p2b: Kyogre\n|-supereffective|p2b: Kyogre\n|-damage|p2b: Kyogre|0 fnt\n|faint|p2b: Kyogre\n|move|p2a: Miraidon|Electro Drift|p1b: Raging Bolt\n|-damage|p1b: Raging Bolt|0 fnt\n|faint|p1b: Raging Bolt\n|-end|p1b: Raging Bolt|Protosynthesis|[silent]\n|\n|win|Fookinraw42\n||MatthewJi\u5e7b\u6b87\u79cb\u51a5VGC is ready for game 3.\n||Fookinraw42 is ready for game 3.\n|uhtml|next|Next: <a href=\"/battle-gen9vgc2025regibo3-2354262353\"><strong>Game 3 of 3</strong></a>\n|l|\u2606Fookinraw42\n|player|p2|\n", "uploadtime": 1746050745, "views": 6, "formatid": "gen9vgc2025regibo3", "rating": null, "private": 0, "password": null}