{"id": "gen9vgc2025regibo3-2354338589", "format": "[Gen 9] VGC 2025 Reg I (Bo3)", "players": ["minirock", "Shirteasy22"], "log": "|j|\u2606minirock\n|j|\u2606Shirteasy22\n|html|<table width=\"100%\"><tr><td align=\"left\">minirock</td><td align=\"right\">Shirteasy22</tr><tr><td align=\"left\"><i class=\"fa fa-circle-o\"></i> <i class=\"fa fa-circle-o\"></i> </td><td align=\"right\"><i class=\"fa fa-circle-o\"></i> <i class=\"fa fa-circle\"></i> </tr></table>\n|uhtml|bestof|<h2><strong>Game 2</strong> of <a href=\"/game-bestof3-gen9vgc2025regibo3-2354335162\">a best-of-3</a></h2>\n|t:|1746059158\n|gametype|doubles\n|player|p1|minirock|1|1167\n|player|p2|Shirteasy22|dancer|1085\n|teamsize|p1|6\n|teamsize|p2|6\n|gen|9\n|tier|[Gen 9] VGC 2025 Reg I (Bo3)\n|rated|\n|rule|Species Clause: Limit one of each Pok\u00e9mon\n|rule|Item Clause: Limit 1 of each item\n|clearpoke\n|poke|p1|Calyrex-Shadow, L50|\n|poke|p1|Zamazenta-*, L50|\n|poke|p1|Incineroar, L50, F|\n|poke|p1|Rillaboom, L50, M|\n|poke|p1|Urshifu-*, L50, F|\n|poke|p1|Ogerpon-Hearthflame, L50, F|\n|poke|p2|Calyrex-Shadow, L50|\n|poke|p2|Thundurus, L50, M|\n|poke|p2|Koraidon, L50|\n|poke|p2|Clefairy, L50, M|\n|poke|p2|Incineroar, L50, F|\n|poke|p2|Ting-Lu, L50|\n|teampreview|4\n|showteam|p1|Calyrex-Shadow||LifeOrb|AsOneSpectrier|AstralBarrage,Psychic,NastyPlot,Protect||||||50|,,,,,Dark]Zamazenta-Crowned||RustedShield|DauntlessShield|BodyPress,behemothbash,WideGuard,Protect||||||50|,,,,,Dragon]Incineroar||RockyHelmet|Intimidate|KnockOff,PartingShot,FakeOut,HelpingHand|||F|||50|,,,,,Grass]Rillaboom||AssaultVest|GrassySurge|GrassyGlide,WoodHammer,Uturn,FakeOut|||M|||50|,,,,,Water]Urshifu-Rapid-Strike||ChoiceScarf|UnseenFist|SurgingStrikes,CloseCombat,AquaJet,Uturn|||F|||50|,,,,,Water]Ogerpon-Hearthflame||HearthflameMask|MoldBreaker|IvyCudgel,FollowMe,SpikyShield,WoodHammer|||F|||50|,,,,,Fire\n|showteam|p2|Calyrex-Shadow||LifeOrb|AsOneSpectrier|AstralBarrage,Encore,Protect,DrainingKiss||||||50|,,,,,Fairy]Thundurus||WideLens|Prankster|ThunderWave,WildboltStorm,Protect,Taunt|||M|||50|,,,,,Steel]Koraidon||ClearAmulet|OrichalcumPulse|CollisionCourse,Protect,FlareBlitz,FlameCharge||||||50|,,,,,Fire]Clefairy||Eviolite|FriendGuard|FollowMe,AfterYou,HelpingHand,IcyWind|||M|||50|,,,,,Fairy]Incineroar||ChopleBerry|Intimidate|FlareBlitz,KnockOff,PartingShot,FakeOut|||F|||50|,,,,,Water]Ting-Lu||AssaultVest|VesselofRuin|ThroatChop,Snarl,Fissure,StompingTantrum||||||50|,,,,,Ghost\n|inactive|Battle timer is ON: inactive players will automatically lose when time's up. (requested by minirock)\n|inactive|minirock has 60 seconds left.\n|inactive|Shirteasy22 has 60 seconds left.\n|\n|t:|1746059212\n|start\n|switch|p1a: Calyrex|Calyrex-Shadow, L50|100/100\n|switch|p1b: Incineroar|Incineroar, L50, F|100/100\n|switch|p2a: Koraidon|Koraidon, L50|100/100\n|switch|p2b: Thundurus|Thundurus, L50, M|100/100\n|-ability|p1a: Calyrex|As One\n|-ability|p1a: Calyrex|Unnerve\n|-weather|SunnyDay|[from] ability: Orichalcum Pulse|[of] p2a: Koraidon\n|-activate|p2a: Koraidon|Orichalcum Pulse|[source]\n|-ability|p1b: Incineroar|Intimidate|boost\n|-fail|p2a: Koraidon|unboost|[from] item: Clear Amulet|[of] p2a: Koraidon\n|-unboost|p2b: Thundurus|atk|1\n|turn|1\n|inactive|minirock has 30 seconds left.\n|inactive|Shirteasy22 has 30 seconds left.\n|inactive|minirock has 20 seconds left.\n|inactive|minirock has 15 seconds left.\n|inactive|minirock has 10 seconds left.\n|inactive|Shirteasy22 has 20 seconds left.\n|inactive|Shirteasy22 has 15 seconds left.\n|inactive|Shirteasy22 has 10 seconds left.\n|\n|t:|1746059274\n|switch|p2b: Ting-Lu|Ting-Lu, L50|100/100\n|-ability|p2b: Ting-Lu|Vessel of Ruin\n|move|p1a: Calyrex|Protect|p1a: Calyrex\n|-singleturn|p1a: Calyrex|Protect\n|move|p2a: Koraidon|Protect|p2a: Koraidon\n|-singleturn|p2a: Koraidon|Protect\n|move|p1b: Incineroar|Knock Off|p2b: Ting-Lu\n|-resisted|p2b: Ting-Lu\n|-crit|p2b: Ting-Lu\n|-damage|p2b: Ting-Lu|84/100\n|-enditem|p2b: Ting-Lu|Assault Vest|[from] move: Knock Off|[of] p1b: Incineroar\n|\n|-weather|SunnyDay|[upkeep]\n|upkeep\n|turn|2\n|inactive|minirock has 30 seconds left.\n|inactive|Shirteasy22 has 30 seconds left.\n|inactive|minirock has 20 seconds left.\n|inactive|minirock has 15 seconds left.\n|\n|t:|1746059319\n|-terastallize|p1a: Calyrex|Dark\n|move|p1a: Calyrex|Psychic|p2a: Koraidon\n|-supereffective|p2a: Koraidon\n|-damage|p2a: Koraidon|0 fnt\n|faint|p2a: Koraidon\n|-ability|p1a: Calyrex|Grim Neigh|boost\n|-boost|p1a: Calyrex|spa|1\n|-damage|p1a: Calyrex|91/100|[from] item: Life Orb\n|move|p1b: Incineroar|Parting Shot|p2b: Ting-Lu\n|-unboost|p2b: Ting-Lu|atk|1\n|-unboost|p2b: Ting-Lu|spa|1\n|\n|t:|1746059335\n|switch|p1b: Zamazenta|Zamazenta-Crowned, L50|100/100|[from] Parting Shot\n|-ability|p1b: Zamazenta|Dauntless Shield|boost\n|-boost|p1b: Zamazenta|def|1\n|move|p2b: Ting-Lu|Snarl|p1b: Zamazenta|[spread] p1a\n|-miss|p2b: Ting-Lu|p1b: Zamazenta\n|-resisted|p1a: Calyrex\n|-damage|p1a: Calyrex|87/100\n|-unboost|p1a: Calyrex|spa|1\n|\n|-weather|SunnyDay|[upkeep]\n|upkeep\n|\n|t:|1746059348\n|switch|p2a: Thundurus|Thundurus, L50, M|100/100\n|turn|3\n|inactive|Shirteasy22 has 30 seconds left.\n|\n|t:|1746059375\n|switch|p1a: Incineroar|Incineroar, L50, F|100/100\n|-ability|p1a: Incineroar|Intimidate|boost\n|-unboost|p2a: Thundurus|atk|1\n|-unboost|p2b: Ting-Lu|atk|1\n|switch|p2b: Calyrex|Calyrex-Shadow, L50|100/100\n|-ability|p2b: Calyrex|As One\n|-ability|p2b: Calyrex|Unnerve\n|move|p2a: Thundurus|Thunder Wave|p1b: Zamazenta\n|-status|p1b: Zamazenta|par\n|move|p1b: Zamazenta|Behemoth Bash|p2a: Thundurus\n|-resisted|p2a: Thundurus\n|-damage|p2a: Thundurus|83/100\n|\n|-weather|SunnyDay|[upkeep]\n|upkeep\n|turn|4\n|inactive|minirock has 30 seconds left.\n|inactive|Shirteasy22 has 30 seconds left.\n|inactive|Shirteasy22 has 20 seconds left.\n|\n|t:|1746059413\n|move|p2b: Calyrex|Protect|p2b: Calyrex\n|-singleturn|p2b: Calyrex|Protect\n|move|p2a: Thundurus|Wildbolt Storm|p1b: Zamazenta|[spread] p1a,p1b\n|-damage|p1a: Incineroar|76/100\n|-damage|p1b: Zamazenta|79/100 par\n|cant|p1b: Zamazenta|par\n|move|p1a: Incineroar|Knock Off|p2b: Calyrex\n|-activate|p2b: Calyrex|move: Protect\n|\n|-weather|SunnyDay|[upkeep]\n|upkeep\n|turn|5\n|inactive|Shirteasy22 has 30 seconds left.\n|\n|t:|1746059444\n|switch|p2b: Ting-Lu|Ting-Lu, L50|84/100\n|-ability|p2b: Ting-Lu|Vessel of Ruin\n|cant|p1b: Zamazenta|par\n|move|p2a: Thundurus|Taunt|p1b: Zamazenta\n|-start|p1b: Zamazenta|move: Taunt\n|move|p1a: Incineroar|Knock Off|p2b: Ting-Lu\n|-resisted|p2b: Ting-Lu\n|-damage|p2b: Ting-Lu|75/100\n|\n|-weather|none\n|upkeep\n|turn|6\n|\n|t:|1746059460\n|switch|p2b: Calyrex|Calyrex-Shadow, L50|100/100\n|-ability|p2b: Calyrex|As One\n|-ability|p2b: Calyrex|Unnerve\n|move|p2a: Thundurus|Wildbolt Storm|p1b: Zamazenta|[spread] p1a,p1b\n|-damage|p1a: Incineroar|50/100\n|-damage|p1b: Zamazenta|57/100 par\n|move|p1b: Zamazenta|Body Press|p2a: Thundurus\n|-resisted|p2a: Thundurus\n|-damage|p2a: Thundurus|56/100\n|move|p1a: Incineroar|Knock Off|p2a: Thundurus\n|-damage|p2a: Thundurus|23/100\n|-enditem|p2a: Thundurus|Wide Lens|[from] move: Knock Off|[of] p1a: Incineroar\n|\n|upkeep\n|turn|7\n|inactive|minirock has 30 seconds left.\n|inactive|Shirteasy22 has 30 seconds left.\n|\n|t:|1746059491\n|-terastallize|p2b: Calyrex|Fairy\n|move|p2b: Calyrex|Astral Barrage|p1b: Zamazenta|[spread] p1a,p1b\n|-resisted|p1a: Incineroar\n|-crit|p1b: Zamazenta\n|-damage|p1a: Incineroar|20/100\n|-damage|p1b: Zamazenta|0 fnt\n|faint|p1b: Zamazenta\n|-ability|p2b: Calyrex|Grim Neigh|boost\n|-boost|p2b: Calyrex|spa|1\n|-damage|p2b: Calyrex|91/100|[from] item: Life Orb\n|move|p2a: Thundurus|Wildbolt Storm|p1a: Incineroar\n|-damage|p1a: Incineroar|0 fnt\n|faint|p1a: Incineroar\n|\n|upkeep\n|\n|t:|1746059507\n|switch|p1b: Calyrex|Calyrex-Shadow, L50, tera:Dark|87/100\n|switch|p1a: Urshifu|Urshifu-Rapid-Strike, L50, F|100/100\n|-ability|p1b: Calyrex|As One\n|-ability|p1b: Calyrex|Unnerve\n|turn|8\n|\n|t:|1746059519\n|move|p1b: Calyrex|Protect|p1b: Calyrex\n|-singleturn|p1b: Calyrex|Protect\n|move|p1a: Urshifu|Aqua Jet|p2a: Thundurus\n|-damage|p2a: Thundurus|0 fnt\n|faint|p2a: Thundurus\n|move|p2b: Calyrex|Astral Barrage|p1b: Calyrex|[spread] p1a\n|-activate|p1b: Calyrex|move: Protect\n|-damage|p1a: Urshifu|0 fnt\n|faint|p1a: Urshifu\n|-ability|p2b: Calyrex|Grim Neigh|boost\n|-boost|p2b: Calyrex|spa|1\n|-damage|p2b: Calyrex|81/100|[from] item: Life Orb\n|\n|upkeep\n|\n|t:|1746059534\n|switch|p2a: Ting-Lu|Ting-Lu, L50|75/100\n|-ability|p2a: Ting-Lu|Vessel of Ruin\n|turn|9\n|\n|t:|1746059539\n|move|p2b: Calyrex|Protect|p2b: Calyrex\n|-singleturn|p2b: Calyrex|Protect\n|move|p1b: Calyrex|Astral Barrage|p2a: Ting-Lu|[spread] p2a\n|-activate|p2b: Calyrex|move: Protect\n|-resisted|p2a: Ting-Lu\n|-damage|p2a: Ting-Lu|60/100\n|-damage|p1b: Calyrex|78/100|[from] item: Life Orb\n|move|p2a: Ting-Lu|Snarl|p1b: Calyrex\n|-resisted|p1b: Calyrex\n|-damage|p1b: Calyrex|70/100\n|-unboost|p1b: Calyrex|spa|1\n|\n|upkeep\n|turn|10\n|-message|minirock forfeited.\n|\n|win|Shirteasy22\n|raw|minirock's rating: 1167 &rarr; <strong>1136</strong><br />(-31 for losing)\n|raw|Shirteasy22's rating: 1085 &rarr; <strong>1119</strong><br />(+34 for winning)\n|l|\u2606minirock\n|player|p1|\n", "uploadtime": 1746059599, "views": 14, "formatid": "gen9vgc2025regibo3", "rating": 1119, "private": 0, "password": null}