{"id": "gen9vgc2025regibo3-2353650911", "format": "[Gen 9] VGC 2025 Reg I (Bo3)", "players": ["escapadian", "stevie.bot"], "log": "|j|\u2606escapadian\n|j|\u2606stevie.bot\n|html|<table width=\"100%\"><tr><td align=\"left\">escapadian</td><td align=\"right\">stevie.bot</tr><tr><td align=\"left\"><i class=\"fa fa-circle\"></i> <i class=\"fa fa-circle-o\"></i> </td><td align=\"right\"><i class=\"fa fa-circle-o\"></i> <i class=\"fa fa-circle\"></i> </tr></table>\n|uhtml|bestof|<h2><strong>Game 3</strong> of <a href=\"/game-bestof3-gen9vgc2025regibo3-2353647133\">a best-of-3</a></h2>\n|t:|1745979095\n|gametype|doubles\n|player|p1|escapadian|rocketgruntf|1194\n|player|p2|stevie.bot|bea|1254\n|teamsize|p1|6\n|teamsize|p2|6\n|gen|9\n|tier|[Gen 9] VGC 2025 Reg I (Bo3)\n|rated|\n|rule|Species Clause: Limit one of each Pok\u00e9mon\n|rule|Item Clause: Limit 1 of each item\n|clearpoke\n|poke|p1|Miraidon, L50|\n|poke|p1|Farigiraf, L50, F|\n|poke|p1|Iron Hands, L50|\n|poke|p1|Grimmsnarl, L50, M|\n|poke|p1|Urshifu-*, L50, M|\n|poke|p1|Groudon, L50|\n|poke|p2|Miraidon, L50|\n|poke|p2|Calyrex-Ice, L50|\n|poke|p2|Landorus, L50, M|\n|poke|p2|Ogerpon-Hearthflame, L50, F|\n|poke|p2|Iron Jugulis, L50|\n|poke|p2|Urshifu-*, L50, M|\n|teampreview|4\n|showteam|p1|Miraidon||ChoiceSpecs|HadronEngine|ElectroDrift,DazzlingGleam,DracoMeteor,VoltSwitch||||||50|,,,,,Fairy]Farigiraf||ElectricSeed|ArmorTail|Psychic,Roar,HelpingHand,TrickRoom|||F|||50|,,,,,Water]Iron Hands||AssaultVest|QuarkDrive|DrainPunch,LowKick,HeavySlam,FakeOut||||||50|,,,,,Bug]Grimmsnarl||LightClay|Prankster|FoulPlay,Reflect,LightScreen,ThunderWave|||M|||50|,,,,,Ghost]Urshifu||FocusSash|UnseenFist|WickedBlow,CloseCombat,SuckerPunch,Protect|||M|||50|,,,,,Dark]Groudon||Leftovers|Drought|PrecipiceBlades,HeatCrash,HelpingHand,Protect||||||50|,,,,,Fire\n|showteam|p2|Miraidon||ChoiceSpecs|HadronEngine|VoltSwitch,DracoMeteor,ElectroDrift,DazzlingGleam||||||50|,,,,,Fairy]Calyrex-Ice||ClearAmulet|AsOneGlastrier|GlacialLance,HighHorsepower,Protect,TrickRoom||||||50|,,,,,Water]Landorus||LifeOrb|SheerForce|SandsearStorm,SludgeBomb,EarthPower,Protect|||M|||50|,,,,,Water]Ogerpon-Hearthflame||HearthflameMask|MoldBreaker|IvyCudgel,HornLeech,FollowMe,SpikyShield|||F|||50|,,,,,Fire]Iron Jugulis||BoosterEnergy|QuarkDrive|Tailwind,AirSlash,Snarl,Protect||||||50|,,,,,Poison]Urshifu-Rapid-Strike||MysticWater|UnseenFist|SurgingStrikes,CloseCombat,AquaJet,Detect|||M|||50|,,,,,Water\n|inactive|Battle timer is ON: inactive players will automatically lose when time's up. (requested by stevie.bot)\n|inactive|escapadian has 60 seconds left.\n|\n|t:|1745979145\n|start\n|switch|p1a: Grimmsnarl|Grimmsnarl, L50, M|100/100\n|switch|p1b: Miraidon|Miraidon, L50|100/100\n|switch|p2a: Calyrex|Calyrex-Ice, L50|100/100\n|switch|p2b: Ogerpon|Ogerpon-Hearthflame, L50, F|100/100\n|-ability|p2a: Calyrex|As One\n|-ability|p2a: Calyrex|Unnerve\n|-fieldstart|move: Electric Terrain|[from] ability: Hadron Engine|[of] p1b: Miraidon\n|-ability|p2b: Ogerpon|Mold Breaker\n|turn|1\n|inactive|stevie.bot has 30 seconds left.\n|\n|t:|1745979174\n|-terastallize|p1b: Miraidon|Fairy\n|move|p2b: Ogerpon|Follow Me|p2b: Ogerpon\n|-singleturn|p2b: Ogerpon|move: Follow Me\n|move|p1a: Grimmsnarl|Reflect|p1a: Grimmsnarl\n|-sidestart|p1: escapadian|Reflect\n|move|p1b: Miraidon|Electro Drift|p2b: Ogerpon\n|-resisted|p2b: Ogerpon\n|-damage|p2b: Ogerpon|33/100\n|move|p2a: Calyrex|Glacial Lance|p1a: Grimmsnarl|[spread] p1a,p1b\n|-damage|p1a: Grimmsnarl|67/100\n|-damage|p1b: Miraidon|61/100\n|\n|upkeep\n|turn|2\n|inactive|stevie.bot has 30 seconds left.\n|\n|t:|1745979202\n|move|p1b: Miraidon|Electro Drift|p2a: Calyrex\n|-damage|p2a: Calyrex|2/100\n|move|p2b: Ogerpon|Ivy Cudgel|p1b: Miraidon|[anim] Ivy Cudgel Fire\n|-crit|p1b: Miraidon\n|-damage|p1b: Miraidon|0 fnt\n|faint|p1b: Miraidon\n|move|p2a: Calyrex|Glacial Lance|p1a: Grimmsnarl\n|-damage|p1a: Grimmsnarl|19/100\n|move|p1a: Grimmsnarl|Foul Play|p2a: Calyrex\n|-supereffective|p2a: Calyrex\n|-damage|p2a: Calyrex|0 fnt\n|faint|p2a: Calyrex\n|\n|upkeep\n|\n|t:|1745979216\n|switch|p1b: Iron Hands|Iron Hands, L50|100/100\n|switch|p2a: Iron Jugulis|Iron Jugulis, L50|100/100\n|-activate|p2a: Iron Jugulis|ability: Quark Drive\n|-start|p2a: Iron Jugulis|quarkdrivespe\n|-activate|p1b: Iron Hands|ability: Quark Drive\n|-start|p1b: Iron Hands|quarkdriveatk\n|turn|3\n|\n|t:|1745979239\n|-terastallize|p2a: Iron Jugulis|Poison\n|move|p1a: Grimmsnarl|Thunder Wave|p2a: Iron Jugulis|[miss]\n|-miss|p1a: Grimmsnarl|p2a: Iron Jugulis\n|move|p2a: Iron Jugulis|Tailwind|p2a: Iron Jugulis\n|-sidestart|p2: stevie.bot|move: Tailwind\n|move|p2b: Ogerpon|Ivy Cudgel|p1a: Grimmsnarl|[anim] Ivy Cudgel Fire\n|-damage|p1a: Grimmsnarl|0 fnt\n|faint|p1a: Grimmsnarl\n|move|p1b: Iron Hands|Drain Punch|p2b: Ogerpon\n|-damage|p2b: Ogerpon|0 fnt\n|faint|p2b: Ogerpon\n|\n|upkeep\n|\n|t:|1745979252\n|switch|p2b: Miraidon|Miraidon, L50|100/100\n|switch|p1a: Groudon|Groudon, L50, shiny|100/100\n|-activate|p2b: Miraidon|ability: Hadron Engine\n|-weather|SunnyDay|[from] ability: Drought|[of] p1a: Groudon\n|turn|4\n|\n|t:|1745979274\n|move|p2a: Iron Jugulis|Air Slash|p1b: Iron Hands\n|-damage|p1b: Iron Hands|84/100\n|move|p2b: Miraidon|Draco Meteor|p1a: Groudon\n|-crit|p1a: Groudon\n|-damage|p1a: Groudon|0 fnt\n|-unboost|p2b: Miraidon|spa|2\n|faint|p1a: Groudon\n|cant|p1b: Iron Hands|flinch\n|\n|-weather|SunnyDay|[upkeep]\n|upkeep\n|turn|5\n|\n|t:|1745979286\n|move|p2a: Iron Jugulis|Air Slash|p1b: Iron Hands\n|-damage|p1b: Iron Hands|65/100\n|move|p2b: Miraidon|Draco Meteor|p1b: Iron Hands\n|-damage|p1b: Iron Hands|29/100\n|-unboost|p2b: Miraidon|spa|2\n|move|p1b: Iron Hands|Low Kick|p2b: Miraidon\n|-crit|p2b: Miraidon\n|-damage|p2b: Miraidon|0 fnt\n|faint|p2b: Miraidon\n|\n|-weather|SunnyDay|[upkeep]\n|-fieldend|move: Electric Terrain\n|-end|p2a: Iron Jugulis|Quark Drive\n|-end|p1b: Iron Hands|Quark Drive\n|upkeep\n|-enditem|p2a: Iron Jugulis|Booster Energy\n|-activate|p2a: Iron Jugulis|ability: Quark Drive|[fromitem]\n|-start|p2a: Iron Jugulis|quarkdrivespe\n|turn|6\n|\n|t:|1745979301\n|move|p2a: Iron Jugulis|Air Slash|p1b: Iron Hands\n|-damage|p1b: Iron Hands|9/100\n|cant|p1b: Iron Hands|flinch\n|\n|-weather|SunnyDay|[upkeep]\n|-sideend|p2: stevie.bot|move: Tailwind\n|upkeep\n|turn|7\n|\n|t:|1745979306\n|move|p2a: Iron Jugulis|Air Slash|p1b: Iron Hands\n|-damage|p1b: Iron Hands|0 fnt\n|faint|p1b: Iron Hands\n|-end|p1b: Iron Hands|Quark Drive|[silent]\n|\n|win|stevie.bot\n|raw|escapadian's rating: 1194 &rarr; <strong>1173</strong><br />(-21 for losing)\n|raw|stevie.bot's rating: 1254 &rarr; <strong>1275</strong><br />(+21 for winning)\n|c|\u2606stevie.bot|ggs\n", "uploadtime": 1745979367, "views": 28, "formatid": "gen9vgc2025regibo3", "rating": 1173, "private": 0, "password": null}