{"id": "gen9vgc2025regibo3-2353438221", "format": "[Gen 9] VGC 2025 Reg I (Bo3)", "players": ["Mentalsyndrome", "Tony Krip"], "log": "|j|\u2606Mentalsyndrome\n|j|\u2606Tony Krip\n|html|<table width=\"100%\"><tr><td align=\"left\">Mentalsyndrome</td><td align=\"right\">Tony Krip</tr><tr><td align=\"left\"><i class=\"fa fa-circle\"></i> <i class=\"fa fa-circle-o\"></i> </td><td align=\"right\"><i class=\"fa fa-circle-o\"></i> <i class=\"fa fa-circle-o\"></i> </tr></table>\n|uhtml|bestof|<h2><strong>Game 2</strong> of <a href=\"/game-bestof3-gen9vgc2025regibo3-2353436180\">a best-of-3</a></h2>\n|t:|1745955975\n|gametype|doubles\n|player|p1|Mentalsyndrome|101|1210\n|player|p2|Tony Krip|hoopster|1129\n|teamsize|p1|6\n|teamsize|p2|6\n|gen|9\n|tier|[Gen 9] VGC 2025 Reg I (Bo3)\n|rated|\n|rule|Species Clause: Limit one of each Pok\u00e9mon\n|rule|Item Clause: Limit 1 of each item\n|clearpoke\n|poke|p1|Bastiodon, L50, F|\n|poke|p1|Flutter Mane, L50|\n|poke|p1|Grimmsnarl, L50, M|\n|poke|p1|Koraidon, L50|\n|poke|p1|Groudon, L50|\n|poke|p1|Brute Bonnet, L50|\n|poke|p2|Zacian-*, L50|\n|poke|p2|Kyogre, L50|\n|poke|p2|Urshifu-*, L50, F|\n|poke|p2|Landorus, L50, M|\n|poke|p2|Rillaboom, L50, M|\n|poke|p2|Whimsicott, L50, M|\n|teampreview|4\n|showteam|p1|Bastiodon||Leftovers|Sturdy|IronDefense,BodyPress,WideGuard,FoulPlay|||F|||50|,,,,,Water]Flutter Mane||FocusSash|Protosynthesis|IcyWind,Moonblast,Protect,Taunt||||||50|,,,,,Normal]Grimmsnarl||LightClay|Prankster|Reflect,LightScreen,SpiritBreak,ThunderWave|||M|||50|,,,,,Ghost]Koraidon||ClearAmulet|OrichalcumPulse|FlareBlitz,FlameCharge,CloseCombat,Protect||||||50|,,,,,Fire]Groudon||AssaultVest|Drought|PrecipiceBlades,HeatCrash,ThunderPunch,HighHorsepower||||||50|,,,,,Fire]Brute Bonnet||CovertCloak|Protosynthesis|SuckerPunch,Spore,RagePowder,SeedBomb||||||50|,,,,,Poison\n|showteam|p2|Zacian-Crowned||RustedSword|IntrepidSword|PlayRough,behemothblade,Protect,SwordsDance||||||50|,,,,,Fairy]Kyogre||Leftovers|Drizzle|Protect,OriginPulse,IceBeam,Thunder||||||50|,,,,,Grass]Urshifu||FocusSash|UnseenFist|CloseCombat,Detect,SuckerPunch,WickedBlow|||F|||50|,,,,,Dark]Landorus||LifeOrb|SheerForce|EarthPower,SandsearStorm,Psychic,Protect|||M|||50|,,,,,Water]Rillaboom||AssaultVest|GrassySurge|FakeOut,GrassyGlide,DrumBeating,Uturn|||M|||50|,,,,,Water]Whimsicott||CovertCloak|Prankster|GrassKnot,Taunt,Tailwind,Encore|||M|||50|,,,,,Grass\n|inactive|Battle timer is ON: inactive players will automatically lose when time's up. (requested by Mentalsyndrome)\n|inactive|Tony Krip has 60 seconds left.\n|\n|t:|1745956013\n|start\n|switch|p1a: Don Steadman|Flutter Mane, L50|100/100\n|switch|p1b: Groudon|Groudon, L50|100/100\n|switch|p2a: Landorus|Landorus, L50, M, shiny|100/100\n|switch|p2b: Rillaboom|Rillaboom, L50, M, shiny|100/100\n|-fieldstart|move: Grassy Terrain|[from] ability: Grassy Surge|[of] p2b: Rillaboom\n|-weather|SunnyDay|[from] ability: Drought|[of] p1b: Groudon\n|-activate|p1a: Don Steadman|ability: Protosynthesis\n|-start|p1a: Don Steadman|protosynthesisspe\n|turn|1\n|\n|t:|1745956028\n|switch|p2b: Kyogre|Kyogre, L50, shiny|100/100\n|-weather|RainDance|[from] ability: Drizzle|[of] p2b: Kyogre\n|-end|p1a: Don Steadman|Protosynthesis\n|-terastallize|p2a: Landorus|Water\n|move|p1a: Don Steadman|Icy Wind|p2a: Landorus|[spread] p2a,p2b\n|-resisted|p2a: Landorus\n|-resisted|p2b: Kyogre\n|-damage|p2a: Landorus|92/100\n|-damage|p2b: Kyogre|96/100\n|-unboost|p2a: Landorus|spe|1\n|-unboost|p2b: Kyogre|spe|1\n|move|p1b: Groudon|Thunder Punch|p2b: Kyogre\n|-supereffective|p2b: Kyogre\n|-damage|p2b: Kyogre|37/100\n|move|p2a: Landorus|Sandsear Storm|p1a: Don Steadman|[spread] p1a,p1b\n|-damage|p1a: Don Steadman|34/100\n|-damage|p1b: Groudon|64/100\n|\n|-weather|RainDance|[upkeep]\n|-heal|p1a: Don Steadman|40/100|[from] Grassy Terrain\n|-heal|p1b: Groudon|70/100|[from] Grassy Terrain\n|-heal|p2a: Landorus|98/100|[from] Grassy Terrain\n|-heal|p2b: Kyogre|43/100|[from] Grassy Terrain\n|-heal|p2b: Kyogre|49/100|[from] item: Leftovers\n|upkeep\n|turn|2\n|inactive|Mentalsyndrome has 30 seconds left.\n|inactive|Tony Krip has 30 seconds left.\n|inactive|Mentalsyndrome has 20 seconds left.\n|inactive|Mentalsyndrome has 15 seconds left.\n|inactive|Tony Krip has 20 seconds left.\n|\n|t:|1745956069\n|-end|p1a: Don Steadman|Protosynthesis|[silent]\n|switch|p1a: Don Hotwheels|Koraidon, L50|100/100\n|-weather|SunnyDay|[from] ability: Orichalcum Pulse|[of] p1a: Don Hotwheels\n|-activate|p1a: Don Hotwheels|Orichalcum Pulse|[source]\n|switch|p2b: Rillaboom|Rillaboom, L50, M, shiny|100/100\n|move|p2a: Landorus|Protect|p2a: Landorus\n|-singleturn|p2a: Landorus|Protect\n|move|p1b: Groudon|Precipice Blades|p2b: Rillaboom|[spread] p2b\n|-activate|p2a: Landorus|move: Protect\n|-resisted|p2b: Rillaboom\n|-damage|p2b: Rillaboom|71/100\n|\n|-weather|SunnyDay|[upkeep]\n|-heal|p2b: Rillaboom|77/100|[from] Grassy Terrain\n|-heal|p1b: Groudon|75/100|[from] Grassy Terrain\n|-heal|p2a: Landorus|100/100|[from] Grassy Terrain\n|upkeep\n|turn|3\n|\n|t:|1745956091\n|switch|p1b: Don Screens|Grimmsnarl, L50, M|100/100\n|switch|p2a: Kyogre|Kyogre, L50, shiny|49/100\n|-weather|RainDance|[from] ability: Drizzle|[of] p2a: Kyogre\n|move|p2b: Rillaboom|Fake Out|p1b: Don Screens\n|-damage|p1b: Don Screens|87/100\n|move|p1a: Don Hotwheels|Flame Charge|p2b: Rillaboom\n|-supereffective|p2b: Rillaboom\n|-damage|p2b: Rillaboom|57/100\n|-boost|p1a: Don Hotwheels|spe|1\n|\n|-weather|RainDance|[upkeep]\n|-heal|p2b: Rillaboom|62/100|[from] Grassy Terrain\n|-heal|p2a: Kyogre|55/100|[from] Grassy Terrain\n|-heal|p2a: Kyogre|61/100|[from] item: Leftovers\n|-heal|p1b: Don Screens|93/100|[from] Grassy Terrain\n|upkeep\n|turn|4\n|\n|t:|1745956115\n|move|p1b: Don Screens|Reflect|p1b: Don Screens\n|-sidestart|p1: Mentalsyndrome|Reflect\n|move|p1a: Don Hotwheels|Close Combat|p2a: Kyogre\n|-damage|p2a: Kyogre|0 fnt\n|-unboost|p1a: Don Hotwheels|def|1\n|-unboost|p1a: Don Hotwheels|spd|1\n|faint|p2a: Kyogre\n|move|p2b: Rillaboom|Drum Beating|p1b: Don Screens\n|-damage|p1b: Don Screens|59/100\n|-unboost|p1b: Don Screens|spe|1\n|\n|-weather|RainDance|[upkeep]\n|-heal|p2b: Rillaboom|68/100|[from] Grassy Terrain\n|-heal|p1b: Don Screens|65/100|[from] Grassy Terrain\n|upkeep\n|\n|t:|1745956127\n|switch|p2a: Zacian|Zacian-Crowned, L50, shiny|100/100\n|-ability|p2a: Zacian|Intrepid Sword|boost\n|-boost|p2a: Zacian|atk|1\n|turn|5\n|\n|t:|1745956140\n|switch|p1b: Groudon|Groudon, L50|75/100\n|-weather|SunnyDay|[from] ability: Drought|[of] p1b: Groudon\n|move|p1a: Don Hotwheels|Flare Blitz|p2a: Zacian\n|-supereffective|p2a: Zacian\n|-damage|p2a: Zacian|0 fnt\n|faint|p2a: Zacian\n|-damage|p1a: Don Hotwheels|67/100|[from] Recoil\n|move|p2b: Rillaboom|U-turn|p1b: Groudon\n|-damage|p1b: Groudon|65/100\n|-message|Tony Krip forfeited.\n|\n|win|Mentalsyndrome\n|raw|Mentalsyndrome's rating: 1210 &rarr; <strong>1229</strong><br />(+19 for winning)\n|raw|Tony Krip's rating: 1129 &rarr; <strong>1110</strong><br />(-19 for losing)\n|l|\u2606Tony Krip\n|player|p2|\n", "uploadtime": 1745956150, "views": 9, "formatid": "gen9vgc2025regibo3", "rating": 1110, "private": 0, "password": null}