{"id": "gen9vgc2025regibo3-2353689256", "format": "[Gen 9] VGC 2025 Reg I (Bo3)", "players": ["Iranupagoat", "Hunterhexin"], "log": "|j|\u2606Iranupagoat\n|j|\u2606Hunterhexin\n|html|<table width=\"100%\"><tr><td align=\"left\">Iranupagoat</td><td align=\"right\">Hunterhexin</tr><tr><td align=\"left\"><i class=\"fa fa-circle-o\"></i> <i class=\"fa fa-circle-o\"></i> </td><td align=\"right\"><i class=\"fa fa-circle-o\"></i> <i class=\"fa fa-circle-o\"></i> </tr></table>\n|uhtml|bestof|<h2><strong>Game 1</strong> of <a href=\"/game-bestof3-gen9vgc2025regibo3-2353689255\">a best-of-3</a></h2>\n|t:|1745983926\n|gametype|doubles\n|player|p1|Iranupagoat|1|1066\n|player|p2|Hunterhexin|102|1105\n|teamsize|p1|6\n|teamsize|p2|6\n|gen|9\n|tier|[Gen 9] VGC 2025 Reg I (Bo3)\n|rated|\n|rule|Species Clause: Limit one of each Pok\u00e9mon\n|rule|Item Clause: Limit 1 of each item\n|clearpoke\n|poke|p1|Kyogre, L50|\n|poke|p1|Overqwil, L50, F|\n|poke|p1|Basculegion, L50, M|\n|poke|p1|Archaludon, L50, M|\n|poke|p1|Scrafty, L50, F|\n|poke|p1|Calyrex-Shadow, L50|\n|poke|p2|Koraidon, L50|\n|poke|p2|Weezing-Galar, L50, M|\n|poke|p2|Electrode-Hisui, L50|\n|poke|p2|Miraidon, L50|\n|poke|p2|Iron Boulder, L50|\n|poke|p2|Incineroar, L50, F|\n|teampreview|4\n|showteam|p1|Kyogre||ChoiceScarf|Drizzle|WaterSpout,OriginPulse,IceBeam,Thunder||||||50|,,,,,Grass]Overqwil||LifeOrb|SwiftSwim|BarbBarrage,ToxicSpikes,Protect,Liquidation|||F|||50|,,,,,Dark]Basculegion||WeaknessPolicy|SwiftSwim|WaveCrash,LastRespects,AquaJet,Protect|||M|||50|,,,,,Water]Archaludon||CovertCloak|Stamina|ElectroShot,BodyPress,DracoMeteor,FlashCannon|||M|||50|,,,,,Fairy]Scrafty||AssaultVest|Intimidate|CloseCombat,FakeOut,BeatUp,KnockOff|||F|||50|,,,,,Steel]Calyrex-Shadow||SafetyGoggles|AsOneSpectrier|AstralBarrage,Psychic,DrainingKiss,Protect||||||50|,,,,,Steel\n|showteam|p2|Koraidon||Leftovers|OrichalcumPulse|FlareBlitz,ZenHeadbutt,CollisionCourse,Protect||||||50|,,,,,Steel]Weezing-Galar||ChoiceSpecs|NeutralizingGas|Overheat,StrangeSteam,SludgeBomb,DarkPulse|||M|||50|,,,,,Fire]Electrode-Hisui||CovertCloak|Aftermath|Reflect,Electroweb,ThunderWave,Taunt||||||50|,,,,,Normal]Miraidon||ElectricSeed|HadronEngine|ElectroDrift,DragonPulse,Protect,ThunderWave||||||50|,,,,,Poison]Iron Boulder||ChoiceBand|QuarkDrive|MightyCleave,SolarBlade,ThroatChop,CloseCombat||||||50|,,,,,Dark]Incineroar||AguavBerry|Intimidate|KnockOff,FakeOut,FlareBlitz,PartingShot|||F|||50|,,,,,Ghost\n|\n|t:|1745983981\n|start\n|switch|p1a: Scrafty|Scrafty, L50, F|100/100\n|switch|p1b: Calyrex|Calyrex-Shadow, L50|100/100\n|switch|p2a: Incineroar|Incineroar, L50, F|100/100\n|switch|p2b: Electrode|Electrode-Hisui, L50|100/100\n|-ability|p1b: Calyrex|As One\n|-ability|p1b: Calyrex|Unnerve\n|-ability|p2a: Incineroar|Intimidate|boost\n|-unboost|p1a: Scrafty|atk|1\n|-unboost|p1b: Calyrex|atk|1\n|-ability|p1a: Scrafty|Intimidate|boost\n|-unboost|p2a: Incineroar|atk|1\n|-unboost|p2b: Electrode|atk|1\n|turn|1\n|inactive|Battle timer is ON: inactive players will automatically lose when time's up. (requested by Hunterhexin)\n|inactive|Iranupagoat has 60 seconds left.\n|\n|t:|1745984017\n|switch|p1b: Kyogre|Kyogre, L50|100/100\n|-weather|RainDance|[from] ability: Drizzle|[of] p1b: Kyogre\n|-terastallize|p2b: Electrode|Normal\n|move|p2a: Incineroar|Fake Out|p1a: Scrafty\n|-damage|p1a: Scrafty|92/100\n|cant|p1a: Scrafty|flinch\n|move|p2b: Electrode|Electroweb|p1a: Scrafty|[spread] p1a,p1b\n|-supereffective|p1b: Kyogre\n|-damage|p1a: Scrafty|84/100\n|-damage|p1b: Kyogre|82/100\n|-unboost|p1a: Scrafty|spe|1\n|-unboost|p1b: Kyogre|spe|1\n|\n|-weather|RainDance|[upkeep]\n|upkeep\n|turn|2\n|inactive|Iranupagoat has 30 seconds left.\n|inactive|Hunterhexin has 30 seconds left.\n|\n|t:|1745984046\n|switch|p2b: Koraidon|Koraidon, L50|100/100\n|-weather|SunnyDay|[from] ability: Orichalcum Pulse|[of] p2b: Koraidon\n|-activate|p2b: Koraidon|Orichalcum Pulse|[source]\n|-terastallize|p1b: Kyogre|Grass\n|move|p1b: Kyogre|Origin Pulse|p2a: Incineroar|[spread] p2a\n|-miss|p1b: Kyogre|p2b: Koraidon\n|-supereffective|p2a: Incineroar\n|-damage|p2a: Incineroar|60/100\n|move|p2a: Incineroar|Knock Off|p1b: Kyogre\n|-crit|p1b: Kyogre\n|-damage|p1b: Kyogre|3/100\n|-enditem|p1b: Kyogre|Choice Scarf|[from] move: Knock Off|[of] p2a: Incineroar\n|move|p1a: Scrafty|Close Combat|p2b: Koraidon\n|-damage|p2b: Koraidon|73/100\n|-unboost|p1a: Scrafty|def|1\n|-unboost|p1a: Scrafty|spd|1\n|\n|-weather|SunnyDay|[upkeep]\n|-heal|p2b: Koraidon|79/100|[from] item: Leftovers\n|upkeep\n|turn|3\n|inactive|Iranupagoat has 30 seconds left.\n|inactive|Hunterhexin has 30 seconds left.\n|inactive|Hunterhexin has 20 seconds left.\n|inactive|Hunterhexin has 15 seconds left.\n|inactive|Hunterhexin has 10 seconds left.\n|\n|t:|1745984093\n|switch|p2a: Weezing|Weezing-Galar, L50, M|100/100\n|-ability|p2a: Weezing|Neutralizing Gas\n|move|p2b: Koraidon|Collision Course|p1a: Scrafty\n|-supereffective|p1a: Scrafty\n|-damage|p1a: Scrafty|0 fnt\n|faint|p1a: Scrafty\n|move|p1b: Kyogre|Ice Beam|p2b: Koraidon\n|-supereffective|p2b: Koraidon\n|-damage|p2b: Koraidon|12/100\n|\n|-weather|SunnyDay|[upkeep]\n|-heal|p2b: Koraidon|18/100|[from] item: Leftovers\n|upkeep\n|\n|t:|1745984112\n|switch|p1a: Basculegion|Basculegion, L50, M|100/100\n|turn|4\n|\n|t:|1745984130\n|switch|p1b: Calyrex|Calyrex-Shadow, L50|100/100\n|-ability|p1b: Calyrex|As One\n|-ability|p1b: Calyrex|Unnerve\n|move|p2b: Koraidon|Protect|p2b: Koraidon\n|-singleturn|p2b: Koraidon|Protect\n|move|p1a: Basculegion|Protect|p1a: Basculegion\n|-singleturn|p1a: Basculegion|Protect\n|move|p2a: Weezing|Dark Pulse|p1a: Basculegion\n|-activate|p1a: Basculegion|move: Protect\n|\n|-weather|SunnyDay|[upkeep]\n|-heal|p2b: Koraidon|24/100|[from] item: Leftovers\n|upkeep\n|turn|5\n|inactive|Iranupagoat has 30 seconds left.\n|inactive|Hunterhexin has 30 seconds left.\n|\n|t:|1745984157\n|switch|p2b: Incineroar|Incineroar, L50, F|60/100\n|switch|p1a: Kyogre|Kyogre, L50, tera:Grass|3/100\n|move|p1b: Calyrex|Draining Kiss|p2b: Incineroar\n|-damage|p2b: Incineroar|40/100\n|move|p2a: Weezing|Dark Pulse|p1b: Calyrex\n|-supereffective|p1b: Calyrex\n|-damage|p1b: Calyrex|0 fnt\n|faint|p1b: Calyrex\n|\n|-weather|SunnyDay|[upkeep]\n|upkeep\n|\n|t:|1745984166\n|switch|p1b: Basculegion|Basculegion, L50, M|100/100\n|turn|6\n|c|\u2606Hunterhexin|Gg\n|\n|t:|1745984179\n|move|p2b: Incineroar|Fake Out|p1a: Kyogre\n|-damage|p1a: Kyogre|0 fnt\n|faint|p1a: Kyogre\n|move|p1b: Basculegion|Last Respects|p2a: Weezing\n|-damage|p2a: Weezing|0 fnt\n|faint|p2a: Weezing\n|-end|p2a: Weezing|ability: Neutralizing Gas\n|-ability|p2b: Incineroar|Intimidate|boost\n|-unboost|p1b: Basculegion|atk|1\n|\n|-weather|none\n|upkeep\n|\n|t:|1745984192\n|switch|p2a: Electrode|Electrode-Hisui, L50, tera:Normal|100/100\n|turn|7\n|\n|t:|1745984206\n|move|p2a: Electrode|Reflect|p2a: Electrode\n|-sidestart|p2: Hunterhexin|Reflect\n|move|p1b: Basculegion|Last Respects|p2a: Electrode\n|-immune|p2a: Electrode\n|move|p2b: Incineroar|Parting Shot|p1b: Basculegion\n|-unboost|p1b: Basculegion|atk|1\n|-unboost|p1b: Basculegion|spa|1\n|\n|t:|1745984211\n|switch|p2b: Koraidon|Koraidon, L50|24/100|[from] Parting Shot\n|-weather|SunnyDay|[from] ability: Orichalcum Pulse|[of] p2b: Koraidon\n|-activate|p2b: Koraidon|Orichalcum Pulse|[source]\n|\n|-weather|SunnyDay|[upkeep]\n|-heal|p2b: Koraidon|30/100|[from] item: Leftovers\n|upkeep\n|turn|8\n|-message|Iranupagoat forfeited.\n|\n|win|Hunterhexin\n|l|\u2606Iranupagoat\n|player|p1|\n||Hunterhexin is ready for game 2.\n||Iranupagoat is ready for game 2.\n|uhtml|next|Next: <a href=\"/battle-gen9vgc2025regibo3-2353691445\"><strong>Game 2 of 3</strong></a>\n", "uploadtime": 1745984516, "views": 6, "formatid": "gen9vgc2025regibo3", "rating": null, "private": 0, "password": null}