{"id": "gen9vgc2025regibo3-2353980649", "format": "[Gen 9] VGC 2025 Reg I (Bo3)", "players": ["direclawexperience", "matrod"], "log": "|j|\u2606direclawexperience\n|j|\u2606matrod\n|html|<table width=\"100%\"><tr><td align=\"left\">direclawexperience</td><td align=\"right\">matrod</tr><tr><td align=\"left\"><i class=\"fa fa-circle-o\"></i> <i class=\"fa fa-circle-o\"></i> </td><td align=\"right\"><i class=\"fa fa-circle-o\"></i> <i class=\"fa fa-circle\"></i> </tr></table>\n|uhtml|bestof|<h2><strong>Game 2</strong> of <a href=\"/game-bestof3-gen9vgc2025regibo3-2353977222\">a best-of-3</a></h2>\n|t:|1746024620\n|gametype|doubles\n|player|p1|direclawexperience|benga|1260\n|player|p2|matrod|steven|1267\n|teamsize|p1|6\n|teamsize|p2|6\n|gen|9\n|tier|[Gen 9] VGC 2025 Reg I (Bo3)\n|rated|\n|rule|Species Clause: Limit one of each Pok\u00e9mon\n|rule|Item Clause: Limit 1 of each item\n|clearpoke\n|poke|p1|Zamazenta-*, L50|\n|poke|p1|Raging Bolt, L50|\n|poke|p1|Flutter Mane, L50|\n|poke|p1|Volcarona, L50, M|\n|poke|p1|Urshifu-*, L50, M|\n|poke|p1|Terapagos, L50, M|\n|poke|p2|Koraidon, L50|\n|poke|p2|Calyrex-Shadow, L50|\n|poke|p2|Grimmsnarl, L50, M|\n|poke|p2|Brute Bonnet, L50|\n|poke|p2|Rillaboom, L50, F|\n|poke|p2|Weezing, L50, F|\n|teampreview|4\n|showteam|p1|Zamazenta-Crowned||RustedShield|DauntlessShield|BodyPress,IronDefense,HeavySlam,Protect||||||50|,,,,,Dragon]Raging Bolt||AssaultVest|Protosynthesis|Electroweb,Snarl,Thunderclap,DracoMeteor||||||50|,,,,,Fairy]Flutter Mane||BoosterEnergy|Protosynthesis|Moonblast,Hex,ThunderWave,Taunt||||||50|,,,,,Stellar]Volcarona||RockyHelmet|FlameBody|Overheat,RagePowder,WillOWisp,Tailwind|||M|||50|,,,,,Water]Urshifu||ChoiceBand|UnseenFist|WickedBlow,Uturn,CloseCombat,SuckerPunch|||M|||50|,,,,,Ghost]Terapagos||PowerHerb|TeraShift|TeraStarstorm,MeteorBeam,Substitute,Protect|||M|||50|,,,,,Stellar\n|showteam|p2|Koraidon||AbilityShield|OrichalcumPulse|CollisionCourse,FlareBlitz,FlameCharge,Protect||||||50|,,,,,Fire]Calyrex-Shadow||Leftovers|AsOneSpectrier|AstralBarrage,DrainingKiss,CalmMind,Protect||||||50|,,,,,Fairy]Grimmsnarl||LightClay|Prankster|Reflect,LightScreen,SpiritBreak,PartingShot|||M|||50|,,,,,Ghost]Brute Bonnet||CovertCloak|Protosynthesis|PollenPuff,SuckerPunch,Spore,RagePowder||||||50|,,,,,Fire]Rillaboom||AssaultVest|GrassySurge|FakeOut,WoodHammer,GrassyGlide,Uturn|||F|||50|,,,,,Fire]Weezing||FocusSash|NeutralizingGas|WillOWisp,ToxicSpikes,PoisonGas,Protect|||F|||50|,,,,,Normal\n|inactive|Battle timer is ON: inactive players will automatically lose when time's up. (requested by direclawexperience)\n|inactive|matrod has 60 seconds left.\n|inactive|matrod has 30 seconds left.\n|\n|t:|1746024686\n|start\n|switch|p1a: Volcarona|Volcarona, L50, M|100/100\n|switch|p1b: Flutter Mane|Flutter Mane, L50|100/100\n|switch|p2a: Calyrex|Calyrex-Shadow, L50|100/100\n|switch|p2b: Brute Bonnet|Brute Bonnet, L50, shiny|100/100\n|-ability|p2a: Calyrex|As One\n|-ability|p2a: Calyrex|Unnerve\n|-enditem|p1b: Flutter Mane|Booster Energy\n|-activate|p1b: Flutter Mane|ability: Protosynthesis|[fromitem]\n|-start|p1b: Flutter Mane|protosynthesisspe\n|turn|1\n|inactive|direclawexperience has 30 seconds left.\n|inactive|matrod has 30 seconds left.\n|inactive|direclawexperience has 20 seconds left.\n|inactive|matrod has 20 seconds left.\n|\n|t:|1746024729\n|move|p2b: Brute Bonnet|Sucker Punch||[still]\n|-fail|p2b: Brute Bonnet\n|move|p1b: Flutter Mane|Taunt|p2b: Brute Bonnet\n|-start|p2b: Brute Bonnet|move: Taunt\n|move|p2a: Calyrex|Astral Barrage|p1b: Flutter Mane|[spread] p1a,p1b\n|-supereffective|p1b: Flutter Mane\n|-damage|p1a: Volcarona|49/100\n|-damage|p1b: Flutter Mane|12/100\n|move|p1a: Volcarona|Tailwind|p1a: Volcarona\n|-sidestart|p1: direclawexperience|move: Tailwind\n|\n|upkeep\n|turn|2\n|\n|t:|1746024755\n|-terastallize|p2a: Calyrex|Fairy\n|move|p1b: Flutter Mane|Thunder Wave|p2a: Calyrex\n|-status|p2a: Calyrex|par\n|move|p1a: Volcarona|Overheat|p2b: Brute Bonnet\n|-supereffective|p2b: Brute Bonnet\n|-damage|p2b: Brute Bonnet|12/100\n|-unboost|p1a: Volcarona|spa|2\n|move|p2a: Calyrex|Calm Mind|p2a: Calyrex\n|-boost|p2a: Calyrex|spa|1\n|-boost|p2a: Calyrex|spd|1\n|move|p2b: Brute Bonnet|Pollen Puff|p2a: Calyrex\n|\n|upkeep\n|turn|3\n|inactive|direclawexperience has 30 seconds left.\n|inactive|direclawexperience has 20 seconds left.\n|\n|t:|1746024794\n|switch|p1a: Zamazenta|Zamazenta-Crowned, L50|100/100\n|-ability|p1a: Zamazenta|Dauntless Shield|boost\n|-boost|p1a: Zamazenta|def|1\n|move|p1b: Flutter Mane|Moonblast|p2b: Brute Bonnet\n|-supereffective|p2b: Brute Bonnet\n|-damage|p2b: Brute Bonnet|0 fnt\n|faint|p2b: Brute Bonnet\n|-end|p2b: Brute Bonnet|Protosynthesis|[silent]\n|move|p2a: Calyrex|Astral Barrage|p1b: Flutter Mane|[spread] p1a,p1b\n|-supereffective|p1b: Flutter Mane\n|-damage|p1a: Zamazenta|44/100\n|-damage|p1b: Flutter Mane|0 fnt\n|faint|p1b: Flutter Mane\n|-end|p1b: Flutter Mane|Protosynthesis|[silent]\n|-ability|p2a: Calyrex|Grim Neigh|boost\n|-boost|p2a: Calyrex|spa|1\n|\n|upkeep\n|inactive|matrod has 30 seconds left.\n|\n|t:|1746024822\n|switch|p1b: Raging Bolt|Raging Bolt, L50|100/100\n|switch|p2b: Grimmsnarl|Grimmsnarl, L50, M, shiny|100/100\n|turn|4\n|\n|t:|1746024843\n|-terastallize|p1b: Raging Bolt|Fairy\n|move|p2a: Calyrex|Protect|p2a: Calyrex\n|-singleturn|p2a: Calyrex|Protect\n|move|p2b: Grimmsnarl|Reflect|p2b: Grimmsnarl\n|-sidestart|p2: matrod|Reflect\n|move|p1a: Zamazenta|Heavy Slam|p2b: Grimmsnarl\n|-supereffective|p2b: Grimmsnarl\n|-damage|p2b: Grimmsnarl|27/100\n|move|p1b: Raging Bolt|Electroweb|p2b: Grimmsnarl|[spread] p2b\n|-activate|p2a: Calyrex|move: Protect\n|-damage|p2b: Grimmsnarl|9/100\n|-unboost|p2b: Grimmsnarl|spe|1\n|\n|-sideend|p1: direclawexperience|move: Tailwind\n|upkeep\n|turn|5\n|\n|t:|1746024864\n|move|p2b: Grimmsnarl|Parting Shot|p1a: Zamazenta\n|-unboost|p1a: Zamazenta|atk|1\n|-unboost|p1a: Zamazenta|spa|1\n|\n|t:|1746024866\n|switch|p2b: Koraidon|Koraidon, L50|100/100|[from] Parting Shot\n|-weather|SunnyDay|[from] ability: Orichalcum Pulse|[of] p2b: Koraidon\n|-activate|p1b: Raging Bolt|ability: Protosynthesis\n|-start|p1b: Raging Bolt|protosynthesisspa\n|-activate|p2b: Koraidon|Orichalcum Pulse|[source]\n|move|p1a: Zamazenta|Heavy Slam|p2a: Calyrex\n|-supereffective|p2a: Calyrex\n|-crit|p2a: Calyrex\n|-damage|p2a: Calyrex|0 fnt\n|faint|p2a: Calyrex\n|move|p1b: Raging Bolt|Electroweb|p2b: Koraidon\n|-resisted|p2b: Koraidon\n|-damage|p2b: Koraidon|79/100\n|-unboost|p2b: Koraidon|spe|1\n|\n|-weather|SunnyDay|[upkeep]\n|upkeep\n|c|\u2606matrod|ok\n|c|\u2606matrod|nice\n|\n|t:|1746024878\n|switch|p2a: Grimmsnarl|Grimmsnarl, L50, M, shiny|9/100\n|turn|6\n|\n|t:|1746024887\n|move|p1a: Zamazenta|Body Press|p2b: Koraidon\n|-damage|p2b: Koraidon|36/100\n|move|p2b: Koraidon|Flare Blitz|p1b: Raging Bolt\n|-crit|p1b: Raging Bolt\n|-damage|p1b: Raging Bolt|0 fnt\n|faint|p1b: Raging Bolt\n|-end|p1b: Raging Bolt|Protosynthesis|[silent]\n|-damage|p2b: Koraidon|0 fnt|[from] Recoil\n|faint|p2b: Koraidon\n|move|p2a: Grimmsnarl|Spirit Break|p1a: Zamazenta\n|-damage|p1a: Zamazenta|32/100\n|-unboost|p1a: Zamazenta|spa|1\n|\n|-weather|SunnyDay|[upkeep]\n|upkeep\n|-message|matrod forfeited.\n|\n|win|direclawexperience\n||matrod is ready for game 3.\n|l|\u2606direclawexperience\n|player|p1|\n||direclawexperience is ready for game 3.\n|uhtml|next|Next: <a href=\"/battle-gen9vgc2025regibo3-2353983842\"><strong>Game 3 of 3</strong></a>\n", "uploadtime": 1746025027, "views": 6, "formatid": "gen9vgc2025regibo3", "rating": null, "private": 0, "password": null}