{"id": "gen9vgc2025regibo3-2354120365", "format": "[Gen 9] VGC 2025 Reg I (Bo3)", "players": ["camp03", "BarcelonaBoy"], "log": "|j|\u2606camp03\n|j|\u2606BarcelonaBoy\n|html|<table width=\"100%\"><tr><td align=\"left\">camp03</td><td align=\"right\">BarcelonaBoy</tr><tr><td align=\"left\"><i class=\"fa fa-circle-o\"></i> <i class=\"fa fa-circle-o\"></i> </td><td align=\"right\"><i class=\"fa fa-circle-o\"></i> <i class=\"fa fa-circle-o\"></i> </tr></table>\n|uhtml|bestof|<h2><strong>Game 1</strong> of <a href=\"/game-bestof3-gen9vgc2025regibo3-2354120364\">a best-of-3</a></h2>\n|t:|1746036587\n|gametype|doubles\n|player|p1|camp03|170|1040\n|player|p2|BarcelonaBoy|ltsurge|1043\n|teamsize|p1|6\n|teamsize|p2|6\n|gen|9\n|tier|[Gen 9] VGC 2025 Reg I (Bo3)\n|rated|\n|rule|Species Clause: Limit one of each Pok\u00e9mon\n|rule|Item Clause: Limit 1 of each item\n|clearpoke\n|poke|p1|Zamazenta-*, L50|\n|poke|p1|Calyrex-Shadow, L50|\n|poke|p1|Chien-Pao, L50|\n|poke|p1|Chi-Yu, L50|\n|poke|p1|Rillaboom, L50, M|\n|poke|p1|Pelipper, L50, F|\n|poke|p2|Zamazenta-*, L50|\n|poke|p2|Iron Valiant, L50|\n|poke|p2|Amoonguss, L50, F|\n|poke|p2|Miraidon, L50|\n|poke|p2|Clawitzer, L50, M|\n|poke|p2|Ogerpon-Hearthflame, L50, F|\n|teampreview|4\n|showteam|p1|Zamazenta-Crowned||RustedShield|DauntlessShield|BodyPress,WideGuard,behemothbash,Protect||||||50|,,,,,Water]Calyrex-Shadow||SpellTag|AsOneSpectrier|AstralBarrage,Psychic,NastyPlot,Protect||||||50|,,,,,Normal]Chien-Pao||FocusSash|SwordofRuin|SuckerPunch,IceSpinner,Crunch,Protect||||||50|,,,,,Dark]Chi-Yu||ChoiceScarf|BeadsofRuin|HeatWave,Snarl,DarkPulse,Overheat||||||50|,,,,,Ghost]Rillaboom||AssaultVest|GrassySurge|FakeOut,GrassyGlide,WoodHammer,KnockOff|||M|||50|,,,,,Fire]Pelipper||LifeOrb|Drizzle|WideGuard,Hurricane,WeatherBall,Tailwind|||F|||50|,,,,,Ghost\n|showteam|p2|Zamazenta-Crowned||RustedShield|DauntlessShield|BodyPress,HeavySlam,WideGuard,Protect||||||50|,,,,,Fighting]Iron Valiant||BoosterEnergy|QuarkDrive|SpiritBreak,Coaching,Disable,Encore||||||50|,,,,,Ghost]Amoonguss||RockyHelmet|Regenerator|Spore,RagePowder,PollenPuff,Protect|||F|||50|,,,,,Dark]Miraidon||ChoiceSpecs|HadronEngine|ElectroDrift,DracoMeteor,VoltSwitch,DazzlingGleam||||||50|,,,,,Fairy]Clawitzer||Leftovers|MegaLauncher|Protect,HelpingHand,HealPulse,WaterPulse|||M|||50|,,,,,Grass]Ogerpon-Hearthflame||HearthflameMask|MoldBreaker|IvyCudgel,HornLeech,KnockOff,SpikyShield|||F|||50|,,,,,Fire\n|inactive|Battle timer is ON: inactive players will automatically lose when time's up. (requested by BarcelonaBoy)\n|\n|t:|1746036675\n|start\n|switch|p1a: Calyrex|Calyrex-Shadow, L50|100/100\n|switch|p1b: Pelipper|Pelipper, L50, F|100/100\n|switch|p2a: Ogerpon|Ogerpon-Hearthflame, L50, F|100/100\n|switch|p2b: Zamazenta|Zamazenta-Crowned, L50|100/100\n|-ability|p1a: Calyrex|As One\n|-ability|p1a: Calyrex|Unnerve\n|-ability|p2b: Zamazenta|Dauntless Shield|boost\n|-boost|p2b: Zamazenta|def|1\n|-ability|p2a: Ogerpon|Mold Breaker\n|-weather|RainDance|[from] ability: Drizzle|[of] p1b: Pelipper\n|turn|1\n|inactive|camp03 has 30 seconds left.\n|inactive|BarcelonaBoy has 30 seconds left.\n|inactive|camp03 has 20 seconds left.\n|\n|t:|1746036712\n|move|p1a: Calyrex|Astral Barrage|p2b: Zamazenta|[spread] p2a,p2b\n|-damage|p2a: Ogerpon|32/100\n|-damage|p2b: Zamazenta|53/100\n|move|p2b: Zamazenta|Heavy Slam|p1b: Pelipper\n|-resisted|p1b: Pelipper\n|-damage|p1b: Pelipper|74/100\n|move|p2a: Ogerpon|Knock Off|p1a: Calyrex\n|-supereffective|p1a: Calyrex\n|-damage|p1a: Calyrex|0 fnt\n|-enditem|p1a: Calyrex|Spell Tag|[from] move: Knock Off|[of] p2a: Ogerpon\n|faint|p1a: Calyrex\n|move|p1b: Pelipper|Hurricane|p2a: Ogerpon\n|-supereffective|p2a: Ogerpon\n|-damage|p2a: Ogerpon|0 fnt\n|faint|p2a: Ogerpon\n|-damage|p1b: Pelipper|64/100|[from] item: Life Orb\n|\n|-weather|RainDance|[upkeep]\n|upkeep\n|\n|t:|1746036729\n|switch|p1a: Zamazenta|Zamazenta-Crowned, L50|100/100\n|switch|p2a: Miraidon|Miraidon, L50|100/100\n|-ability|p1a: Zamazenta|Dauntless Shield|boost\n|-boost|p1a: Zamazenta|def|1\n|-fieldstart|move: Electric Terrain|[from] ability: Hadron Engine|[of] p2a: Miraidon\n|turn|2\n|\n|t:|1746036751\n|switch|p1b: Rillaboom|Rillaboom, L50, M|100/100\n|-fieldstart|move: Grassy Terrain|[from] ability: Grassy Surge|[of] p1b: Rillaboom\n|move|p2b: Zamazenta|Protect|p2b: Zamazenta\n|-singleturn|p2b: Zamazenta|Protect\n|move|p1a: Zamazenta|Body Press|p2b: Zamazenta\n|-activate|p2b: Zamazenta|move: Protect\n|move|p2a: Miraidon|Electro Drift|p1b: Rillaboom\n|-resisted|p1b: Rillaboom\n|-damage|p1b: Rillaboom|73/100\n|\n|-weather|RainDance|[upkeep]\n|-heal|p2b: Zamazenta|59/100|[from] Grassy Terrain\n|-heal|p1b: Rillaboom|79/100|[from] Grassy Terrain\n|upkeep\n|turn|3\n|inactive|camp03 has 30 seconds left.\n|inactive|BarcelonaBoy has 30 seconds left.\n|\n|t:|1746036786\n|switch|p2a: Iron Valiant|Iron Valiant, L50|100/100\n|-enditem|p2a: Iron Valiant|Booster Energy\n|-activate|p2a: Iron Valiant|ability: Quark Drive|[fromitem]\n|-start|p2a: Iron Valiant|quarkdrivespe\n|-terastallize|p2b: Zamazenta|Fighting\n|move|p1b: Rillaboom|Fake Out|p2a: Iron Valiant\n|-damage|p2a: Iron Valiant|88/100\n|move|p1a: Zamazenta|Body Press|p2b: Zamazenta\n|-damage|p2b: Zamazenta|34/100\n|move|p2b: Zamazenta|Body Press|p1a: Zamazenta\n|-supereffective|p1a: Zamazenta\n|-damage|p1a: Zamazenta|17/100\n|\n|-weather|RainDance|[upkeep]\n|-heal|p2a: Iron Valiant|94/100|[from] Grassy Terrain\n|-heal|p1a: Zamazenta|23/100|[from] Grassy Terrain\n|-heal|p2b: Zamazenta|40/100|[from] Grassy Terrain\n|-heal|p1b: Rillaboom|85/100|[from] Grassy Terrain\n|upkeep\n|turn|4\n|inactive|BarcelonaBoy has 30 seconds left.\n|inactive|BarcelonaBoy has 20 seconds left.\n|\n|t:|1746036824\n|move|p1a: Zamazenta|Protect|p1a: Zamazenta\n|-singleturn|p1a: Zamazenta|Protect\n|move|p1b: Rillaboom|Grassy Glide|p2a: Iron Valiant\n|-damage|p2a: Iron Valiant|63/100\n|move|p2a: Iron Valiant|Coaching|p2b: Zamazenta\n|-boost|p2b: Zamazenta|atk|1\n|-boost|p2b: Zamazenta|def|1\n|move|p2b: Zamazenta|Body Press|p1a: Zamazenta\n|-activate|p1a: Zamazenta|move: Protect\n|\n|-weather|RainDance|[upkeep]\n|-heal|p2a: Iron Valiant|68/100|[from] Grassy Terrain\n|-heal|p1a: Zamazenta|29/100|[from] Grassy Terrain\n|-heal|p2b: Zamazenta|46/100|[from] Grassy Terrain\n|-heal|p1b: Rillaboom|90/100|[from] Grassy Terrain\n|upkeep\n|turn|5\n|inactive|BarcelonaBoy has 30 seconds left.\n|\n|t:|1746036857\n|move|p2a: Iron Valiant|Encore|p1a: Zamazenta\n|-start|p1a: Zamazenta|Encore\n|move|p1a: Zamazenta|Protect|p1a: Zamazenta\n|-singleturn|p1a: Zamazenta|Protect\n|move|p2b: Zamazenta|Body Press|p1a: Zamazenta\n|-activate|p1a: Zamazenta|move: Protect\n|move|p1b: Rillaboom|Wood Hammer|p2a: Iron Valiant\n|-damage|p2a: Iron Valiant|0 fnt\n|faint|p2a: Iron Valiant\n|-end|p2a: Iron Valiant|Quark Drive|[silent]\n|-damage|p1b: Rillaboom|72/100|[from] Recoil\n|\n|-weather|none\n|-heal|p1a: Zamazenta|35/100|[from] Grassy Terrain\n|-heal|p2b: Zamazenta|52/100|[from] Grassy Terrain\n|-heal|p1b: Rillaboom|77/100|[from] Grassy Terrain\n|upkeep\n|\n|t:|1746036874\n|switch|p2a: Miraidon|Miraidon, L50|100/100\n|-fieldstart|move: Electric Terrain|[from] ability: Hadron Engine|[of] p2a: Miraidon\n|turn|6\n|inactive|BarcelonaBoy has 30 seconds left.\n|\n|t:|1746036899\n|switch|p1b: Pelipper|Pelipper, L50, F|64/100\n|-weather|RainDance|[from] ability: Drizzle|[of] p1b: Pelipper\n|move|p1a: Zamazenta|Protect||[still]\n|-fail|p1a: Zamazenta\n|move|p2a: Miraidon|Electro Drift|p1b: Pelipper\n|-supereffective|p1b: Pelipper\n|-damage|p1b: Pelipper|0 fnt\n|faint|p1b: Pelipper\n|move|p2b: Zamazenta|Body Press|p1a: Zamazenta\n|-supereffective|p1a: Zamazenta\n|-damage|p1a: Zamazenta|0 fnt\n|faint|p1a: Zamazenta\n|\n|-weather|RainDance|[upkeep]\n|upkeep\n|\n|t:|1746036909\n|switch|p1a: Rillaboom|Rillaboom, L50, M|77/100\n|-fieldstart|move: Grassy Terrain|[from] ability: Grassy Surge|[of] p1a: Rillaboom\n|turn|7\n|\n|t:|1746036926\n|move|p1a: Rillaboom|Fake Out|p2b: Zamazenta\n|-damage|p2b: Zamazenta|48/100\n|move|p2a: Miraidon|Electro Drift|p1a: Rillaboom\n|-resisted|p1a: Rillaboom\n|-damage|p1a: Rillaboom|50/100\n|cant|p2b: Zamazenta|flinch\n|\n|-weather|RainDance|[upkeep]\n|-heal|p2b: Zamazenta|54/100|[from] Grassy Terrain\n|-heal|p1a: Rillaboom|56/100|[from] Grassy Terrain\n|upkeep\n|turn|8\n|\n|t:|1746036939\n|move|p1a: Rillaboom|Grassy Glide|p2b: Zamazenta\n|-damage|p2b: Zamazenta|44/100\n|move|p2a: Miraidon|Electro Drift|p1a: Rillaboom\n|-resisted|p1a: Rillaboom\n|-damage|p1a: Rillaboom|29/100\n|move|p2b: Zamazenta|Body Press|p1a: Rillaboom\n|-damage|p1a: Rillaboom|0 fnt\n|faint|p1a: Rillaboom\n|\n|win|BarcelonaBoy\n||camp03 is ready for game 2.\n||BarcelonaBoy is ready for game 2.\n|uhtml|next|Next: <a href=\"/battle-gen9vgc2025regibo3-2354124556\"><strong>Game 2 of 3</strong></a>\n", "uploadtime": 1746037293, "views": 6, "formatid": "gen9vgc2025regibo3", "rating": null, "private": 0, "password": null}