{"id": "gen9vgc2025regibo3-2354616790", "format": "[Gen 9] VGC 2025 Reg I (Bo3)", "players": ["Eternatususususu", "shucklestrats"], "log": "|j|\u2606Eternatususususu\n|j|\u2606shucklestrats\n|html|<table width=\"100%\"><tr><td align=\"left\">Eternatususususu</td><td align=\"right\">shucklestrats</tr><tr><td align=\"left\"><i class=\"fa fa-circle\"></i> <i class=\"fa fa-circle-o\"></i> </td><td align=\"right\"><i class=\"fa fa-circle-o\"></i> <i class=\"fa fa-circle-o\"></i> </tr></table>\n|uhtml|bestof|<h2><strong>Game 2</strong> of <a href=\"/game-bestof3-gen9vgc2025regibo3-2354615041\">a best-of-3</a></h2>\n|t:|1746103319\n|gametype|doubles\n|player|p1|Eternatususususu|pokekid|1200\n|player|p2|shucklestrats|artist-gen8|1162\n|teamsize|p1|6\n|teamsize|p2|6\n|gen|9\n|tier|[Gen 9] VGC 2025 Reg I (Bo3)\n|rated|\n|rule|Species Clause: Limit one of each Pok\u00e9mon\n|rule|Item Clause: Limit 1 of each item\n|clearpoke\n|poke|p1|Kyogre, L50|\n|poke|p1|Miraidon, L50|\n|poke|p1|Wo-Chien, L50|\n|poke|p1|Incineroar, L50, M|\n|poke|p1|Sneasler, L50, M|\n|poke|p1|Grimmsnarl, L50, M|\n|poke|p2|Zacian-*, L50|\n|poke|p2|Koraidon, L50|\n|poke|p2|Tornadus, L50, M|\n|poke|p2|Landorus, L50, M|\n|poke|p2|Flutter Mane, L50|\n|poke|p2|Chi-Yu, L50|\n|teampreview|4\n|showteam|p1|Kyogre||AssaultVest|Drizzle|WaterSpout,OriginPulse,Thunder,IceBeam||||||50|,,,,,Grass]Miraidon||ChoiceSpecs|HadronEngine|ElectroDrift,VoltSwitch,DracoMeteor,DazzlingGleam||||||50|,,,,,Fairy]Wo-Chien||Leftovers|TabletsofRuin|Ruination,LeechSeed,PollenPuff,Protect||||||50|,,,,,Poison]Incineroar||RockyHelmet|Intimidate|KnockOff,FakeOut,PartingShot,WillOWisp|||M|||50|,,,,,Bug]Sneasler||ElectricSeed|Unburden|CloseCombat,GunkShot,ThroatChop,Protect|||M|||50|,,,,,Stellar]Grimmsnarl||LightClay|Prankster|Reflect,LightScreen,ThunderWave,SpiritBreak|||M|||50|,,,,,Grass\n|showteam|p2|Zacian-Crowned||RustedSword|IntrepidSword|Protect,behemothblade,PlayRough,CloseCombat||||||50|,,,,,Fighting]Koraidon||ClearAmulet|OrichalcumPulse|Protect,CloseCombat,FlareBlitz,FlameCharge||||||50|,,,,,Fire]Tornadus||CovertCloak|Prankster|Taunt,Tailwind,BleakwindStorm,ScaryFace|||M|||50|,,,,,Dark]Landorus||LifeOrb|SheerForce|EarthPower,SandsearStorm,GrassKnot,StoneEdge|||M|||50|,,,,,Ghost]Flutter Mane||FocusSash|Protosynthesis|Protect,IcyWind,Moonblast,ShadowBall||||||50|,,,,,Normal]Chi-Yu||ChoiceScarf|BeadsofRuin|Overheat,DarkPulse,HeatWave,Snarl||||||50|,,,,,Ghost\n|inactive|Battle timer is ON: inactive players will automatically lose when time's up. (requested by shucklestrats)\n|inactive|Eternatususususu has 60 seconds left.\n|\n|t:|1746103358\n|start\n|switch|p1a: Miraidon|Miraidon, L50|100/100\n|switch|p1b: Grimmsnarl|Grimmsnarl, L50, M|100/100\n|switch|p2a: Zacian|Zacian-Crowned, L50, shiny|100/100\n|switch|p2b: Tornadus|Tornadus, L50, M|100/100\n|-ability|p2a: Zacian|Intrepid Sword|boost\n|-boost|p2a: Zacian|atk|1\n|-fieldstart|move: Electric Terrain|[from] ability: Hadron Engine|[of] p1a: Miraidon\n|turn|1\n|\n|t:|1746103370\n|move|p2a: Zacian|Protect|p2a: Zacian\n|-singleturn|p2a: Zacian|Protect\n|move|p2b: Tornadus|Tailwind|p2b: Tornadus\n|-sidestart|p2: shucklestrats|move: Tailwind\n|move|p1b: Grimmsnarl|Reflect|p1b: Grimmsnarl\n|-sidestart|p1: Eternatususususu|Reflect\n|move|p1a: Miraidon|Volt Switch|p2b: Tornadus\n|-supereffective|p2b: Tornadus\n|-damage|p2b: Tornadus|0 fnt\n|faint|p2b: Tornadus\n|\n|t:|1746103378\n|switch|p1a: Sneasler|Sneasler, L50, M|100/100|[from] Volt Switch\n|-enditem|p1a: Sneasler|Electric Seed\n|-boost|p1a: Sneasler|def|1|[from] item: Electric Seed\n|\n|upkeep\n|\n|t:|1746103382\n|switch|p2b: Landorus|Landorus, L50, M|100/100\n|turn|2\n|\n|t:|1746103392\n|-terastallize|p2b: Landorus|Ghost\n|move|p1b: Grimmsnarl|Thunder Wave|p2a: Zacian\n|-status|p2a: Zacian|par\n|move|p1a: Sneasler|Close Combat|p2a: Zacian\n|-damage|p2a: Zacian|33/100 par\n|-unboost|p1a: Sneasler|def|1\n|-unboost|p1a: Sneasler|spd|1\n|move|p2b: Landorus|Sandsear Storm|p1a: Sneasler|[spread] p1b\n|-miss|p2b: Landorus|p1a: Sneasler\n|-damage|p1b: Grimmsnarl|39/100\n|move|p2a: Zacian|Play Rough|p1b: Grimmsnarl\n|-supereffective|p1b: Grimmsnarl\n|-damage|p1b: Grimmsnarl|0 fnt\n|faint|p1b: Grimmsnarl\n|\n|upkeep\n|\n|t:|1746103406\n|switch|p1b: Miraidon|Miraidon, L50|100/100\n|-activate|p1b: Miraidon|ability: Hadron Engine\n|turn|3\n|\n|t:|1746103412\n|-terastallize|p1a: Sneasler|Stellar\n|move|p1a: Sneasler|Throat Chop|p2b: Landorus\n|-supereffective|p2b: Landorus\n|-damage|p2b: Landorus|20/100\n|-start|p2b: Landorus|Throat Chop|[silent]\n|move|p2b: Landorus|Sandsear Storm|p1a: Sneasler|[spread] p1a\n|-miss|p2b: Landorus|p1b: Miraidon\n|-supereffective|p1a: Sneasler\n|-damage|p1a: Sneasler|0 fnt\n|faint|p1a: Sneasler\n|cant|p2a: Zacian|par\n|move|p1b: Miraidon|Volt Switch|p2a: Zacian\n|-damage|p2a: Zacian|0 fnt\n|faint|p2a: Zacian\n|\n|t:|1746103425\n|switch|p1b: Kyogre|Kyogre, L50, shiny|100/100|[from] Volt Switch\n|-weather|RainDance|[from] ability: Drizzle|[of] p1b: Kyogre\n|\n|-weather|RainDance|[upkeep]\n|upkeep\n|\n|t:|1746103428\n|switch|p2a: Koraidon|Koraidon, L50|100/100\n|switch|p1a: Miraidon|Miraidon, L50|100/100\n|-weather|SunnyDay|[from] ability: Orichalcum Pulse|[of] p2a: Koraidon\n|-activate|p2a: Koraidon|Orichalcum Pulse|[source]\n|-activate|p1a: Miraidon|ability: Hadron Engine\n|turn|4\n|inactive|shucklestrats has 30 seconds left.\n|\n|t:|1746103458\n|move|p2a: Koraidon|Flame Charge|p1a: Miraidon\n|-resisted|p1a: Miraidon\n|-damage|p1a: Miraidon|89/100\n|-boost|p2a: Koraidon|spe|1\n|move|p2b: Landorus|Sandsear Storm|p1b: Kyogre|[spread] p1a,p1b\n|-supereffective|p1a: Miraidon\n|-crit|p1b: Kyogre\n|-damage|p1a: Miraidon|0 fnt\n|-damage|p1b: Kyogre|64/100\n|faint|p1a: Miraidon\n|move|p1b: Kyogre|Ice Beam|p2b: Landorus\n|-damage|p2b: Landorus|0 fnt\n|faint|p2b: Landorus\n|\n|-weather|SunnyDay|[upkeep]\n|-sideend|p2: shucklestrats|move: Tailwind\n|upkeep\n|turn|5\n|inactive|shucklestrats has 30 seconds left.\n|\n|t:|1746103485\n|move|p2a: Koraidon|Flare Blitz|p1b: Kyogre\n|-resisted|p1b: Kyogre\n|-damage|p1b: Kyogre|40/100\n|-damage|p2a: Koraidon|91/100|[from] Recoil\n|move|p1b: Kyogre|Ice Beam|p2a: Koraidon\n|-supereffective|p2a: Koraidon\n|-damage|p2a: Koraidon|23/100\n|\n|-weather|SunnyDay|[upkeep]\n|-fieldend|move: Electric Terrain\n|upkeep\n|turn|6\n|c|\u2606shucklestrats|ggs wp\n|\n|t:|1746103494\n|move|p2a: Koraidon|Close Combat|p1b: Kyogre\n|-damage|p1b: Kyogre|0 fnt\n|-unboost|p2a: Koraidon|def|1\n|-unboost|p2a: Koraidon|spd|1\n|faint|p1b: Kyogre\n|\n|win|shucklestrats\n||shucklestrats is ready for game 3.\n||Eternatususususu is ready for game 3.\n|uhtml|next|Next: <a href=\"/battle-gen9vgc2025regibo3-2354618235\"><strong>Game 3 of 3</strong></a>\n|l|\u2606shucklestrats\n|player|p2|\n|l|\u2606Eternatususususu\n|player|p1|\n", "uploadtime": 1746103838, "views": 7, "formatid": "gen9vgc2025regibo3", "rating": null, "private": 0, "password": null}