{"id": "gen9vgc2025regibo3-2354613396", "format": "[Gen 9] VGC 2025 Reg I (Bo3)", "players": ["teriyaki malarky", "WyzerxVS36"], "log": "|j|\u2606teriyaki malarky\n|j|\u2606WyzerxVS36\n|html|<table width=\"100%\"><tr><td align=\"left\">teriyaki malarky</td><td align=\"right\">WyzerxVS36</tr><tr><td align=\"left\"><i class=\"fa fa-circle-o\"></i> <i class=\"fa fa-circle-o\"></i> </td><td align=\"right\"><i class=\"fa fa-circle-o\"></i> <i class=\"fa fa-circle-o\"></i> </tr></table>\n|uhtml|bestof|<h2><strong>Game 1</strong> of <a href=\"/game-bestof3-gen9vgc2025regibo3-2354613395\">a best-of-3</a></h2>\n|t:|1746102890\n|gametype|doubles\n|player|p1|teriyaki malarky|169|1105\n|player|p2|WyzerxVS36|sabrina|1114\n|teamsize|p1|6\n|teamsize|p2|6\n|gen|9\n|tier|[Gen 9] VGC 2025 Reg I (Bo3)\n|rated|\n|rule|Species Clause: Limit one of each Pok\u00e9mon\n|rule|Item Clause: Limit 1 of each item\n|clearpoke\n|poke|p1|Groudon, L50|\n|poke|p1|Miraidon, L50|\n|poke|p1|Iron Hands, L50|\n|poke|p1|Whimsicott, L50, F|\n|poke|p1|Chi-Yu, L50|\n|poke|p1|Farigiraf, L50, M|\n|poke|p2|Lunala, L50|\n|poke|p2|Calyrex-Ice, L50|\n|poke|p2|Ogerpon-Wellspring, L50, F|\n|poke|p2|Indeedee-F, L50, F|\n|poke|p2|Incineroar, L50, F|\n|poke|p2|Iron Hands, L50|\n|teampreview|4\n|showteam|p1|Groudon||ClearAmulet|Drought|PrecipiceBlades,FirePunch,BulkUp,Protect||||||50|,,,,,Fire]Miraidon||ChoiceSpecs|HadronEngine|ElectroDrift,DazzlingGleam,VoltSwitch,DracoMeteor||||||50|,,,,,Fairy]Iron Hands||AssaultVest|QuarkDrive|LowKick,HeavySlam,WildCharge,FakeOut||||||50|,,,,,Grass]Whimsicott||FocusSash|Prankster|Moonblast,Tailwind,Encore,LightScreen|||F|||50|,,,,,Ghost]Chi-Yu||ChoiceScarf|BeadsofRuin|Overheat,HeatWave,DarkPulse,Snarl||||||50|,,,,,Ghost]Farigiraf||ElectricSeed|ArmorTail|FoulPlay,HelpingHand,TrickRoom,Psychic|||M|||50|,,,,,Fairy\n|showteam|p2|Lunala||PowerHerb|ShadowShield|MoongeistBeam,MeteorBeam,ExpandingForce,TrickRoom||||||50|,,,,,Water]Calyrex-Ice||ClearAmulet|AsOneGlastrier|GlacialLance,HighHorsepower,TrickRoom,Protect||||||50|,,,,,Normal]Ogerpon-Wellspring||WellspringMask|WaterAbsorb|IvyCudgel,WoodHammer,Taunt,FollowMe|||F|||50|,,,,,Water]Indeedee-F||RockyHelmet|PsychicSurge|FollowMe,DazzlingGleam,TrickRoom,HelpingHand|||F|||50|,,,,,Fairy]Incineroar||SafetyGoggles|Intimidate|FlareBlitz,PartingShot,KnockOff,FakeOut|||F|||50|,,,,,Ghost]Iron Hands||AssaultVest|QuarkDrive|WildCharge,DrainPunch,LowKick,FakeOut||||||50|,,,,,Water\n|inactive|Battle timer is ON: inactive players will automatically lose when time's up. (requested by teriyaki malarky)\n|inactive|teriyaki malarky has 60 seconds left.\n|inactive|WyzerxVS36 has 60 seconds left.\n|inactive|teriyaki malarky has 30 seconds left.\n|inactive|WyzerxVS36 has 30 seconds left.\n|inactive|WyzerxVS36 has 20 seconds left.\n|inactive|WyzerxVS36 has 15 seconds left.\n|inactive|WyzerxVS36 has 10 seconds left.\n|inactive|WyzerxVS36 has 5 seconds left.\n|\n|t:|1746102981\n|start\n|switch|p1a: Miraidon|Miraidon, L50|100/100\n|switch|p1b: Chi-Yu|Chi-Yu, L50|100/100\n|switch|p2a: Incineroar|Incineroar, L50, F|100/100\n|switch|p2b: Calyrex|Calyrex-Ice, L50|100/100\n|-ability|p2b: Calyrex|As One\n|-ability|p2b: Calyrex|Unnerve\n|-ability|p1b: Chi-Yu|Beads of Ruin\n|-fieldstart|move: Electric Terrain|[from] ability: Hadron Engine|[of] p1a: Miraidon\n|-ability|p2a: Incineroar|Intimidate|boost\n|-unboost|p1a: Miraidon|atk|1\n|-unboost|p1b: Chi-Yu|atk|1\n|turn|1\n|inactive|teriyaki malarky has 30 seconds left.\n|inactive|teriyaki malarky has 20 seconds left.\n|inactive|teriyaki malarky has 15 seconds left.\n|inactive|teriyaki malarky has 10 seconds left.\n|inactive|teriyaki malarky has 5 seconds left.\n|\n|t:|1746103031\n|-terastallize|p2b: Calyrex|Normal\n|move|p2a: Incineroar|Fake Out|p1a: Miraidon\n|-damage|p1a: Miraidon|89/100\n|move|p1b: Chi-Yu|Heat Wave|p2a: Incineroar|[spread] p2a,p2b\n|-resisted|p2a: Incineroar\n|-damage|p2a: Incineroar|76/100\n|-damage|p2b: Calyrex|67/100\n|cant|p1a: Miraidon|flinch\n|move|p2b: Calyrex|Trick Room|p2b: Calyrex\n|-fieldstart|move: Trick Room|[of] p2b: Calyrex\n|\n|upkeep\n|turn|2\n|\n|t:|1746103055\n|switch|p1a: Farigiraf|Farigiraf, L50, M|100/100\n|-enditem|p1a: Farigiraf|Electric Seed\n|-boost|p1a: Farigiraf|def|1|[from] item: Electric Seed\n|move|p2b: Calyrex|Glacial Lance|p1b: Chi-Yu|[spread] p1a,p1b\n|-resisted|p1b: Chi-Yu\n|-damage|p1a: Farigiraf|74/100\n|-damage|p1b: Chi-Yu|55/100\n|move|p2a: Incineroar|Flare Blitz|p1a: Farigiraf\n|-damage|p1a: Farigiraf|49/100\n|-damage|p2a: Incineroar|67/100|[from] Recoil\n|move|p1b: Chi-Yu|Heat Wave|p2b: Calyrex|[spread] p2a,p2b\n|-resisted|p2a: Incineroar\n|-damage|p2a: Incineroar|42/100\n|-damage|p2b: Calyrex|38/100\n|\n|upkeep\n|turn|3\n|inactive|teriyaki malarky has 30 seconds left.\n|inactive|WyzerxVS36 has 30 seconds left.\n|inactive|WyzerxVS36 has 20 seconds left.\n|inactive|WyzerxVS36 has 15 seconds left.\n|inactive|WyzerxVS36 has 10 seconds left.\n|inactive|WyzerxVS36 has 5 seconds left.\n|\n|t:|1746103107\n|move|p2b: Calyrex|Glacial Lance|p1b: Chi-Yu|[spread] p1a,p1b\n|-resisted|p1b: Chi-Yu\n|-damage|p1a: Farigiraf|21/100\n|-damage|p1b: Chi-Yu|13/100\n|move|p1a: Farigiraf|Foul Play|p2b: Calyrex\n|-damage|p2b: Calyrex|11/100\n|move|p2a: Incineroar|Knock Off|p1b: Chi-Yu\n|-resisted|p1b: Chi-Yu\n|-damage|p1b: Chi-Yu|0 fnt\n|-enditem|p1b: Chi-Yu|Choice Scarf|[from] move: Knock Off|[of] p2a: Incineroar\n|faint|p1b: Chi-Yu\n|\n|upkeep\n|\n|t:|1746103118\n|switch|p1b: Iron Hands|Iron Hands, L50|100/100\n|-activate|p1b: Iron Hands|ability: Quark Drive\n|-start|p1b: Iron Hands|quarkdriveatk\n|turn|4\n|inactive|teriyaki malarky has 30 seconds left.\n|inactive|teriyaki malarky has 20 seconds left.\n|inactive|teriyaki malarky has 15 seconds left.\n|inactive|teriyaki malarky has 10 seconds left.\n|\n|t:|1746103165\n|move|p2b: Calyrex|Protect|p2b: Calyrex\n|-singleturn|p2b: Calyrex|Protect\n|move|p1a: Farigiraf|Foul Play|p2b: Calyrex\n|-activate|p2b: Calyrex|move: Protect\n|move|p1b: Iron Hands|Low Kick|p2b: Calyrex\n|-activate|p2b: Calyrex|move: Protect\n|move|p2a: Incineroar|Parting Shot|p1b: Iron Hands\n|-unboost|p1b: Iron Hands|atk|1\n|-unboost|p1b: Iron Hands|spa|1\n|\n|t:|1746103185\n|switch|p2a: Lunala|Lunala, L50, shiny|100/100|[from] Parting Shot\n|\n|upkeep\n|turn|5\n|\n|t:|1746103199\n|move|p2b: Calyrex|Glacial Lance|p1b: Iron Hands|[spread] p1a,p1b\n|-crit|p1a: Farigiraf\n|-damage|p1a: Farigiraf|0 fnt\n|-damage|p1b: Iron Hands|60/100\n|faint|p1a: Farigiraf\n|-ability|p2b: Calyrex|Chilling Neigh|boost\n|-boost|p2b: Calyrex|atk|1\n|move|p1b: Iron Hands|Low Kick|p2b: Calyrex\n|-supereffective|p2b: Calyrex\n|-damage|p2b: Calyrex|0 fnt\n|faint|p2b: Calyrex\n|move|p2a: Lunala|Expanding Force|p1b: Iron Hands\n|-supereffective|p1b: Iron Hands\n|-damage|p1b: Iron Hands|11/100\n|\n|-fieldend|move: Trick Room\n|-fieldend|move: Electric Terrain\n|-end|p1b: Iron Hands|Quark Drive\n|upkeep\n|inactive|WyzerxVS36 has 30 seconds left.\n|\n|t:|1746103225\n|switch|p1a: Miraidon|Miraidon, L50|89/100\n|switch|p2b: Incineroar|Incineroar, L50, F|42/100\n|-fieldstart|move: Electric Terrain|[from] ability: Hadron Engine|[of] p1a: Miraidon\n|-activate|p1b: Iron Hands|ability: Quark Drive\n|-start|p1b: Iron Hands|quarkdriveatk\n|-ability|p2b: Incineroar|Intimidate|boost\n|-unboost|p1a: Miraidon|atk|1\n|-unboost|p1b: Iron Hands|atk|1\n|turn|6\n|\n|t:|1746103244\n|-terastallize|p1a: Miraidon|Fairy\n|move|p2b: Incineroar|Fake Out|p1a: Miraidon\n|-damage|p1a: Miraidon|78/100\n|cant|p1a: Miraidon|flinch\n|move|p2a: Lunala|Expanding Force|p1b: Iron Hands\n|-supereffective|p1b: Iron Hands\n|-damage|p1b: Iron Hands|0 fnt\n|faint|p1b: Iron Hands\n|-end|p1b: Iron Hands|Quark Drive|[silent]\n|\n|upkeep\n|turn|7\n|\n|t:|1746103258\n|move|p1a: Miraidon|Dazzling Gleam|p2b: Incineroar|[spread] p2a,p2b\n|-damage|p2a: Lunala|79/100\n|-damage|p2b: Incineroar|0 fnt\n|faint|p2b: Incineroar\n|move|p2a: Lunala|Moongeist Beam|p1a: Miraidon\n|-damage|p1a: Miraidon|25/100\n|\n|upkeep\n|\n|t:|1746103265\n|switch|p2b: Iron Hands|Iron Hands, L50|100/100\n|-activate|p2b: Iron Hands|ability: Quark Drive\n|-start|p2b: Iron Hands|quarkdriveatk\n|turn|8\n|\n|t:|1746103274\n|move|p2b: Iron Hands|Fake Out|p1a: Miraidon\n|-damage|p1a: Miraidon|6/100\n|cant|p1a: Miraidon|flinch\n|move|p2a: Lunala|Moongeist Beam|p1a: Miraidon\n|-damage|p1a: Miraidon|0 fnt\n|faint|p1a: Miraidon\n|\n|win|WyzerxVS36\n||teriyaki malarky is ready for game 2.\n|inactive|WyzerxVS36 has 30 seconds to confirm battle start!\n||WyzerxVS36 is ready for game 2.\n|uhtml|next|Next: <a href=\"/battle-gen9vgc2025regibo3-2354616509\"><strong>Game 2 of 3</strong></a>\n", "uploadtime": 1746103502, "views": 8, "formatid": "gen9vgc2025regibo3", "rating": null, "private": 0, "password": null}