{"id": "gen9vgc2025regibo3-2354035919", "format": "[Gen 9] VGC 2025 Reg I (Bo3)", "players": ["luisin", "bello figo burger"], "log": "|j|\u2606luisin\n|j|\u2606bello figo burger\n|html|<table width=\"100%\"><tr><td align=\"left\">luisin</td><td align=\"right\">bello figo burger</tr><tr><td align=\"left\"><i class=\"fa fa-circle-o\"></i> <i class=\"fa fa-circle-o\"></i> </td><td align=\"right\"><i class=\"fa fa-circle-o\"></i> <i class=\"fa fa-circle-o\"></i> </tr></table>\n|uhtml|bestof|<h2><strong>Game 1</strong> of <a href=\"/game-bestof3-gen9vgc2025regibo3-2354035918\">a best-of-3</a></h2>\n|t:|1746029395\n|gametype|doubles\n|player|p1|luisin|#luisin|\n|player|p2|bello figo burger|buck|\n|teamsize|p1|6\n|teamsize|p2|6\n|gen|9\n|tier|[Gen 9] VGC 2025 Reg I (Bo3)\n|rule|Species Clause: Limit one of each Pok\u00e9mon\n|rule|Item Clause: Limit 1 of each item\n|clearpoke\n|poke|p1|Groudon, L50|\n|poke|p1|Calyrex-Shadow, L50|\n|poke|p1|Raging Bolt, L50|\n|poke|p1|Incineroar, L50, F|\n|poke|p1|Ogerpon-Hearthflame, L50, F|\n|poke|p1|Jumpluff, L50, M|\n|poke|p2|Rillaboom, L50, M|\n|poke|p2|Incineroar, L50, M|\n|poke|p2|Zamazenta-*, L50|\n|poke|p2|Calyrex-Shadow, L50|\n|poke|p2|Tornadus, L50, M|\n|poke|p2|Urshifu-*, L50, F|\n|teampreview|4\n|showteam|p1|Groudon||ClearAmulet|Drought|PrecipiceBlades,HeatCrash,StompingTantrum,Protect||||||50|,,,,,Fire]Calyrex-Shadow||FocusSash|AsOneSpectrier|AstralBarrage,NastyPlot,Psychic,Protect||||||50|,,,,,Ghost]Raging Bolt||AssaultVest|Protosynthesis|Electroweb,DracoMeteor,Thunderclap,VoltSwitch||||||50|,,,,,Electric]Incineroar||SafetyGoggles|Intimidate|WillOWisp,KnockOff,FakeOut,PartingShot|||F|||50|,,,,,Ghost]Ogerpon-Hearthflame||HearthflameMask|MoldBreaker|IvyCudgel,SpikyShield,WoodHammer,FollowMe|||F|||50|,,,,,Fire]Jumpluff||CovertCloak|Chlorophyll|SleepPowder,Tailwind,Encore,RagePowder|||M|||50|,,,,,Dark\n|showteam|p2|Rillaboom||AssaultVest|GrassySurge|WoodHammer,GrassyGlide,Uturn,FakeOut|||M|||50|,,,,,Fire]Incineroar||SafetyGoggles|Intimidate|FakeOut,WillOWisp,KnockOff,Taunt|||M|||50|,,,,,Ghost]Zamazenta-Crowned||RustedShield|DauntlessShield|BodyPress,HeavySlam,WideGuard,Protect||||||50|,,,,,Dragon]Calyrex-Shadow||LifeOrb|AsOneSpectrier|AstralBarrage,Psychic,WillOWisp,Protect||||||50|,,,,,Dark]Tornadus||CovertCloak|Prankster|BleakwindStorm,RainDance,Tailwind,Taunt|||M|||50|,,,,,Dark]Urshifu-Rapid-Strike||FocusSash|UnseenFist|SurgingStrikes,CloseCombat,AquaJet,Protect|||F|||50|,,,,,Water\n|inactive|Battle timer is ON: inactive players will automatically lose when time's up. (requested by luisin)\n|c|\u2606luisin|hd\n|c|\u2606luisin|hf\n|c|\u2606bello figo burger|glhf\n|inactive|luisin has 60 seconds left.\n|inactive|bello figo burger has 60 seconds left.\n|j| Losconosciuto\n|inactive|bello figo burger has 30 seconds left.\n|inactive|bello figo burger has 20 seconds left.\n|\n|t:|1746029468\n|start\n|switch|p1a: Incineroar|Incineroar, L50, F|100/100\n|switch|p1b: Raging Bolt|Raging Bolt, L50|100/100\n|switch|p2a: Tornadus|Tornadus, L50, M|100/100\n|switch|p2b: Urshifu|Urshifu-Rapid-Strike, L50, F|100/100\n|-ability|p1a: Incineroar|Intimidate|boost\n|-unboost|p2a: Tornadus|atk|1\n|-unboost|p2b: Urshifu|atk|1\n|turn|1\n|inactive|bello figo burger has 30 seconds left.\n|inactive|bello figo burger has 20 seconds left.\n|inactive|bello figo burger has 15 seconds left.\n|inactive|bello figo burger has 10 seconds left.\n|\n|t:|1746029515\n|move|p2b: Urshifu|Protect|p2b: Urshifu\n|-singleturn|p2b: Urshifu|Protect\n|move|p2a: Tornadus|Tailwind|p2a: Tornadus\n|-sidestart|p2: bello figo burger|move: Tailwind\n|move|p1b: Raging Bolt|Volt Switch|p2a: Tornadus\n|-supereffective|p2a: Tornadus\n|-damage|p2a: Tornadus|20/100\n|j| waffle2O25\n|\n|t:|1746029524\n|-end|p1b: Raging Bolt|Protosynthesis|[silent]\n|switch|p1b: Groudon|Groudon, L50|100/100|[from] Volt Switch\n|-weather|SunnyDay|[from] ability: Drought|[of] p1b: Groudon\n|move|p1a: Incineroar|Parting Shot|p2a: Tornadus\n|-unboost|p2a: Tornadus|atk|1\n|-unboost|p2a: Tornadus|spa|1\n|\n|t:|1746029530\n|switch|p1a: Raging Bolt|Raging Bolt, L50|100/100|[from] Parting Shot\n|-activate|p1a: Raging Bolt|ability: Protosynthesis\n|-start|p1a: Raging Bolt|protosynthesisspa\n|\n|-weather|SunnyDay|[upkeep]\n|upkeep\n|turn|2\n|\n|t:|1746029545\n|move|p2b: Urshifu|Aqua Jet|p1b: Groudon\n|-supereffective|p1b: Groudon\n|-damage|p1b: Groudon|91/100\n|move|p2a: Tornadus|Rain Dance|p2a: Tornadus\n|-weather|RainDance\n|-end|p1a: Raging Bolt|Protosynthesis\n|move|p1b: Groudon|Precipice Blades|p2a: Tornadus|[spread] p2b\n|-immune|p2a: Tornadus\n|-damage|p2b: Urshifu|39/100\n|move|p1a: Raging Bolt|Electroweb|p2b: Urshifu|[spread] p2a,p2b\n|-supereffective|p2a: Tornadus\n|-supereffective|p2b: Urshifu\n|-damage|p2a: Tornadus|0 fnt\n|-damage|p2b: Urshifu|0 fnt\n|faint|p2a: Tornadus\n|faint|p2b: Urshifu\n|\n|-weather|RainDance|[upkeep]\n|upkeep\n|\n|t:|1746029565\n|switch|p2b: Incineroar|Incineroar, L50, M|100/100\n|switch|p2a: Calyrex|Calyrex-Shadow, L50|100/100\n|-ability|p2a: Calyrex|As One\n|-ability|p2a: Calyrex|Unnerve\n|-ability|p2b: Incineroar|Intimidate|boost\n|-unboost|p1a: Raging Bolt|atk|1\n|-fail|p1b: Groudon|unboost|[from] item: Clear Amulet|[of] p1b: Groudon\n|turn|3\n|\n|t:|1746029579\n|move|p2a: Calyrex|Astral Barrage|p1a: Raging Bolt|[spread] p1a,p1b\n|-damage|p1a: Raging Bolt|63/100\n|-damage|p1b: Groudon|24/100\n|-damage|p2a: Calyrex|91/100|[from] item: Life Orb\n|move|p2b: Incineroar|Knock Off|p1b: Groudon\n|-damage|p1b: Groudon|0 fnt\n|-enditem|p1b: Groudon|Clear Amulet|[from] move: Knock Off|[of] p2b: Incineroar\n|faint|p1b: Groudon\n|move|p1a: Raging Bolt|Electroweb|p2b: Incineroar|[spread] p2a,p2b\n|-damage|p2a: Calyrex|70/100\n|-damage|p2b: Incineroar|83/100\n|-unboost|p2a: Calyrex|spe|1\n|-unboost|p2b: Incineroar|spe|1\n|\n|-weather|RainDance|[upkeep]\n|upkeep\n|\n|t:|1746029587\n|switch|p1b: Incineroar|Incineroar, L50, F|100/100\n|-ability|p1b: Incineroar|Intimidate|boost\n|-unboost|p2a: Calyrex|atk|1\n|-unboost|p2b: Incineroar|atk|1\n|turn|4\n|\n|t:|1746029599\n|move|p2a: Calyrex|Protect|p2a: Calyrex\n|-singleturn|p2a: Calyrex|Protect\n|move|p1b: Incineroar|Fake Out|p2b: Incineroar\n|-damage|p2b: Incineroar|74/100\n|cant|p2b: Incineroar|flinch\n|move|p1a: Raging Bolt|Volt Switch|p2a: Calyrex\n|-activate|p2a: Calyrex|move: Protect\n|\n|-weather|RainDance|[upkeep]\n|-sideend|p2: bello figo burger|move: Tailwind\n|upkeep\n|turn|5\n|\n|t:|1746029612\n|move|p2a: Calyrex|Protect||[still]\n|-fail|p2a: Calyrex\n|move|p1a: Raging Bolt|Volt Switch|p2a: Calyrex\n|-damage|p2a: Calyrex|31/100\n|\n|t:|1746029616\n|-end|p1a: Raging Bolt|Protosynthesis|[silent]\n|switch|p1a: Calyrex|Calyrex-Shadow, L50|100/100|[from] Volt Switch\n|-ability|p1a: Calyrex|As One\n|-ability|p1a: Calyrex|Unnerve\n|move|p1b: Incineroar|Knock Off|p2a: Calyrex\n|-supereffective|p2a: Calyrex\n|-damage|p2a: Calyrex|0 fnt\n|-enditem|p2a: Calyrex|Life Orb|[from] move: Knock Off|[of] p1b: Incineroar\n|faint|p2a: Calyrex\n|move|p2b: Incineroar|Knock Off|p1a: Calyrex\n|-supereffective|p1a: Calyrex\n|-enditem|p1a: Calyrex|Focus Sash\n|-damage|p1a: Calyrex|1/100\n|\n|-weather|RainDance|[upkeep]\n|upkeep\n|turn|6\n|\n|t:|1746029626\n|move|p1a: Calyrex|Astral Barrage|p2b: Incineroar\n|-resisted|p2b: Incineroar\n|-damage|p2b: Incineroar|44/100\n|move|p1b: Incineroar|Knock Off|p2b: Incineroar\n|-resisted|p2b: Incineroar\n|-damage|p2b: Incineroar|28/100\n|-enditem|p2b: Incineroar|Safety Goggles|[from] move: Knock Off|[of] p1b: Incineroar\n|move|p2b: Incineroar|Knock Off|p1b: Incineroar\n|-resisted|p1b: Incineroar\n|-damage|p1b: Incineroar|92/100\n|-enditem|p1b: Incineroar|Safety Goggles|[from] move: Knock Off|[of] p2b: Incineroar\n|\n|-weather|none\n|upkeep\n|turn|7\n|c|\u2606bello figo burger|gg\n|\n|t:|1746029632\n|move|p1a: Calyrex|Astral Barrage|p2b: Incineroar\n|-resisted|p2b: Incineroar\n|-damage|p2b: Incineroar|0 fnt\n|faint|p2b: Incineroar\n|\n|win|luisin\n||bello figo burger is ready for game 2.\n|c|\u2606luisin|gg\n||luisin is ready for game 2.\n|uhtml|next|Next: <a href=\"/battle-gen9vgc2025regibo3-2354038748\"><strong>Game 2 of 3</strong></a>\n|l| Losconosciuto\n|j| AndreyVGC\n|l|\u2606bello figo burger\n|player|p2|\n|l| waffle2O25\n", "uploadtime": 1746030055, "views": 61, "formatid": "gen9vgc2025regibo3", "rating": null, "private": 0, "password": null}