{"id": "gen9vgc2025regibo3-2353379296", "format": "[Gen 9] VGC 2025 Reg I (Bo3)", "players": ["Grennijathingy", "mtrx_cheeky"], "log": "|j|\u2606Grennijathingy\n|j|\u2606mtrx_cheeky\n|html|<table width=\"100%\"><tr><td align=\"left\">Grennijathingy</td><td align=\"right\">mtrx_cheeky</tr><tr><td align=\"left\"><i class=\"fa fa-circle\"></i> <i class=\"fa fa-circle-o\"></i> </td><td align=\"right\"><i class=\"fa fa-circle-o\"></i> <i class=\"fa fa-circle-o\"></i> </tr></table>\n|uhtml|bestof|<h2><strong>Game 2</strong> of <a href=\"/game-bestof3-gen9vgc2025regibo3-2353375732\">a best-of-3</a></h2>\n|t:|1745950885\n|gametype|doubles\n|player|p1|Grennijathingy|cameraman|\n|player|p2|mtrx_cheeky|102|\n|teamsize|p1|6\n|teamsize|p2|6\n|gen|9\n|tier|[Gen 9] VGC 2025 Reg I (Bo3)\n|rule|Species Clause: Limit one of each Pok\u00e9mon\n|rule|Item Clause: Limit 1 of each item\n|clearpoke\n|poke|p1|Grimmsnarl, L50, M|\n|poke|p1|Koraidon, L50|\n|poke|p1|Lunala, L50|\n|poke|p1|Ogerpon-Wellspring, L50, F|\n|poke|p1|Incineroar, L50, M|\n|poke|p1|Iron Valiant, L50|\n|poke|p2|Miraidon, L50|\n|poke|p2|Incineroar, L50, M|\n|poke|p2|Grimmsnarl, L50, M|\n|poke|p2|Oranguru, L50, M|\n|poke|p2|Ursaluna, L50, F|\n|poke|p2|Necrozma-Dawn-Wings, L50|\n|teampreview|4\n|showteam|p1|Grimmsnarl||CovertCloak|Prankster|MistyTerrain,Reflect,Taunt,Crunch|||M|||50|,,,,,Bug]Koraidon||ClearAmulet|OrichalcumPulse|FlareBlitz,Bulldoze,CollisionCourse,Protect||||||50|,,,,,Fire]Lunala||MistySeed|ShadowShield|MoongeistBeam,Moonblast,Protect,Tailwind||||||50|,,,,,Fairy]Ogerpon-Wellspring||WellspringMask|WaterAbsorb|HornLeech,IvyCudgel,SpikyShield,FollowMe|||F|||50|,,,,,Water]Incineroar||AssaultVest|Intimidate|FlareBlitz,KnockOff,Uturn,FakeOut|||M|||50|,,,,,Electric]Iron Valiant||MentalHerb|QuarkDrive|WideGuard,QuickGuard,Taunt,Moonblast||||||50|,,,,,Fire\n|showteam|p2|Miraidon||ChoiceSpecs|HadronEngine|ElectroDrift,DracoMeteor,VoltSwitch,DazzlingGleam||||||50|,,,,,Fairy]Incineroar||AssaultVest|Intimidate|FakeOut,FlareBlitz,KnockOff,Uturn|||M|||50|,,,,,Grass]Grimmsnarl||CovertCloak|Prankster|Reflect,LightScreen,Taunt,PlayRough|||M|||50|,,,,,Dark]Oranguru||MentalHerb|InnerFocus|Psychic,Instruct,TrickRoom,Protect|||M|||50|,,,,,Ghost]Ursaluna||FlameOrb|Guts|Facade,HighHorsepower,DrainPunch,Protect|||F|||50|,,,,,Ground]Necrozma-Dawn-Wings||RoomService|PrismArmor|TrickRoom,PhotonGeyser,MoongeistBeam,Protect||||||50|,,,,,Dark\n|\n|t:|1745950918\n|start\n|switch|p1a: Grimmsnarl|Grimmsnarl, L50, M|100/100\n|switch|p1b: Koraidon|Koraidon, L50|100/100\n|switch|p2a: Necrozma|Necrozma-Dawn-Wings, L50|100/100\n|switch|p2b: Grimmsnarl|Grimmsnarl, L50, M|100/100\n|-weather|SunnyDay|[from] ability: Orichalcum Pulse|[of] p1b: Koraidon\n|-activate|p1b: Koraidon|Orichalcum Pulse|[source]\n|turn|1\n|inactive|Battle timer is ON: inactive players will automatically lose when time's up. (requested by mtrx_cheeky)\n|\n|t:|1745950947\n|-terastallize|p1b: Koraidon|Fire\n|-terastallize|p2a: Necrozma|Dark\n|move|p1a: Grimmsnarl|Misty Terrain|p1a: Grimmsnarl\n|-fieldstart|move: Misty Terrain\n|move|p2b: Grimmsnarl|Reflect|p2b: Grimmsnarl\n|-sidestart|p2: mtrx_cheeky|Reflect\n|move|p1b: Koraidon|Flare Blitz|p2a: Necrozma\n|-damage|p2a: Necrozma|28/100\n|-damage|p1b: Koraidon|72/100|[from] Recoil\n|move|p2a: Necrozma|Trick Room|p2a: Necrozma\n|-fieldstart|move: Trick Room|[of] p2a: Necrozma\n|-enditem|p2a: Necrozma|Room Service\n|-unboost|p2a: Necrozma|spe|1|[from] item: Room Service\n|\n|-weather|SunnyDay|[upkeep]\n|upkeep\n|turn|2\n|inactive|Grennijathingy has 30 seconds left.\n|inactive|mtrx_cheeky has 30 seconds left.\n|\n|t:|1745950979\n|switch|p1a: Ogerpon|Ogerpon-Wellspring, L50, F|100/100\n|move|p1b: Koraidon|Protect|p1b: Koraidon\n|-singleturn|p1b: Koraidon|Protect\n|move|p2b: Grimmsnarl|Play Rough|p1a: Ogerpon\n|-damage|p1a: Ogerpon|50/100\n|move|p2a: Necrozma|Moongeist Beam|p1b: Koraidon\n|-activate|p1b: Koraidon|move: Protect\n|\n|-weather|SunnyDay|[upkeep]\n|upkeep\n|turn|3\n|\n|t:|1745951003\n|move|p1a: Ogerpon|Follow Me|p1a: Ogerpon\n|-singleturn|p1a: Ogerpon|move: Follow Me\n|move|p2a: Necrozma|Moongeist Beam|p1a: Ogerpon\n|-damage|p1a: Ogerpon|0 fnt\n|faint|p1a: Ogerpon\n|move|p2b: Grimmsnarl|Play Rough|p1b: Koraidon\n|-resisted|p1b: Koraidon\n|-damage|p1b: Koraidon|54/100\n|move|p1b: Koraidon|Collision Course|p2a: Necrozma\n|-supereffective|p2a: Necrozma\n|-damage|p2a: Necrozma|0 fnt\n|faint|p2a: Necrozma\n|\n|-weather|SunnyDay|[upkeep]\n|upkeep\n|\n|t:|1745951025\n|switch|p2a: Ursaluna|Ursaluna, L50, F|100/100\n|switch|p1a: Lunala|Lunala, L50|100/100\n|-enditem|p1a: Lunala|Misty Seed\n|-boost|p1a: Lunala|spd|1|[from] item: Misty Seed\n|turn|4\n|\n|t:|1745951039\n|move|p1a: Lunala|Protect|p1a: Lunala\n|-singleturn|p1a: Lunala|Protect\n|move|p1b: Koraidon|Protect|p1b: Koraidon\n|-singleturn|p1b: Koraidon|Protect\n|move|p2b: Grimmsnarl|Light Screen|p2b: Grimmsnarl\n|-sidestart|p2: mtrx_cheeky|move: Light Screen\n|move|p2a: Ursaluna|High Horsepower|p1b: Koraidon\n|-activate|p1b: Koraidon|move: Protect\n|\n|-weather|SunnyDay|[upkeep]\n|upkeep\n|turn|5\n|inactive|Grennijathingy has 30 seconds left.\n|inactive|mtrx_cheeky has 30 seconds left.\n|\n|t:|1745951068\n|switch|p1b: Grimmsnarl|Grimmsnarl, L50, M|100/100\n|move|p2a: Ursaluna|High Horsepower|p1b: Grimmsnarl\n|-damage|p1b: Grimmsnarl|29/100\n|move|p2b: Grimmsnarl|Play Rough|p1a: Lunala\n|-damage|p1a: Lunala|85/100\n|move|p1a: Lunala|Moonblast|p2a: Ursaluna\n|-damage|p2a: Ursaluna|79/100\n|-unboost|p2a: Ursaluna|spa|1\n|\n|-weather|none\n|-sideend|p2: mtrx_cheeky|Reflect\n|-fieldend|move: Trick Room\n|-fieldend|Misty Terrain\n|-status|p2a: Ursaluna|brn|[from] item: Flame Orb\n|upkeep\n|turn|6\n|inactive|mtrx_cheeky has 30 seconds left.\n|\n|t:|1745951097\n|move|p2a: Ursaluna|Protect|p2a: Ursaluna\n|-singleturn|p2a: Ursaluna|Protect\n|move|p1b: Grimmsnarl|Misty Terrain|p1b: Grimmsnarl\n|-fieldstart|move: Misty Terrain\n|move|p1a: Lunala|Moonblast|p2b: Grimmsnarl\n|-supereffective|p2b: Grimmsnarl\n|-damage|p2b: Grimmsnarl|66/100\n|move|p2b: Grimmsnarl|Play Rough|p1b: Grimmsnarl\n|-supereffective|p1b: Grimmsnarl\n|-damage|p1b: Grimmsnarl|0 fnt\n|faint|p1b: Grimmsnarl\n|\n|-damage|p2a: Ursaluna|73/100 brn|[from] brn\n|upkeep\n|\n|t:|1745951111\n|switch|p1b: Koraidon|Koraidon, L50, tera:Fire|54/100\n|-weather|SunnyDay|[from] ability: Orichalcum Pulse|[of] p1b: Koraidon\n|-activate|p1b: Koraidon|Orichalcum Pulse|[source]\n|turn|7\n|\n|t:|1745951123\n|move|p2b: Grimmsnarl|Reflect|p2b: Grimmsnarl\n|-sidestart|p2: mtrx_cheeky|Reflect\n|move|p1b: Koraidon|Collision Course|p2a: Ursaluna\n|-supereffective|p2a: Ursaluna\n|-damage|p2a: Ursaluna|0 fnt\n|faint|p2a: Ursaluna\n|move|p1a: Lunala|Moonblast|p2b: Grimmsnarl\n|-supereffective|p2b: Grimmsnarl\n|-damage|p2b: Grimmsnarl|31/100\n|\n|-weather|SunnyDay|[upkeep]\n|upkeep\n|\n|t:|1745951134\n|switch|p2a: Oranguru|Oranguru, L50, M|100/100\n|turn|8\n|inactive|Grennijathingy has 30 seconds left.\n|inactive|mtrx_cheeky has 30 seconds left.\n|inactive|mtrx_cheeky has 20 seconds left.\n|inactive|mtrx_cheeky has 15 seconds left.\n|\n|t:|1745951178\n|move|p1b: Koraidon|Collision Course|p2a: Oranguru\n|-damage|p2a: Oranguru|53/100\n|move|p1a: Lunala|Moonblast|p2b: Grimmsnarl\n|-supereffective|p2b: Grimmsnarl\n|-damage|p2b: Grimmsnarl|0 fnt\n|faint|p2b: Grimmsnarl\n|move|p2a: Oranguru|Psychic|p1b: Koraidon\n|-damage|p1b: Koraidon|27/100\n|\n|-weather|SunnyDay|[upkeep]\n|-sideend|p2: mtrx_cheeky|move: Light Screen\n|upkeep\n|turn|9\n|\n|t:|1745951195\n|move|p1b: Koraidon|Flare Blitz|p2a: Oranguru\n|-damage|p2a: Oranguru|0 fnt\n|faint|p2a: Oranguru\n|-damage|p1b: Koraidon|7/100|[from] Recoil\n|\n|win|Grennijathingy\n", "uploadtime": 1745951273, "views": 16, "formatid": "gen9vgc2025regibo3", "rating": null, "private": 0, "password": null}