{"id": "gen9vgc2025regibo3-2354983349", "format": "[Gen 9] VGC 2025 Reg I (Bo3)", "players": ["ZaddyZimmy", "lunitemis"], "log": "|j|\u2606ZaddyZimmy\n|j|\u2606lunitemis\n|html|<table width=\"100%\"><tr><td align=\"left\">ZaddyZimmy</td><td align=\"right\">lunitemis</tr><tr><td align=\"left\"><i class=\"fa fa-circle-o\"></i> <i class=\"fa fa-circle-o\"></i> </td><td align=\"right\"><i class=\"fa fa-circle-o\"></i> <i class=\"fa fa-circle-o\"></i> </tr></table>\n|uhtml|bestof|<h2><strong>Game 1</strong> of <a href=\"/game-bestof3-gen9vgc2025regibo3-2354983348\">a best-of-3</a></h2>\n|t:|1746138538\n|gametype|doubles\n|player|p1|ZaddyZimmy|firebreather|1066\n|player|p2|lunitemis|n|1068\n|teamsize|p1|6\n|teamsize|p2|6\n|gen|9\n|tier|[Gen 9] VGC 2025 Reg I (Bo3)\n|rated|\n|rule|Species Clause: Limit one of each Pok\u00e9mon\n|rule|Item Clause: Limit 1 of each item\n|clearpoke\n|poke|p1|Brute Bonnet, L50|\n|poke|p1|Clefable, L50, F|\n|poke|p1|Lunala, L50|\n|poke|p1|Koraidon, L50|\n|poke|p1|Indeedee-F, L50, F|\n|poke|p1|Urshifu-*, L50, F|\n|poke|p2|Miraidon, L50|\n|poke|p2|Lunala, L50|\n|poke|p2|Grimmsnarl, L50, M|\n|poke|p2|Ursaluna, L50, M|\n|poke|p2|Incineroar, L50, M|\n|poke|p2|Urshifu-*, L50, M|\n|teampreview|4\n|showteam|p1|Brute Bonnet||BoosterEnergy|Protosynthesis|RagePowder,Spore,Protect,SuckerPunch||||||50|,,,,,Water]Clefable||Leftovers|Unaware|FollowMe,HelpingHand,Moonblast,HealPulse|||F|||50|,,,,,Fire]Lunala||PowerHerb|ShadowShield|TrickRoom,MeteorBeam,ExpandingForce,MoongeistBeam||||||50|,,,,,Psychic]Koraidon||LifeOrb|OrichalcumPulse|CloseCombat,FlareBlitz,Protect,FlameCharge||||||50|,,,,,Fire]Indeedee-F||RockyHelmet|PsychicSurge|HelpingHand,FollowMe,Psychic,TrickRoom|||F|||50|,,,,,Steel]Urshifu-Rapid-Strike||FocusSash|UnseenFist|AquaJet,Detect,CloseCombat,SurgingStrikes|||F|||50|,,,,,Water\n|showteam|p2|Miraidon||AssaultVest|HadronEngine|ElectroDrift,DracoMeteor,VoltSwitch,DazzlingGleam||||||50|,,,,,Fairy]Lunala||GrassySeed|ShadowShield|MoongeistBeam,TrickRoom,Moonblast,WideGuard||||||50|,,,,,Fairy]Grimmsnarl||LightClay|Prankster|SpiritBreak,ThunderWave,LightScreen,Reflect|||M|||50|,,,,,Ghost]Ursaluna||FlameOrb|Guts|Protect,Earthquake,Facade,HeadlongRush|||M|||50|,,,,,Ghost]Incineroar||SafetyGoggles|Intimidate|FakeOut,PartingShot,KnockOff,WillOWisp|||M|||50|,,,,,Bug]Urshifu-Rapid-Strike||ChoiceBand|UnseenFist|SurgingStrikes,CloseCombat,AquaJet,Uturn|||M|||50|,,,,,Ghost\n|inactive|Battle timer is ON: inactive players will automatically lose when time's up. (requested by lunitemis)\n|inactive|ZaddyZimmy also wants the timer to be on.\n|\n|t:|1746138567\n|start\n|switch|p1a: Clefable|Clefable, L50, F|100/100\n|switch|p1b: Urshifu|Urshifu-Rapid-Strike, L50, F|100/100\n|switch|p2a: Grimmsnarl|Grimmsnarl, L50, M, shiny|100/100\n|switch|p2b: Miraidon|Miraidon, L50|100/100\n|-fieldstart|move: Electric Terrain|[from] ability: Hadron Engine|[of] p2b: Miraidon\n|turn|1\n|\n|t:|1746138591\n|move|p1b: Urshifu|Detect|p1b: Urshifu\n|-singleturn|p1b: Urshifu|Protect\n|move|p2a: Grimmsnarl|Thunder Wave|p1b: Urshifu\n|-activate|p1b: Urshifu|move: Protect\n|move|p2b: Miraidon|Volt Switch|p1b: Urshifu\n|-activate|p1b: Urshifu|move: Protect\n|move|p1a: Clefable|Moonblast|p2b: Miraidon\n|-supereffective|p2b: Miraidon\n|-damage|p2b: Miraidon|64/100\n|\n|upkeep\n|turn|2\n|\n|t:|1746138610\n|move|p1a: Clefable|Helping Hand|p1b: Urshifu\n|-singleturn|p1b: Urshifu|Helping Hand|[of] p1a: Clefable\n|move|p2a: Grimmsnarl|Thunder Wave|p1b: Urshifu\n|-status|p1b: Urshifu|par\n|move|p2b: Miraidon|Volt Switch|p1b: Urshifu\n|-supereffective|p1b: Urshifu\n|-enditem|p1b: Urshifu|Focus Sash\n|-damage|p1b: Urshifu|1/100 par\n|\n|t:|1746138621\n|switch|p2b: Lunala|Lunala, L50|100/100|[from] Volt Switch\n|move|p1b: Urshifu|Close Combat|p2b: Lunala\n|-immune|p2b: Lunala\n|\n|upkeep\n|turn|3\n|inactive|ZaddyZimmy has 30 seconds left.\n|\n|t:|1746138652\n|move|p1a: Clefable|Follow Me|p1a: Clefable\n|-singleturn|p1a: Clefable|move: Follow Me\n|move|p2b: Lunala|Moongeist Beam|p1a: Clefable\n|-crit|p1a: Clefable\n|-damage|p1a: Clefable|35/100\n|move|p2a: Grimmsnarl|Spirit Break|p1a: Clefable\n|-damage|p1a: Clefable|4/100\n|-unboost|p1a: Clefable|spa|1\n|move|p1b: Urshifu|Surging Strikes|p2b: Lunala\n|-crit|p2b: Lunala\n|-damage|p2b: Lunala|93/100\n|-crit|p2b: Lunala\n|-damage|p2b: Lunala|77/100\n|-crit|p2b: Lunala\n|-damage|p2b: Lunala|61/100\n|-hitcount|p2b: Lunala|3\n|\n|-heal|p1a: Clefable|10/100|[from] item: Leftovers\n|upkeep\n|turn|4\n|inactive|ZaddyZimmy has 30 seconds left.\n|\n|t:|1746138678\n|move|p1a: Clefable|Follow Me|p1a: Clefable\n|-singleturn|p1a: Clefable|move: Follow Me\n|move|p2b: Lunala|Moongeist Beam|p1a: Clefable\n|-damage|p1a: Clefable|0 fnt\n|faint|p1a: Clefable\n|move|p2a: Grimmsnarl|Spirit Break|p1b: Urshifu\n|-supereffective|p1b: Urshifu\n|-damage|p1b: Urshifu|0 fnt\n|faint|p1b: Urshifu\n|\n|upkeep\n|\n|t:|1746138689\n|switch|p1b: Koraidon|Koraidon, L50|100/100\n|switch|p1a: Lunala|Lunala, L50|100/100\n|-weather|SunnyDay|[from] ability: Orichalcum Pulse|[of] p1b: Koraidon\n|-activate|p1b: Koraidon|Orichalcum Pulse|[source]\n|turn|5\n|\n|t:|1746138713\n|-terastallize|p1b: Koraidon|Fire\n|-terastallize|p2b: Lunala|Fairy\n|move|p2a: Grimmsnarl|Thunder Wave|p1a: Lunala\n|-status|p1a: Lunala|par\n|move|p1b: Koraidon|Flare Blitz|p2a: Grimmsnarl\n|-damage|p2a: Grimmsnarl|0 fnt\n|faint|p2a: Grimmsnarl\n|-damage|p1b: Koraidon|62/100|[from] Recoil\n|-damage|p1b: Koraidon|53/100|[from] item: Life Orb\n|move|p1a: Lunala|Moongeist Beam|p2b: Lunala\n|-damage|p2b: Lunala|16/100\n|move|p2b: Lunala|Trick Room|p2b: Lunala\n|-fieldstart|move: Trick Room|[of] p2b: Lunala\n|\n|-weather|SunnyDay|[upkeep]\n|-fieldend|move: Electric Terrain\n|upkeep\n|\n|t:|1746138730\n|switch|p2a: Ursaluna|Ursaluna, L50, M|100/100\n|turn|6\n|\n|t:|1746138744\n|move|p2a: Ursaluna|Protect|p2a: Ursaluna\n|-singleturn|p2a: Ursaluna|Protect\n|move|p1a: Lunala|Moongeist Beam|p2b: Lunala\n|-damage|p2b: Lunala|0 fnt\n|faint|p2b: Lunala\n|move|p1b: Koraidon|Close Combat|p2a: Ursaluna\n|-activate|p2a: Ursaluna|move: Protect\n|\n|-weather|SunnyDay|[upkeep]\n|-status|p2a: Ursaluna|brn|[from] item: Flame Orb\n|upkeep\n|\n|t:|1746138750\n|switch|p2b: Miraidon|Miraidon, L50|64/100\n|-fieldstart|move: Electric Terrain|[from] ability: Hadron Engine|[of] p2b: Miraidon\n|turn|7\n|\n|t:|1746138767\n|move|p2a: Ursaluna|Headlong Rush|p1a: Lunala\n|-damage|p1a: Lunala|52/100 par\n|-unboost|p2a: Ursaluna|def|1\n|-unboost|p2a: Ursaluna|spd|1\n|move|p1a: Lunala|Meteor Beam||[still]\n|-prepare|p1a: Lunala|Meteor Beam\n|-boost|p1a: Lunala|spa|1\n|-enditem|p1a: Lunala|Power Herb\n|-anim|p1a: Lunala|Meteor Beam|p2b: Miraidon\n|-damage|p2b: Miraidon|20/100\n|move|p2b: Miraidon|Electro Drift|p1b: Koraidon\n|-crit|p1b: Koraidon\n|-damage|p1b: Koraidon|0 fnt\n|faint|p1b: Koraidon\n|\n|-weather|SunnyDay|[upkeep]\n|-damage|p2a: Ursaluna|95/100 brn|[from] brn\n|upkeep\n|turn|8\n|\n|t:|1746138784\n|move|p2a: Ursaluna|Headlong Rush|p1a: Lunala\n|-damage|p1a: Lunala|0 fnt\n|-unboost|p2a: Ursaluna|def|1\n|-unboost|p2a: Ursaluna|spd|1\n|faint|p1a: Lunala\n|\n|win|lunitemis\n||ZaddyZimmy is ready for game 2.\n|inactive|lunitemis has 30 seconds to confirm battle start!\n||lunitemis is ready for game 2.\n|uhtml|next|Next: <a href=\"/battle-gen9vgc2025regibo3-2354985706\"><strong>Game 2 of 3</strong></a>\n|l|\u2606ZaddyZimmy\n|player|p1|\n|l|\u2606lunitemis\n|player|p2|\n", "uploadtime": 1746139152, "views": 5, "formatid": "gen9vgc2025regibo3", "rating": null, "private": 0, "password": null}