{"id": "gen9vgc2025regibo3-2353413482", "format": "[Gen 9] VGC 2025 Reg I (Bo3)", "players": ["Fenozi", "Diabolical Intent"], "log": "|j|\u2606Fenozi\n|j|\u2606Diabolical Intent\n|html|<table width=\"100%\"><tr><td align=\"left\">Fenozi</td><td align=\"right\">Diabolical Intent</tr><tr><td align=\"left\"><i class=\"fa fa-circle-o\"></i> <i class=\"fa fa-circle-o\"></i> </td><td align=\"right\"><i class=\"fa fa-circle-o\"></i> <i class=\"fa fa-circle-o\"></i> </tr></table>\n|uhtml|bestof|<h2><strong>Game 1</strong> of <a href=\"/game-bestof3-gen9vgc2025regibo3-2353413481\">a best-of-3</a></h2>\n|t:|1745953773\n|gametype|doubles\n|player|p1|Fenozi|veteran|1268\n|player|p2|Diabolical Intent|grimsley|1408\n|teamsize|p1|6\n|teamsize|p2|6\n|gen|9\n|tier|[Gen 9] VGC 2025 Reg I (Bo3)\n|rated|\n|rule|Species Clause: Limit one of each Pok\u00e9mon\n|rule|Item Clause: Limit 1 of each item\n|clearpoke\n|poke|p1|Koraidon, L50|\n|poke|p1|Lunala, L50|\n|poke|p1|Chi-Yu, L50|\n|poke|p1|Ursaluna, L50, F|\n|poke|p1|Brute Bonnet, L50|\n|poke|p1|Flutter Mane, L50|\n|poke|p2|Kyogre, L50|\n|poke|p2|Calyrex-Ice, L50|\n|poke|p2|Urshifu-*, L50, M|\n|poke|p2|Landorus, L50, M|\n|poke|p2|Amoonguss, L50, M|\n|poke|p2|Iron Jugulis, L50|\n|teampreview|4\n|showteam|p1|Koraidon||LifeOrb|OrichalcumPulse|FlareBlitz,FlameCharge,CloseCombat,Protect||||||50|,,,,,Fire]Lunala||PowerHerb|ShadowShield|MoongeistBeam,MeteorBeam,WideGuard,TrickRoom||||||50|,,,,,Water]Chi-Yu||ChoiceScarf|BeadsofRuin|Overheat,HeatWave,DarkPulse,Snarl||||||50|,,,,,Ghost]Ursaluna||FlameOrb|Guts|Facade,Earthquake,HeadlongRush,Protect|||F|||50|,,,,,Water]Brute Bonnet||CovertCloak|Protosynthesis|SeedBomb,SuckerPunch,Spore,RagePowder||||||50|,,,,,Water]Flutter Mane||FocusSash|Protosynthesis|Moonblast,IcyWind,ShadowBall,Protect||||||50|,,,,,Normal\n|showteam|p2|Kyogre||MysticWater|Drizzle|WaterSpout,HydroPump,Thunder,Protect||||||50|,,,,,Poison]Calyrex-Ice||NeverMeltIce|AsOneGlastrier|GlacialLance,HighHorsepower,TrickRoom,Protect||||||50|,,,,,Grass]Urshifu-Rapid-Strike||SplashPlate|UnseenFist|SurgingStrikes,CloseCombat,AquaJet,Protect|||M|||50|,,,,,Grass]Landorus||LifeOrb|SheerForce|EarthPower,SandsearStorm,SludgeBomb,Protect|||M|||50|,,,,,Water]Amoonguss||RockyHelmet|Regenerator|PollenPuff,Spore,RagePowder,Protect|||M|||50|,,,,,Water]Iron Jugulis||BoosterEnergy|QuarkDrive|Hurricane,Snarl,Tailwind,Protect||||||50|,,,,,Grass\n|inactive|Battle timer is ON: inactive players will automatically lose when time's up. (requested by Diabolical Intent)\n|inactive|Fenozi also wants the timer to be on.\n|inactive|Fenozi has 60 seconds left.\n|inactive|Diabolical Intent has 60 seconds left.\n|j| fgs anya\n|l| fgs anya\n|inactive|Fenozi has 30 seconds left.\n|inactive|Fenozi has 20 seconds left.\n|\n|t:|1745953847\n|start\n|switch|p1a: Lunala|Lunala, L50|100/100\n|switch|p1b: Ursaluna|Ursaluna, L50, F|100/100\n|switch|p2a: Hermes|Iron Jugulis, L50|100/100\n|switch|p2b: Demeter|Landorus, L50, M|100/100\n|-enditem|p2a: Hermes|Booster Energy\n|-activate|p2a: Hermes|ability: Quark Drive|[fromitem]\n|-start|p2a: Hermes|quarkdrivespe\n|turn|1\n|inactive|Fenozi has 30 seconds left.\n|inactive|Diabolical Intent has 30 seconds left.\n|inactive|Diabolical Intent has 20 seconds left.\n|inactive|Diabolical Intent has 15 seconds left.\n|inactive|Diabolical Intent has 10 seconds left.\n|inactive|Diabolical Intent has 5 seconds left.\n|\n|t:|1745953902\n|move|p1b: Ursaluna|Protect|p1b: Ursaluna\n|-singleturn|p1b: Ursaluna|Protect\n|move|p2a: Hermes|Hurricane|p1a: Lunala\n|-damage|p1a: Lunala|84/100\n|move|p1a: Lunala|Meteor Beam||[still]\n|-prepare|p1a: Lunala|Meteor Beam\n|-boost|p1a: Lunala|spa|1\n|-enditem|p1a: Lunala|Power Herb\n|-anim|p1a: Lunala|Meteor Beam|p2a: Hermes\n|-supereffective|p2a: Hermes\n|-damage|p2a: Hermes|0 fnt\n|faint|p2a: Hermes\n|-end|p2a: Hermes|Quark Drive|[silent]\n|move|p2b: Demeter|Earth Power|p1a: Lunala\n|-crit|p1a: Lunala\n|-damage|p1a: Lunala|0 fnt\n|faint|p1a: Lunala\n|\n|-status|p1b: Ursaluna|brn|[from] item: Flame Orb\n|upkeep\n|inactive|Diabolical Intent has 30 seconds left.\n|inactive|Diabolical Intent has 20 seconds left.\n|\n|t:|1745953939\n|switch|p2a: Ares|Urshifu-Rapid-Strike, L50, M|100/100\n|switch|p1a: Koraidon|Koraidon, L50|100/100\n|-weather|SunnyDay|[from] ability: Orichalcum Pulse|[of] p1a: Koraidon\n|-activate|p1a: Koraidon|Orichalcum Pulse|[source]\n|turn|2\n|\n|t:|1745953950\n|-terastallize|p1b: Ursaluna|Water\n|move|p2b: Demeter|Protect|p2b: Demeter\n|-singleturn|p2b: Demeter|Protect\n|move|p2a: Ares|Protect|p2a: Ares\n|-singleturn|p2a: Ares|Protect\n|move|p1a: Koraidon|Close Combat|p2a: Ares\n|-activate|p2a: Ares|move: Protect\n|move|p1b: Ursaluna|Facade|p2b: Demeter\n|-activate|p2b: Demeter|move: Protect\n|\n|-weather|SunnyDay|[upkeep]\n|-damage|p1b: Ursaluna|95/100 brn|[from] brn\n|upkeep\n|turn|3\n|\n|t:|1745953961\n|switch|p2a: Poseidon|Kyogre, L50|100/100\n|-weather|RainDance|[from] ability: Drizzle|[of] p2a: Poseidon\n|move|p1a: Koraidon|Close Combat|p2a: Poseidon\n|-damage|p2a: Poseidon|26/100\n|-unboost|p1a: Koraidon|def|1\n|-unboost|p1a: Koraidon|spd|1\n|-damage|p1a: Koraidon|91/100|[from] item: Life Orb\n|move|p2b: Demeter|Sandsear Storm|p1a: Koraidon|[spread] p1a,p1b\n|-damage|p1a: Koraidon|0 fnt\n|-damage|p1b: Ursaluna|40/100 brn\n|faint|p1a: Koraidon\n|move|p1b: Ursaluna|Facade|p2b: Demeter\n|-damage|p2b: Demeter|0 fnt\n|faint|p2b: Demeter\n|\n|-weather|RainDance|[upkeep]\n|-damage|p1b: Ursaluna|34/100 brn|[from] brn\n|upkeep\n|\n|t:|1745953980\n|switch|p1a: Brute Bonnet|Brute Bonnet, L50|100/100\n|switch|p2b: Ares|Urshifu-Rapid-Strike, L50, M|100/100\n|turn|4\n|inactive|Fenozi has 30 seconds left.\n|inactive|Fenozi has 20 seconds left.\n|inactive|Fenozi has 15 seconds left.\n|\n|t:|1745954027\n|move|p2b: Ares|Protect|p2b: Ares\n|-singleturn|p2b: Ares|Protect\n|move|p2a: Poseidon|Protect|p2a: Poseidon\n|-singleturn|p2a: Poseidon|Protect\n|move|p1a: Brute Bonnet|Sucker Punch||[still]\n|-fail|p1a: Brute Bonnet\n|move|p1b: Ursaluna|Facade|p2b: Ares\n|-activate|p2b: Ares|move: Protect\n|\n|-weather|RainDance|[upkeep]\n|-damage|p1b: Ursaluna|28/100 brn|[from] brn\n|upkeep\n|turn|5\n|inactive|Fenozi has 30 seconds left.\n|\n|t:|1745954060\n|-terastallize|p2b: Ares|Grass\n|move|p1a: Brute Bonnet|Sucker Punch|p2a: Poseidon\n|-damage|p2a: Poseidon|0 fnt\n|faint|p2a: Poseidon\n|move|p2b: Ares|Surging Strikes|p1b: Ursaluna\n|-resisted|p1b: Ursaluna\n|-crit|p1b: Ursaluna\n|-damage|p1b: Ursaluna|14/100 brn\n|-resisted|p1b: Ursaluna\n|-crit|p1b: Ursaluna\n|-damage|p1b: Ursaluna|0 fnt\n|faint|p1b: Ursaluna\n|-hitcount|p1: Ursaluna|2\n|\n|-weather|RainDance|[upkeep]\n|upkeep\n|turn|6\n|\n|t:|1745954077\n|move|p1a: Brute Bonnet|Sucker Punch|p2b: Ares\n|-crit|p2b: Ares\n|-damage|p2b: Ares|62/100\n|move|p2b: Ares|Surging Strikes|p1a: Brute Bonnet\n|-resisted|p1a: Brute Bonnet\n|-crit|p1a: Brute Bonnet\n|-damage|p1a: Brute Bonnet|87/100\n|-resisted|p1a: Brute Bonnet\n|-crit|p1a: Brute Bonnet\n|-damage|p1a: Brute Bonnet|75/100\n|-resisted|p1a: Brute Bonnet\n|-crit|p1a: Brute Bonnet\n|-damage|p1a: Brute Bonnet|63/100\n|-hitcount|p1a: Brute Bonnet|3\n|\n|-weather|RainDance|[upkeep]\n|upkeep\n|turn|7\n|\n|t:|1745954099\n|move|p1a: Brute Bonnet|Sucker Punch|p2b: Ares\n|-damage|p2b: Ares|34/100\n|move|p2b: Ares|Close Combat|p1a: Brute Bonnet\n|-supereffective|p1a: Brute Bonnet\n|-damage|p1a: Brute Bonnet|0 fnt\n|-unboost|p2b: Ares|def|1\n|-unboost|p2b: Ares|spd|1\n|faint|p1a: Brute Bonnet\n|-end|p1a: Brute Bonnet|Protosynthesis|[silent]\n|\n|win|Diabolical Intent\n||Diabolical Intent is ready for game 2.\n", "uploadtime": 1745954105, "views": 10, "formatid": "gen9vgc2025regibo3", "rating": null, "private": 0, "password": null}