{"id": "gen9vgc2025regibo3-2353750987", "format": "[Gen 9] VGC 2025 Reg I (Bo3)", "players": ["01Sleipnir", "StringOfCharacters"], "log": "|j|\u260601Sleipnir\n|j|\u2606StringOfCharacters\n|html|<table width=\"100%\"><tr><td align=\"left\">01Sleipnir</td><td align=\"right\">StringOfCharacters</tr><tr><td align=\"left\"><i class=\"fa fa-circle-o\"></i> <i class=\"fa fa-circle-o\"></i> </td><td align=\"right\"><i class=\"fa fa-circle-o\"></i> <i class=\"fa fa-circle-o\"></i> </tr></table>\n|uhtml|bestof|<h2><strong>Game 1</strong> of <a href=\"/game-bestof3-gen9vgc2025regibo3-2353750985\">a best-of-3</a></h2>\n|t:|1745993738\n|gametype|doubles\n|player|p1|01Sleipnir|1|1153\n|player|p2|StringOfCharacters|beauty-gen4dp|1196\n|teamsize|p1|6\n|teamsize|p2|6\n|gen|9\n|tier|[Gen 9] VGC 2025 Reg I (Bo3)\n|rated|\n|rule|Species Clause: Limit one of each Pok\u00e9mon\n|rule|Item Clause: Limit 1 of each item\n|clearpoke\n|poke|p1|Terapagos, L50, M|\n|poke|p1|Incineroar, L50, M|\n|poke|p1|Rillaboom, L50, M|\n|poke|p1|Rayquaza, L50|\n|poke|p1|Flutter Mane, L50|\n|poke|p1|Amoonguss, L50, M|\n|poke|p2|Calyrex-Shadow, L50|\n|poke|p2|Zamazenta-*, L50|\n|poke|p2|Chien-Pao, L50|\n|poke|p2|Incineroar, L50, F|\n|poke|p2|Urshifu-*, L50, M|\n|poke|p2|Tornadus, L50, M|\n|teampreview|4\n|showteam|p1|Terapagos||Leftovers|TeraShift|TeraStarstorm,DarkPulse,CalmMind,Substitute|||M|||50|,,,,,Stellar]Incineroar||SafetyGoggles|Intimidate|FakeOut,PartingShot,WillOWisp,KnockOff|||M|||50|,,,,,Ghost]Rillaboom||AssaultVest|GrassySurge|FakeOut,GrassyGlide,WoodHammer,Uturn|||M|||50|,,,,,Grass]Rayquaza||LifeOrb|AirLock|DragonAscent,DracoMeteor,ExtremeSpeed,Protect||||||50|,,,,,Fairy]Flutter Mane||FocusSash|Protosynthesis|Moonblast,ShadowBall,ThunderWave,Protect||||||50|,,,,,Ghost]Amoonguss||SitrusBerry|Regenerator|RagePowder,Spore,SludgeBomb,PollenPuff|||M|||50|,,,,,Water\n|showteam|p2|Calyrex-Shadow||SpellTag|AsOneSpectrier|AstralBarrage,Psychic,Protect,NastyPlot||||||50|,,,,,Dark]Zamazenta-Crowned||RustedShield|DauntlessShield|behemothbash,BodyPress,Protect,IronDefense||||||50|,,,,,Dragon]Chien-Pao||FocusSash|SwordofRuin|IceSpinner,SuckerPunch,SacredSword,Protect||||||50|,,,,,Ghost]Incineroar||SafetyGoggles|Intimidate|PartingShot,KnockOff,HelpingHand,FakeOut|||F|||50|,,,,,Ghost]Urshifu-Rapid-Strike||ChoiceScarf|UnseenFist|SurgingStrikes,AquaJet,Uturn,CloseCombat|||M|||50|,,,,,Water]Tornadus||CovertCloak|Prankster|Tailwind,BleakwindStorm,RainDance,Taunt|||M|||50|,,,,,Dark\n|inactive|Battle timer is ON: inactive players will automatically lose when time's up. (requested by StringOfCharacters)\n|\n|t:|1745993760\n|start\n|switch|p1a: Terapagos|Terapagos, L50, M|100/100\n|switch|p1b: Incineroar|Incineroar, L50, M|100/100\n|switch|p2a: Calyrex|Calyrex-Shadow, L50|100/100\n|switch|p2b: black cat|Incineroar, L50, F, shiny|100/100\n|-activate|p1a: Terapagos|ability: Tera Shift\n|detailschange|p1a: Terapagos|Terapagos-Terastal, L50, M\n|-heal|p1a: Terapagos|100/100|[silent]\n|-ability|p2a: Calyrex|As One\n|-ability|p2a: Calyrex|Unnerve\n|-ability|p1b: Incineroar|Intimidate|boost\n|-unboost|p2a: Calyrex|atk|1\n|-unboost|p2b: black cat|atk|1\n|-ability|p2b: black cat|Intimidate|boost\n|-unboost|p1a: Terapagos|atk|1\n|-unboost|p1b: Incineroar|atk|1\n|turn|1\n|inactive|StringOfCharacters has 30 seconds left.\n|\n|t:|1745993785\n|-terastallize|p2a: Calyrex|Dark\n|move|p2a: Calyrex|Nasty Plot|p2a: Calyrex\n|-boost|p2a: Calyrex|spa|2\n|move|p1a: Terapagos|Calm Mind|p1a: Terapagos\n|-boost|p1a: Terapagos|spa|1\n|-boost|p1a: Terapagos|spd|1\n|move|p1b: Incineroar|Knock Off|p2a: Calyrex\n|-resisted|p2a: Calyrex\n|-damage|p2a: Calyrex|89/100\n|-enditem|p2a: Calyrex|Spell Tag|[from] move: Knock Off|[of] p1b: Incineroar\n|move|p2b: black cat|Knock Off|p1a: Terapagos\n|-activate|p1a: Terapagos|ability: Tera Shell\n|-resisted|p1a: Terapagos\n|-damage|p1a: Terapagos|89/100\n|-enditem|p1a: Terapagos|Leftovers|[from] move: Knock Off|[of] p2b: black cat\n|\n|upkeep\n|turn|2\n|inactive|StringOfCharacters has 30 seconds left.\n|inactive|StringOfCharacters has 20 seconds left.\n|inactive|StringOfCharacters has 15 seconds left.\n|\n|t:|1745993827\n|-terastallize|p1a: Terapagos|Stellar\n|detailschange|p1a: Terapagos|Terapagos-Stellar, L50, M, tera:Stellar\n|-heal|p1a: Terapagos|92/100|[silent]\n|move|p2b: black cat|Helping Hand|p2a: Calyrex\n|-singleturn|p2a: Calyrex|Helping Hand|[of] p2b: black cat\n|move|p2a: Calyrex|Psychic|p1a: Terapagos\n|-damage|p1a: Terapagos|35/100\n|move|p1a: Terapagos|Tera Starstorm|p2b: black cat|[spread] p2a,p2b\n|-supereffective|p2a: Calyrex\n|-damage|p2a: Calyrex|0 fnt\n|-damage|p2b: black cat|47/100\n|faint|p2a: Calyrex\n|move|p1b: Incineroar|Parting Shot|p2b: black cat\n|-unboost|p2b: black cat|atk|1\n|-unboost|p2b: black cat|spa|1\n|\n|t:|1745993843\n|switch|p1b: Flutter Mane|Flutter Mane, L50|100/100|[from] Parting Shot\n|\n|upkeep\n|\n|t:|1745993847\n|switch|p2a: white cat|Chien-Pao, L50|100/100\n|-ability|p2a: white cat|Sword of Ruin\n|turn|3\n|\n|t:|1745993869\n|switch|p1a: Incineroar|Incineroar, L50, M|100/100\n|-ability|p1a: Incineroar|Intimidate|boost\n|-unboost|p2a: white cat|atk|1\n|-unboost|p2b: black cat|atk|1\n|move|p2a: white cat|Sucker Punch||[still]\n|-fail|p2a: white cat\n|move|p1b: Flutter Mane|Moonblast|p2a: white cat\n|-supereffective|p2a: white cat\n|-enditem|p2a: white cat|Focus Sash\n|-damage|p2a: white cat|1/100\n|move|p2b: black cat|Parting Shot|p1b: Flutter Mane\n|-unboost|p1b: Flutter Mane|atk|1\n|-unboost|p1b: Flutter Mane|spa|1\n|\n|t:|1745993873\n|switch|p2b: Zamazenta|Zamazenta-Crowned, L50|100/100|[from] Parting Shot\n|-ability|p2b: Zamazenta|Dauntless Shield|boost\n|-boost|p2b: Zamazenta|def|1\n|\n|upkeep\n|turn|4\n|\n|t:|1745993890\n|move|p2a: white cat|Protect|p2a: white cat\n|-singleturn|p2a: white cat|Protect\n|move|p1b: Flutter Mane|Moonblast|p2a: white cat\n|-activate|p2a: white cat|move: Protect\n|move|p2b: Zamazenta|Body Press|p1a: Incineroar\n|-supereffective|p1a: Incineroar\n|-damage|p1a: Incineroar|0 fnt\n|faint|p1a: Incineroar\n|\n|upkeep\n|\n|t:|1745993900\n|switch|p1a: Rayquaza|Rayquaza, L50|100/100\n|-ability|p1a: Rayquaza|Air Lock\n|turn|5\n|\n|t:|1745993915\n|switch|p2a: black cat|Incineroar, L50, F, shiny|47/100\n|-ability|p2a: black cat|Intimidate|boost\n|-unboost|p1a: Rayquaza|atk|1\n|-unboost|p1b: Flutter Mane|atk|1\n|move|p1a: Rayquaza|Extreme Speed|p2a: black cat\n|-damage|p2a: black cat|23/100\n|-damage|p1a: Rayquaza|91/100|[from] item: Life Orb\n|move|p1b: Flutter Mane|Shadow Ball|p2b: Zamazenta\n|-damage|p2b: Zamazenta|79/100\n|move|p2b: Zamazenta|Behemoth Bash|p1b: Flutter Mane\n|-supereffective|p1b: Flutter Mane\n|-enditem|p1b: Flutter Mane|Focus Sash\n|-damage|p1b: Flutter Mane|1/100\n|\n|upkeep\n|turn|6\n|inactive|01Sleipnir has 30 seconds left.\n|\n|t:|1745993943\n|move|p2a: black cat|Fake Out|p1a: Rayquaza\n|-damage|p1a: Rayquaza|76/100\n|move|p1b: Flutter Mane|Moonblast|p2a: black cat\n|-damage|p2a: black cat|0 fnt\n|faint|p2a: black cat\n|move|p2b: Zamazenta|Behemoth Bash|p1b: Flutter Mane\n|-supereffective|p1b: Flutter Mane\n|-damage|p1b: Flutter Mane|0 fnt\n|faint|p1b: Flutter Mane\n|-end|p1b: Flutter Mane|Protosynthesis|[silent]\n|cant|p1a: Rayquaza|flinch\n|\n|upkeep\n|\n|t:|1745993954\n|switch|p1b: Terapagos|Terapagos-Stellar, L50, M, tera:Stellar|35/100\n|switch|p2a: white cat|Chien-Pao, L50|1/100\n|-ability|p2a: white cat|Sword of Ruin\n|turn|7\n|\n|t:|1745993962\n|move|p2a: white cat|Ice Spinner|p1a: Rayquaza\n|-supereffective|p1a: Rayquaza\n|-damage|p1a: Rayquaza|0 fnt\n|faint|p1a: Rayquaza\n|move|p2b: Zamazenta|Body Press|p1b: Terapagos\n|-supereffective|p1b: Terapagos\n|-damage|p1b: Terapagos|0 fnt\n|faint|p1b: Terapagos\n|\n|win|StringOfCharacters\n||StringOfCharacters is ready for game 2.\n||01Sleipnir is ready for game 2.\n|uhtml|next|Next: <a href=\"/battle-gen9vgc2025regibo3-2353752291\"><strong>Game 2 of 3</strong></a>\n|l|\u260601Sleipnir\n|player|p1|\n", "uploadtime": 1745994227, "views": 6, "formatid": "gen9vgc2025regibo3", "rating": null, "private": 0, "password": null}