{"id": "gen9vgc2025regibo3-2354260527", "format": "[Gen 9] VGC 2025 Reg I (Bo3)", "players": ["fwlegend", "roansigma"], "log": "|j|\u2606fwlegend\n|j|\u2606roansigma\n|html|<table width=\"100%\"><tr><td align=\"left\">fwlegend</td><td align=\"right\">roansigma</tr><tr><td align=\"left\"><i class=\"fa fa-circle\"></i> <i class=\"fa fa-circle-o\"></i> </td><td align=\"right\"><i class=\"fa fa-circle-o\"></i> <i class=\"fa fa-circle-o\"></i> </tr></table>\n|uhtml|bestof|<h2><strong>Game 2</strong> of <a href=\"/game-bestof3-gen9vgc2025regibo3-2354257692\">a best-of-3</a></h2>\n|t:|1746050162\n|gametype|doubles\n|player|p1|fwlegend|101|\n|player|p2|roansigma|1|\n|teamsize|p1|6\n|teamsize|p2|4\n|gen|9\n|tier|[Gen 9] VGC 2025 Reg I (Bo3)\n|rule|Species Clause: Limit one of each Pok\u00e9mon\n|rule|Item Clause: Limit 1 of each item\n|clearpoke\n|poke|p1|Articuno, L50|\n|poke|p1|Ninetales-Alola, L50, M|\n|poke|p1|Terapagos, L50, M|\n|poke|p1|Scream Tail, L50|\n|poke|p1|Ogerpon-Wellspring, L50, F|\n|poke|p1|Incineroar, L50, F|\n|poke|p2|Lilligant-Hisui, L50, F|\n|poke|p2|Flapple, L50, F|\n|poke|p2|Meowstic, L50, M|\n|poke|p2|Ninetales, L50, M|\n|teampreview|4\n|showteam|p1|Articuno||LifeOrb|SnowCloak|Blizzard,Tailwind,IceBeam,AirSlash||||||50|,,,,,Ice]Ninetales-Alola||CovertCloak|SnowWarning|AuroraVeil,DazzlingGleam,Blizzard,HelpingHand|||M|||50|,,,,,Ice]Terapagos||ChoiceSpecs|TeraShift|TeraStarstorm,DarkPulse,EarthPower,Flamethrower|||M|||50|,,,,,Stellar]Scream Tail||BoosterEnergy|Protosynthesis|Disable,HelpingHand,Protect,DazzlingGleam||||||50|,,,,,Fairy]Ogerpon-Wellspring||WellspringMask|WaterAbsorb|FollowMe,IvyCudgel,HelpingHand,SpikyShield|||F|||50|,,,,,Water]Incineroar||AssaultVest|Intimidate|Uturn,FakeOut,FlareBlitz,KnockOff|||F|||50|,,,,,Fire\n|showteam|p2|Lilligant-Hisui||LifeOrb|Chlorophyll|SolarBlade,CloseCombat,TripleAxel,WeatherBall|||F|||50|,,,,,Grass]Flapple||ChoiceBand|Hustle|GravApple,DracoMeteor,Uturn,LeechSeed|||F|||50|,,,,,Grass]Meowstic||FocusSash|Prankster|Gravity,FakeOut,ThunderWave,LightScreen|||M|||50|,,,,,Psychic]Ninetales||HeatRock|Drought|Encore,Disable,Hex,WillOWisp|||M|||50|,,,,,Fire\n|\n|t:|1746050208\n|start\n|switch|p1a: evilpon|Ogerpon-Wellspring, L50, F|100/100\n|switch|p1b: eviltales|Ninetales-Alola, L50, M|100/100\n|switch|p2a: Lilligant|Lilligant-Hisui, L50, F|100/100\n|switch|p2b: Ninetales|Ninetales, L50, M|100/100\n|-weather|Snowscape|[from] ability: Snow Warning|[of] p1b: eviltales\n|-weather|SunnyDay|[from] ability: Drought|[of] p2b: Ninetales\n|turn|1\n|inactive|Battle timer is ON: inactive players will automatically lose when time's up. (requested by fwlegend)\n|\n|t:|1746050277\n|switch|p1b: evilroar|Incineroar, L50, F|100/100\n|-ability|p1b: evilroar|Intimidate|boost\n|-unboost|p2a: Lilligant|atk|1\n|-unboost|p2b: Ninetales|atk|1\n|move|p1a: evilpon|Follow Me|p1a: evilpon\n|-singleturn|p1a: evilpon|move: Follow Me\n|move|p2a: Lilligant|Solar Blade||[still]\n|-prepare|p2a: Lilligant|Solar Blade\n|-anim|p2a: Lilligant|Solar Blade|p1a: evilpon\n|-damage|p1a: evilpon|43/100\n|-damage|p2a: Lilligant|91/100|[from] item: Life Orb\n|move|p2b: Ninetales|Will-O-Wisp|p1a: evilpon|[miss]\n|-miss|p2b: Ninetales|p1a: evilpon\n|\n|-weather|SunnyDay|[upkeep]\n|upkeep\n|turn|2\n|inactive|fwlegend has 30 seconds left.\n|inactive|roansigma has 30 seconds left.\n|\n|t:|1746050307\n|move|p1b: evilroar|Fake Out|p2a: Lilligant\n|-damage|p2a: Lilligant|71/100\n|cant|p2a: Lilligant|flinch\n|move|p1a: evilpon|Ivy Cudgel|p2b: Ninetales|[anim] Ivy Cudgel Water\n|-supereffective|p2b: Ninetales\n|-damage|p2b: Ninetales|44/100\n|move|p2b: Ninetales|Disable|p1a: evilpon\n|-start|p1a: evilpon|Disable|Ivy Cudgel\n|\n|-weather|SunnyDay|[upkeep]\n|upkeep\n|turn|3\n|inactive|roansigma has 30 seconds left.\n|inactive|roansigma has 20 seconds left.\n|\n|t:|1746050344\n|move|p1a: evilpon|Follow Me|p1a: evilpon\n|-singleturn|p1a: evilpon|move: Follow Me\n|move|p2a: Lilligant|Close Combat|p1a: evilpon\n|-damage|p1a: evilpon|0 fnt\n|-unboost|p2a: Lilligant|def|1\n|-unboost|p2a: Lilligant|spd|1\n|faint|p1a: evilpon\n|-damage|p2a: Lilligant|61/100|[from] item: Life Orb\n|move|p2b: Ninetales|Encore|p1b: evilroar\n|-start|p1b: evilroar|Encore\n|move|p1b: evilroar|Fake Out||[still]\n|-hint|Fake Out only works on your first turn out.\n|-fail|p1b: evilroar\n|\n|-weather|SunnyDay|[upkeep]\n|upkeep\n|\n|t:|1746050368\n|switch|p1a: eviltales|Ninetales-Alola, L50, M|100/100\n|-weather|Snowscape|[from] ability: Snow Warning|[of] p1a: eviltales\n|turn|4\n|inactive|roansigma has 30 seconds left.\n|inactive|roansigma has 20 seconds left.\n|inactive|roansigma has 15 seconds left.\n|\n|t:|1746050409\n|switch|p1b: evilcuno|Articuno, L50|100/100\n|move|p1a: eviltales|Aurora Veil|p1a: eviltales\n|-sidestart|p1: fwlegend|move: Aurora Veil\n|move|p2a: Lilligant|Weather Ball|p1b: evilcuno\n|-damage|p1b: evilcuno|91/100\n|-damage|p2a: Lilligant|52/100|[from] item: Life Orb\n|move|p2b: Ninetales|Will-O-Wisp|p1b: evilcuno\n|-status|p1b: evilcuno|brn\n|\n|-weather|Snowscape|[upkeep]\n|-damage|p1b: evilcuno|85/100 brn|[from] brn\n|upkeep\n|turn|5\n|inactive|fwlegend has 30 seconds left.\n|\n|t:|1746050435\n|switch|p2a: Meowstic|Meowstic, L50, M|100/100\n|move|p1a: eviltales|Blizzard|p2b: Ninetales|[spread] p2a,p2b\n|-resisted|p2b: Ninetales\n|-damage|p2a: Meowstic|74/100\n|-damage|p2b: Ninetales|32/100\n|move|p1b: evilcuno|Blizzard|p2a: Meowstic|[spread] p2a,p2b\n|-resisted|p2b: Ninetales\n|-damage|p2a: Meowstic|36/100\n|-damage|p2b: Ninetales|15/100\n|-status|p2b: Ninetales|frz\n|-damage|p1b: evilcuno|75/100 brn|[from] item: Life Orb\n|cant|p2b: Ninetales|frz\n|\n|-weather|Snowscape|[upkeep]\n|-damage|p1b: evilcuno|69/100 brn|[from] brn\n|upkeep\n|turn|6\n|inactive|roansigma has 30 seconds left.\n|inactive|roansigma has 20 seconds left.\n|\n|t:|1746050471\n|move|p2a: Meowstic|Fake Out|p1b: evilcuno|[miss]\n|-miss|p2a: Meowstic|p1b: evilcuno\n|move|p1a: eviltales|Blizzard|p2b: Ninetales|[spread] p2a,p2b\n|-resisted|p2b: Ninetales\n|-damage|p2a: Meowstic|13/100\n|-damage|p2b: Ninetales|3/100 frz\n|move|p1b: evilcuno|Blizzard|p2a: Meowstic|[spread] p2a,p2b\n|-resisted|p2b: Ninetales\n|-damage|p2a: Meowstic|0 fnt\n|-damage|p2b: Ninetales|0 fnt\n|faint|p2a: Meowstic\n|faint|p2b: Ninetales\n|-damage|p1b: evilcuno|59/100 brn|[from] item: Life Orb\n|\n|-weather|Snowscape|[upkeep]\n|-damage|p1b: evilcuno|53/100 brn|[from] brn\n|upkeep\n|\n|t:|1746050484\n|switch|p2a: Flapple|Flapple, L50, F|100/100\n|switch|p2b: Lilligant|Lilligant-Hisui, L50, F|52/100\n|turn|7\n|\n|t:|1746050508\n|-terastallize|p1b: evilcuno|Ice\n|move|p1a: eviltales|Helping Hand|p1b: evilcuno\n|-singleturn|p1b: evilcuno|Helping Hand|[of] p1a: eviltales\n|move|p1b: evilcuno|Blizzard|p2a: Flapple|[spread] p2a,p2b\n|-supereffective|p2a: Flapple\n|-supereffective|p2b: Lilligant\n|-damage|p2a: Flapple|0 fnt\n|-damage|p2b: Lilligant|0 fnt\n|faint|p2a: Flapple\n|faint|p2b: Lilligant\n|-damage|p1b: evilcuno|44/100 brn|[from] item: Life Orb\n|\n|win|fwlegend\n|l|\u2606roansigma\n|player|p2|\n", "uploadtime": 1746050518, "views": 7, "formatid": "gen9vgc2025regibo3", "rating": null, "private": 0, "password": null}