{"id": "gen9vgc2025regibo3-2355133644", "format": "[Gen 9] VGC 2025 Reg I (Bo3)", "players": ["aefrmm", "raylof"], "log": "|j|\u2606aefrmm\n|j|\u2606raylof\n|html|<table width=\"100%\"><tr><td align=\"left\">aefrmm</td><td align=\"right\">raylof</tr><tr><td align=\"left\"><i class=\"fa fa-circle\"></i> <i class=\"fa fa-circle-o\"></i> </td><td align=\"right\"><i class=\"fa fa-circle-o\"></i> <i class=\"fa fa-circle\"></i> </tr></table>\n|uhtml|bestof|<h2><strong>Game 3</strong> of <a href=\"/game-bestof3-gen9vgc2025regibo3-2355128145\">a best-of-3</a></h2>\n|t:|1746156776\n|gametype|doubles\n|player|p1|aefrmm|pokemonrangerf-gen4|\n|player|p2|raylof|102|\n|teamsize|p1|6\n|teamsize|p2|6\n|gen|9\n|tier|[Gen 9] VGC 2025 Reg I (Bo3)\n|rule|Species Clause: Limit one of each Pok\u00e9mon\n|rule|Item Clause: Limit 1 of each item\n|clearpoke\n|poke|p1|Indeedee-F, L50, F|\n|poke|p1|Calyrex-Ice, L50|\n|poke|p1|Ursaluna-Bloodmoon, L50, M|\n|poke|p1|Smeargle, L50, M|\n|poke|p1|Lunala, L50|\n|poke|p1|Urshifu-*, L50, M|\n|poke|p2|Miraidon, L50|\n|poke|p2|Calyrex-Ice, L50|\n|poke|p2|Iron Hands, L50|\n|poke|p2|Farigiraf, L50, M|\n|poke|p2|Whimsicott, L50, M|\n|poke|p2|Ogerpon-Hearthflame, L50, F|\n|teampreview|4\n|showteam|p1|Indeedee-F||RockyHelmet|PsychicSurge|Psychic,TrickRoom,FollowMe,HelpingHand|||F|||50|,,,,,Fairy]Calyrex-Ice||ClearAmulet|AsOneGlastrier|GlacialLance,HighHorsepower,Protect,TrickRoom||||||50|,,,,,Fire]Ursaluna-Bloodmoon||LifeOrb|MindsEye|EarthPower,HyperVoice,BloodMoon,Protect|||M|||50|,,,,,Normal]Smeargle||FocusSash|OwnTempo|FollowMe,FakeOut,Decorate,Spore|||M|||50|,,,,,Grass]Lunala||PowerHerb|ShadowShield|ExpandingForce,TrickRoom,MoongeistBeam,MeteorBeam||||||50|,,,,,Grass]Urshifu||ChoiceBand|UnseenFist|WickedBlow,SuckerPunch,CloseCombat,IronHead|||M|||50|,,,,,Grass\n|showteam|p2|Miraidon||ChoiceSpecs|HadronEngine|ElectroDrift,DracoMeteor,VoltSwitch,DazzlingGleam||||||50|,,,,,Fairy]Calyrex-Ice||ClearAmulet|AsOneGlastrier|GlacialLance,HighHorsepower,TrickRoom,Protect||||||50|,,,,,Fire]Iron Hands||AssaultVest|QuarkDrive|FakeOut,LowKick,DrainPunch,WildCharge||||||50|,,,,,Bug]Farigiraf||ElectricSeed|ArmorTail|FoulPlay,PsychicNoise,TrickRoom,HelpingHand|||M|||50|,,,,,Water]Whimsicott||CovertCloak|Prankster|Moonblast,Tailwind,LightScreen,Encore|||M|||50|,,,,,Dark]Ogerpon-Hearthflame||HearthflameMask|MoldBreaker|IvyCudgel,WoodHammer,FollowMe,SpikyShield|||F|||50|,,,,,Fire\n|\n|t:|1746156929\n|start\n|switch|p1a: Smeargle|Smeargle, L50, M, shiny|100/100\n|switch|p1b: Lunala|Lunala, L50, shiny|100/100\n|switch|p2a: Calyrex|Calyrex-Ice, L50|100/100\n|switch|p2b: Whimsicott|Whimsicott, L50, M|100/100\n|-ability|p2a: Calyrex|As One\n|-ability|p2a: Calyrex|Unnerve\n|turn|1\n|\n|t:|1746156981\n|move|p2a: Calyrex|Protect|p2a: Calyrex\n|-singleturn|p2a: Calyrex|Protect\n|move|p2b: Whimsicott|Light Screen|p2b: Whimsicott\n|-sidestart|p2: raylof|move: Light Screen\n|move|p1b: Lunala|Meteor Beam||[still]\n|-prepare|p1b: Lunala|Meteor Beam\n|-boost|p1b: Lunala|spa|1\n|-enditem|p1b: Lunala|Power Herb\n|-anim|p1b: Lunala|Meteor Beam|p2b: Whimsicott\n|-damage|p2b: Whimsicott|47/100\n|move|p1a: Smeargle|Decorate|p1b: Lunala\n|-boost|p1b: Lunala|atk|2\n|-boost|p1b: Lunala|spa|2\n|\n|upkeep\n|turn|2\n|\n|t:|1746157015\n|switch|p2a: Miraidon|Miraidon, L50|100/100\n|-fieldstart|move: Electric Terrain|[from] ability: Hadron Engine|[of] p2a: Miraidon\n|move|p1a: Smeargle|Follow Me|p1a: Smeargle\n|-singleturn|p1a: Smeargle|move: Follow Me\n|move|p2b: Whimsicott|Encore|p1a: Smeargle\n|-start|p1a: Smeargle|Encore\n|move|p1b: Lunala|Moongeist Beam|p2a: Miraidon\n|-damage|p2a: Miraidon|13/100\n|\n|upkeep\n|turn|3\n|\n|t:|1746157052\n|move|p1a: Smeargle|Follow Me|p1a: Smeargle\n|-singleturn|p1a: Smeargle|move: Follow Me\n|move|p2a: Miraidon|Dazzling Gleam|p1a: Smeargle|[spread] p1a,p1b\n|-damage|p1a: Smeargle|21/100\n|-damage|p1b: Lunala|86/100\n|move|p2b: Whimsicott|Moonblast|p1a: Smeargle\n|-damage|p1a: Smeargle|0 fnt\n|faint|p1a: Smeargle\n|move|p1b: Lunala|Expanding Force|p2a: Miraidon\n|-damage|p2a: Miraidon|0 fnt\n|faint|p2a: Miraidon\n|\n|upkeep\n|\n|t:|1746157067\n|switch|p2a: Ogerpon|Ogerpon-Hearthflame, L50, F|100/100\n|switch|p1a: Urshifu|Urshifu, L50, M|100/100\n|-ability|p2a: Ogerpon|Mold Breaker\n|turn|4\n|\n|t:|1746157127\n|move|p2a: Ogerpon|Spiky Shield|p2a: Ogerpon\n|-singleturn|p2a: Ogerpon|move: Protect\n|move|p2b: Whimsicott|Tailwind|p2b: Whimsicott\n|-sidestart|p2: raylof|move: Tailwind\n|move|p1b: Lunala|Moongeist Beam|p2a: Ogerpon\n|-activate|p2a: Ogerpon|move: Protect\n|move|p1a: Urshifu|Iron Head|p2b: Whimsicott\n|-supereffective|p2b: Whimsicott\n|-damage|p2b: Whimsicott|0 fnt\n|faint|p2b: Whimsicott\n|\n|upkeep\n|\n|t:|1746157138\n|switch|p2b: Calyrex|Calyrex-Ice, L50|100/100\n|-ability|p2b: Calyrex|As One\n|-ability|p2b: Calyrex|Unnerve\n|turn|5\n|\n|t:|1746157148\n|-terastallize|p2a: Ogerpon|Fire\n|detailschange|p2a: Ogerpon|Ogerpon-Hearthflame-Tera, L50, F, tera:Fire\n|-ability|p2a: Ogerpon|Embody Aspect (Hearthflame)|boost\n|-boost|p2a: Ogerpon|atk|1\n|move|p2a: Ogerpon|Ivy Cudgel|p1b: Lunala|[anim] Ivy Cudgel Fire\n|-damage|p1b: Lunala|0 fnt\n|faint|p1b: Lunala\n|move|p2b: Calyrex|Glacial Lance|p1a: Urshifu\n|-damage|p1a: Urshifu|32/100\n|move|p1a: Urshifu|Iron Head|p2b: Calyrex\n|-supereffective|p2b: Calyrex\n|-damage|p2b: Calyrex|43/100\n|\n|-sideend|p2: raylof|move: Light Screen\n|upkeep\n|\n|t:|1746157171\n|switch|p1b: Calyrex|Calyrex-Ice, L50|100/100\n|-ability|p1b: Calyrex|As One\n|-ability|p1b: Calyrex|Unnerve\n|turn|6\n|\n|t:|1746157211\n|-terastallize|p1b: Calyrex|Fire\n|move|p2a: Ogerpon|Ivy Cudgel|p1b: Calyrex|[anim] Ivy Cudgel Fire\n|-resisted|p1b: Calyrex\n|-crit|p1b: Calyrex\n|-damage|p1b: Calyrex|52/100\n|move|p2b: Calyrex|High Horsepower|p1b: Calyrex\n|-supereffective|p1b: Calyrex\n|-crit|p1b: Calyrex\n|-damage|p1b: Calyrex|0 fnt\n|faint|p1b: Calyrex\n|-ability|p2b: Calyrex|Chilling Neigh|boost\n|-boost|p2b: Calyrex|atk|1\n|move|p1a: Urshifu|Iron Head|p2b: Calyrex\n|-supereffective|p2b: Calyrex\n|-damage|p2b: Calyrex|0 fnt\n|faint|p2b: Calyrex\n|\n|-fieldend|move: Electric Terrain\n|upkeep\n|turn|7\n|\n|t:|1746157229\n|move|p2a: Ogerpon|Ivy Cudgel|p1a: Urshifu|[anim] Ivy Cudgel Fire\n|-damage|p1a: Urshifu|0 fnt\n|faint|p1a: Urshifu\n|\n|win|raylof\n", "uploadtime": 1746157232, "views": 3, "formatid": "gen9vgc2025regibo3", "rating": null, "private": 0, "password": null}