{"id": "gen9vgc2025regibo3-2353763521", "format": "[Gen 9] VGC 2025 Reg I (Bo3)", "players": ["minecraftmaster31", "owbd"], "log": "|j|\u2606minecraftmaster31\n|j|\u203dowbd\n|html|<table width=\"100%\"><tr><td align=\"left\">minecraftmaster31</td><td align=\"right\">owbd</tr><tr><td align=\"left\"><i class=\"fa fa-circle-o\"></i> <i class=\"fa fa-circle-o\"></i> </td><td align=\"right\"><i class=\"fa fa-circle-o\"></i> <i class=\"fa fa-circle\"></i> </tr></table>\n|uhtml|bestof|<h2><strong>Game 2</strong> of <a href=\"/game-bestof3-gen9vgc2025regibo3-2353762892\">a best-of-3</a></h2>\n|t:|1745995902\n|gametype|doubles\n|player|p1|minecraftmaster31|preschooler|1035\n|player|p2|owbd|cynthia-gen4|1068\n|teamsize|p1|6\n|teamsize|p2|6\n|gen|9\n|tier|[Gen 9] VGC 2025 Reg I (Bo3)\n|rated|\n|rule|Species Clause: Limit one of each Pok\u00e9mon\n|rule|Item Clause: Limit 1 of each item\n|clearpoke\n|poke|p1|Calyrex-Ice, L50|\n|poke|p1|Iron Bundle, L50|\n|poke|p1|Miraidon, L50|\n|poke|p1|Incineroar, L50, F|\n|poke|p1|Tornadus, L50, M|\n|poke|p1|Gallade, L50, M|\n|poke|p2|Calyrex-Shadow, L50|\n|poke|p2|Zacian-*, L50|\n|poke|p2|Urshifu-*, L50, M|\n|poke|p2|Tornadus, L50, M|\n|poke|p2|Indeedee-F, L50, F|\n|poke|p2|Chien-Pao, L50|\n|teampreview|4\n|showteam|p1|Calyrex-Ice||ClearAmulet|AsOneGlastrier|Protect,SwordsDance,GlacialLance,TrickRoom||||||50|,,,,,Fire]Iron Bundle||FocusSash|QuarkDrive|Protect,Taunt,IcyWind,FreezeDry||||||50|,,,,,Ice]Miraidon||ZapPlate|HadronEngine|Protect,VoltSwitch,ElectroDrift,DracoMeteor||||||50|,,,,,Electric]Incineroar||SafetyGoggles|Intimidate|Protect,FakeOut,PartingShot,KnockOff|||F|||50|,,,,,Ghost]Tornadus||MentalHerb|Prankster|Protect,Tailwind,Snowscape,AirSlash|||M|||50|,,,,,Ghost]Gallade||LifeOrb|Sharpness|Protect,WideGuard,PsychoCut,SacredSword|||M|||50|,,,,,Dark\n|showteam|p2|Calyrex-Shadow||ChoiceSpecs|AsOneSpectrier|AstralBarrage,ExpandingForce,PollenPuff,GigaDrain||||||50|,,,,,Ghost]Zacian-Crowned||RustedSword|IntrepidSword|behemothblade,PlayRough,SwordsDance,SacredSword||||||50|,,,,,Fairy]Urshifu-Rapid-Strike||ChoiceScarf|UnseenFist|CloseCombat,SurgingStrikes,AquaJet,Uturn|||M|||50|,,,,,Water]Tornadus||CovertCloak|Prankster|BleakwindStorm,Tailwind,Taunt,RainDance|||M|||50|,,,,,Flying]Indeedee-F||PsychicSeed|PsychicSurge|TrickRoom,DazzlingGleam,FollowMe,HelpingHand|||F|||50|,,,,,Grass]Chien-Pao||FocusSash|SwordofRuin|IcicleCrash,SuckerPunch,ThroatChop,SacredSword||||||50|,,,,,Stellar\n|inactive|Battle timer is ON: inactive players will automatically lose when time's up. (requested by owbd)\n|n|\u2606owbd|owbd\n|inactive|owbd has 60 seconds left.\n|\n|t:|1745995942\n|start\n|switch|p1a: Incineroar|Incineroar, L50, F|100/100\n|switch|p1b: Iron Bundle|Iron Bundle, L50|100/100\n|switch|p2a: Calyrex|Calyrex-Shadow, L50|100/100\n|switch|p2b: Indeedee|Indeedee-F, L50, F|100/100\n|-ability|p2a: Calyrex|As One\n|-ability|p2a: Calyrex|Unnerve\n|-fieldstart|move: Psychic Terrain|[from] ability: Psychic Surge|[of] p2b: Indeedee\n|-enditem|p2b: Indeedee|Psychic Seed\n|-boost|p2b: Indeedee|spd|1|[from] item: Psychic Seed\n|-ability|p1a: Incineroar|Intimidate|boost\n|-unboost|p2a: Calyrex|atk|1\n|-unboost|p2b: Indeedee|atk|1\n|turn|1\n|c|\u2606owbd|btw that damage is tera ghost specs\n|inactive|minecraftmaster31 has 30 seconds left.\n|inactive|owbd has 30 seconds left.\n|\n|t:|1745995975\n|-terastallize|p2a: Calyrex|Ghost\n|move|p1a: Incineroar|Protect|p1a: Incineroar\n|-singleturn|p1a: Incineroar|Protect\n|move|p2b: Indeedee|Follow Me|p2b: Indeedee\n|-singleturn|p2b: Indeedee|move: Follow Me\n|move|p2a: Calyrex|Astral Barrage|p1b: Iron Bundle|[spread] p1b\n|-activate|p1a: Incineroar|move: Protect\n|-crit|p1b: Iron Bundle\n|-enditem|p1b: Iron Bundle|Focus Sash\n|-damage|p1b: Iron Bundle|1/100\n|move|p1b: Iron Bundle|Taunt|p2b: Indeedee\n|-start|p2b: Indeedee|move: Taunt\n|\n|upkeep\n|turn|2\n|\n|t:|1745995997\n|switch|p2b: Zacian|Zacian-Crowned, L50|100/100\n|-ability|p2b: Zacian|Intrepid Sword|boost\n|-boost|p2b: Zacian|atk|1\n|move|p2a: Calyrex|Astral Barrage|p1a: Incineroar|[spread] p1a,p1b\n|-resisted|p1a: Incineroar\n|-damage|p1a: Incineroar|48/100\n|-damage|p1b: Iron Bundle|0 fnt\n|faint|p1b: Iron Bundle\n|-end|p1b: Iron Bundle|Quark Drive|[silent]\n|-ability|p2a: Calyrex|Grim Neigh|boost\n|-boost|p2a: Calyrex|spa|1\n|move|p1a: Incineroar|Knock Off|p2a: Calyrex\n|-supereffective|p2a: Calyrex\n|-damage|p2a: Calyrex|0 fnt\n|-enditem|p2a: Calyrex|Choice Specs|[from] move: Knock Off|[of] p1a: Incineroar\n|faint|p2a: Calyrex\n|\n|upkeep\n|\n|t:|1745996013\n|switch|p2a: Tornadus|Tornadus, L50, M|100/100\n|switch|p1b: Miraidon|Miraidon, L50|100/100\n|-fieldstart|move: Electric Terrain|[from] ability: Hadron Engine|[of] p1b: Miraidon\n|turn|3\n|\n|t:|1745996027\n|-terastallize|p1b: Miraidon|Electric\n|move|p2a: Tornadus|Tailwind|p2a: Tornadus\n|-sidestart|p2: owbd|move: Tailwind\n|move|p2b: Zacian|Play Rough|p1b: Miraidon\n|-damage|p1b: Miraidon|27/100\n|move|p1b: Miraidon|Volt Switch|p2a: Tornadus\n|-supereffective|p2a: Tornadus\n|-damage|p2a: Tornadus|0 fnt\n|faint|p2a: Tornadus\n|\n|t:|1745996035\n|switch|p1b: Gallade|Gallade, L50, M|100/100|[from] Volt Switch\n|move|p1a: Incineroar|Parting Shot|p2b: Zacian\n|-unboost|p2b: Zacian|atk|1\n|-unboost|p2b: Zacian|spa|1\n|\n|t:|1745996038\n|switch|p1a: Miraidon|Miraidon, L50, tera:Electric|27/100|[from] Parting Shot\n|-activate|p1a: Miraidon|ability: Hadron Engine\n|\n|upkeep\n|\n|t:|1745996045\n|switch|p2a: Indeedee|Indeedee-F, L50, F|100/100\n|-fieldstart|move: Psychic Terrain|[from] ability: Psychic Surge|[of] p2a: Indeedee\n|turn|4\n|\n|t:|1745996062\n|switch|p1a: Incineroar|Incineroar, L50, F|48/100\n|-ability|p1a: Incineroar|Intimidate|boost\n|-unboost|p2a: Indeedee|atk|1\n|-unboost|p2b: Zacian|atk|1\n|move|p2a: Indeedee|Follow Me|p2a: Indeedee\n|-singleturn|p2a: Indeedee|move: Follow Me\n|move|p2b: Zacian|Behemoth Blade|p1a: Incineroar\n|-resisted|p1a: Incineroar\n|-damage|p1a: Incineroar|29/100\n|move|p1b: Gallade|Sacred Sword|p2a: Indeedee\n|-crit|p2a: Indeedee\n|-damage|p2a: Indeedee|0 fnt\n|faint|p2a: Indeedee\n|-damage|p1b: Gallade|90/100|[from] item: Life Orb\n|\n|upkeep\n|turn|5\n|\n|t:|1745996077\n|move|p1a: Incineroar|Fake Out|p2b: Zacian\n|-activate|p2b: Zacian|move: Psychic Terrain\n|move|p2b: Zacian|Play Rough|p1b: Gallade\n|-supereffective|p1b: Gallade\n|-damage|p1b: Gallade|0 fnt\n|faint|p1b: Gallade\n|\n|upkeep\n|\n|t:|1745996081\n|switch|p1b: Miraidon|Miraidon, L50, tera:Electric|27/100\n|-fieldstart|move: Electric Terrain|[from] ability: Hadron Engine|[of] p1b: Miraidon\n|turn|6\n|\n|t:|1745996098\n|move|p2b: Zacian|Behemoth Blade|p1b: Miraidon\n|-resisted|p1b: Miraidon\n|-crit|p1b: Miraidon\n|-damage|p1b: Miraidon|0 fnt\n|faint|p1b: Miraidon\n|move|p1a: Incineroar|Knock Off|p2b: Zacian\n|-resisted|p2b: Zacian\n|-damage|p2b: Zacian|86/100\n|\n|-sideend|p2: owbd|move: Tailwind\n|upkeep\n|turn|7\n|\n|t:|1745996106\n|move|p2b: Zacian|Swords Dance|p2b: Zacian\n|-boost|p2b: Zacian|atk|2\n|move|p1a: Incineroar|Knock Off|p2b: Zacian\n|-resisted|p2b: Zacian\n|-damage|p2b: Zacian|71/100\n|\n|upkeep\n|turn|8\n|\n|t:|1745996111\n|move|p2b: Zacian|Swords Dance|p2b: Zacian\n|-boost|p2b: Zacian|atk|2\n|move|p1a: Incineroar|Knock Off|p2b: Zacian\n|-resisted|p2b: Zacian\n|-damage|p2b: Zacian|55/100\n|\n|upkeep\n|turn|9\n|\n|t:|1745996117\n|move|p2b: Zacian|Swords Dance|p2b: Zacian\n|-boost|p2b: Zacian|atk|2\n|move|p1a: Incineroar|Knock Off|p2b: Zacian\n|-resisted|p2b: Zacian\n|-damage|p2b: Zacian|42/100\n|\n|upkeep\n|turn|10\n|\n|t:|1745996122\n|move|p2b: Zacian|Swords Dance|p2b: Zacian\n|-boost|p2b: Zacian|atk|1\n|move|p1a: Incineroar|Knock Off|p2b: Zacian\n|-resisted|p2b: Zacian\n|-damage|p2b: Zacian|25/100\n|\n|-fieldend|move: Electric Terrain\n|upkeep\n|turn|11\n|\n|t:|1745996132\n|move|p1a: Incineroar|Protect|p1a: Incineroar\n|-singleturn|p1a: Incineroar|Protect\n|move|p2b: Zacian|Sacred Sword|p1a: Incineroar\n|-activate|p1a: Incineroar|move: Protect\n|\n|upkeep\n|turn|12\n|\n|t:|1745996139\n|move|p2b: Zacian|Sacred Sword|p1a: Incineroar\n|-supereffective|p1a: Incineroar\n|-damage|p1a: Incineroar|0 fnt\n|faint|p1a: Incineroar\n|\n|win|owbd\n|raw|minecraftmaster31's rating: 1035 &rarr; <strong>1021</strong><br />(-14 for losing)\n|raw|owbd's rating: 1068 &rarr; <strong>1095</strong><br />(+27 for winning)\n|l|\u2606minecraftmaster31\n|player|p1|\n|l|\u2606owbd\n|player|p2|\n", "uploadtime": 1745996451, "views": 6, "formatid": "gen9vgc2025regibo3", "rating": 1021, "private": 0, "password": null}