{"id": "gen9vgc2025regibo3-2354101610", "format": "[Gen 9] VGC 2025 Reg I (Bo3)", "players": ["thebaddestbitchout", "aruberga"], "log": "|j|\u2606thebaddestbitchout\n|j|\u2606aruberga\n|html|<table width=\"100%\"><tr><td align=\"left\">thebaddestbitchout</td><td align=\"right\">aruberga</tr><tr><td align=\"left\"><i class=\"fa fa-circle-o\"></i> <i class=\"fa fa-circle-o\"></i> </td><td align=\"right\"><i class=\"fa fa-circle-o\"></i> <i class=\"fa fa-circle-o\"></i> </tr></table>\n|uhtml|bestof|<h2><strong>Game 1</strong> of <a href=\"/game-bestof3-gen9vgc2025regibo3-2354101609\">a best-of-3</a></h2>\n|t:|1746034964\n|gametype|doubles\n|player|p1|thebaddestbitchout|102|1211\n|player|p2|aruberga|swimmerf-gen4|1193\n|teamsize|p1|6\n|teamsize|p2|6\n|gen|9\n|tier|[Gen 9] VGC 2025 Reg I (Bo3)\n|rated|\n|rule|Species Clause: Limit one of each Pok\u00e9mon\n|rule|Item Clause: Limit 1 of each item\n|clearpoke\n|poke|p1|Zacian-*, L50|\n|poke|p1|Koraidon, L50|\n|poke|p1|Walking Wake, L50|\n|poke|p1|Ogerpon-Cornerstone, L50, F|\n|poke|p1|Thundurus, L50, M|\n|poke|p1|Kingambit, L50, M|\n|poke|p2|Terapagos, L50, M|\n|poke|p2|Calyrex-Shadow, L50|\n|poke|p2|Incineroar, L50, M|\n|poke|p2|Rillaboom, L50, M|\n|poke|p2|Amoonguss, L50, F|\n|poke|p2|Urshifu-*, L50, F|\n|teampreview|4\n|showteam|p1|Zacian-Crowned||RustedSword|IntrepidSword|behemothblade,PlayRough,Substitute,Protect||||||50|,,,,,Dragon]Koraidon||ClearAmulet|OrichalcumPulse|FlareBlitz,FlameCharge,CollisionCourse,Protect||||||50|,,,,,Fire]Walking Wake||LifeOrb|Protosynthesis|HydroSteam,DracoMeteor,Snarl,Protect||||||50|,,,,,Water]Ogerpon-Cornerstone||CornerstoneMask|Sturdy|IvyCudgel,SpikyShield,PowerWhip,FollowMe|||F|||50|,,,,,Rock]Thundurus||SitrusBerry|Prankster|WildboltStorm,EerieImpulse,Leer,ThunderWave|||M|||50|,,,,,Electric]Kingambit||AssaultVest|Defiant|KowtowCleave,LowKick,IronHead,SuckerPunch|||M|||50|,,,,,Water\n|showteam|p2|Terapagos||Leftovers|TeraShift|TeraStarstorm,EarthPower,CalmMind,Protect|||M|||50|,,,,,Stellar]Calyrex-Shadow||FocusSash|AsOneSpectrier|AstralBarrage,WillOWisp,Disable,Protect||||||50|,,,,,Ghost]Incineroar||SafetyGoggles|Intimidate|FakeOut,KnockOff,PartingShot,WillOWisp|||M|||50|,,,,,Ghost]Rillaboom||AssaultVest|GrassySurge|FakeOut,WoodHammer,GrassyGlide,Uturn|||M|||50|,,,,,Fire]Amoonguss||RockyHelmet|Regenerator|Spore,RagePowder,SludgeBomb,Protect|||F|||50|,,,,,Water]Urshifu-Rapid-Strike||ChoiceScarf|UnseenFist|SurgingStrikes,AquaJet,Taunt,Protect|||F|||50|,,,,,Water\n|inactive|Battle timer is ON: inactive players will automatically lose when time's up. (requested by aruberga)\n|inactive|thebaddestbitchout has 60 seconds left.\n|inactive|aruberga has 60 seconds left.\n|inactive|aruberga has 30 seconds left.\n|\n|t:|1746035028\n|start\n|switch|p1a: Kingambit|Kingambit, L50, M|100/100\n|switch|p1b: Ogerpon|Ogerpon-Cornerstone, L50, F|100/100\n|switch|p2a: Amoonguss|Amoonguss, L50, F|100/100\n|switch|p2b: Calyrex|Calyrex-Shadow, L50|100/100\n|-ability|p2b: Calyrex|As One\n|-ability|p2b: Calyrex|Unnerve\n|turn|1\n|inactive|thebaddestbitchout has 30 seconds left.\n|inactive|aruberga has 30 seconds left.\n|\n|t:|1746035060\n|move|p2b: Calyrex|Protect|p2b: Calyrex\n|-singleturn|p2b: Calyrex|Protect\n|move|p1b: Ogerpon|Ivy Cudgel|p2a: Amoonguss|[anim] Ivy Cudgel Rock\n|-damage|p2a: Amoonguss|39/100\n|move|p1a: Kingambit|Kowtow Cleave|p2a: Amoonguss\n|-damage|p2a: Amoonguss|0 fnt\n|-damage|p1a: Kingambit|84/100|[from] item: Rocky Helmet|[of] p2a: Amoonguss\n|faint|p2a: Amoonguss\n|\n|upkeep\n|\n|t:|1746035075\n|switch|p2a: Rillaboom|Rillaboom, L50, M|100/100\n|-fieldstart|move: Grassy Terrain|[from] ability: Grassy Surge|[of] p2a: Rillaboom\n|turn|2\n|\n|t:|1746035087\n|move|p1b: Ogerpon|Spiky Shield|p1b: Ogerpon\n|-singleturn|p1b: Ogerpon|move: Protect\n|move|p1a: Kingambit|Sucker Punch||[still]\n|-fail|p1a: Kingambit\n|move|p2b: Calyrex|Will-O-Wisp|p1a: Kingambit\n|-status|p1a: Kingambit|brn\n|move|p2a: Rillaboom|U-turn|p1b: Ogerpon\n|-activate|p1b: Ogerpon|move: Protect\n|-damage|p2a: Rillaboom|88/100|[from] Spiky Shield|[of] p1b: Ogerpon\n|\n|-heal|p2a: Rillaboom|94/100|[from] Grassy Terrain\n|-heal|p1a: Kingambit|90/100 brn|[from] Grassy Terrain\n|-damage|p1a: Kingambit|84/100 brn|[from] brn\n|upkeep\n|turn|3\n|\n|t:|1746035111\n|-terastallize|p2b: Calyrex|Ghost\n|move|p2a: Rillaboom|Grassy Glide|p1b: Ogerpon\n|-damage|p1b: Ogerpon|55/100\n|move|p2b: Calyrex|Astral Barrage|p1a: Kingambit|[spread] p1a,p1b\n|-resisted|p1a: Kingambit\n|-damage|p1a: Kingambit|59/100 brn\n|-damage|p1b: Ogerpon|0 fnt\n|faint|p1b: Ogerpon\n|-ability|p2b: Calyrex|Grim Neigh|boost\n|-boost|p2b: Calyrex|spa|1\n|move|p1a: Kingambit|Kowtow Cleave|p2b: Calyrex\n|-supereffective|p2b: Calyrex\n|-damage|p2b: Calyrex|41/100\n|\n|-heal|p2b: Calyrex|47/100|[from] Grassy Terrain\n|-heal|p2a: Rillaboom|99/100|[from] Grassy Terrain\n|-heal|p1a: Kingambit|65/100 brn|[from] Grassy Terrain\n|-damage|p1a: Kingambit|59/100 brn|[from] brn\n|upkeep\n|\n|t:|1746035128\n|switch|p1b: Koraidon|Koraidon, L50|100/100\n|-weather|SunnyDay|[from] ability: Orichalcum Pulse|[of] p1b: Koraidon\n|-activate|p1b: Koraidon|Orichalcum Pulse|[source]\n|turn|4\n|inactive|thebaddestbitchout has 30 seconds left.\n|\n|t:|1746035154\n|switch|p2a: Terapagos|Terapagos, L50, M|100/100\n|-activate|p2a: Terapagos|ability: Tera Shift\n|detailschange|p2a: Terapagos|Terapagos-Terastal, L50, M\n|-heal|p2a: Terapagos|100/100|[silent]\n|-terastallize|p1b: Koraidon|Fire\n|move|p2b: Calyrex|Protect|p2b: Calyrex\n|-singleturn|p2b: Calyrex|Protect\n|move|p1b: Koraidon|Flame Charge|p2a: Terapagos\n|-activate|p2a: Terapagos|ability: Tera Shell\n|-resisted|p2a: Terapagos\n|-damage|p2a: Terapagos|72/100\n|-boost|p1b: Koraidon|spe|1\n|move|p1a: Kingambit|Iron Head|p2b: Calyrex\n|-activate|p2b: Calyrex|move: Protect\n|\n|-weather|SunnyDay|[upkeep]\n|-heal|p2b: Calyrex|54/100|[from] Grassy Terrain\n|-heal|p2a: Terapagos|78/100|[from] Grassy Terrain\n|-heal|p2a: Terapagos|84/100|[from] item: Leftovers\n|-heal|p1a: Kingambit|65/100 brn|[from] Grassy Terrain\n|-damage|p1a: Kingambit|59/100 brn|[from] brn\n|upkeep\n|turn|5\n|\n|t:|1746035179\n|switch|p2a: Rillaboom|Rillaboom, L50, M|99/100\n|move|p1b: Koraidon|Flare Blitz|p2b: Calyrex\n|-damage|p2b: Calyrex|0 fnt\n|faint|p2b: Calyrex\n|-damage|p1b: Koraidon|86/100|[from] Recoil\n|move|p1a: Kingambit|Low Kick|p2a: Rillaboom\n|-damage|p2a: Rillaboom|85/100\n|\n|-weather|SunnyDay|[upkeep]\n|-heal|p1b: Koraidon|91/100|[from] Grassy Terrain\n|-heal|p2a: Rillaboom|91/100|[from] Grassy Terrain\n|-heal|p1a: Kingambit|65/100 brn|[from] Grassy Terrain\n|-damage|p1a: Kingambit|59/100 brn|[from] brn\n|upkeep\n|\n|t:|1746035187\n|switch|p2b: Terapagos|Terapagos-Terastal, L50, M|84/100\n|turn|6\n|\n|t:|1746035197\n|move|p2a: Rillaboom|Fake Out|p1b: Koraidon\n|-damage|p1b: Koraidon|82/100\n|cant|p1b: Koraidon|flinch\n|move|p2b: Terapagos|Earth Power|p1a: Kingambit\n|-supereffective|p1a: Kingambit\n|-crit|p1a: Kingambit\n|-damage|p1a: Kingambit|9/100 brn\n|move|p1a: Kingambit|Low Kick|p2b: Terapagos\n|-supereffective|p2b: Terapagos\n|-damage|p2b: Terapagos|72/100\n|\n|-weather|SunnyDay|[upkeep]\n|-heal|p1b: Koraidon|87/100|[from] Grassy Terrain\n|-heal|p2b: Terapagos|78/100|[from] Grassy Terrain\n|-heal|p2b: Terapagos|84/100|[from] item: Leftovers\n|-heal|p2a: Rillaboom|97/100|[from] Grassy Terrain\n|-heal|p1a: Kingambit|15/100 brn|[from] Grassy Terrain\n|-damage|p1a: Kingambit|9/100 brn|[from] brn\n|-fieldend|move: Grassy Terrain\n|upkeep\n|turn|7\n|-message|aruberga forfeited.\n|\n|win|thebaddestbitchout\n||aruberga is ready for game 2.\n||thebaddestbitchout is ready for game 2.\n|uhtml|next|Next: <a href=\"/battle-gen9vgc2025regibo3-2354104545\"><strong>Game 2 of 3</strong></a>\n|l|\u2606aruberga\n|player|p2|\n|l|\u2606thebaddestbitchout\n|player|p1|\n", "uploadtime": 1746035489, "views": 9, "formatid": "gen9vgc2025regibo3", "rating": null, "private": 0, "password": null}