{"id": "gen9vgc2025regibo3-2353960817", "format": "[Gen 9] VGC 2025 Reg I (Bo3)", "players": ["bello figo burger", "Hunterhexin"], "log": "|j|\u2606bello figo burger\n|j|\u2606Hunterhexin\n|html|<table width=\"100%\"><tr><td align=\"left\">bello figo burger</td><td align=\"right\">Hunterhexin</tr><tr><td align=\"left\"><i class=\"fa fa-circle-o\"></i> <i class=\"fa fa-circle-o\"></i> </td><td align=\"right\"><i class=\"fa fa-circle-o\"></i> <i class=\"fa fa-circle-o\"></i> </tr></table>\n|uhtml|bestof|<h2><strong>Game 1</strong> of <a href=\"/game-bestof3-gen9vgc2025regibo3-2353960816\">a best-of-3</a></h2>\n|t:|1746022852\n|gametype|doubles\n|player|p1|bello figo burger|buck|1019\n|player|p2|Hunterhexin|170|1077\n|teamsize|p1|6\n|teamsize|p2|6\n|gen|9\n|tier|[Gen 9] VGC 2025 Reg I (Bo3)\n|rated|\n|rule|Species Clause: Limit one of each Pok\u00e9mon\n|rule|Item Clause: Limit 1 of each item\n|clearpoke\n|poke|p1|Zamazenta-*, L50|\n|poke|p1|Calyrex-Shadow, L50|\n|poke|p1|Tornadus, L50, M|\n|poke|p1|Urshifu-*, L50, F|\n|poke|p1|Rillaboom, L50, M|\n|poke|p1|Incineroar, L50, M|\n|poke|p2|Koraidon, L50|\n|poke|p2|Weezing-Galar, L50, F|\n|poke|p2|Electrode-Hisui, L50|\n|poke|p2|Miraidon, L50|\n|poke|p2|Iron Boulder, L50|\n|poke|p2|Incineroar, L50, M|\n|teampreview|4\n|showteam|p1|Zamazenta-Crowned||RustedShield|DauntlessShield|BodyPress,HeavySlam,WideGuard,Protect||||||50|,,,,,Ghost]Calyrex-Shadow||LifeOrb|AsOneSpectrier|AstralBarrage,Psychic,Encore,Protect||||||50|,,,,,Dark]Tornadus||CovertCloak|Prankster|BleakwindStorm,Tailwind,RainDance,Protect|||M|||50|,,,,,Dark]Urshifu-Rapid-Strike||MysticWater|UnseenFist|SurgingStrikes,CloseCombat,AquaJet,Detect|||F|||50|,,,,,Water]Rillaboom||AssaultVest|GrassySurge|WoodHammer,GrassyGlide,Uturn,FakeOut|||M|||50|,,,,,Fire]Incineroar||SafetyGoggles|Intimidate|PartingShot,FakeOut,KnockOff,Taunt|||M|||50|,,,,,Fairy\n|showteam|p2|Koraidon||Leftovers|OrichalcumPulse|FlareBlitz,ZenHeadbutt,CollisionCourse,Protect||||||50|,,,,,Steel]Weezing-Galar||ChoiceSpecs|NeutralizingGas|Overheat,StrangeSteam,SludgeBomb,DarkPulse|||F|||50|,,,,,Fire]Electrode-Hisui||CovertCloak|Aftermath|Reflect,Electroweb,ThunderWave,Taunt||||||50|,,,,,Normal]Miraidon||ElectricSeed|HadronEngine|ElectroDrift,DragonPulse,Protect,ThunderWave||||||50|,,,,,Poison]Iron Boulder||ChoiceBand|QuarkDrive|MightyCleave,SolarBlade,ThroatChop,CloseCombat||||||50|,,,,,Dark]Incineroar||AguavBerry|Intimidate|KnockOff,FakeOut,FlareBlitz,PartingShot|||M|||50|,,,,,Ghost\n|\n|t:|1746022894\n|start\n|switch|p1a: Pulisi\u0107|Calyrex-Shadow, L50|100/100\n|switch|p1b: Rejinders|Tornadus, L50, M|100/100\n|switch|p2a: Electrode|Electrode-Hisui, L50|100/100\n|switch|p2b: Miraidon|Miraidon, L50|100/100\n|-ability|p1a: Pulisi\u0107|As One\n|-ability|p1a: Pulisi\u0107|Unnerve\n|-fieldstart|move: Electric Terrain|[from] ability: Hadron Engine|[of] p2b: Miraidon\n|-enditem|p2b: Miraidon|Electric Seed\n|-boost|p2b: Miraidon|def|1|[from] item: Electric Seed\n|turn|1\n|inactive|Battle timer is ON: inactive players will automatically lose when time's up. (requested by Hunterhexin)\n|\n|t:|1746022922\n|switch|p2b: Weezing|Weezing-Galar, L50, F|100/100\n|-ability|p2b: Weezing|Neutralizing Gas\n|-terastallize|p2a: Electrode|Normal\n|move|p1a: Pulisi\u0107|Protect|p1a: Pulisi\u0107\n|-singleturn|p1a: Pulisi\u0107|Protect\n|move|p2a: Electrode|Taunt|p1b: Rejinders\n|-start|p1b: Rejinders|move: Taunt\n|cant|p1b: Rejinders|move: Taunt|Tailwind\n|\n|upkeep\n|turn|2\n|\n|t:|1746022945\n|switch|p1a: Le\u00e3o|Zamazenta-Crowned, L50|100/100\n|switch|p1b: Maignan|Rillaboom, L50, M|100/100\n|move|p2a: Electrode|Electroweb|p1a: Le\u00e3o|[spread] p1a,p1b\n|-resisted|p1b: Maignan\n|-damage|p1a: Le\u00e3o|89/100\n|-damage|p1b: Maignan|95/100\n|-unboost|p1a: Le\u00e3o|spe|1\n|-unboost|p1b: Maignan|spe|1\n|move|p2b: Weezing|Dark Pulse|p1a: Le\u00e3o\n|-resisted|p1a: Le\u00e3o\n|-damage|p1a: Le\u00e3o|79/100\n|\n|upkeep\n|turn|3\n|inactive|Hunterhexin has 30 seconds left.\n|inactive|Hunterhexin has 20 seconds left.\n|\n|t:|1746022981\n|-end|p2b: Weezing|ability: Neutralizing Gas\n|-ability|p1a: Le\u00e3o|Dauntless Shield|boost\n|-boost|p1a: Le\u00e3o|def|1\n|-fieldstart|move: Grassy Terrain|[from] ability: Grassy Surge|[of] p1b: Maignan\n|switch|p2b: Miraidon|Miraidon, L50|100/100\n|-fieldstart|move: Electric Terrain|[from] ability: Hadron Engine|[of] p2b: Miraidon\n|move|p1b: Maignan|Fake Out|p2a: Electrode\n|-damage|p2a: Electrode|77/100\n|move|p2a: Electrode|Reflect|p2a: Electrode\n|-sidestart|p2: Hunterhexin|Reflect\n|move|p1a: Le\u00e3o|Heavy Slam|p2b: Miraidon\n|-resisted|p2b: Miraidon\n|-damage|p2b: Miraidon|90/100\n|\n|upkeep\n|turn|4\n|\n|t:|1746023005\n|move|p2b: Miraidon|Protect|p2b: Miraidon\n|-singleturn|p2b: Miraidon|Protect\n|move|p2a: Electrode|Thunder Wave|p1a: Le\u00e3o\n|-status|p1a: Le\u00e3o|par\n|move|p1b: Maignan|U-turn|p2b: Miraidon\n|-activate|p2b: Miraidon|move: Protect\n|move|p1a: Le\u00e3o|Body Press|p2a: Electrode\n|-supereffective|p2a: Electrode\n|-damage|p2a: Electrode|0 fnt\n|-damage|p1a: Le\u00e3o|54/100 par|[from] ability: Aftermath|[of] p2a: Electrode\n|faint|p2a: Electrode\n|\n|upkeep\n|\n|t:|1746023018\n|switch|p2a: Weezing|Weezing-Galar, L50, F|100/100\n|-ability|p2a: Weezing|Neutralizing Gas\n|turn|5\n|inactive|bello figo burger has 30 seconds left.\n|inactive|bello figo burger has 20 seconds left.\n|\n|t:|1746023057\n|switch|p1b: Rejinders|Tornadus, L50, M|100/100\n|move|p2b: Miraidon|Dragon Pulse|p1b: Rejinders\n|-damage|p1b: Rejinders|55/100\n|move|p2a: Weezing|Overheat|p1a: Le\u00e3o\n|-supereffective|p1a: Le\u00e3o\n|-damage|p1a: Le\u00e3o|0 fnt\n|-unboost|p2a: Weezing|spa|2\n|faint|p1a: Le\u00e3o\n|\n|upkeep\n|\n|t:|1746023059\n|switch|p1a: Maignan|Rillaboom, L50, M|95/100\n|turn|6\n|inactive|Hunterhexin has 30 seconds left.\n|\n|t:|1746023090\n|switch|p2b: Iron Boulder|Iron Boulder, L50|100/100\n|move|p1a: Maignan|Fake Out|p2b: Iron Boulder\n|-resisted|p2b: Iron Boulder\n|-crit|p2b: Iron Boulder\n|-damage|p2b: Iron Boulder|87/100\n|move|p1b: Rejinders|Tailwind|p1b: Rejinders\n|-sidestart|p1: bello figo burger|move: Tailwind\n|move|p2a: Weezing|Overheat|p1a: Maignan\n|-supereffective|p1a: Maignan\n|-damage|p1a: Maignan|60/100\n|-unboost|p2a: Weezing|spa|2\n|\n|upkeep\n|turn|7\n|\n|t:|1746023106\n|-end|p2a: Weezing|ability: Neutralizing Gas\n|-fieldstart|move: Grassy Terrain|[from] ability: Grassy Surge|[of] p1a: Maignan\n|switch|p2a: Miraidon|Miraidon, L50|90/100\n|-fieldstart|move: Electric Terrain|[from] ability: Hadron Engine|[of] p2a: Miraidon\n|-activate|p2b: Iron Boulder|ability: Quark Drive\n|-start|p2b: Iron Boulder|quarkdriveatk\n|move|p1b: Rejinders|Bleakwind Storm|p2b: Iron Boulder|[spread] p2a,p2b\n|-resisted|p2a: Miraidon\n|-resisted|p2b: Iron Boulder\n|-damage|p2a: Miraidon|79/100\n|-damage|p2b: Iron Boulder|72/100\n|-unboost|p2b: Iron Boulder|spe|1\n|move|p1a: Maignan|U-turn|p2b: Iron Boulder\n|-supereffective|p2b: Iron Boulder\n|-damage|p2b: Iron Boulder|24/100\n|\n|t:|1746023108\n|switch|p1a: Pulisi\u0107|Calyrex-Shadow, L50|100/100|[from] U-turn\n|-ability|p1a: Pulisi\u0107|As One\n|-ability|p1a: Pulisi\u0107|Unnerve\n|move|p2b: Iron Boulder|Mighty Cleave|p1a: Pulisi\u0107\n|-damage|p1a: Pulisi\u0107|0 fnt\n|faint|p1a: Pulisi\u0107\n|\n|-sideend|p2: Hunterhexin|Reflect\n|upkeep\n|-message|bello figo burger forfeited.\n|raw|bello figo burger's rating: 1019 &rarr; <strong>1008</strong><br />(-11 for losing)\n|raw|Hunterhexin's rating: 1077 &rarr; <strong>1101</strong><br />(+24 for winning)\n|\n|win|Hunterhexin\n|l|\u2606bello figo burger\n|player|p1|\n|l|\u2606Hunterhexin\n|player|p2|\n", "uploadtime": 1746023508, "views": 23, "formatid": "gen9vgc2025regibo3", "rating": 1008, "private": 0, "password": null}