{"id": "gen9vgc2025regibo3-2354749623", "format": "[Gen 9] VGC 2025 Reg I (Bo3)", "players": ["8bitbidoof", "ExtremeSpeedAddict"], "log": "|j|\u26068bitbidoof\n|j|\u2606ExtremeSpeedAddict\n|html|<table width=\"100%\"><tr><td align=\"left\">8bitbidoof</td><td align=\"right\">ExtremeSpeedAddict</tr><tr><td align=\"left\"><i class=\"fa fa-circle-o\"></i> <i class=\"fa fa-circle-o\"></i> </td><td align=\"right\"><i class=\"fa fa-circle-o\"></i> <i class=\"fa fa-circle-o\"></i> </tr></table>\n|uhtml|bestof|<h2><strong>Game 1</strong> of <a href=\"/game-bestof3-gen9vgc2025regibo3-2354749619\">a best-of-3</a></h2>\n|t:|1746116417\n|gametype|doubles\n|player|p1|8bitbidoof|2|1315\n|player|p2|ExtremeSpeedAddict|lance|1356\n|teamsize|p1|6\n|teamsize|p2|6\n|gen|9\n|tier|[Gen 9] VGC 2025 Reg I (Bo3)\n|rated|\n|rule|Species Clause: Limit one of each Pok\u00e9mon\n|rule|Item Clause: Limit 1 of each item\n|clearpoke\n|poke|p1|Koraidon, L50|\n|poke|p1|Flutter Mane, L50|\n|poke|p1|Brute Bonnet, L50|\n|poke|p1|Chi-Yu, L50|\n|poke|p1|Lunala, L50|\n|poke|p1|Ursaluna, L50, M|\n|poke|p2|Koraidon, L50|\n|poke|p2|Chi-Yu, L50|\n|poke|p2|Calyrex-Ice, L50|\n|poke|p2|Flutter Mane, L50|\n|poke|p2|Indeedee-F, L50, F|\n|poke|p2|Raging Bolt, L50|\n|teampreview|4\n|showteam|p1|Koraidon||ClearAmulet|OrichalcumPulse|FlareBlitz,CollisionCourse,FlameCharge,Protect||||||50|,,,,,Fire]Flutter Mane||FocusSash|Protosynthesis|Moonblast,ShadowBall,IcyWind,Protect||||||50|,,,,,Normal]Brute Bonnet||CovertCloak|Protosynthesis|SeedBomb,SuckerPunch,Spore,RagePowder||||||50|,,,,,Water]Chi-Yu||ChoiceScarf|BeadsofRuin|HeatWave,DarkPulse,Overheat,Snarl||||||50|,,,,,Ghost]Lunala||PowerHerb|ShadowShield|MoongeistBeam,MeteorBeam,WideGuard,TrickRoom||||||50|,,,,,Normal]Ursaluna||FlameOrb|Guts|Facade,HeadlongRush,Earthquake,Protect|||M|||50|,,,,,Water\n|showteam|p2|Koraidon||LoadedDice|OrichalcumPulse|CollisionCourse,FlareBlitz,Protect,ScaleShot||||||50|,,,,,Fire]Chi-Yu||ChoiceScarf|BeadsofRuin|DarkPulse,HeatWave,Flamethrower,Snarl||||||50|,,,,,Ghost]Calyrex-Ice||ClearAmulet|AsOneGlastrier|HighHorsepower,GlacialLance,Protect,TrickRoom||||||50|,,,,,Water]Flutter Mane||FocusSash|Protosynthesis|ShadowBall,Moonblast,Protect,IcyWind||||||50|,,,,,Fairy]Indeedee-F||PsychicSeed|PsychicSurge|HelpingHand,Psychic,TrickRoom,FollowMe|||F|||50|,,,,,Water]Raging Bolt||AssaultVest|Protosynthesis|Thunderclap,Thunderbolt,Electroweb,DragonPulse||||||50|,,,,,Electric\n|inactive|Battle timer is ON: inactive players will automatically lose when time's up. (requested by 8bitbidoof)\n|j| sigmaissigma\n|inactive|8bitbidoof has 60 seconds left.\n|inactive|ExtremeSpeedAddict has 60 seconds left.\n|inactive|8bitbidoof has 30 seconds left.\n|inactive|8bitbidoof has 20 seconds left.\n|inactive|8bitbidoof has 15 seconds left.\n|inactive|8bitbidoof has 10 seconds left.\n|inactive|8bitbidoof has 5 seconds left.\n|\n|t:|1746116504\n|start\n|switch|p1a: Flutter Mane|Flutter Mane, L50|100/100\n|switch|p1b: Koraidon|Koraidon, L50|100/100\n|switch|p2a: Flutter Mane|Flutter Mane, L50, shiny|100/100\n|switch|p2b: Chi-Yu|Chi-Yu, L50|100/100\n|-ability|p2b: Chi-Yu|Beads of Ruin\n|-weather|SunnyDay|[from] ability: Orichalcum Pulse|[of] p1b: Koraidon\n|-activate|p2a: Flutter Mane|ability: Protosynthesis\n|-start|p2a: Flutter Mane|protosynthesisspe\n|-activate|p1a: Flutter Mane|ability: Protosynthesis\n|-start|p1a: Flutter Mane|protosynthesisspe\n|-activate|p1b: Koraidon|Orichalcum Pulse|[source]\n|turn|1\n|\n|t:|1746116526\n|move|p1a: Flutter Mane|Protect|p1a: Flutter Mane\n|-singleturn|p1a: Flutter Mane|Protect\n|move|p1b: Koraidon|Protect|p1b: Koraidon\n|-singleturn|p1b: Koraidon|Protect\n|move|p2a: Flutter Mane|Icy Wind|p1a: Flutter Mane|[spread] \n|-activate|p1a: Flutter Mane|move: Protect\n|-activate|p1b: Koraidon|move: Protect\n|move|p2b: Chi-Yu|Heat Wave|p1b: Koraidon|[spread] \n|-activate|p1a: Flutter Mane|move: Protect\n|-activate|p1b: Koraidon|move: Protect\n|\n|-weather|SunnyDay|[upkeep]\n|upkeep\n|turn|2\n|inactive|8bitbidoof has 30 seconds left.\n|\n|t:|1746116554\n|-terastallize|p1b: Koraidon|Fire\n|move|p2a: Flutter Mane|Icy Wind|p1b: Koraidon|[spread] p1a,p1b\n|-resisted|p1b: Koraidon\n|-damage|p1a: Flutter Mane|81/100\n|-damage|p1b: Koraidon|91/100\n|-unboost|p1a: Flutter Mane|spe|1\n|move|p2b: Chi-Yu|Heat Wave|p1a: Flutter Mane|[spread] p1b\n|-miss|p2b: Chi-Yu|p1a: Flutter Mane\n|-resisted|p1b: Koraidon\n|-damage|p1b: Koraidon|54/100\n|move|p1a: Flutter Mane|Icy Wind|p2b: Chi-Yu|[spread] p2a,p2b\n|-resisted|p2b: Chi-Yu\n|-crit|p2b: Chi-Yu\n|-damage|p2a: Flutter Mane|78/100\n|-damage|p2b: Chi-Yu|89/100\n|-unboost|p2a: Flutter Mane|spe|1\n|-unboost|p2b: Chi-Yu|spe|1\n|move|p1b: Koraidon|Flame Charge|p2a: Flutter Mane\n|-damage|p2a: Flutter Mane|0 fnt\n|-boost|p1b: Koraidon|spe|1\n|faint|p2a: Flutter Mane\n|-end|p2a: Flutter Mane|Protosynthesis|[silent]\n|\n|-weather|SunnyDay|[upkeep]\n|upkeep\n|inactive|ExtremeSpeedAddict has 30 seconds left.\n|\n|t:|1746116580\n|switch|p2a: Calyrex|Calyrex-Ice, L50|100/100\n|-ability|p2a: Calyrex|As One\n|-ability|p2a: Calyrex|Unnerve\n|turn|3\n|inactive|8bitbidoof has 30 seconds left.\n|inactive|ExtremeSpeedAddict has 30 seconds left.\n|inactive|8bitbidoof has 20 seconds left.\n|inactive|8bitbidoof has 15 seconds left.\n|\n|t:|1746116624\n|-terastallize|p2a: Calyrex|Water\n|move|p1b: Koraidon|Protect|p1b: Koraidon\n|-singleturn|p1b: Koraidon|Protect\n|move|p1a: Flutter Mane|Moonblast|p2b: Chi-Yu\n|-damage|p2b: Chi-Yu|38/100\n|-unboost|p2b: Chi-Yu|spa|1\n|move|p2b: Chi-Yu|Heat Wave|p1a: Flutter Mane|[spread] p1a\n|-activate|p1b: Koraidon|move: Protect\n|-damage|p1a: Flutter Mane|23/100\n|move|p2a: Calyrex|High Horsepower|p1b: Koraidon\n|-activate|p1b: Koraidon|move: Protect\n|\n|-weather|SunnyDay|[upkeep]\n|upkeep\n|turn|4\n|inactive|8bitbidoof has 30 seconds left.\n|inactive|8bitbidoof has 20 seconds left.\n|inactive|8bitbidoof has 15 seconds left.\n|inactive|8bitbidoof has 10 seconds left.\n|\n|t:|1746116670\n|move|p1b: Koraidon|Collision Course|p2a: Calyrex\n|-damage|p2a: Calyrex|49/100\n|move|p1a: Flutter Mane|Moonblast|p2b: Chi-Yu\n|-damage|p2b: Chi-Yu|0 fnt\n|faint|p2b: Chi-Yu\n|move|p2a: Calyrex|Trick Room|p2a: Calyrex\n|-fieldstart|move: Trick Room|[of] p2a: Calyrex\n|\n|-weather|SunnyDay|[upkeep]\n|upkeep\n|\n|t:|1746116679\n|switch|p2b: Koraidon|Koraidon, L50|100/100\n|-activate|p2b: Koraidon|ability: Orichalcum Pulse\n|turn|5\n|inactive|8bitbidoof has 30 seconds left.\n|\n|t:|1746116711\n|move|p1a: Flutter Mane|Protect|p1a: Flutter Mane\n|-singleturn|p1a: Flutter Mane|Protect\n|move|p1b: Koraidon|Protect|p1b: Koraidon\n|-singleturn|p1b: Koraidon|Protect\n|move|p2a: Calyrex|Glacial Lance|p1b: Koraidon|[spread] \n|-activate|p1a: Flutter Mane|move: Protect\n|-activate|p1b: Koraidon|move: Protect\n|move|p2b: Koraidon|Collision Course|p1b: Koraidon\n|-activate|p1b: Koraidon|move: Protect\n|\n|-weather|none\n|-end|p1a: Flutter Mane|Protosynthesis\n|upkeep\n|turn|6\n|inactive|8bitbidoof has 30 seconds left.\n|inactive|8bitbidoof has 20 seconds left.\n|\n|t:|1746116749\n|move|p2a: Calyrex|Glacial Lance|p1a: Flutter Mane|[spread] p1a,p1b\n|-resisted|p1b: Koraidon\n|-damage|p1a: Flutter Mane|0 fnt\n|-damage|p1b: Koraidon|29/100\n|faint|p1a: Flutter Mane\n|-end|p1a: Flutter Mane|Protosynthesis|[silent]\n|-ability|p2a: Calyrex|Chilling Neigh|boost\n|-boost|p2a: Calyrex|atk|1\n|move|p2b: Koraidon|Collision Course|p1b: Koraidon\n|-damage|p1b: Koraidon|0 fnt\n|faint|p1b: Koraidon\n|\n|upkeep\n|\n|t:|1746116754\n|switch|p1b: Lunala|Lunala, L50|100/100\n|switch|p1a: Brute Bonnet|Brute Bonnet, L50|100/100\n|turn|7\n|inactive|8bitbidoof has 30 seconds left.\n|inactive|ExtremeSpeedAddict has 30 seconds left.\n|\n|t:|1746116785\n|move|p2a: Calyrex|Protect|p2a: Calyrex\n|-singleturn|p2a: Calyrex|Protect\n|move|p2b: Koraidon|Protect|p2b: Koraidon\n|-singleturn|p2b: Koraidon|Protect\n|move|p1b: Lunala|Wide Guard|p1b: Lunala\n|-singleturn|p1b: Lunala|Wide Guard\n|move|p1a: Brute Bonnet|Spore|p2b: Koraidon\n|-activate|p2b: Koraidon|move: Protect\n|\n|upkeep\n|turn|8\n|inactive|8bitbidoof has 30 seconds left.\n|inactive|ExtremeSpeedAddict has 30 seconds left.\n|inactive|8bitbidoof has 20 seconds left.\n|\n|t:|1746116820\n|move|p1a: Brute Bonnet|Spore|p2b: Koraidon\n|-status|p2b: Koraidon|slp|[from] move: Spore\n|move|p2a: Calyrex|Glacial Lance|p1a: Brute Bonnet|[spread] p1a,p1b\n|-supereffective|p1a: Brute Bonnet\n|-damage|p1a: Brute Bonnet|6/100\n|-damage|p1b: Lunala|67/100\n|move|p1b: Lunala|Meteor Beam||[still]\n|-prepare|p1b: Lunala|Meteor Beam\n|-boost|p1b: Lunala|spa|1\n|-enditem|p1b: Lunala|Power Herb\n|-anim|p1b: Lunala|Meteor Beam|p2a: Calyrex\n|-damage|p2a: Calyrex|5/100\n|cant|p2b: Koraidon|slp\n|\n|-fieldend|move: Trick Room\n|upkeep\n|turn|9\n|inactive|8bitbidoof has 30 seconds left.\n|inactive|ExtremeSpeedAddict has 30 seconds left.\n|inactive|8bitbidoof has 20 seconds left.\n|inactive|ExtremeSpeedAddict has 20 seconds left.\n|inactive|8bitbidoof has 15 seconds left.\n|inactive|ExtremeSpeedAddict has 15 seconds left.\n|inactive|8bitbidoof has 10 seconds left.\n|\n|t:|1746116868\n|move|p2a: Calyrex|Protect|p2a: Calyrex\n|-singleturn|p2a: Calyrex|Protect\n|move|p1a: Brute Bonnet|Sucker Punch|p2b: Koraidon\n|-resisted|p2b: Koraidon\n|-crit|p2b: Koraidon\n|-damage|p2b: Koraidon|80/100 slp\n|cant|p2b: Koraidon|slp\n|move|p1b: Lunala|Moongeist Beam|p2b: Koraidon\n|-damage|p2b: Koraidon|0 fnt\n|faint|p2b: Koraidon\n|\n|upkeep\n|turn|10\n|\n|t:|1746116881\n|move|p2a: Calyrex|Protect|p2a: Calyrex\n|-singleturn|p2a: Calyrex|Protect\n|move|p1a: Brute Bonnet|Sucker Punch||[still]\n|-fail|p1a: Brute Bonnet\n|move|p1b: Lunala|Moongeist Beam|p2a: Calyrex\n|-activate|p2a: Calyrex|move: Protect\n|\n|upkeep\n|turn|11\n|\n|t:|1746116895\n|move|p2a: Calyrex|Protect||[still]\n|-fail|p2a: Calyrex\n|move|p1b: Lunala|Moongeist Beam|p2a: Calyrex\n|-damage|p2a: Calyrex|0 fnt\n|faint|p2a: Calyrex\n|\n|win|8bitbidoof\n||ExtremeSpeedAddict is ready for game 2.\n", "uploadtime": 1746116903, "views": 19, "formatid": "gen9vgc2025regibo3", "rating": null, "private": 0, "password": null}