{"id": "gen9vgc2025regibo3-2354456839", "format": "[Gen 9] VGC 2025 Reg I (Bo3)", "players": ["gingerv", "idkloldude"], "log": "|j|\u2606gingerv\n|j|\u2606idkloldude\n|html|<table width=\"100%\"><tr><td align=\"left\">gingerv</td><td align=\"right\">idkloldude</tr><tr><td align=\"left\"><i class=\"fa fa-circle\"></i> <i class=\"fa fa-circle-o\"></i> </td><td align=\"right\"><i class=\"fa fa-circle-o\"></i> <i class=\"fa fa-circle-o\"></i> </tr></table>\n|uhtml|bestof|<h2><strong>Game 2</strong> of <a href=\"/game-bestof3-gen9vgc2025regibo3-2354455057\">a best-of-3</a></h2>\n|t:|1746074443\n|gametype|doubles\n|player|p1|gingerv|102|\n|player|p2|idkloldude|elesa|\n|teamsize|p1|6\n|teamsize|p2|6\n|gen|9\n|tier|[Gen 9] VGC 2025 Reg I (Bo3)\n|rule|Species Clause: Limit one of each Pok\u00e9mon\n|rule|Item Clause: Limit 1 of each item\n|clearpoke\n|poke|p1|Calyrex-Shadow, L50|\n|poke|p1|Terapagos, L50, M|\n|poke|p1|Rillaboom, L50, F|\n|poke|p1|Incineroar, L50, F|\n|poke|p1|Urshifu-*, L50, M|\n|poke|p1|Amoonguss, L50, M|\n|poke|p2|Calyrex-Shadow, L50|\n|poke|p2|Terapagos, L50, M|\n|poke|p2|Rillaboom, L50, M|\n|poke|p2|Incineroar, L50, M|\n|poke|p2|Urshifu-*, L50, F|\n|poke|p2|Ogerpon-Cornerstone, L50, F|\n|teampreview|4\n|showteam|p1|Calyrex-Shadow||FocusSash|AsOneSpectrier|AstralBarrage,Encore,Disable,Protect||||||50|,,,,,Ghost]Terapagos||Leftovers|TeraShift|TeraStarstorm,EarthPower,CalmMind,Protect|||M|||50|,,,,,Stellar]Rillaboom||AssaultVest|GrassySurge|WoodHammer,GrassyGlide,FakeOut,Uturn|||F|||50|,,,,,Fire]Incineroar||SafetyGoggles|Intimidate|KnockOff,WillOWisp,FakeOut,PartingShot|||F|||50|,,,,,Water]Urshifu-Rapid-Strike||ChoiceScarf|UnseenFist|CloseCombat,SurgingStrikes,Uturn,AquaJet|||M|||50|,,,,,Water]Amoonguss||RockyHelmet|Regenerator|SludgeBomb,RagePowder,Spore,Protect|||M|||50|,,,,,Water\n|showteam|p2|Calyrex-Shadow||FocusSash|AsOneSpectrier|AstralBarrage,WillOWisp,Disable,Protect||||||50|,,,,,Ghost]Terapagos||Leftovers|TeraShift|TeraStarstorm,CalmMind,EarthPower,Protect|||M|||50|,,,,,Stellar]Rillaboom||AssaultVest|GrassySurge|WoodHammer,GrassyGlide,Uturn,FakeOut|||M|||50|,,,,,Grass]Incineroar||SafetyGoggles|Intimidate|KnockOff,FakeOut,PartingShot,WillOWisp|||M|||50|,,,,,Ghost]Urshifu-Rapid-Strike||ChoiceScarf|UnseenFist|SurgingStrikes,CloseCombat,AquaJet,Uturn|||F|||50|,,,,,Water]Ogerpon-Cornerstone||CornerstoneMask|Sturdy|IvyCudgel,SpikyShield,FollowMe,PowerWhip|||F|||50|,,,,,Rock\n|inactive|Battle timer is ON: inactive players will automatically lose when time's up. (requested by idkloldude)\n|inactive|idkloldude has 60 seconds left.\n|\n|t:|1746074480\n|start\n|switch|p1a: Terapagos|Terapagos, L50, M|100/100\n|switch|p1b: Amoonguss|Amoonguss, L50, M|100/100\n|switch|p2a: Terapagos|Terapagos, L50, M|100/100\n|switch|p2b: Incineroar|Incineroar, L50, M|100/100\n|-activate|p1a: Terapagos|ability: Tera Shift\n|detailschange|p1a: Terapagos|Terapagos-Terastal, L50, M\n|-heal|p1a: Terapagos|100/100|[silent]\n|-activate|p2a: Terapagos|ability: Tera Shift\n|detailschange|p2a: Terapagos|Terapagos-Terastal, L50, M\n|-heal|p2a: Terapagos|100/100|[silent]\n|-ability|p2b: Incineroar|Intimidate|boost\n|-unboost|p1a: Terapagos|atk|1\n|-unboost|p1b: Amoonguss|atk|1\n|turn|1\n|j| loudboxx\n|\n|t:|1746074495\n|move|p2b: Incineroar|Fake Out|p1b: Amoonguss\n|-damage|p1b: Amoonguss|91/100\n|-damage|p2b: Incineroar|84/100|[from] item: Rocky Helmet|[of] p1b: Amoonguss\n|move|p2a: Terapagos|Calm Mind|p2a: Terapagos\n|-boost|p2a: Terapagos|spa|1\n|-boost|p2a: Terapagos|spd|1\n|move|p1a: Terapagos|Calm Mind|p1a: Terapagos\n|-boost|p1a: Terapagos|spa|1\n|-boost|p1a: Terapagos|spd|1\n|cant|p1b: Amoonguss|flinch\n|\n|upkeep\n|turn|2\n|\n|t:|1746074506\n|move|p1a: Terapagos|Calm Mind|p1a: Terapagos\n|-boost|p1a: Terapagos|spa|1\n|-boost|p1a: Terapagos|spd|1\n|move|p2a: Terapagos|Tera Starstorm|p1b: Amoonguss\n|-damage|p1b: Amoonguss|33/100\n|move|p2b: Incineroar|Knock Off|p1b: Amoonguss\n|-damage|p1b: Amoonguss|1/100\n|-damage|p2b: Incineroar|68/100|[from] item: Rocky Helmet|[of] p1b: Amoonguss\n|-enditem|p1b: Amoonguss|Rocky Helmet|[from] move: Knock Off|[of] p2b: Incineroar\n|move|p1b: Amoonguss|Spore|p2a: Terapagos\n|-status|p2a: Terapagos|slp|[from] move: Spore\n|\n|upkeep\n|turn|3\n|inactive|gingerv has 30 seconds left.\n|\n|t:|1746074538\n|-terastallize|p1a: Terapagos|Stellar\n|detailschange|p1a: Terapagos|Terapagos-Stellar, L50, M, tera:Stellar\n|-heal|p1a: Terapagos|100/100|[silent]\n|move|p1a: Terapagos|Earth Power|p2b: Incineroar\n|-supereffective|p2b: Incineroar\n|-damage|p2b: Incineroar|0 fnt\n|faint|p2b: Incineroar\n|cant|p2a: Terapagos|slp\n|move|p1b: Amoonguss|Sludge Bomb|p2a: Terapagos\n|-activate|p2a: Terapagos|ability: Tera Shell\n|-resisted|p2a: Terapagos\n|-damage|p2a: Terapagos|93/100 slp\n|\n|-heal|p2a: Terapagos|99/100 slp|[from] item: Leftovers\n|upkeep\n|\n|t:|1746074549\n|switch|p2b: Calyrex|Calyrex-Shadow, L50|100/100\n|-ability|p2b: Calyrex|As One\n|-ability|p2b: Calyrex|Unnerve\n|turn|4\n|\n|t:|1746074558\n|switch|p1b: Incineroar|Incineroar, L50, F|100/100\n|-ability|p1b: Incineroar|Intimidate|boost\n|-unboost|p2a: Terapagos|atk|1\n|-unboost|p2b: Calyrex|atk|1\n|move|p2b: Calyrex|Protect|p2b: Calyrex\n|-singleturn|p2b: Calyrex|Protect\n|-curestatus|p2a: Terapagos|slp|[msg]\n|move|p2a: Terapagos|Calm Mind|p2a: Terapagos\n|-boost|p2a: Terapagos|spa|1\n|-boost|p2a: Terapagos|spd|1\n|move|p1a: Terapagos|Calm Mind|p1a: Terapagos\n|-boost|p1a: Terapagos|spa|1\n|-boost|p1a: Terapagos|spd|1\n|\n|-heal|p2a: Terapagos|100/100|[from] item: Leftovers\n|upkeep\n|turn|5\n|inactive|idkloldude has 30 seconds left.\n|inactive|idkloldude has 20 seconds left.\n|inactive|idkloldude has 15 seconds left.\n|\n|t:|1746074600\n|-terastallize|p2a: Terapagos|Stellar\n|detailschange|p2a: Terapagos|Terapagos-Stellar, L50, M, tera:Stellar\n|-heal|p2a: Terapagos|100/100|[silent]\n|move|p2b: Calyrex|Protect||[still]\n|-fail|p2b: Calyrex\n|move|p1b: Incineroar|Fake Out|p2a: Terapagos\n|-damage|p2a: Terapagos|95/100\n|move|p1a: Terapagos|Tera Starstorm|p2b: Calyrex|[spread] p2a,p2b\n|-supereffective|p2a: Terapagos\n|-damage|p2a: Terapagos|39/100\n|-damage|p2b: Calyrex|12/100\n|cant|p2a: Terapagos|flinch\n|\n|-heal|p2a: Terapagos|45/100|[from] item: Leftovers\n|upkeep\n|turn|6\n|inactive|gingerv has 30 seconds left.\n|inactive|idkloldude has 30 seconds left.\n|\n|t:|1746074629\n|switch|p1b: Amoonguss|Amoonguss, L50, M|35/100\n|move|p2b: Calyrex|Disable|p1a: Terapagos\n|-start|p1a: Terapagos|Disable|Tera Starstorm\n|move|p1a: Terapagos|Earth Power|p2b: Calyrex\n|-damage|p2b: Calyrex|0 fnt\n|faint|p2b: Calyrex\n|move|p2a: Terapagos|Tera Starstorm|p1b: Amoonguss|[spread] p1a,p1b\n|-supereffective|p1a: Terapagos\n|-crit|p1a: Terapagos\n|-damage|p1a: Terapagos|0 fnt\n|-damage|p1b: Amoonguss|0 fnt\n|faint|p1a: Terapagos\n|faint|p1b: Amoonguss\n|\n|-heal|p2a: Terapagos|51/100|[from] item: Leftovers\n|upkeep\n|\n|t:|1746074643\n|switch|p2b: Urshifu|Urshifu-Rapid-Strike, L50, F|100/100\n|switch|p1a: Calyrex|Calyrex-Shadow, L50|100/100\n|switch|p1b: Incineroar|Incineroar, L50, F|100/100\n|-ability|p1a: Calyrex|As One\n|-ability|p1a: Calyrex|Unnerve\n|-ability|p1b: Incineroar|Intimidate|boost\n|-unboost|p2a: Terapagos|atk|1\n|-unboost|p2b: Urshifu|atk|1\n|turn|7\n|\n|t:|1746074661\n|move|p1b: Incineroar|Fake Out|p2b: Urshifu\n|-damage|p2b: Urshifu|90/100\n|cant|p2b: Urshifu|flinch\n|move|p1a: Calyrex|Disable|p2a: Terapagos\n|-start|p2a: Terapagos|Disable|Tera Starstorm\n|move|p2a: Terapagos|Earth Power|p1b: Incineroar\n|-supereffective|p1b: Incineroar\n|-damage|p1b: Incineroar|0 fnt\n|faint|p1b: Incineroar\n|\n|-heal|p2a: Terapagos|58/100|[from] item: Leftovers\n|upkeep\n|turn|8\n|\n|t:|1746074672\n|move|p2b: Urshifu|Surging Strikes|p1a: Calyrex\n|-crit|p1a: Calyrex\n|-damage|p1a: Calyrex|74/100\n|-crit|p1a: Calyrex\n|-damage|p1a: Calyrex|48/100\n|-crit|p1a: Calyrex\n|-damage|p1a: Calyrex|20/100\n|-hitcount|p1a: Calyrex|3\n|move|p1a: Calyrex|Astral Barrage|p2a: Terapagos|[spread] p2b\n|-immune|p2a: Terapagos\n|-damage|p2b: Urshifu|8/100\n|move|p2a: Terapagos|Earth Power|p1a: Calyrex\n|-damage|p1a: Calyrex|0 fnt\n|faint|p1a: Calyrex\n|\n|win|idkloldude\n||idkloldude is ready for game 3.\n||gingerv is ready for game 3.\n|uhtml|next|Next: <a href=\"/battle-gen9vgc2025regibo3-2354458270\"><strong>Game 3 of 3</strong></a>\n|l| loudboxx\n|j| Xam94\n", "uploadtime": 1746074723, "views": 7, "formatid": "gen9vgc2025regibo3", "rating": null, "private": 0, "password": null}