{"id": "gen9vgc2025regibo3-2353459291", "format": "[Gen 9] VGC 2025 Reg I (Bo3)", "players": ["angandi01", "VGCTitus"], "log": "|j|\u2606angandi01\n|j|\u2606VGCTitus\n|html|<table width=\"100%\"><tr><td align=\"left\">angandi01</td><td align=\"right\">VGCTitus</tr><tr><td align=\"left\"><i class=\"fa fa-circle-o\"></i> <i class=\"fa fa-circle-o\"></i> </td><td align=\"right\"><i class=\"fa fa-circle-o\"></i> <i class=\"fa fa-circle-o\"></i> </tr></table>\n|uhtml|bestof|<h2><strong>Game 1</strong> of <a href=\"/game-bestof3-gen9vgc2025regibo3-2353459290\">a best-of-3</a></h2>\n|t:|1745957868\n|gametype|doubles\n|player|p1|angandi01|101|1116\n|player|p2|VGCTitus|bugcatcher-gen4dp|1165\n|teamsize|p1|6\n|teamsize|p2|6\n|gen|9\n|tier|[Gen 9] VGC 2025 Reg I (Bo3)\n|rated|\n|rule|Species Clause: Limit one of each Pok\u00e9mon\n|rule|Item Clause: Limit 1 of each item\n|clearpoke\n|poke|p1|Miraidon, L50|\n|poke|p1|Ho-Oh, L50|\n|poke|p1|Iron Hands, L50|\n|poke|p1|Ursaluna, L50, F|\n|poke|p1|Farigiraf, L50, M|\n|poke|p1|Urshifu-*, L50, M|\n|poke|p2|Whimsicott, L50, F|\n|poke|p2|Skeledirge, L50, M|\n|poke|p2|Calyrex-Ice, L50|\n|poke|p2|Iron Treads, L50|\n|poke|p2|Iron Hands, L50|\n|poke|p2|Miraidon, L50|\n|teampreview|4\n|showteam|p1|Miraidon||ChoiceSpecs|HadronEngine|ElectroDrift,DracoMeteor,DazzlingGleam,VoltSwitch||||||50|,,,,,Fairy]Ho-Oh||ClearAmulet|Regenerator|SacredFire,BraveBird,Tailwind,Protect||||||50|,,,,,Grass]Iron Hands||AssaultVest|QuarkDrive|FakeOut,WildCharge,DrainPunch,LowKick||||||50|,,,,,Electric]Ursaluna||FlameOrb|Guts|Facade,Earthquake,HeadlongRush,Protect|||F|||50|,,,,,Fairy]Farigiraf||ElectricSeed|ArmorTail|PsychicFangs,FoulPlay,TrickRoom,HelpingHand|||M|||50|,,,,,Water]Urshifu||FocusSash|UnseenFist|WickedBlow,CloseCombat,SuckerPunch,Protect|||M|||50|,,,,,Dark\n|showteam|p2|Whimsicott||CovertCloak|Prankster|HelpingHand,LeechSeed,Tailwind,Protect|||F|||50|,,,,,Grass]Skeledirge||ThroatSpray|Unaware|TorchSong,SlackOff,Snarl,Protect|||M|||50|,,,,,Fire]Calyrex-Ice||Leftovers|AsOneGlastrier|LeechSeed,GlacialLance,TrickRoom,Protect||||||50|,,,,,Water]Iron Treads||ChoiceBand|QuarkDrive|HighHorsepower,RockTomb,RockSlide,SteelRoller||||||50|,,,,,Ghost]Iron Hands||AssaultVest|QuarkDrive|FakeOut,DrainPunch,WildCharge,HeavySlam||||||50|,,,,,Bug]Miraidon||LifeOrb|HadronEngine|ElectroDrift,Protect,DracoMeteor,DazzlingGleam||||||50|,,,,,Electric\n|inactive|Battle timer is ON: inactive players will automatically lose when time's up. (requested by VGCTitus)\n|inactive|angandi01 has 60 seconds left.\n|inactive|VGCTitus has 60 seconds left.\n|\n|t:|1745957932\n|start\n|switch|p1a: Ho-Oh|Ho-Oh, L50|100/100\n|switch|p1b: Iron Hands|Iron Hands, L50|100/100\n|switch|p2a: Iron Hands|Iron Hands, L50|100/100\n|switch|p2b: Whimsicott|Whimsicott, L50, F|100/100\n|turn|1\n|inactive|angandi01 has 30 seconds left.\n|inactive|angandi01 has 20 seconds left.\n|\n|t:|1745957971\n|move|p2b: Whimsicott|Tailwind|p2b: Whimsicott\n|-sidestart|p2: VGCTitus|move: Tailwind\n|move|p2a: Iron Hands|Wild Charge|p1a: Ho-Oh\n|-supereffective|p1a: Ho-Oh\n|-damage|p1a: Ho-Oh|21/100\n|-damage|p2a: Iron Hands|84/100|[from] Recoil\n|move|p1a: Ho-Oh|Brave Bird|p2a: Iron Hands\n|-damage|p2a: Iron Hands|46/100\n|-damage|p1a: Ho-Oh|7/100|[from] Recoil\n|move|p1b: Iron Hands|Low Kick|p2a: Iron Hands\n|-damage|p2a: Iron Hands|6/100\n|\n|upkeep\n|turn|2\n|inactive|angandi01 has 30 seconds left.\n|inactive|VGCTitus has 30 seconds left.\n|inactive|angandi01 has 20 seconds left.\n|inactive|VGCTitus has 20 seconds left.\n|inactive|angandi01 has 15 seconds left.\n|inactive|angandi01 has 10 seconds left.\n|inactive|angandi01 has 5 seconds left.\n|\n|t:|1745958022\n|-end|p2a: Iron Hands|Quark Drive|[silent]\n|switch|p2a: Calyrex|Calyrex-Ice, L50|100/100\n|-ability|p2a: Calyrex|As One\n|-ability|p2a: Calyrex|Unnerve\n|switch|p1a: Miraidon|Miraidon, L50|100/100\n|-fieldstart|move: Electric Terrain|[from] ability: Hadron Engine|[of] p1a: Miraidon\n|-activate|p1b: Iron Hands|ability: Quark Drive\n|-start|p1b: Iron Hands|quarkdriveatk\n|move|p2b: Whimsicott|Leech Seed|p1b: Iron Hands\n|-start|p1b: Iron Hands|move: Leech Seed\n|move|p1b: Iron Hands|Drain Punch|p2a: Calyrex\n|-damage|p2a: Calyrex|75/100\n|\n|-heal|p2a: Calyrex|81/100|[from] item: Leftovers\n|-damage|p1b: Iron Hands|88/100|[from] Leech Seed|[of] p2b: Whimsicott\n|upkeep\n|turn|3\n|inactive|angandi01 has 30 seconds left.\n|inactive|VGCTitus has 30 seconds left.\n|inactive|angandi01 has 20 seconds left.\n|inactive|angandi01 has 15 seconds left.\n|\n|t:|1745958067\n|-terastallize|p1a: Miraidon|Fairy\n|move|p2b: Whimsicott|Helping Hand|p2a: Calyrex\n|-singleturn|p2a: Calyrex|Helping Hand|[of] p2b: Whimsicott\n|move|p1a: Miraidon|Dazzling Gleam|p2b: Whimsicott|[spread] p2a,p2b\n|-damage|p2a: Calyrex|39/100\n|-damage|p2b: Whimsicott|10/100\n|move|p2a: Calyrex|Glacial Lance|p1b: Iron Hands|[spread] p1a,p1b\n|-damage|p1a: Miraidon|28/100\n|-damage|p1b: Iron Hands|42/100\n|move|p1b: Iron Hands|Drain Punch|p2a: Calyrex\n|-damage|p2a: Calyrex|14/100\n|-heal|p1b: Iron Hands|52/100|[from] drain|[of] p2a: Calyrex\n|\n|-heal|p2a: Calyrex|20/100|[from] item: Leftovers\n|-damage|p1b: Iron Hands|39/100|[from] Leech Seed|[of] p2b: Whimsicott\n|-heal|p2b: Whimsicott|29/100|[silent]\n|upkeep\n|turn|4\n|inactive|VGCTitus has 30 seconds left.\n|inactive|VGCTitus has 20 seconds left.\n|\n|t:|1745958104\n|switch|p2a: Skeledirge|Skeledirge, L50, M|100/100\n|-end|p1b: Iron Hands|Quark Drive|[silent]\n|switch|p1b: Ho-Oh|Ho-Oh, L50|40/100\n|move|p2b: Whimsicott|Protect|p2b: Whimsicott\n|-singleturn|p2b: Whimsicott|Protect\n|move|p1a: Miraidon|Dazzling Gleam|p2a: Skeledirge|[spread] p2a\n|-activate|p2b: Whimsicott|move: Protect\n|-resisted|p2a: Skeledirge\n|-damage|p2a: Skeledirge|71/100\n|\n|-sideend|p2: VGCTitus|move: Tailwind\n|upkeep\n|turn|5\n|inactive|angandi01 has 30 seconds left.\n|inactive|angandi01 has 20 seconds left.\n|inactive|angandi01 has 15 seconds left.\n|\n|t:|1745958145\n|-terastallize|p2a: Skeledirge|Fire\n|move|p2b: Whimsicott|Tailwind|p2b: Whimsicott\n|-sidestart|p2: VGCTitus|move: Tailwind\n|move|p1a: Miraidon|Dazzling Gleam|p2b: Whimsicott|[spread] p2a,p2b\n|-resisted|p2a: Skeledirge\n|-damage|p2a: Skeledirge|41/100\n|-damage|p2b: Whimsicott|0 fnt\n|faint|p2b: Whimsicott\n|move|p2a: Skeledirge|Torch Song|p1a: Miraidon\n|-damage|p1a: Miraidon|0 fnt\n|-boost|p2a: Skeledirge|spa|1\n|faint|p1a: Miraidon\n|-enditem|p2a: Skeledirge|Throat Spray\n|-boost|p2a: Skeledirge|spa|1|[from] item: Throat Spray\n|move|p1b: Ho-Oh|Brave Bird|p2a: Skeledirge\n|-damage|p2a: Skeledirge|0 fnt\n|faint|p2a: Skeledirge\n|-damage|p1b: Ho-Oh|26/100|[from] Recoil\n|\n|upkeep\n|\n|t:|1745958165\n|switch|p1a: Urshifu|Urshifu, L50, M|100/100\n|switch|p2b: Calyrex|Calyrex-Ice, L50|20/100\n|switch|p2a: Iron Hands|Iron Hands, L50|6/100\n|-ability|p2b: Calyrex|As One\n|-ability|p2b: Calyrex|Unnerve\n|-activate|p2a: Iron Hands|ability: Quark Drive\n|-start|p2a: Iron Hands|quarkdriveatk\n|turn|6\n|inactive|VGCTitus has 30 seconds left.\n|\n|t:|1745958193\n|move|p1a: Urshifu|Protect|p1a: Urshifu\n|-singleturn|p1a: Urshifu|Protect\n|move|p1b: Ho-Oh|Protect|p1b: Ho-Oh\n|-singleturn|p1b: Ho-Oh|Protect\n|move|p2a: Iron Hands|Fake Out|p1a: Urshifu\n|-activate|p1a: Urshifu|move: Protect\n|move|p2b: Calyrex|Glacial Lance|p1a: Urshifu|[spread] \n|-activate|p1a: Urshifu|move: Protect\n|-activate|p1b: Ho-Oh|move: Protect\n|\n|-heal|p2b: Calyrex|26/100|[from] item: Leftovers\n|-fieldend|move: Electric Terrain\n|-end|p2a: Iron Hands|Quark Drive\n|upkeep\n|turn|7\n|\n|t:|1745958216\n|move|p1a: Urshifu|Sucker Punch|p2a: Iron Hands\n|-resisted|p2a: Iron Hands\n|-damage|p2a: Iron Hands|0 fnt\n|faint|p2a: Iron Hands\n|-end|p2a: Iron Hands|Quark Drive|[silent]\n|move|p2b: Calyrex|Glacial Lance|p1b: Ho-Oh|[spread] p1a,p1b\n|-damage|p1a: Urshifu|52/100\n|-damage|p1b: Ho-Oh|0 fnt\n|faint|p1b: Ho-Oh\n|-ability|p2b: Calyrex|Chilling Neigh|boost\n|-boost|p2b: Calyrex|atk|1\n|\n|-heal|p2b: Calyrex|32/100|[from] item: Leftovers\n|upkeep\n|\n|t:|1745958228\n|switch|p1b: Iron Hands|Iron Hands, L50|39/100\n|turn|8\n|\n|t:|1745958242\n|move|p1b: Iron Hands|Fake Out|p2b: Calyrex\n|-damage|p2b: Calyrex|24/100\n|move|p1a: Urshifu|Sucker Punch|p2b: Calyrex\n|-supereffective|p2b: Calyrex\n|-damage|p2b: Calyrex|0 fnt\n|faint|p2b: Calyrex\n|\n|win|angandi01\n||VGCTitus is ready for game 2.\n|l|\u2606VGCTitus\n|player|p2|\n||angandi01 is ready for game 2.\n|uhtml|next|Next: <a href=\"/battle-gen9vgc2025regibo3-2353463488\"><strong>Game 2 of 3</strong></a>\n", "uploadtime": 1745958895, "views": 10, "formatid": "gen9vgc2025regibo3", "rating": null, "private": 0, "password": null}