{"id": "gen9vgc2025regibo3-2353559979", "format": "[Gen 9] VGC 2025 Reg I (Bo3)", "players": ["tzarii", "waDQez"], "log": "|j|\u2606tzarii\n|j|\u2606waDQez\n|html|<table width=\"100%\"><tr><td align=\"left\">tzarii</td><td align=\"right\">waDQez</tr><tr><td align=\"left\"><i class=\"fa fa-circle\"></i> <i class=\"fa fa-circle-o\"></i> </td><td align=\"right\"><i class=\"fa fa-circle-o\"></i> <i class=\"fa fa-circle\"></i> </tr></table>\n|uhtml|bestof|<h2><strong>Game 3</strong> of <a href=\"/game-bestof3-gen9vgc2025regibo3-2353552851\">a best-of-3</a></h2>\n|t:|1745968359\n|gametype|doubles\n|player|p1|tzarii|lady-gen4|1124\n|player|p2|waDQez|101|1000\n|teamsize|p1|6\n|teamsize|p2|6\n|gen|9\n|tier|[Gen 9] VGC 2025 Reg I (Bo3)\n|rated|\n|rule|Species Clause: Limit one of each Pok\u00e9mon\n|rule|Item Clause: Limit 1 of each item\n|clearpoke\n|poke|p1|Koraidon, L50|\n|poke|p1|Groudon, L50|\n|poke|p1|Flutter Mane, L50|\n|poke|p1|Scovillain, L50, F|\n|poke|p1|Rillaboom, L50, M|\n|poke|p1|Urshifu-*, L50, F|\n|poke|p2|Calyrex-Ice, L50|\n|poke|p2|Kyogre, L50|\n|poke|p2|Incineroar, L50, F|\n|poke|p2|Farigiraf, L50, F|\n|poke|p2|Urshifu-*, L50, F|\n|poke|p2|Whimsicott, L50, M|\n|teampreview|4\n|showteam|p1|Koraidon||ClearAmulet|OrichalcumPulse|FlameCharge,CloseCombat,FlareBlitz,Protect||||||50|,,,,,Fire]Groudon||AssaultVest|Drought|PrecipiceBlades,HeatCrash,HammerArm,HighHorsepower||||||50|,,,,,Water]Flutter Mane||FocusSash|Protosynthesis|Moonblast,IcyWind,ShadowBall,Protect||||||50|,,,,,Fairy]Scovillain||CovertCloak|Chlorophyll|Overheat,SpicyExtract,WillOWisp,ScaryFace|||F|||50|,,,,,Fire]Rillaboom||MiracleSeed|GrassySurge|FakeOut,GrassyGlide,WoodHammer,Protect|||M|||50|,,,,,Grass]Urshifu||ChoiceBand|UnseenFist|WickedBlow,CloseCombat,Uturn,SuckerPunch|||F|||50|,,,,,Dark\n|showteam|p2|Calyrex-Ice||ClearAmulet|AsOneGlastrier|GlacialLance,HighHorsepower,Protect,TrickRoom||||||50|,,,,,Ground]Kyogre||ChoiceScarf|Drizzle|OriginPulse,WaterSpout,IceBeam,Thunder||||||50|,,,,,Grass]Incineroar||SafetyGoggles|Intimidate|FakeOut,PartingShot,KnockOff,FlareBlitz|||F|||50|,,,,,Ghost]Farigiraf||GrassySeed|ArmorTail|TrickRoom,Imprison,Psychic,HelpingHand|||F|||50|,,,,,Water]Urshifu||FocusSash|UnseenFist|Detect,WickedBlow,SuckerPunch,CloseCombat|||F|||50|,,,,,Dark]Whimsicott||CovertCloak|Prankster|Tailwind,LightScreen,Moonblast,Encore|||M|||50|,,,,,Water\n|inactive|Battle timer is ON: inactive players will automatically lose when time's up. (requested by tzarii)\n|inactive|waDQez has 60 seconds left.\n|\n|t:|1745968410\n|start\n|switch|p1a: Koraidon|Koraidon, L50|100/100\n|switch|p1b: Scovillain|Scovillain, L50, F|100/100\n|switch|p2a: Calyrex|Calyrex-Ice, L50|100/100\n|switch|p2b: Whimsicott|Whimsicott, L50, M|100/100\n|-ability|p2a: Calyrex|As One\n|-ability|p2a: Calyrex|Unnerve\n|-weather|SunnyDay|[from] ability: Orichalcum Pulse|[of] p1a: Koraidon\n|-activate|p1a: Koraidon|Orichalcum Pulse|[source]\n|turn|1\n|inactive|tzarii has 30 seconds left.\n|inactive|waDQez has 30 seconds left.\n|inactive|tzarii has 20 seconds left.\n|inactive|tzarii has 15 seconds left.\n|inactive|tzarii has 10 seconds left.\n|\n|t:|1745968456\n|switch|p1a: Rillaboom|Rillaboom, L50, M|100/100\n|-fieldstart|move: Grassy Terrain|[from] ability: Grassy Surge|[of] p1a: Rillaboom\n|-terastallize|p2a: Calyrex|Ground\n|move|p2b: Whimsicott|Tailwind|p2b: Whimsicott\n|-sidestart|p2: waDQez|move: Tailwind\n|move|p1b: Scovillain|Will-O-Wisp|p2a: Calyrex\n|-status|p2a: Calyrex|brn\n|move|p2a: Calyrex|Glacial Lance|p1a: Rillaboom|[spread] p1a,p1b\n|-supereffective|p1a: Rillaboom\n|-damage|p1a: Rillaboom|43/100\n|-damage|p1b: Scovillain|51/100\n|\n|-weather|SunnyDay|[upkeep]\n|-heal|p1b: Scovillain|57/100|[from] Grassy Terrain\n|-heal|p1a: Rillaboom|48/100|[from] Grassy Terrain\n|-damage|p2a: Calyrex|95/100 brn|[from] brn\n|upkeep\n|turn|2\n|inactive|tzarii has 30 seconds left.\n|inactive|tzarii has 20 seconds left.\n|\n|t:|1745968496\n|switch|p2b: Farigiraf|Farigiraf, L50, F|100/100\n|-enditem|p2b: Farigiraf|Grassy Seed\n|-boost|p2b: Farigiraf|def|1|[from] item: Grassy Seed\n|move|p1b: Scovillain|Spicy Extract|p1a: Rillaboom\n|-boost|p1a: Rillaboom|atk|2\n|-unboost|p1a: Rillaboom|def|2\n|move|p2a: Calyrex|Glacial Lance|p1a: Rillaboom|[spread] p1a,p1b\n|-supereffective|p1a: Rillaboom\n|-damage|p1a: Rillaboom|0 fnt\n|-damage|p1b: Scovillain|8/100\n|faint|p1a: Rillaboom\n|-ability|p2a: Calyrex|Chilling Neigh|boost\n|-boost|p2a: Calyrex|atk|1\n|\n|-weather|SunnyDay|[upkeep]\n|-heal|p1b: Scovillain|14/100|[from] Grassy Terrain\n|-heal|p2a: Calyrex|100/100 brn|[from] Grassy Terrain\n|-damage|p2a: Calyrex|95/100 brn|[from] brn\n|upkeep\n|\n|t:|1745968508\n|switch|p1a: Koraidon|Koraidon, L50|100/100\n|-activate|p1a: Koraidon|ability: Orichalcum Pulse\n|turn|3\n|inactive|waDQez has 30 seconds left.\n|inactive|waDQez has 20 seconds left.\n|inactive|waDQez has 15 seconds left.\n|\n|t:|1745968552\n|switch|p2a: Whimsicott|Whimsicott, L50, M|100/100\n|-terastallize|p1a: Koraidon|Fire\n|move|p1b: Scovillain|Spicy Extract|p1a: Koraidon\n|-fail|p1a: Koraidon|unboost|[from] item: Clear Amulet|[of] p1a: Koraidon\n|-boost|p1a: Koraidon|atk|2\n|move|p1a: Koraidon|Close Combat|p2a: Whimsicott\n|-resisted|p2a: Whimsicott\n|-damage|p2a: Whimsicott|0 fnt\n|-unboost|p1a: Koraidon|def|1\n|-unboost|p1a: Koraidon|spd|1\n|faint|p2a: Whimsicott\n|move|p2b: Farigiraf|Psychic|p1b: Scovillain\n|-damage|p1b: Scovillain|0 fnt\n|faint|p1b: Scovillain\n|\n|-weather|SunnyDay|[upkeep]\n|upkeep\n|\n|t:|1745968576\n|switch|p2a: Calyrex|Calyrex-Ice, L50, tera:Ground|95/100 brn\n|switch|p1b: Groudon|Groudon, L50|100/100\n|-ability|p2a: Calyrex|As One\n|-ability|p2a: Calyrex|Unnerve\n|turn|4\n|inactive|tzarii has 30 seconds left.\n|inactive|waDQez has 30 seconds left.\n|inactive|tzarii has 20 seconds left.\n|inactive|waDQez has 20 seconds left.\n|inactive|waDQez has 15 seconds left.\n|inactive|tzarii has 15 seconds left.\n|inactive|waDQez has 10 seconds left.\n|inactive|tzarii has 10 seconds left.\n|\n|t:|1745968629\n|move|p1a: Koraidon|Flame Charge|p2a: Calyrex\n|-damage|p2a: Calyrex|19/100 brn\n|-boost|p1a: Koraidon|spe|1\n|move|p2a: Calyrex|High Horsepower|p1b: Groudon\n|-damage|p1b: Groudon|82/100\n|move|p2b: Farigiraf|Psychic|p1b: Groudon\n|-damage|p1b: Groudon|66/100\n|move|p1b: Groudon|Precipice Blades|p2a: Calyrex|[spread] p2a,p2b\n|-damage|p2a: Calyrex|0 fnt\n|-damage|p2b: Farigiraf|76/100\n|faint|p2a: Calyrex\n|\n|-weather|SunnyDay|[upkeep]\n|-heal|p2b: Farigiraf|83/100|[from] Grassy Terrain\n|-heal|p1b: Groudon|72/100|[from] Grassy Terrain\n|-sideend|p2: waDQez|move: Tailwind\n|upkeep\n|\n|t:|1745968637\n|switch|p2a: Kyogre|Kyogre, L50|100/100\n|-weather|RainDance|[from] ability: Drizzle|[of] p2a: Kyogre\n|turn|5\n|inactive|tzarii has 30 seconds left.\n|\n|t:|1745968665\n|move|p2b: Farigiraf|Helping Hand|p2a: Kyogre\n|-singleturn|p2a: Kyogre|Helping Hand|[of] p2b: Farigiraf\n|move|p1a: Koraidon|Close Combat|p2a: Kyogre\n|-damage|p2a: Kyogre|0 fnt\n|-unboost|p1a: Koraidon|def|1\n|-unboost|p1a: Koraidon|spd|1\n|faint|p2a: Kyogre\n|move|p1b: Groudon|High Horsepower|p2b: Farigiraf\n|-damage|p2b: Farigiraf|55/100\n|\n|-weather|RainDance|[upkeep]\n|-heal|p1b: Groudon|77/100|[from] Grassy Terrain\n|-heal|p2b: Farigiraf|62/100|[from] Grassy Terrain\n|-fieldend|move: Grassy Terrain\n|upkeep\n|turn|6\n|-message|waDQez forfeited.\n|\n|win|tzarii\n|raw|tzarii's rating: 1124 &rarr; <strong>1140</strong><br />(+16 for winning)\n|raw|waDQez's rating: 1000 &rarr; <strong>1000</strong><br />(+0 for losing)\n|l|\u2606waDQez\n|player|p2|\n", "uploadtime": 1745968688, "views": 19, "formatid": "gen9vgc2025regibo3", "rating": 1000, "private": 0, "password": null}