{"id": "gen9vgc2025regibo3-2353439749", "format": "[Gen 9] VGC 2025 Reg I (Bo3)", "players": ["Swami", "TrCJags"], "log": "|j|\u2606Swami\n|j|\u2606TrCJags\n|html|<table width=\"100%\"><tr><td align=\"left\">Swami</td><td align=\"right\">TrCJags</tr><tr><td align=\"left\"><i class=\"fa fa-circle\"></i> <i class=\"fa fa-circle-o\"></i> </td><td align=\"right\"><i class=\"fa fa-circle-o\"></i> <i class=\"fa fa-circle\"></i> </tr></table>\n|uhtml|bestof|<h2><strong>Game 3</strong> of <a href=\"/game-bestof3-gen9vgc2025regibo3-2353432457\">a best-of-3</a></h2>\n|t:|1745956115\n|gametype|doubles\n|player|p1|Swami|cynthia-gen4|1274\n|player|p2|TrCJags|scientist-gen4dp|1185\n|teamsize|p1|6\n|teamsize|p2|6\n|gen|9\n|tier|[Gen 9] VGC 2025 Reg I (Bo3)\n|rated|\n|rule|Species Clause: Limit one of each Pok\u00e9mon\n|rule|Item Clause: Limit 1 of each item\n|clearpoke\n|poke|p1|Koraidon, L50|\n|poke|p1|Ho-Oh, L50|\n|poke|p1|Ogerpon, L50, F|\n|poke|p1|Chi-Yu, L50|\n|poke|p1|Farigiraf, L50, M|\n|poke|p1|Tornadus, L50, M|\n|poke|p2|Calyrex-Shadow, L50|\n|poke|p2|Koraidon, L50|\n|poke|p2|Ogerpon-Cornerstone, L50, F|\n|poke|p2|Chi-Yu, L50|\n|poke|p2|Raging Bolt, L50|\n|poke|p2|Jumpluff, L50, M|\n|teampreview|4\n|showteam|p1|Koraidon||LifeOrb|OrichalcumPulse|Protect,FlareBlitz,FlameCharge,CloseCombat||||||50|,,,,,Fire]Ho-Oh||ChoiceBand|Regenerator|SacredFire,BraveBird,FlareBlitz,Earthquake||||||50|,,,,,Water]Ogerpon||FocusSash|Defiant|IvyCudgel,BrickBreak,FollowMe,Protect|||F|||50|,,,,,Grass]Chi-Yu||ChoiceScarf|BeadsofRuin|HeatWave,Snarl,DarkPulse,Overheat||||||50|,,,,,Fire]Farigiraf||ThroatSpray|ArmorTail|HyperVoice,PsychicNoise,TrickRoom,HelpingHand|||M|||50|,,,,,Water]Tornadus||CovertCloak|Prankster|BleakwindStorm,SunnyDay,Tailwind,Taunt|||M|||50|,,,,,Dark\n|showteam|p2|Calyrex-Shadow||FocusSash|AsOneSpectrier|AstralBarrage,DrainingKiss,Protect,Encore||||||50|,,,,,Fairy]Koraidon||LifeOrb|OrichalcumPulse|FlareBlitz,FlameCharge,CloseCombat,Protect||||||50|,,,,,Fire]Ogerpon-Cornerstone||CornerstoneMask|Sturdy|IvyCudgel,Taunt,SpikyShield,FollowMe|||F|||50|,,,,,Rock]Chi-Yu||ChoiceScarf|BeadsofRuin|HeatWave,DarkPulse,Snarl,Overheat||||||50|,,,,,Ghost]Raging Bolt||SafetyGoggles|Protosynthesis|Thunderclap,DracoMeteor,VoltSwitch,Protect||||||50|,,,,,Electric]Jumpluff||CovertCloak|Chlorophyll|RagePowder,SleepPowder,Tailwind,PollenPuff|||M|||50|,,,,,Dark\n|inactive|Battle timer is ON: inactive players will automatically lose when time's up. (requested by Swami)\n|inactive|Swami has 60 seconds left.\n|\n|t:|1745956149\n|start\n|switch|p1a: Tornadus|Tornadus, L50, M|100/100\n|switch|p1b: Ho-Oh|Ho-Oh, L50|100/100\n|switch|p2a: Calyrex|Calyrex-Shadow, L50|100/100\n|switch|p2b: Chi-Yu|Chi-Yu, L50|100/100\n|-ability|p2a: Calyrex|As One\n|-ability|p2a: Calyrex|Unnerve\n|-ability|p2b: Chi-Yu|Beads of Ruin\n|turn|1\n|inactive|Swami has 30 seconds left.\n|inactive|TrCJags has 30 seconds left.\n|inactive|TrCJags has 20 seconds left.\n|inactive|TrCJags has 15 seconds left.\n|inactive|TrCJags has 10 seconds left.\n|\n|t:|1745956195\n|move|p1a: Tornadus|Tailwind|p1a: Tornadus\n|-sidestart|p1: Swami|move: Tailwind\n|move|p2b: Chi-Yu|Dark Pulse|p1b: Ho-Oh\n|-damage|p1b: Ho-Oh|64/100\n|cant|p1b: Ho-Oh|flinch\n|move|p2a: Calyrex|Astral Barrage|p1a: Tornadus|[spread] p1a,p1b\n|-damage|p1a: Tornadus|12/100\n|-damage|p1b: Ho-Oh|23/100\n|\n|upkeep\n|turn|2\n|inactive|TrCJags has 30 seconds left.\n|\n|t:|1745956222\n|switch|p1b: Chi-Yu|Chi-Yu, L50|100/100\n|-ability|p1b: Chi-Yu|Beads of Ruin\n|move|p1a: Tornadus|Bleakwind Storm|p2a: Calyrex|[spread] p2a,p2b\n|-damage|p2a: Calyrex|51/100\n|-damage|p2b: Chi-Yu|63/100\n|move|p2b: Chi-Yu|Dark Pulse|p1b: Chi-Yu\n|-resisted|p1b: Chi-Yu\n|-damage|p1b: Chi-Yu|69/100\n|move|p2a: Calyrex|Astral Barrage|p1b: Chi-Yu|[spread] p1a,p1b\n|-resisted|p1b: Chi-Yu\n|-damage|p1a: Tornadus|0 fnt\n|-damage|p1b: Chi-Yu|33/100\n|faint|p1a: Tornadus\n|-ability|p2a: Calyrex|Grim Neigh|boost\n|-boost|p2a: Calyrex|spa|1\n|\n|upkeep\n|\n|t:|1745956232\n|switch|p1a: Koraidon|Koraidon, L50|100/100\n|-weather|SunnyDay|[from] ability: Orichalcum Pulse|[of] p1a: Koraidon\n|-activate|p1a: Koraidon|Orichalcum Pulse|[source]\n|turn|3\n|inactive|TrCJags has 30 seconds left.\n|\n|t:|1745956263\n|-terastallize|p2a: Calyrex|Fairy\n|move|p1b: Chi-Yu|Snarl|p2b: Chi-Yu|[spread] p2a,p2b\n|-resisted|p2a: Calyrex\n|-resisted|p2b: Chi-Yu\n|-damage|p2a: Calyrex|36/100\n|-damage|p2b: Chi-Yu|50/100\n|-unboost|p2a: Calyrex|spa|1\n|-unboost|p2b: Chi-Yu|spa|1\n|move|p1a: Koraidon|Flame Charge|p2a: Calyrex\n|-damage|p2a: Calyrex|0 fnt\n|-boost|p1a: Koraidon|spe|1\n|faint|p2a: Calyrex\n|-damage|p1a: Koraidon|91/100|[from] item: Life Orb\n|move|p2b: Chi-Yu|Dark Pulse|p1b: Chi-Yu\n|-resisted|p1b: Chi-Yu\n|-damage|p1b: Chi-Yu|14/100\n|\n|-weather|SunnyDay|[upkeep]\n|upkeep\n|inactive|TrCJags has 30 seconds left.\n|inactive|TrCJags has 20 seconds left.\n|\n|t:|1745956301\n|switch|p2a: Ogerpon|Ogerpon-Cornerstone, L50, F|100/100\n|turn|4\n|\n|t:|1745956322\n|move|p2a: Ogerpon|Spiky Shield|p2a: Ogerpon\n|-singleturn|p2a: Ogerpon|move: Protect\n|move|p1a: Koraidon|Close Combat|p2a: Ogerpon\n|-activate|p2a: Ogerpon|move: Protect\n|-damage|p1a: Koraidon|79/100|[from] Spiky Shield|[of] p2a: Ogerpon\n|move|p1b: Chi-Yu|Snarl|p2b: Chi-Yu|[spread] p2b\n|-activate|p2a: Ogerpon|move: Protect\n|-resisted|p2b: Chi-Yu\n|-damage|p2b: Chi-Yu|36/100\n|-unboost|p2b: Chi-Yu|spa|1\n|move|p2b: Chi-Yu|Dark Pulse|p1b: Chi-Yu\n|-resisted|p1b: Chi-Yu\n|-damage|p1b: Chi-Yu|0 fnt\n|faint|p1b: Chi-Yu\n|\n|-weather|SunnyDay|[upkeep]\n|-sideend|p1: Swami|move: Tailwind\n|upkeep\n|\n|t:|1745956324\n|switch|p1b: Ho-Oh|Ho-Oh, L50|56/100\n|turn|5\n|inactive|Swami has 30 seconds left.\n|inactive|TrCJags has 30 seconds left.\n|inactive|Swami has 20 seconds left.\n|inactive|Swami has 15 seconds left.\n|\n|t:|1745956369\n|-terastallize|p1b: Ho-Oh|Water\n|move|p1a: Koraidon|Flame Charge|p2a: Ogerpon\n|-damage|p2a: Ogerpon|50/100\n|-boost|p1a: Koraidon|spe|1\n|-damage|p1a: Koraidon|69/100|[from] item: Life Orb\n|move|p2b: Chi-Yu|Dark Pulse|p1a: Koraidon\n|-resisted|p1a: Koraidon\n|-damage|p1a: Koraidon|55/100\n|move|p2a: Ogerpon|Ivy Cudgel|p1b: Ho-Oh|[anim] Ivy Cudgel Rock\n|-damage|p1b: Ho-Oh|0 fnt\n|faint|p1b: Ho-Oh\n|\n|-weather|SunnyDay|[upkeep]\n|upkeep\n|turn|6\n|\n|t:|1745956392\n|move|p2a: Ogerpon|Spiky Shield|p2a: Ogerpon\n|-singleturn|p2a: Ogerpon|move: Protect\n|move|p1a: Koraidon|Flare Blitz|p2a: Ogerpon\n|-activate|p2a: Ogerpon|move: Protect\n|-damage|p1a: Koraidon|43/100|[from] Spiky Shield|[of] p2a: Ogerpon\n|move|p2b: Chi-Yu|Dark Pulse|p1a: Koraidon\n|-resisted|p1a: Koraidon\n|-damage|p1a: Koraidon|28/100\n|\n|-weather|SunnyDay|[upkeep]\n|upkeep\n|turn|7\n|\n|t:|1745956415\n|move|p2a: Ogerpon|Follow Me|p2a: Ogerpon\n|-singleturn|p2a: Ogerpon|move: Follow Me\n|move|p1a: Koraidon|Flame Charge|p2a: Ogerpon\n|-damage|p2a: Ogerpon|0 fnt\n|-boost|p1a: Koraidon|spe|1\n|faint|p2a: Ogerpon\n|-damage|p1a: Koraidon|18/100|[from] item: Life Orb\n|move|p2b: Chi-Yu|Dark Pulse|p1a: Koraidon\n|-resisted|p1a: Koraidon\n|-damage|p1a: Koraidon|3/100\n|\n|-weather|none\n|upkeep\n|\n|t:|1745956427\n|switch|p2a: Koraidon|Koraidon, L50|100/100\n|-weather|SunnyDay|[from] ability: Orichalcum Pulse|[of] p2a: Koraidon\n|-activate|p2a: Koraidon|Orichalcum Pulse|[source]\n|turn|8\n|\n|t:|1745956435\n|move|p2a: Koraidon|Protect|p2a: Koraidon\n|-singleturn|p2a: Koraidon|Protect\n|move|p1a: Koraidon|Close Combat|p2a: Koraidon\n|-activate|p2a: Koraidon|move: Protect\n|move|p2b: Chi-Yu|Dark Pulse|p1a: Koraidon\n|-resisted|p1a: Koraidon\n|-damage|p1a: Koraidon|0 fnt\n|faint|p1a: Koraidon\n|\n|win|TrCJags\n|raw|Swami's rating: 1274 &rarr; <strong>1243</strong><br />(-31 for losing)\n|raw|TrCJags's rating: 1185 &rarr; <strong>1216</strong><br />(+31 for winning)\n", "uploadtime": 1745956477, "views": 11, "formatid": "gen9vgc2025regibo3", "rating": 1216, "private": 0, "password": null}