{"id": "gen9vgc2025regibo3-2354211202", "format": "[Gen 9] VGC 2025 Reg I (Bo3)", "players": ["TRIUNVIRATUS VGC", "pantsuit"], "log": "|j|\u2606TRIUNVIRATUS VGC\n|j|\u2606pantsuit\n|html|<table width=\"100%\"><tr><td align=\"left\">TRIUNVIRATUS VGC</td><td align=\"right\">pantsuit</tr><tr><td align=\"left\"><i class=\"fa fa-circle\"></i> <i class=\"fa fa-circle-o\"></i> </td><td align=\"right\"><i class=\"fa fa-circle-o\"></i> <i class=\"fa fa-circle\"></i> </tr></table>\n|uhtml|bestof|<h2><strong>Game 3</strong> of <a href=\"/game-bestof3-gen9vgc2025regibo3-2354205430\">a best-of-3</a></h2>\n|t:|1746045066\n|gametype|doubles\n|player|p1|TRIUNVIRATUS VGC|ninjaboy|1338\n|player|p2|pantsuit|2|1338\n|teamsize|p1|6\n|teamsize|p2|6\n|gen|9\n|tier|[Gen 9] VGC 2025 Reg I (Bo3)\n|rated|\n|rule|Species Clause: Limit one of each Pok\u00e9mon\n|rule|Item Clause: Limit 1 of each item\n|clearpoke\n|poke|p1|Calyrex-Shadow, L50|\n|poke|p1|Terapagos, L50, M|\n|poke|p1|Incineroar, L50, F|\n|poke|p1|Rillaboom, L50, M|\n|poke|p1|Amoonguss, L50, M|\n|poke|p1|Urshifu-*, L50, M|\n|poke|p2|Koraidon, L50|\n|poke|p2|Lunala, L50|\n|poke|p2|Chi-Yu, L50|\n|poke|p2|Ursaluna, L50, F|\n|poke|p2|Brute Bonnet, L50|\n|poke|p2|Flutter Mane, L50|\n|teampreview|4\n|showteam|p1|Calyrex-Shadow||FocusSash|AsOneSpectrier|AstralBarrage,WillOWisp,Disable,Protect||||||50|,,,,,Ghost]Terapagos||Leftovers|TeraShift|TeraStarstorm,EarthPower,CalmMind,Protect|||M|||50|,,,,,Stellar]Incineroar||SafetyGoggles|Intimidate|KnockOff,WillOWisp,FakeOut,PartingShot|||F|||50|,,,,,Bug]Rillaboom||AssaultVest|GrassySurge|GrassyGlide,FakeOut,WoodHammer,Uturn|||M|||50|,,,,,Grass]Amoonguss||RockyHelmet|Regenerator|Spore,RagePowder,SludgeBomb,Protect|||M|||50|,,,,,Water]Urshifu-Rapid-Strike||MysticWater|UnseenFist|SurgingStrikes,CloseCombat,Taunt,Protect|||M|||50|,,,,,Water\n|showteam|p2|Koraidon||LifeOrb|OrichalcumPulse|FlareBlitz,FlameCharge,CloseCombat,Protect||||||50|,,,,,Fire]Lunala||PowerHerb|ShadowShield|MoongeistBeam,MeteorBeam,WideGuard,TrickRoom||||||50|,,,,,Water]Chi-Yu||ChoiceScarf|BeadsofRuin|Overheat,HeatWave,DarkPulse,Snarl||||||50|,,,,,Ghost]Ursaluna||FlameOrb|Guts|Facade,Earthquake,HeadlongRush,Protect|||F|||50|,,,,,Water]Brute Bonnet||CovertCloak|Protosynthesis|SeedBomb,SuckerPunch,Spore,RagePowder||||||50|,,,,,Water]Flutter Mane||FocusSash|Protosynthesis|Moonblast,IcyWind,ShadowBall,Protect||||||50|,,,,,Normal\n|inactive|Battle timer is ON: inactive players will automatically lose when time's up. (requested by TRIUNVIRATUS VGC)\n|\n|t:|1746045118\n|start\n|switch|p1a: Calyrex|Calyrex-Shadow, L50|100/100\n|switch|p1b: Amoonguss|Amoonguss, L50, M, shiny|100/100\n|switch|p2a: Brute Bonnet|Brute Bonnet, L50|100/100\n|switch|p2b: Lunala|Lunala, L50|100/100\n|-ability|p1a: Calyrex|As One\n|-ability|p1a: Calyrex|Unnerve\n|turn|1\n|inactive|pantsuit has 30 seconds left.\n|\n|t:|1746045144\n|move|p1a: Calyrex|Protect|p1a: Calyrex\n|-singleturn|p1a: Calyrex|Protect\n|move|p2b: Lunala|Meteor Beam||[still]\n|-prepare|p2b: Lunala|Meteor Beam\n|-boost|p2b: Lunala|spa|1\n|-enditem|p2b: Lunala|Power Herb\n|-anim|p2b: Lunala|Meteor Beam|p1b: Amoonguss\n|-damage|p1b: Amoonguss|39/100\n|move|p2a: Brute Bonnet|Spore|p1a: Calyrex\n|-activate|p1a: Calyrex|move: Protect\n|move|p1b: Amoonguss|Spore|p2b: Lunala\n|-status|p2b: Lunala|slp|[from] move: Spore\n|\n|upkeep\n|turn|2\n|inactive|pantsuit has 30 seconds left.\n|\n|t:|1746045170\n|switch|p1b: Urshifu|Urshifu-Rapid-Strike, L50, M|100/100\n|-terastallize|p2b: Lunala|Water\n|move|p1a: Calyrex|Astral Barrage|p2b: Lunala|[spread] p2a,p2b\n|-resisted|p2a: Brute Bonnet\n|-damage|p2a: Brute Bonnet|78/100\n|-damage|p2b: Lunala|81/100 slp\n|move|p2a: Brute Bonnet|Spore|p1a: Calyrex\n|-status|p1a: Calyrex|slp|[from] move: Spore\n|cant|p2b: Lunala|slp\n|\n|upkeep\n|turn|3\n|\n|t:|1746045192\n|cant|p1a: Calyrex|slp\n|-curestatus|p2b: Lunala|slp|[msg]\n|move|p2b: Lunala|Moongeist Beam|p1a: Calyrex\n|-supereffective|p1a: Calyrex\n|-enditem|p1a: Calyrex|Focus Sash\n|-damage|p1a: Calyrex|1/100 slp\n|move|p1b: Urshifu|Close Combat|p2a: Brute Bonnet\n|-supereffective|p2a: Brute Bonnet\n|-damage|p2a: Brute Bonnet|0 fnt\n|-unboost|p1b: Urshifu|def|1\n|-unboost|p1b: Urshifu|spd|1\n|faint|p2a: Brute Bonnet\n|-end|p2a: Brute Bonnet|Protosynthesis|[silent]\n|\n|upkeep\n|\n|t:|1746045209\n|switch|p2a: Chi-Yu|Chi-Yu, L50|100/100\n|-ability|p2a: Chi-Yu|Beads of Ruin\n|turn|4\n|inactive|pantsuit has 30 seconds left.\n|\n|t:|1746045236\n|switch|p1b: Incineroar|Incineroar, L50, F|100/100\n|-ability|p1b: Incineroar|Intimidate|boost\n|-unboost|p2a: Chi-Yu|atk|1\n|-unboost|p2b: Lunala|atk|1\n|cant|p1a: Calyrex|slp\n|move|p2a: Chi-Yu|Heat Wave|p1b: Incineroar|[spread] p1a,p1b\n|-resisted|p1b: Incineroar\n|-damage|p1a: Calyrex|0 fnt\n|-damage|p1b: Incineroar|75/100\n|faint|p1a: Calyrex\n|move|p2b: Lunala|Moongeist Beam|p1b: Incineroar\n|-resisted|p1b: Incineroar\n|-damage|p1b: Incineroar|21/100\n|\n|upkeep\n|\n|t:|1746045247\n|switch|p1a: Urshifu|Urshifu-Rapid-Strike, L50, M|100/100\n|turn|5\n|\n|t:|1746045254\n|switch|p2a: Ursaluna|Ursaluna, L50, F|100/100\n|move|p1b: Incineroar|Fake Out|p2b: Lunala\n|-damage|p2b: Lunala|71/100\n|move|p1a: Urshifu|Surging Strikes|p2a: Ursaluna\n|-supereffective|p2a: Ursaluna\n|-crit|p2a: Ursaluna\n|-damage|p2a: Ursaluna|65/100\n|-supereffective|p2a: Ursaluna\n|-crit|p2a: Ursaluna\n|-damage|p2a: Ursaluna|30/100\n|-supereffective|p2a: Ursaluna\n|-crit|p2a: Ursaluna\n|-damage|p2a: Ursaluna|0 fnt\n|faint|p2a: Ursaluna\n|-hitcount|p2: Ursaluna|3\n|cant|p2b: Lunala|flinch\n|\n|upkeep\n|\n|t:|1746045261\n|switch|p2a: Chi-Yu|Chi-Yu, L50|100/100\n|-ability|p2a: Chi-Yu|Beads of Ruin\n|turn|6\n|\n|t:|1746045271\n|move|p1a: Urshifu|Protect|p1a: Urshifu\n|-singleturn|p1a: Urshifu|Protect\n|move|p2a: Chi-Yu|Heat Wave|p1a: Urshifu|[spread] p1b\n|-activate|p1a: Urshifu|move: Protect\n|-resisted|p1b: Incineroar\n|-damage|p1b: Incineroar|0 fnt\n|faint|p1b: Incineroar\n|move|p2b: Lunala|Moongeist Beam|p1a: Urshifu\n|-activate|p1a: Urshifu|move: Protect\n|\n|upkeep\n|\n|t:|1746045276\n|switch|p1b: Amoonguss|Amoonguss, L50, M, shiny|73/100\n|turn|7\n|\n|t:|1746045287\n|-terastallize|p1b: Amoonguss|Water\n|move|p1b: Amoonguss|Rage Powder|p1b: Amoonguss\n|-singleturn|p1b: Amoonguss|move: Rage Powder\n|move|p2a: Chi-Yu|Heat Wave|p1a: Urshifu|[spread] p1a,p1b\n|-resisted|p1a: Urshifu\n|-resisted|p1b: Amoonguss\n|-damage|p1a: Urshifu|58/100\n|-damage|p1b: Amoonguss|48/100\n|move|p2b: Lunala|Moongeist Beam|p1b: Amoonguss\n|-damage|p1b: Amoonguss|0 fnt\n|faint|p1b: Amoonguss\n|move|p1a: Urshifu|Surging Strikes|p2a: Chi-Yu\n|-supereffective|p2a: Chi-Yu\n|-crit|p2a: Chi-Yu\n|-damage|p2a: Chi-Yu|18/100\n|-supereffective|p2a: Chi-Yu\n|-crit|p2a: Chi-Yu\n|-damage|p2a: Chi-Yu|0 fnt\n|faint|p2a: Chi-Yu\n|-hitcount|p2: Chi-Yu|2\n|\n|upkeep\n|turn|8\n|\n|t:|1746045299\n|move|p1a: Urshifu|Protect|p1a: Urshifu\n|-singleturn|p1a: Urshifu|Protect\n|move|p2b: Lunala|Moongeist Beam|p1a: Urshifu\n|-activate|p1a: Urshifu|move: Protect\n|\n|upkeep\n|turn|9\n|c|\u2606pantsuit|ggs\n|\n|t:|1746045305\n|move|p1a: Urshifu|Close Combat|p2b: Lunala\n|-damage|p2b: Lunala|16/100\n|-unboost|p1a: Urshifu|def|1\n|-unboost|p1a: Urshifu|spd|1\n|move|p2b: Lunala|Moongeist Beam|p1a: Urshifu\n|-damage|p1a: Urshifu|0 fnt\n|faint|p1a: Urshifu\n|\n|win|pantsuit\n|raw|TRIUNVIRATUS VGC's rating: 1338 &rarr; <strong>1318</strong><br />(-20 for losing)\n|raw|pantsuit's rating: 1338 &rarr; <strong>1358</strong><br />(+20 for winning)\n|c|\u2606TRIUNVIRATUS VGC|tie?\n|c|\u2606TRIUNVIRATUS VGC|o shit\n|c|\u2606pantsuit|speed tie wow i didnt realize\n|c|\u2606TRIUNVIRATUS VGC|150 is best\n|c|\u2606TRIUNVIRATUS VGC|than 149\n", "uploadtime": 1746045353, "views": 35, "formatid": "gen9vgc2025regibo3", "rating": 1318, "private": 0, "password": null}