{"id": "gen9vgc2025regibo3-2354507975", "format": "[Gen 9] VGC 2025 Reg I (Bo3)", "players": ["Tedi2002", "jdanhyde"], "log": "|j|\u2606Tedi2002\n|j|\u2606jdanhyde\n|html|<table width=\"100%\"><tr><td align=\"left\">Tedi2002</td><td align=\"right\">jdanhyde</tr><tr><td align=\"left\"><i class=\"fa fa-circle-o\"></i> <i class=\"fa fa-circle-o\"></i> </td><td align=\"right\"><i class=\"fa fa-circle-o\"></i> <i class=\"fa fa-circle-o\"></i> </tr></table>\n|uhtml|bestof|<h2><strong>Game 1</strong> of <a href=\"/game-bestof3-gen9vgc2025regibo3-2354507974\">a best-of-3</a></h2>\n|t:|1746084157\n|gametype|doubles\n|player|p1|Tedi2002|red|1184\n|player|p2|jdanhyde|1|1189\n|teamsize|p1|6\n|teamsize|p2|6\n|gen|9\n|tier|[Gen 9] VGC 2025 Reg I (Bo3)\n|rated|\n|rule|Species Clause: Limit one of each Pok\u00e9mon\n|rule|Item Clause: Limit 1 of each item\n|clearpoke\n|poke|p1|Terapagos, L50, M|\n|poke|p1|Kyogre, L50|\n|poke|p1|Tornadus, L50, M|\n|poke|p1|Urshifu-*, L50, M|\n|poke|p1|Indeedee-F, L50, F|\n|poke|p1|Ursaluna, L50, M|\n|poke|p2|Dialga-Origin, L50|\n|poke|p2|Kyogre, L50|\n|poke|p2|Rillaboom, L50, M|\n|poke|p2|Incineroar, L50, F|\n|poke|p2|Urshifu-*, L50, F|\n|poke|p2|Tornadus, L50, M|\n|teampreview|4\n|showteam|p1|Terapagos||Leftovers|TeraShift|TeraStarstorm,EarthPower,CalmMind,Protect|||M|||50|,,,,,Stellar]Kyogre||SplashPlate|Drizzle|OriginPulse,Thunder,IceBeam,Protect||||||50|,,,,,Grass]Tornadus||FocusSash|Prankster|BleakwindStorm,Tailwind,IcyWind,Protect|||M|||50|,,,,,Dark]Urshifu-Rapid-Strike||MysticWater|UnseenFist|SurgingStrikes,CloseCombat,Taunt,Detect|||M|||50|,,,,,Water]Indeedee-F||RockyHelmet|PsychicSurge|Psychic,TrickRoom,HelpingHand,FollowMe|||F|||50|,,,,,Grass]Ursaluna||FlameOrb|Guts|HeadlongRush,Facade,CloseCombat,Protect|||M|||50|,,,,,Normal\n|showteam|p2|Dialga-Origin||AdamantCrystal|Pressure|RoarofTime,FlashCannon,EarthPower,Protect||||||50|,,,,,Ghost]Kyogre||LifeOrb|Drizzle|WaterSpout,OriginPulse,IceBeam,Protect||||||50|,,,,,Grass]Rillaboom||AssaultVest|GrassySurge|FakeOut,GrassyGlide,WoodHammer,DrainPunch|||M|||50|,,,,,Fire]Incineroar||SafetyGoggles|Intimidate|FlareBlitz,KnockOff,PartingShot,FakeOut|||F|||50|,,,,,Fairy]Urshifu-Rapid-Strike||ChoiceScarf|UnseenFist|SurgingStrikes,CloseCombat,Uturn,IronHead|||F|||50|,,,,,Water]Tornadus||CovertCloak|Prankster|BleakwindStorm,RainDance,Taunt,Tailwind|||M|||50|,,,,,Dark\n|\n|t:|1746084219\n|start\n|switch|p1a: Terapagos|Terapagos, L50, M|100/100\n|switch|p1b: Kyogre|Kyogre, L50|100/100\n|switch|p2a: Dialga|Dialga-Origin, L50|100/100\n|switch|p2b: Tornadus|Tornadus, L50, M|100/100\n|-activate|p1a: Terapagos|ability: Tera Shift\n|detailschange|p1a: Terapagos|Terapagos-Terastal, L50, M\n|-heal|p1a: Terapagos|100/100|[silent]\n|-ability|p2a: Dialga|Pressure\n|-weather|RainDance|[from] ability: Drizzle|[of] p1b: Kyogre\n|turn|1\n|\n|t:|1746084248\n|switch|p1b: Indeedee|Indeedee-F, L50, F|100/100\n|-fieldstart|move: Psychic Terrain|[from] ability: Psychic Surge|[of] p1b: Indeedee\n|move|p2b: Tornadus|Taunt|p1a: Terapagos\n|-activate|p1a: Terapagos|move: Psychic Terrain\n|move|p1a: Terapagos|Calm Mind|p1a: Terapagos\n|-boost|p1a: Terapagos|spa|1\n|-boost|p1a: Terapagos|spd|1\n|move|p2a: Dialga|Roar of Time|p1b: Indeedee\n|-damage|p1b: Indeedee|0 fnt\n|-mustrecharge|p2a: Dialga\n|faint|p1b: Indeedee\n|\n|-weather|RainDance|[upkeep]\n|upkeep\n|\n|t:|1746084266\n|switch|p1b: Kyogre|Kyogre, L50|100/100\n|turn|2\n|\n|t:|1746084272\n|move|p2b: Tornadus|Tailwind|p2b: Tornadus\n|-sidestart|p2: jdanhyde|move: Tailwind\n|cant|p2a: Dialga|recharge\n|move|p1a: Terapagos|Earth Power|p2a: Dialga\n|-supereffective|p2a: Dialga\n|-damage|p2a: Dialga|31/100\n|move|p1b: Kyogre|Ice Beam|p2b: Tornadus\n|-supereffective|p2b: Tornadus\n|-damage|p2b: Tornadus|37/100\n|\n|-weather|RainDance|[upkeep]\n|upkeep\n|turn|3\n|\n|t:|1746084297\n|switch|p2b: Rillaboom|Rillaboom, L50, M|100/100\n|-fieldstart|move: Grassy Terrain|[from] ability: Grassy Surge|[of] p2b: Rillaboom\n|move|p2a: Dialga|Roar of Time|p1b: Kyogre\n|-damage|p1b: Kyogre|32/100\n|-mustrecharge|p2a: Dialga\n|move|p1a: Terapagos|Tera Starstorm|p2a: Dialga\n|-resisted|p2a: Dialga\n|-damage|p2a: Dialga|0 fnt\n|faint|p2a: Dialga\n|move|p1b: Kyogre|Origin Pulse|p2b: Rillaboom\n|-resisted|p2b: Rillaboom\n|-damage|p2b: Rillaboom|56/100\n|\n|-weather|RainDance|[upkeep]\n|-heal|p2b: Rillaboom|62/100|[from] Grassy Terrain\n|-heal|p1b: Kyogre|38/100|[from] Grassy Terrain\n|upkeep\n|\n|t:|1746084309\n|switch|p2a: Kyogre|Kyogre, L50|100/100\n|turn|4\n|\n|t:|1746084317\n|move|p1a: Terapagos|Protect|p1a: Terapagos\n|-singleturn|p1a: Terapagos|Protect\n|move|p1b: Kyogre|Protect|p1b: Kyogre\n|-singleturn|p1b: Kyogre|Protect\n|move|p2b: Rillaboom|Fake Out|p1a: Terapagos\n|-activate|p1a: Terapagos|move: Protect\n|move|p2a: Kyogre|Water Spout|p1a: Terapagos|[spread] \n|-activate|p1a: Terapagos|move: Protect\n|-activate|p1b: Kyogre|move: Protect\n|\n|-weather|RainDance|[upkeep]\n|-heal|p2b: Rillaboom|68/100|[from] Grassy Terrain\n|-heal|p1b: Kyogre|44/100|[from] Grassy Terrain\n|upkeep\n|turn|5\n|\n|t:|1746084332\n|switch|p1b: Tornadus|Tornadus, L50, M|100/100\n|-terastallize|p1a: Terapagos|Stellar\n|detailschange|p1a: Terapagos|Terapagos-Stellar, L50, M, tera:Stellar\n|-heal|p1a: Terapagos|100/100|[silent]\n|-ability|p1a: Terapagos|Teraform Zero\n|-weather|none\n|-fieldend|move: Grassy Terrain\n|move|p2a: Kyogre|Water Spout|p1b: Tornadus|[spread] p1a,p1b\n|-damage|p1a: Terapagos|57/100\n|-enditem|p1b: Tornadus|Focus Sash\n|-damage|p1b: Tornadus|1/100\n|-damage|p2a: Kyogre|91/100|[from] item: Life Orb\n|move|p2b: Rillaboom|Grassy Glide|p1a: Terapagos\n|-damage|p1a: Terapagos|36/100\n|move|p1a: Terapagos|Tera Starstorm|p2a: Kyogre|[spread] p2a,p2b\n|-damage|p2a: Kyogre|51/100\n|-damage|p2b: Rillaboom|23/100\n|\n|-heal|p1a: Terapagos|42/100|[from] item: Leftovers\n|-sideend|p2: jdanhyde|move: Tailwind\n|upkeep\n|turn|6\n|\n|t:|1746084363\n|move|p2a: Kyogre|Protect|p2a: Kyogre\n|-singleturn|p2a: Kyogre|Protect\n|move|p1b: Tornadus|Tailwind|p1b: Tornadus\n|-sidestart|p1: Tedi2002|move: Tailwind\n|move|p1a: Terapagos|Tera Starstorm|p2a: Kyogre|[spread] p2b\n|-activate|p2a: Kyogre|move: Protect\n|-damage|p2b: Rillaboom|0 fnt\n|faint|p2b: Rillaboom\n|\n|-heal|p1a: Terapagos|48/100|[from] item: Leftovers\n|upkeep\n|\n|t:|1746084372\n|switch|p2b: Tornadus|Tornadus, L50, M|37/100\n|turn|7\n|\n|t:|1746084382\n|move|p2b: Tornadus|Tailwind|p2b: Tornadus\n|-sidestart|p2: jdanhyde|move: Tailwind\n|move|p1b: Tornadus|Icy Wind|p2a: Kyogre|[spread] p2a,p2b\n|-resisted|p2a: Kyogre\n|-supereffective|p2b: Tornadus\n|-damage|p2a: Kyogre|46/100\n|-damage|p2b: Tornadus|14/100\n|-unboost|p2a: Kyogre|spe|1\n|move|p1a: Terapagos|Tera Starstorm|p2a: Kyogre|[spread] p2a,p2b\n|-damage|p2a: Kyogre|7/100\n|-damage|p2b: Tornadus|0 fnt\n|faint|p2b: Tornadus\n|move|p2a: Kyogre|Origin Pulse|p1b: Tornadus|[spread] p1b\n|-miss|p2a: Kyogre|p1a: Terapagos\n|-damage|p1b: Tornadus|0 fnt\n|faint|p1b: Tornadus\n|-damage|p2a: Kyogre|0 fnt|[from] item: Life Orb\n|faint|p2a: Kyogre\n|\n|win|Tedi2002\n|inactive|Tedi2002 has 30 seconds to confirm battle start!\n|inactive|jdanhyde has 30 seconds to confirm battle start!\n||jdanhyde is ready for game 2.\n||Tedi2002 is ready for game 2.\n|uhtml|next|Next: <a href=\"/battle-gen9vgc2025regibo3-2354509161\"><strong>Game 2 of 3</strong></a>\n", "uploadtime": 1746084697, "views": 7, "formatid": "gen9vgc2025regibo3", "rating": null, "private": 0, "password": null}