{"id": "gen9vgc2025regibo3-2354506882", "format": "[Gen 9] VGC 2025 Reg I (Bo3)", "players": ["pibble fan 24", "Squ1dge_"], "log": "|j|\u2606pibble fan 24\n|j|\u2606Squ1dge_\n|html|<table width=\"100%\"><tr><td align=\"left\">pibble fan 24</td><td align=\"right\">Squ1dge_</tr><tr><td align=\"left\"><i class=\"fa fa-circle-o\"></i> <i class=\"fa fa-circle-o\"></i> </td><td align=\"right\"><i class=\"fa fa-circle-o\"></i> <i class=\"fa fa-circle\"></i> </tr></table>\n|uhtml|bestof|<h2><strong>Game 2</strong> of <a href=\"/game-bestof3-gen9vgc2025regibo3-2354504819\">a best-of-3</a></h2>\n|t:|1746083930\n|gametype|doubles\n|player|p1|pibble fan 24|2|1359\n|player|p2|Squ1dge_|2|1443\n|teamsize|p1|6\n|teamsize|p2|6\n|gen|9\n|tier|[Gen 9] VGC 2025 Reg I (Bo3)\n|rated|\n|rule|Species Clause: Limit one of each Pok\u00e9mon\n|rule|Item Clause: Limit 1 of each item\n|clearpoke\n|poke|p1|Koraidon, L50|\n|poke|p1|Terapagos, L50, M|\n|poke|p1|Rillaboom, L50, M|\n|poke|p1|Incineroar, L50, F|\n|poke|p1|Scream Tail, L50|\n|poke|p1|Ogerpon-Cornerstone, L50, F|\n|poke|p2|Zamazenta-*, L50|\n|poke|p2|Calyrex-Shadow, L50|\n|poke|p2|Tornadus, L50, M|\n|poke|p2|Urshifu-*, L50, M|\n|poke|p2|Amoonguss, L50, M|\n|poke|p2|Chien-Pao, L50|\n|teampreview|4\n|showteam|p1|Koraidon||LifeOrb|OrichalcumPulse|CloseCombat,FlareBlitz,Protect,FlameCharge||||||50|,,,,,Fire]Terapagos||Leftovers|TeraShift|TeraStarstorm,EarthPower,Protect,CalmMind|||M|||50|,,,,,Stellar]Rillaboom||AssaultVest|GrassySurge|WoodHammer,GrassyGlide,FakeOut,Uturn|||M|||50|,,,,,Fire]Incineroar||RockyHelmet|Intimidate|FlareBlitz,FakeOut,WillOWisp,Uturn|||F|||50|,,,,,Bug]Scream Tail||BoosterEnergy|Protosynthesis|ThunderWave,Encore,Protect,Disable||||||50|,,,,,Grass]Ogerpon-Cornerstone||CornerstoneMask|Sturdy|IvyCudgel,PowerWhip,SpikyShield,FollowMe|||F|||50|,,,,,Rock\n|showteam|p2|Zamazenta-Crowned||RustedShield|DauntlessShield|BodyPress,HeavySlam,WideGuard,Protect||||||50|,,,,,Dragon]Calyrex-Shadow||LifeOrb|AsOneSpectrier|AstralBarrage,Psychic,NastyPlot,Protect||||||50|,,,,,Dark]Tornadus||CovertCloak|Prankster|BleakwindStorm,Tailwind,RainDance,Taunt|||M|||50|,,,,,Dark]Urshifu-Rapid-Strike||MysticWater|UnseenFist|SurgingStrikes,CloseCombat,AquaJet,Detect|||M|||50|,,,,,Water]Amoonguss||RockyHelmet|Regenerator|SludgeBomb,Spore,RagePowder,Protect|||M|||50|,,,,,Water]Chien-Pao||FocusSash|SwordofRuin|SuckerPunch,Crunch,IceSpinner,Protect||||||50|,,,,,Stellar\n|inactive|Battle timer is ON: inactive players will automatically lose when time's up. (requested by pibble fan 24)\n|inactive|pibble fan 24 has 60 seconds left.\n|inactive|pibble fan 24 has 30 seconds left.\n|inactive|pibble fan 24 has 20 seconds left.\n|inactive|pibble fan 24 has 15 seconds left.\n|inactive|pibble fan 24 has 10 seconds left.\n|inactive|pibble fan 24 has 5 seconds left.\n|\n|t:|1746084019\n|start\n|switch|p1a: Ogerpon|Ogerpon-Cornerstone, L50, F|100/100\n|switch|p1b: Koraidon|Koraidon, L50|100/100\n|switch|p2a: Tornadus|Tornadus, L50, M|100/100\n|switch|p2b: Calyrex|Calyrex-Shadow, L50|100/100\n|-ability|p2b: Calyrex|As One\n|-ability|p2b: Calyrex|Unnerve\n|-weather|SunnyDay|[from] ability: Orichalcum Pulse|[of] p1b: Koraidon\n|-activate|p1b: Koraidon|Orichalcum Pulse|[source]\n|turn|1\n|inactive|pibble fan 24 has 30 seconds left.\n|inactive|Squ1dge_ has 30 seconds left.\n|inactive|pibble fan 24 has 20 seconds left.\n|inactive|Squ1dge_ has 20 seconds left.\n|inactive|pibble fan 24 has 15 seconds left.\n|inactive|pibble fan 24 has 10 seconds left.\n|inactive|pibble fan 24 has 5 seconds left.\n|\n|t:|1746084074\n|switch|p1b: Incineroar|Incineroar, L50, F|100/100\n|-ability|p1b: Incineroar|Intimidate|boost\n|-unboost|p2a: Tornadus|atk|1\n|-unboost|p2b: Calyrex|atk|1\n|move|p2a: Tornadus|Rain Dance|p2a: Tornadus\n|-weather|RainDance\n|move|p2b: Calyrex|Astral Barrage|p1b: Incineroar|[spread] p1a,p1b\n|-resisted|p1b: Incineroar\n|-damage|p1a: Ogerpon|19/100\n|-damage|p1b: Incineroar|68/100\n|-damage|p2b: Calyrex|91/100|[from] item: Life Orb\n|move|p1a: Ogerpon|Ivy Cudgel|p2a: Tornadus|[anim] Ivy Cudgel Rock\n|-supereffective|p2a: Tornadus\n|-damage|p2a: Tornadus|0 fnt\n|faint|p2a: Tornadus\n|\n|-weather|RainDance|[upkeep]\n|upkeep\n|\n|t:|1746084091\n|switch|p2a: Zamazenta|Zamazenta-Crowned, L50|100/100\n|-ability|p2a: Zamazenta|Dauntless Shield|boost\n|-boost|p2a: Zamazenta|def|1\n|turn|2\n|inactive|pibble fan 24 has 30 seconds left.\n|\n|t:|1746084125\n|move|p1b: Incineroar|Fake Out|p2a: Zamazenta\n|-resisted|p2a: Zamazenta\n|-damage|p2a: Zamazenta|98/100\n|move|p2b: Calyrex|Astral Barrage|p1a: Ogerpon|[spread] p1a,p1b\n|-resisted|p1b: Incineroar\n|-damage|p1a: Ogerpon|0 fnt\n|-damage|p1b: Incineroar|37/100\n|faint|p1a: Ogerpon\n|-ability|p2b: Calyrex|Grim Neigh|boost\n|-boost|p2b: Calyrex|spa|1\n|-damage|p2b: Calyrex|81/100|[from] item: Life Orb\n|cant|p2a: Zamazenta|flinch\n|\n|-weather|RainDance|[upkeep]\n|upkeep\n|\n|t:|1746084144\n|switch|p1a: Scream Tail|Scream Tail, L50, shiny|100/100\n|-enditem|p1a: Scream Tail|Booster Energy\n|-activate|p1a: Scream Tail|ability: Protosynthesis|[fromitem]\n|-start|p1a: Scream Tail|protosynthesisspe\n|turn|3\n|\n|t:|1746084161\n|switch|p2b: Urshifu|Urshifu-Rapid-Strike, L50, M|100/100\n|move|p1a: Scream Tail|Disable||[still]\n|-fail|p1a: Scream Tail\n|move|p2a: Zamazenta|Heavy Slam|p1a: Scream Tail\n|-supereffective|p1a: Scream Tail\n|-damage|p1a: Scream Tail|20/100\n|move|p1b: Incineroar|U-turn|p2b: Urshifu\n|-resisted|p2b: Urshifu\n|-damage|p2b: Urshifu|93/100\n|\n|t:|1746084163\n|switch|p1b: Koraidon|Koraidon, L50|100/100|[from] U-turn\n|-weather|SunnyDay|[from] ability: Orichalcum Pulse|[of] p1b: Koraidon\n|-activate|p1b: Koraidon|Orichalcum Pulse|[source]\n|\n|-weather|SunnyDay|[upkeep]\n|upkeep\n|turn|4\n|inactive|pibble fan 24 has 30 seconds left.\n|inactive|Squ1dge_ has 30 seconds left.\n|inactive|pibble fan 24 has 20 seconds left.\n|inactive|pibble fan 24 has 15 seconds left.\n|\n|t:|1746084208\n|-terastallize|p1b: Koraidon|Fire\n|-terastallize|p2a: Zamazenta|Dragon\n|move|p1a: Scream Tail|Encore|p2a: Zamazenta\n|-start|p2a: Zamazenta|Encore\n|move|p1b: Koraidon|Close Combat|p2b: Urshifu\n|-damage|p2b: Urshifu|0 fnt\n|-unboost|p1b: Koraidon|def|1\n|-unboost|p1b: Koraidon|spd|1\n|faint|p2b: Urshifu\n|-damage|p1b: Koraidon|91/100|[from] item: Life Orb\n|move|p2a: Zamazenta|Heavy Slam|p1a: Scream Tail\n|-supereffective|p1a: Scream Tail\n|-damage|p1a: Scream Tail|0 fnt\n|faint|p1a: Scream Tail\n|-end|p1a: Scream Tail|Protosynthesis|[silent]\n|\n|-weather|SunnyDay|[upkeep]\n|upkeep\n|\n|t:|1746084223\n|switch|p1a: Incineroar|Incineroar, L50, F|37/100\n|switch|p2b: Calyrex|Calyrex-Shadow, L50|81/100\n|-ability|p2b: Calyrex|As One\n|-ability|p2b: Calyrex|Unnerve\n|-ability|p1a: Incineroar|Intimidate|boost\n|-unboost|p2a: Zamazenta|atk|1\n|-unboost|p2b: Calyrex|atk|1\n|turn|5\n|inactive|pibble fan 24 has 30 seconds left.\n|\n|t:|1746084253\n|move|p2b: Calyrex|Protect|p2b: Calyrex\n|-singleturn|p2b: Calyrex|Protect\n|move|p1b: Koraidon|Protect|p1b: Koraidon\n|-singleturn|p1b: Koraidon|Protect\n|move|p2a: Zamazenta|Heavy Slam|p1b: Koraidon\n|-activate|p1b: Koraidon|move: Protect\n|move|p1a: Incineroar|Flare Blitz|p2b: Calyrex\n|-activate|p2b: Calyrex|move: Protect\n|\n|-weather|SunnyDay|[upkeep]\n|upkeep\n|turn|6\n|\n|t:|1746084265\n|move|p1b: Koraidon|Protect||[still]\n|-fail|p1b: Koraidon\n|move|p2b: Calyrex|Astral Barrage|p1b: Koraidon|[spread] p1a,p1b\n|-resisted|p1a: Incineroar\n|-damage|p1a: Incineroar|3/100\n|-damage|p1b: Koraidon|0 fnt\n|faint|p1b: Koraidon\n|-ability|p2b: Calyrex|Grim Neigh|boost\n|-boost|p2b: Calyrex|spa|1\n|-damage|p2b: Calyrex|72/100|[from] item: Life Orb\n|move|p2a: Zamazenta|Heavy Slam|p1a: Incineroar\n|-resisted|p1a: Incineroar\n|-damage|p1a: Incineroar|0 fnt\n|-damage|p2a: Zamazenta|82/100|[from] item: Rocky Helmet|[of] p1a: Incineroar\n|faint|p1a: Incineroar\n|\n|win|Squ1dge_\n|raw|pibble fan 24's rating: 1359 &rarr; <strong>1344</strong><br />(-15 for losing)\n|raw|Squ1dge_'s rating: 1443 &rarr; <strong>1458</strong><br />(+15 for winning)\n|c|\u2606pibble fan 24|gg\n|l|\u2606pibble fan 24\n|player|p1|\n|l|\u2606Squ1dge_\n|player|p2|\n|j|\u2606Squ1dge_\n|player|p2|Squ1dge_|2|\n", "uploadtime": 1746084325, "views": 39, "formatid": "gen9vgc2025regibo3", "rating": 1344, "private": 0, "password": null}