{"id": "gen9vgc2025regibo3-2353877053", "format": "[Gen 9] VGC 2025 Reg I (Bo3)", "players": ["Metallicmadness", "Monsteralover"], "log": "|j|\u2606Metallicmadness\n|j|\u2606Monsteralover\n|html|<table width=\"100%\"><tr><td align=\"left\">Metallicmadness</td><td align=\"right\">Monsteralover</tr><tr><td align=\"left\"><i class=\"fa fa-circle\"></i> <i class=\"fa fa-circle-o\"></i> </td><td align=\"right\"><i class=\"fa fa-circle-o\"></i> <i class=\"fa fa-circle-o\"></i> </tr></table>\n|uhtml|bestof|<h2><strong>Game 2</strong> of <a href=\"/game-bestof3-gen9vgc2025regibo3-2353875058\">a best-of-3</a></h2>\n|t:|1746013813\n|gametype|doubles\n|player|p1|Metallicmadness|byron|1265\n|player|p2|Monsteralover|102|1243\n|teamsize|p1|6\n|teamsize|p2|6\n|gen|9\n|tier|[Gen 9] VGC 2025 Reg I (Bo3)\n|rated|\n|rule|Species Clause: Limit one of each Pok\u00e9mon\n|rule|Item Clause: Limit 1 of each item\n|clearpoke\n|poke|p1|Koraidon, L50|\n|poke|p1|Weezing-Galar, L50, F|\n|poke|p1|Chi-Yu, L50|\n|poke|p1|Calyrex-Shadow, L50|\n|poke|p1|Dondozo, L50, F|\n|poke|p1|Tatsugiri, L50, F|\n|poke|p2|Lunala, L50|\n|poke|p2|Rillaboom, L50, M|\n|poke|p2|Urshifu-*, L50, M|\n|poke|p2|Miraidon, L50|\n|poke|p2|Grimmsnarl, L50, M|\n|poke|p2|Ogerpon-Hearthflame, L50, F|\n|teampreview|4\n|showteam|p1|Koraidon||AbilityShield|OrichalcumPulse|CollisionCourse,FlareBlitz,DragonClaw,Protect||||||50|,,,,,Fire]Weezing-Galar||CovertCloak|NeutralizingGas|ToxicSpikes,Protect,Taunt,StrangeSteam|||F|||50|,,,,,Dark]Chi-Yu||ChoiceScarf|BeadsofRuin|Overheat,HeatWave,Snarl,DarkPulse||||||50|,,,,,Fire]Calyrex-Shadow||LifeOrb|AsOneSpectrier|AstralBarrage,Psychic,NastyPlot,Protect||||||50|,,,,,Water]Dondozo||Leftovers|Unaware|OrderUp,Protect,Earthquake,WaveCrash|||F|||50|,,,,,Grass]Tatsugiri||FocusSash|Commander|MuddyWater,Protect,DracoMeteor,IcyWind|||F|||50|,,,,,Dragon\n|showteam|p2|Lunala||Leftovers|ShadowShield|CalmMind,MoongeistBeam,DazzlingGleam,Protect||||||50|,,,,,Fairy]Rillaboom||AssaultVest|GrassySurge|WoodHammer,GrassyGlide,KnockOff,FakeOut|||M|||50|,,,,,Fire]Urshifu-Rapid-Strike||ChoiceScarf|UnseenFist|SurgingStrikes,CloseCombat,AquaJet,Uturn|||M|||50|,,,,,Water]Miraidon||ChoiceSpecs|HadronEngine|ElectroDrift,DracoMeteor,DazzlingGleam,VoltSwitch||||||50|,,,,,Fairy]Grimmsnarl||LightClay|Prankster|FoulPlay,Reflect,ThunderWave,LightScreen|||M|||50|,,,,,Ghost]Ogerpon-Hearthflame||HearthflameMask|MoldBreaker|IvyCudgel,GrassyGlide,FollowMe,SpikyShield|||F|||50|,,,,,Fire\n|inactive|Battle timer is ON: inactive players will automatically lose when time's up. (requested by Metallicmadness)\n|c|\u2606Metallicmadness|I OHKO all forms of terapogos too\n|inactive|Monsteralover has 60 seconds left.\n|c|\u2606Monsteralover|lol, I mean yeah you get the boost still.\n|c|\u2606Metallicmadness|And zama if it doesn\u2019t Tera dragon\n|inactive|Monsteralover has 30 seconds left.\n|c|\u2606Metallicmadness|It\u2019s transformation doesn\u2019t kill my sun\n|\n|t:|1746013879\n|start\n|switch|p1a: Koraidon|Koraidon, L50|100/100\n|switch|p1b: Weezing|Weezing-Galar, L50, F|100/100\n|switch|p2a: Lunala|Lunala, L50|100/100\n|switch|p2b: Grimmsnarl|Grimmsnarl, L50, M|100/100\n|-ability|p1b: Weezing|Neutralizing Gas\n|-block|p1a: Koraidon|item: Ability Shield\n|-weather|SunnyDay|[from] ability: Orichalcum Pulse|[of] p1a: Koraidon\n|-activate|p1a: Koraidon|Orichalcum Pulse|[source]\n|turn|1\n|\n|t:|1746013892\n|-terastallize|p1a: Koraidon|Fire\n|move|p1a: Koraidon|Flare Blitz|p2b: Grimmsnarl\n|-damage|p2b: Grimmsnarl|0 fnt\n|faint|p2b: Grimmsnarl\n|-damage|p1a: Koraidon|63/100|[from] Recoil\n|move|p2a: Lunala|Moongeist Beam|p1a: Koraidon\n|-damage|p1a: Koraidon|14/100\n|move|p1b: Weezing|Toxic Spikes|p2a: Lunala\n|-sidestart|p2: Monsteralover|move: Toxic Spikes\n|\n|-weather|SunnyDay|[upkeep]\n|upkeep\n|\n|t:|1746013913\n|switch|p2b: Ogerpon|Ogerpon-Hearthflame, L50, F|100/100\n|-status|p2b: Ogerpon|psn\n|turn|2\n|\n|t:|1746013926\n|move|p1a: Koraidon|Protect|p1a: Koraidon\n|-singleturn|p1a: Koraidon|Protect\n|move|p2b: Ogerpon|Follow Me|p2b: Ogerpon\n|-singleturn|p2b: Ogerpon|move: Follow Me\n|move|p2a: Lunala|Dazzling Gleam|p1a: Koraidon|[spread] p1b\n|-activate|p1a: Koraidon|move: Protect\n|-resisted|p1b: Weezing\n|-crit|p1b: Weezing\n|-damage|p1b: Weezing|82/100\n|move|p1b: Weezing|Taunt|p2b: Ogerpon\n|-start|p2b: Ogerpon|move: Taunt\n|\n|-weather|SunnyDay|[upkeep]\n|-damage|p2b: Ogerpon|88/100 psn|[from] psn\n|upkeep\n|turn|3\n|inactive|Metallicmadness has 30 seconds left.\n|\n|t:|1746013953\n|move|p1a: Koraidon|Flare Blitz|p2b: Ogerpon\n|-damage|p2b: Ogerpon|0 fnt\n|faint|p2b: Ogerpon\n|-damage|p1a: Koraidon|0 fnt|[from] Recoil\n|faint|p1a: Koraidon\n|move|p2a: Lunala|Dazzling Gleam|p1b: Weezing\n|-resisted|p1b: Weezing\n|-damage|p1b: Weezing|67/100\n|move|p1b: Weezing|Toxic Spikes|p2a: Lunala\n|-sidestart|p2: Monsteralover|move: Toxic Spikes\n|\n|-weather|SunnyDay|[upkeep]\n|upkeep\n|inactive|Monsteralover has 30 seconds left.\n|inactive|Monsteralover has 20 seconds left.\n|inactive|Monsteralover has 15 seconds left.\n|inactive|Monsteralover has 10 seconds left.\n|inactive|Monsteralover has 5 seconds left.\n|\n|t:|1746014008\n|switch|p1a: Tatsugiri|Tatsugiri, L50, F|100/100\n|switch|p2b: Miraidon|Miraidon, L50|100/100\n|-status|p2b: Miraidon|tox\n|turn|4\n|inactive|Monsteralover has 30 seconds left.\n|inactive|Monsteralover has 20 seconds left.\n|inactive|Metallicmadness has 30 seconds left.\n|inactive|Monsteralover has 15 seconds left.\n|\n|t:|1746014051\n|-terastallize|p2b: Miraidon|Fairy\n|move|p1b: Weezing|Protect|p1b: Weezing\n|-singleturn|p1b: Weezing|Protect\n|move|p2b: Miraidon|Electro Drift|p1b: Weezing\n|-activate|p1b: Weezing|move: Protect\n|move|p1a: Tatsugiri|Icy Wind|p2b: Miraidon|[spread] p2a,p2b\n|-damage|p2a: Lunala|91/100\n|-damage|p2b: Miraidon|89/100 tox\n|-unboost|p2a: Lunala|spe|1\n|-unboost|p2b: Miraidon|spe|1\n|move|p2a: Lunala|Calm Mind|p2a: Lunala\n|-boost|p2a: Lunala|spa|1\n|-boost|p2a: Lunala|spd|1\n|\n|-weather|SunnyDay|[upkeep]\n|-heal|p2a: Lunala|98/100|[from] item: Leftovers\n|-damage|p2b: Miraidon|84/100 tox|[from] psn\n|upkeep\n|turn|5\n|\n|t:|1746014073\n|move|p1a: Tatsugiri|Muddy Water|p2b: Miraidon|[spread] p2a,p2b\n|-damage|p2a: Lunala|90/100\n|-damage|p2b: Miraidon|71/100 tox\n|-unboost|p2a: Lunala|accuracy|1\n|-unboost|p2b: Miraidon|accuracy|1\n|move|p2b: Miraidon|Electro Drift|p1a: Tatsugiri\n|-enditem|p1a: Tatsugiri|Focus Sash\n|-damage|p1a: Tatsugiri|1/100\n|move|p1b: Weezing|Strange Steam|p2a: Lunala\n|-damage|p2a: Lunala|78/100\n|-start|p2a: Lunala|confusion\n|-activate|p2a: Lunala|confusion\n|move|p2a: Lunala|Calm Mind|p2a: Lunala\n|-boost|p2a: Lunala|spa|1\n|-boost|p2a: Lunala|spd|1\n|\n|-weather|none\n|-heal|p2a: Lunala|85/100|[from] item: Leftovers\n|-damage|p2b: Miraidon|59/100 tox|[from] psn\n|upkeep\n|turn|6\n|inactive|Monsteralover has 30 seconds left.\n|\n|t:|1746014101\n|move|p1a: Tatsugiri|Protect|p1a: Tatsugiri\n|-singleturn|p1a: Tatsugiri|Protect\n|move|p2b: Miraidon|Electro Drift|p1b: Weezing|[miss]\n|-miss|p2b: Miraidon|p1b: Weezing\n|move|p1b: Weezing|Strange Steam|p2b: Miraidon\n|-damage|p2b: Miraidon|36/100 tox\n|-start|p2b: Miraidon|confusion\n|-activate|p2a: Lunala|confusion\n|move|p2a: Lunala|Calm Mind|p2a: Lunala\n|-boost|p2a: Lunala|spa|1\n|-boost|p2a: Lunala|spd|1\n|\n|-heal|p2a: Lunala|91/100|[from] item: Leftovers\n|-damage|p2b: Miraidon|19/100 tox|[from] psn\n|upkeep\n|turn|7\n|\n|t:|1746014119\n|-end|p1b: Weezing|ability: Neutralizing Gas\n|-fieldstart|move: Electric Terrain|[from] ability: Hadron Engine|[of] p2b: Miraidon\n|switch|p1b: Dondozo|Dondozo, L50, F|100/100\n|-activate|p1a: Tatsugiri|ability: Commander|[of] p1b: Dondozo\n|-boost|p1b: Dondozo|atk|2\n|-boost|p1b: Dondozo|spa|2\n|-boost|p1b: Dondozo|spe|2\n|-boost|p1b: Dondozo|def|2\n|-boost|p1b: Dondozo|spd|2\n|-activate|p2b: Miraidon|confusion\n|move|p2b: Miraidon|Electro Drift|p1b: Dondozo\n|-supereffective|p1b: Dondozo\n|-damage|p1b: Dondozo|0 fnt\n|faint|p1b: Dondozo\n|-activate|p2a: Lunala|confusion\n|move|p2a: Lunala|Dazzling Gleam|p1a: Tatsugiri\n|-supereffective|p1a: Tatsugiri\n|-damage|p1a: Tatsugiri|0 fnt\n|faint|p1a: Tatsugiri\n|\n|-heal|p2a: Lunala|97/100|[from] item: Leftovers\n|-damage|p2b: Miraidon|0 fnt|[from] psn\n|faint|p2b: Miraidon\n|upkeep\n|\n|t:|1746014125\n|switch|p1b: Weezing|Weezing-Galar, L50, F|67/100\n|-ability|p1b: Weezing|Neutralizing Gas\n|turn|8\n|c|\u2606Metallicmadness|lol gg\n|c|\u2606Monsteralover|gg :D\n|-message|Metallicmadness forfeited.\n|\n|win|Monsteralover\n||Metallicmadness is ready for game 3.\n||Monsteralover is ready for game 3.\n|uhtml|next|Next: <a href=\"/battle-gen9vgc2025regibo3-2353879579\"><strong>Game 3 of 3</strong></a>\n|l|\u2606Metallicmadness\n|player|p1|\n", "uploadtime": 1746014419, "views": 33, "formatid": "gen9vgc2025regibo3", "rating": null, "private": 0, "password": null}