{"id": "gen9vgc2025regibo3-2355087691", "format": "[Gen 9] VGC 2025 Reg I (Bo3)", "players": ["carrotbeafsteak", "LumiShen"], "log": "|j|\u2606carrotbeafsteak\n|j|\u2606LumiShen\n|html|<table width=\"100%\"><tr><td align=\"left\">carrotbeafsteak</td><td align=\"right\">LumiShen</tr><tr><td align=\"left\"><i class=\"fa fa-circle-o\"></i> <i class=\"fa fa-circle-o\"></i> </td><td align=\"right\"><i class=\"fa fa-circle-o\"></i> <i class=\"fa fa-circle-o\"></i> </tr></table>\n|uhtml|bestof|<h2><strong>Game 1</strong> of <a href=\"/game-bestof3-gen9vgc2025regibo3-2355087689\">a best-of-3</a></h2>\n|t:|1746150891\n|gametype|doubles\n|player|p1|carrotbeafsteak|266|1269\n|player|p2|LumiShen|wallace|1193\n|teamsize|p1|6\n|teamsize|p2|6\n|gen|9\n|tier|[Gen 9] VGC 2025 Reg I (Bo3)\n|rated|\n|rule|Species Clause: Limit one of each Pok\u00e9mon\n|rule|Item Clause: Limit 1 of each item\n|clearpoke\n|poke|p1|Zamazenta-*, L50|\n|poke|p1|Miraidon, L50|\n|poke|p1|Murkrow, L50, M|\n|poke|p1|Bruxish, L50, F|\n|poke|p1|Avalugg-Hisui, L50, M|\n|poke|p1|Maushold, L50|\n|poke|p2|Calyrex-Ice, L50|\n|poke|p2|Kyogre, L50|\n|poke|p2|Tornadus, L50, M|\n|poke|p2|Indeedee-F, L50, F|\n|poke|p2|Urshifu-*, L50, F|\n|poke|p2|Incineroar, L50, M|\n|teampreview|4\n|showteam|p1|Zamazenta-Crowned||RustedShield|DauntlessShield|Protect,HeavySlam,BodyPress,WideGuard||||||50|,,,,,Ghost]Miraidon||LifeOrb|HadronEngine|Protect,ElectroDrift,DracoMeteor,DazzlingGleam||||||50|,,,,,Stellar]Murkrow||FocusSash|Prankster|Tailwind,Haze,Torment,DarkPulse|||M|||50|,,,,,Ghost]Bruxish||ChoiceScarf|Dazzling|WaveCrash,PsychicFangs,IcyWind,FlipTurn|||F|||50|,,,,,Normal]Avalugg-Hisui||LoadedDice|Sturdy|RockBlast,IcicleSpear,BodyPress,WideGuard|||M|||50|,,,,,Ice]Maushold||WideLens|Technician|Protect,FollowMe,Bite,PopulationBomb||||||50|,,,,,Ghost\n|showteam|p2|Calyrex-Ice||LifeOrb|AsOneGlastrier|GlacialLance,HighHorsepower,TrickRoom,Protect||||||50|,,,,,Water]Kyogre||AssaultVest|Drizzle|OriginPulse,IceBeam,Thunder,WaterSpout||||||50|,,,,,Electric]Tornadus||CovertCloak|Prankster|Hurricane,Tailwind,RainDance,Protect|||M|||50|,,,,,Dark]Indeedee-F||PsychicSeed|PsychicSurge|AlluringVoice,FollowMe,TrickRoom,Protect|||F|||50|,,,,,Fairy]Urshifu-Rapid-Strike||ChoiceScarf|UnseenFist|SurgingStrikes,CloseCombat,RockSlide,Uturn|||F|||50|,,,,,Stellar]Incineroar||RockyHelmet|Intimidate|WillOWisp,KnockOff,FakeOut,PartingShot|||M|||50|,,,,,Bug\n|\n|t:|1746151012\n|start\n|switch|p1a: Murkrow|Murkrow, L50, M|100/100\n|switch|p1b: Miraidon|Miraidon, L50|100/100\n|switch|p2a: Calyrex|Calyrex-Ice, L50|100/100\n|switch|p2b: Indeedee|Indeedee-F, L50, F|100/100\n|-ability|p2a: Calyrex|As One\n|-ability|p2a: Calyrex|Unnerve\n|-fieldstart|move: Electric Terrain|[from] ability: Hadron Engine|[of] p1b: Miraidon\n|-fieldstart|move: Psychic Terrain|[from] ability: Psychic Surge|[of] p2b: Indeedee\n|-enditem|p2b: Indeedee|Psychic Seed\n|-boost|p2b: Indeedee|spd|1|[from] item: Psychic Seed\n|turn|1\n|\n|t:|1746151034\n|switch|p1b: Avalugg|Avalugg-Hisui, L50, M|100/100\n|move|p2b: Indeedee|Follow Me|p2b: Indeedee\n|-singleturn|p2b: Indeedee|move: Follow Me\n|move|p1a: Murkrow|Dark Pulse|p2b: Indeedee\n|-supereffective|p2b: Indeedee\n|-damage|p2b: Indeedee|63/100\n|move|p2a: Calyrex|Trick Room|p2a: Calyrex\n|-fieldstart|move: Trick Room|[of] p2a: Calyrex\n|\n|upkeep\n|turn|2\n|\n|t:|1746151054\n|switch|p1a: Zamazenta|Zamazenta-Crowned, L50|100/100\n|-ability|p1a: Zamazenta|Dauntless Shield|boost\n|-boost|p1a: Zamazenta|def|1\n|move|p2b: Indeedee|Follow Me|p2b: Indeedee\n|-singleturn|p2b: Indeedee|move: Follow Me\n|move|p1b: Avalugg|Icicle Spear|p2b: Indeedee\n|-damage|p2b: Indeedee|50/100\n|-damage|p2b: Indeedee|36/100\n|-damage|p2b: Indeedee|21/100\n|-damage|p2b: Indeedee|8/100\n|-hitcount|p2b: Indeedee|4\n|move|p2a: Calyrex|High Horsepower|p1b: Avalugg\n|-supereffective|p1b: Avalugg\n|-damage|p1b: Avalugg|46/100\n|-damage|p2a: Calyrex|91/100|[from] item: Life Orb\n|\n|upkeep\n|turn|3\n|\n|t:|1746151091\n|move|p2b: Indeedee|Follow Me|p2b: Indeedee\n|-singleturn|p2b: Indeedee|move: Follow Me\n|move|p1b: Avalugg|Rock Blast|p2b: Indeedee|[miss]\n|-miss|p1b: Avalugg|p2b: Indeedee\n|move|p2a: Calyrex|High Horsepower|p1a: Zamazenta\n|-supereffective|p1a: Zamazenta\n|-damage|p1a: Zamazenta|61/100\n|-damage|p2a: Calyrex|81/100|[from] item: Life Orb\n|move|p1a: Zamazenta|Body Press|p2b: Indeedee\n|-damage|p2b: Indeedee|0 fnt\n|faint|p2b: Indeedee\n|\n|upkeep\n|\n|t:|1746151101\n|switch|p2b: Incineroar|Incineroar, L50, M|100/100\n|-ability|p2b: Incineroar|Intimidate|boost\n|-unboost|p1a: Zamazenta|atk|1\n|-unboost|p1b: Avalugg|atk|1\n|turn|4\n|\n|t:|1746151127\n|-terastallize|p2b: Incineroar|Bug\n|-terastallize|p1a: Zamazenta|Ghost\n|move|p1b: Avalugg|Rock Blast|p2a: Calyrex\n|-supereffective|p2a: Calyrex\n|-damage|p2a: Calyrex|70/100\n|-supereffective|p2a: Calyrex\n|-damage|p2a: Calyrex|60/100\n|-supereffective|p2a: Calyrex\n|-damage|p2a: Calyrex|50/100\n|-supereffective|p2a: Calyrex\n|-damage|p2a: Calyrex|39/100\n|-hitcount|p2a: Calyrex|4\n|move|p2a: Calyrex|High Horsepower|p1b: Avalugg\n|-supereffective|p1b: Avalugg\n|-damage|p1b: Avalugg|0 fnt\n|faint|p1b: Avalugg\n|-ability|p2a: Calyrex|Chilling Neigh|boost\n|-boost|p2a: Calyrex|atk|1\n|-damage|p2a: Calyrex|29/100|[from] item: Life Orb\n|move|p2b: Incineroar|Will-O-Wisp|p1a: Zamazenta\n|-status|p1a: Zamazenta|brn\n|move|p1a: Zamazenta|Body Press|p2b: Incineroar\n|-resisted|p2b: Incineroar\n|-damage|p2b: Incineroar|86/100\n|-damage|p1a: Zamazenta|45/100 brn|[from] item: Rocky Helmet|[of] p2b: Incineroar\n|\n|-damage|p1a: Zamazenta|39/100 brn|[from] brn\n|upkeep\n|\n|t:|1746151145\n|switch|p1b: Murkrow|Murkrow, L50, M|100/100\n|turn|5\n|\n|t:|1746151159\n|move|p1a: Zamazenta|Protect|p1a: Zamazenta\n|-singleturn|p1a: Zamazenta|Protect\n|move|p1b: Murkrow|Torment|p2b: Incineroar\n|-activate|p2b: Incineroar|move: Psychic Terrain\n|move|p2a: Calyrex|Glacial Lance|p1b: Murkrow|[spread] p1b\n|-activate|p1a: Zamazenta|move: Protect\n|-supereffective|p1b: Murkrow\n|-enditem|p1b: Murkrow|Focus Sash\n|-damage|p1b: Murkrow|1/100\n|-damage|p2a: Calyrex|19/100|[from] item: Life Orb\n|move|p2b: Incineroar|Parting Shot|p1a: Zamazenta\n|-activate|p1a: Zamazenta|move: Protect\n|\n|-damage|p1a: Zamazenta|32/100 brn|[from] brn\n|-fieldend|move: Trick Room\n|-fieldend|move: Psychic Terrain\n|upkeep\n|turn|6\n|\n|t:|1746151194\n|move|p1a: Zamazenta|Heavy Slam|p2b: Incineroar\n|-damage|p2b: Incineroar|71/100\n|-damage|p1a: Zamazenta|16/100 brn|[from] item: Rocky Helmet|[of] p2b: Incineroar\n|move|p1b: Murkrow|Dark Pulse|p2a: Calyrex\n|-supereffective|p2a: Calyrex\n|-damage|p2a: Calyrex|0 fnt\n|faint|p2a: Calyrex\n|move|p2b: Incineroar|Knock Off|p1a: Zamazenta\n|-supereffective|p1a: Zamazenta\n|-damage|p1a: Zamazenta|0 fnt\n|faint|p1a: Zamazenta\n|\n|upkeep\n|\n|t:|1746151203\n|switch|p1a: Miraidon|Miraidon, L50|100/100\n|switch|p2a: Kyogre|Kyogre, L50|100/100\n|-fieldstart|move: Electric Terrain|[from] ability: Hadron Engine|[of] p1a: Miraidon\n|-weather|RainDance|[from] ability: Drizzle|[of] p2a: Kyogre\n|turn|7\n|\n|t:|1746151223\n|move|p1a: Miraidon|Electro Drift|p2a: Kyogre\n|-supereffective|p2a: Kyogre\n|-damage|p2a: Kyogre|0 fnt\n|faint|p2a: Kyogre\n|-damage|p1a: Miraidon|91/100|[from] item: Life Orb\n|move|p1b: Murkrow|Dark Pulse|p2b: Incineroar\n|-damage|p2b: Incineroar|43/100\n|move|p2b: Incineroar|Knock Off|p1a: Miraidon\n|-damage|p1a: Miraidon|47/100\n|-enditem|p1a: Miraidon|Life Orb|[from] move: Knock Off|[of] p2b: Incineroar\n|\n|-weather|RainDance|[upkeep]\n|upkeep\n|turn|8\n|\n|t:|1746151239\n|move|p1a: Miraidon|Protect|p1a: Miraidon\n|-singleturn|p1a: Miraidon|Protect\n|move|p1b: Murkrow|Torment|p2b: Incineroar\n|-start|p2b: Incineroar|Torment\n|move|p2b: Incineroar|Knock Off|p1a: Miraidon\n|-activate|p1a: Miraidon|move: Protect\n|\n|-weather|RainDance|[upkeep]\n|upkeep\n|turn|9\n|\n|t:|1746151246\n|move|p1a: Miraidon|Draco Meteor|p2b: Incineroar\n|-damage|p2b: Incineroar|0 fnt\n|-unboost|p1a: Miraidon|spa|2\n|faint|p2b: Incineroar\n|\n|win|carrotbeafsteak\n||carrotbeafsteak is ready for game 2.\n||LumiShen is ready for game 2.\n|uhtml|next|Next: <a href=\"/battle-gen9vgc2025regibo3-2355090583\"><strong>Game 2 of 3</strong></a>\n|l|\u2606LumiShen\n|player|p2|\n|l|\u2606carrotbeafsteak\n|player|p1|\n", "uploadtime": 1746151248, "views": 3, "formatid": "gen9vgc2025regibo3", "rating": null, "private": 0, "password": null}