{"id": "gen9vgc2025regibo3-2353674703", "format": "[Gen 9] VGC 2025 Reg I (Bo3)", "players": ["TheGamingMammoth", "juacox300"], "log": "|j|\u2606TheGamingMammoth\n|j|\u2606juacox300\n|html|<table width=\"100%\"><tr><td align=\"left\">TheGamingMammoth</td><td align=\"right\">juacox300</tr><tr><td align=\"left\"><i class=\"fa fa-circle\"></i> <i class=\"fa fa-circle-o\"></i> </td><td align=\"right\"><i class=\"fa fa-circle-o\"></i> <i class=\"fa fa-circle\"></i> </tr></table>\n|uhtml|bestof|<h2><strong>Game 3</strong> of <a href=\"/game-bestof3-gen9vgc2025regibo3-2353669885\">a best-of-3</a></h2>\n|t:|1745982029\n|gametype|doubles\n|player|p1|TheGamingMammoth|101|1282\n|player|p2|juacox300|unknown|1454\n|teamsize|p1|6\n|teamsize|p2|6\n|gen|9\n|tier|[Gen 9] VGC 2025 Reg I (Bo3)\n|rated|\n|rule|Species Clause: Limit one of each Pok\u00e9mon\n|rule|Item Clause: Limit 1 of each item\n|clearpoke\n|poke|p1|Calyrex-Shadow, L50|\n|poke|p1|Terapagos, L50, M|\n|poke|p1|Incineroar, L50, F|\n|poke|p1|Rillaboom, L50, M|\n|poke|p1|Ogerpon-Cornerstone, L50, F|\n|poke|p1|Ditto, L50|\n|poke|p2|Miraidon, L50|\n|poke|p2|Iron Hands, L50|\n|poke|p2|Calyrex-Ice, L50|\n|poke|p2|Incineroar, L50, M|\n|poke|p2|Chi-Yu, L50|\n|poke|p2|Alcremie-Salted-Cream, L50, F|\n|teampreview|4\n|showteam|p1|Calyrex-Shadow||FocusSash|AsOneSpectrier|AstralBarrage,Psychic,Encore,Protect||||||50|,,,,,Ghost]Terapagos||Leftovers|TeraShift|TeraStarstorm,EarthPower,CalmMind,Protect|||M|||50|,,,,,Stellar]Incineroar||RockyHelmet|Intimidate|FakeOut,WillOWisp,KnockOff,PartingShot|||F|||50|,,,,,Ghost]Rillaboom||AssaultVest|GrassySurge|FakeOut,DrumBeating,GrassyGlide,Uturn|||M|||50|,,,,,Normal]Ogerpon-Cornerstone||CornerstoneMask|Sturdy|IvyCudgel,PowerWhip,FollowMe,SpikyShield|||F|||50|,,,,,Rock]Ditto||SafetyGoggles|Imposter|Transform||||||50|,,,,,Normal\n|showteam|p2|Miraidon||LifeOrb|HadronEngine|ElectroDrift,DracoMeteor,Protect,DazzlingGleam||||||50|,,,,,Fairy]Iron Hands||AssaultVest|QuarkDrive|WildCharge,LowKick,FakeOut,HeavySlam||||||50|,,,,,Fire]Calyrex-Ice||ClearAmulet|AsOneGlastrier|GlacialLance,HighHorsepower,Protect,TrickRoom||||||50|,,,,,Dragon]Incineroar||RockyHelmet|Intimidate|KnockOff,FlareBlitz,FakeOut,Taunt|||M|||50|,,,,,Poison]Chi-Yu||ChoiceScarf|BeadsofRuin|HeatWave,Snarl,Overheat,DarkPulse||||||50|,,,,,Ghost]Alcremie-Salted-Cream||CovertCloak|AromaVeil|AlluringVoice,Decorate,Protect,Encore|||F|||50|,,,,,Grass\n|\n|t:|1745982063\n|start\n|switch|p1a: TrulimeroTrulicina|Incineroar, L50, F|100/100\n|switch|p1b: Ogerpon|Ogerpon-Cornerstone, L50, F|100/100\n|switch|p2a: FerroNalgada|Iron Hands, L50|100/100\n|switch|p2b: Elena|Alcremie-Salted-Cream, L50, F|100/100\n|-ability|p1a: TrulimeroTrulicina|Intimidate|boost\n|-unboost|p2a: FerroNalgada|atk|1\n|-unboost|p2b: Elena|atk|1\n|turn|1\n|\n|t:|1745982074\n|move|p1a: TrulimeroTrulicina|Fake Out|p2a: FerroNalgada\n|-damage|p2a: FerroNalgada|93/100\n|cant|p2a: FerroNalgada|flinch\n|move|p1b: Ogerpon|Power Whip|p2a: FerroNalgada\n|-damage|p2a: FerroNalgada|46/100\n|move|p2b: Elena|Encore|p1a: TrulimeroTrulicina\n|-start|p1a: TrulimeroTrulicina|Encore\n|\n|upkeep\n|turn|2\n|\n|t:|1745982094\n|switch|p1a: Ditto|Ditto, L50|100/100\n|-transform|p1a: Ditto|p2b: Elena|[from] ability: Imposter\n|move|p1b: Ogerpon|Power Whip|p2a: FerroNalgada\n|-damage|p2a: FerroNalgada|0 fnt\n|faint|p2a: FerroNalgada\n|-end|p2a: FerroNalgada|Quark Drive|[silent]\n|move|p2b: Elena|Alluring Voice|p1b: Ogerpon\n|-damage|p1b: Ogerpon|67/100\n|\n|upkeep\n|\n|t:|1745982106\n|switch|p2a: Calyrex|Calyrex-Ice, L50|100/100\n|-ability|p2a: Calyrex|As One\n|-ability|p2a: Calyrex|Unnerve\n|turn|3\n|inactive|Battle timer is ON: inactive players will automatically lose when time's up. (requested by juacox300)\n|\n|t:|1745982157\n|-terastallize|p1b: Ogerpon|Rock\n|detailschange|p1b: Ogerpon|Ogerpon-Cornerstone-Tera, L50, F, tera:Rock\n|-ability|p1b: Ogerpon|Embody Aspect (Cornerstone)|boost\n|-boost|p1b: Ogerpon|def|1\n|-terastallize|p2a: Calyrex|Dragon\n|move|p1b: Ogerpon|Ivy Cudgel|p2a: Calyrex|[anim] Ivy Cudgel Rock\n|-damage|p2a: Calyrex|52/100\n|move|p1a: Ditto|Alluring Voice|p2a: Calyrex\n|-supereffective|p2a: Calyrex\n|-damage|p2a: Calyrex|13/100\n|move|p2b: Elena|Decorate|p2a: Calyrex\n|-boost|p2a: Calyrex|atk|2\n|-boost|p2a: Calyrex|spa|2\n|move|p2a: Calyrex|Trick Room|p2a: Calyrex\n|-fieldstart|move: Trick Room|[of] p2a: Calyrex\n|\n|upkeep\n|turn|4\n|inactive|TheGamingMammoth has 30 seconds left.\n|inactive|TheGamingMammoth has 20 seconds left.\n|\n|t:|1745982195\n|move|p2a: Calyrex|Glacial Lance|p1b: Ogerpon|[spread] p1a,p1b\n|-damage|p1a: Ditto|0 fnt\n|-damage|p1b: Ogerpon|0 fnt\n|faint|p1a: Ditto\n|faint|p1b: Ogerpon\n|-ability|p2a: Calyrex|Chilling Neigh|boost\n|-boost|p2a: Calyrex|atk|2\n|move|p2b: Elena|Alluring Voice|p1: Ditto|[notarget]\n|-fail|p2b: Elena\n|\n|upkeep\n|\n|t:|1745982198\n|switch|p1a: KwiviKwivi Tortili|Terapagos, L50, M|100/100\n|switch|p1b: TrulimeroTrulicina|Incineroar, L50, F|100/100\n|-activate|p1a: KwiviKwivi Tortili|ability: Tera Shift\n|detailschange|p1a: KwiviKwivi Tortili|Terapagos-Terastal, L50, M\n|-heal|p1a: KwiviKwivi Tortili|100/100|[silent]\n|-ability|p1b: TrulimeroTrulicina|Intimidate|boost\n|-fail|p2a: Calyrex|unboost|[from] item: Clear Amulet|[of] p2a: Calyrex\n|-unboost|p2b: Elena|atk|1\n|turn|5\n|\n|t:|1745982212\n|move|p2a: Calyrex|Protect|p2a: Calyrex\n|-singleturn|p2a: Calyrex|Protect\n|move|p2b: Elena|Encore||[still]\n|-fail|p2b: Elena\n|move|p1b: TrulimeroTrulicina|Will-O-Wisp|p2a: Calyrex\n|-activate|p2a: Calyrex|move: Protect\n|move|p1a: KwiviKwivi Tortili|Tera Starstorm|p2b: Elena\n|-damage|p2b: Elena|61/100\n|\n|upkeep\n|turn|6\n|\n|t:|1745982227\n|move|p2a: Calyrex|High Horsepower|p1b: TrulimeroTrulicina\n|-supereffective|p1b: TrulimeroTrulicina\n|-crit|p1b: TrulimeroTrulicina\n|-damage|p1b: TrulimeroTrulicina|0 fnt\n|-damage|p2a: Calyrex|0 fnt|[from] item: Rocky Helmet|[of] p1b: TrulimeroTrulicina\n|faint|p1b: TrulimeroTrulicina\n|faint|p2a: Calyrex\n|move|p2b: Elena|Alluring Voice|p1a: KwiviKwivi Tortili\n|-activate|p1a: KwiviKwivi Tortili|ability: Tera Shell\n|-resisted|p1a: KwiviKwivi Tortili\n|-crit|p1a: KwiviKwivi Tortili\n|-damage|p1a: KwiviKwivi Tortili|82/100\n|move|p1a: KwiviKwivi Tortili|Tera Starstorm|p2b: Elena\n|-damage|p2b: Elena|23/100\n|\n|-heal|p1a: KwiviKwivi Tortili|88/100|[from] item: Leftovers\n|upkeep\n|\n|t:|1745982230\n|switch|p2a: Chi-Yu|Chi-Yu, L50|100/100\n|-ability|p2a: Chi-Yu|Beads of Ruin\n|turn|7\n|\n|t:|1745982245\n|move|p2b: Elena|Decorate|p2a: Chi-Yu\n|-boost|p2a: Chi-Yu|atk|2\n|-boost|p2a: Chi-Yu|spa|2\n|move|p1a: KwiviKwivi Tortili|Calm Mind|p1a: KwiviKwivi Tortili\n|-boost|p1a: KwiviKwivi Tortili|spa|1\n|-boost|p1a: KwiviKwivi Tortili|spd|1\n|move|p2a: Chi-Yu|Dark Pulse|p1a: KwiviKwivi Tortili\n|-damage|p1a: KwiviKwivi Tortili|13/100\n|\n|-heal|p1a: KwiviKwivi Tortili|19/100|[from] item: Leftovers\n|-fieldend|move: Trick Room\n|upkeep\n|turn|8\n|-message|TheGamingMammoth forfeited.\n|\n|win|juacox300\n|raw|TheGamingMammoth's rating: 1282 &rarr; <strong>1268</strong><br />(-14 for losing)\n|raw|juacox300's rating: 1454 &rarr; <strong>1465</strong><br />(+11 for winning)\n", "uploadtime": 1745982253, "views": 22, "formatid": "gen9vgc2025regibo3", "rating": 1268, "private": 0, "password": null}