{"id": "gen9vgc2025regibo3-2354900886", "format": "[Gen 9] VGC 2025 Reg I (Bo3)", "players": ["sorecruiser", "AwsoGlitch"], "log": "|j|\u2606sorecruiser\n|j|\u2606AwsoGlitch\n|html|<table width=\"100%\"><tr><td align=\"left\">sorecruiser</td><td align=\"right\">AwsoGlitch</tr><tr><td align=\"left\"><i class=\"fa fa-circle-o\"></i> <i class=\"fa fa-circle-o\"></i> </td><td align=\"right\"><i class=\"fa fa-circle-o\"></i> <i class=\"fa fa-circle-o\"></i> </tr></table>\n|uhtml|bestof|<h2><strong>Game 1</strong> of <a href=\"/game-bestof3-gen9vgc2025regibo3-2354900885\">a best-of-3</a></h2>\n|t:|1746129937\n|gametype|doubles\n|player|p1|sorecruiser|170|1103\n|player|p2|AwsoGlitch|riley|1026\n|teamsize|p1|6\n|teamsize|p2|6\n|gen|9\n|tier|[Gen 9] VGC 2025 Reg I (Bo3)\n|rated|\n|rule|Species Clause: Limit one of each Pok\u00e9mon\n|rule|Item Clause: Limit 1 of each item\n|clearpoke\n|poke|p1|Calyrex-Shadow, L50|\n|poke|p1|Whimsicott, L50, F|\n|poke|p1|Rillaboom, L50, M|\n|poke|p1|Koraidon, L50|\n|poke|p1|Farigiraf, L50, F|\n|poke|p1|Chi-Yu, L50|\n|poke|p2|Terapagos, L50, M|\n|poke|p2|Farigiraf, L50, F|\n|poke|p2|Incineroar, L50, F|\n|poke|p2|Calyrex-Ice, L50|\n|poke|p2|Ninetales-Alola, L50, M|\n|poke|p2|Landorus, L50, M|\n|teampreview|4\n|showteam|p1|Calyrex-Shadow||FocusSash|AsOneSpectrier|AstralBarrage,Psyshock,PollenPuff,Protect||||||50|,,,,,Ghost]Whimsicott||CovertCloak|Prankster|Tailwind,Encore,LightScreen,Moonblast|||F|||50|,,,,,Dark]Rillaboom||AssaultVest|GrassySurge|Uturn,GrassyGlide,WoodHammer,FakeOut|||M|||50|,,,,,Water]Koraidon||ClearAmulet|OrichalcumPulse|FlareBlitz,CollisionCourse,FlameCharge,Protect||||||50|,,,,,Fire]Farigiraf||SafetyGoggles|ArmorTail|PsychicNoise,FoulPlay,HelpingHand,TrickRoom|||F|||50|,,,,,Water]Chi-Yu||ChoiceScarf|BeadsofRuin|Snarl,Overheat,DarkPulse,HeatWave||||||50|,,,,,Ghost\n|showteam|p2|Terapagos||Leftovers|TeraShift|Protect,TeraStarstorm,BugBuzz,DarkPulse|||M|||50|,,,,,Stellar]Farigiraf||MentalHerb|ArmorTail|TrickRoom,Endeavor,Psychic,Protect|||F|||50|,,,,,Steel]Incineroar||SafetyGoggles|Intimidate|FakeOut,PartingShot,FlareBlitz,KnockOff|||F|||50|,,,,,Ghost]Calyrex-Ice||CovertCloak|AsOneGlastrier|Protect,GlacialLance,HighHorsepower,Crunch||||||50|,,,,,Grass]Ninetales-Alola||LightClay|SnowWarning|Protect,AuroraVeil,Blizzard,MistyTerrain|||M|||50|,,,,,Grass]Landorus||LifeOrb|SheerForce|EarthPower,Psychic,SludgeWave,Protect|||M|||50|,,,,,Poison\n|inactive|Battle timer is ON: inactive players will automatically lose when time's up. (requested by AwsoGlitch)\n|inactive|sorecruiser has 60 seconds left.\n|inactive|sorecruiser has 30 seconds left.\n|inactive|sorecruiser has 20 seconds left.\n|\n|t:|1746130010\n|start\n|switch|p1a: Calyrex|Calyrex-Shadow, L50|100/100\n|switch|p1b: Chi-Yu|Chi-Yu, L50|100/100\n|switch|p2a: Incineroar|Incineroar, L50, F|100/100\n|switch|p2b: Farigiraf|Farigiraf, L50, F|100/100\n|-ability|p1a: Calyrex|As One\n|-ability|p1a: Calyrex|Unnerve\n|-ability|p1b: Chi-Yu|Beads of Ruin\n|-ability|p2a: Incineroar|Intimidate|boost\n|-unboost|p1a: Calyrex|atk|1\n|-unboost|p1b: Chi-Yu|atk|1\n|turn|1\n|\n|t:|1746130029\n|-terastallize|p1b: Chi-Yu|Ghost\n|move|p2a: Incineroar|Fake Out|p1b: Chi-Yu\n|-immune|p1b: Chi-Yu\n|move|p1b: Chi-Yu|Heat Wave|p2a: Incineroar|[spread] p2a,p2b\n|-resisted|p2a: Incineroar\n|-damage|p2a: Incineroar|74/100\n|-damage|p2b: Farigiraf|43/100\n|move|p1a: Calyrex|Pollen Puff|p2b: Farigiraf\n|-supereffective|p2b: Farigiraf\n|-damage|p2b: Farigiraf|0 fnt\n|faint|p2b: Farigiraf\n|-ability|p1a: Calyrex|Grim Neigh|boost\n|-boost|p1a: Calyrex|spa|1\n|\n|upkeep\n|\n|t:|1746130047\n|switch|p2b: Terapagos|Terapagos, L50, M|100/100\n|-activate|p2b: Terapagos|ability: Tera Shift\n|detailschange|p2b: Terapagos|Terapagos-Terastal, L50, M\n|-heal|p2b: Terapagos|100/100|[silent]\n|turn|2\n|\n|t:|1746130057\n|move|p1b: Chi-Yu|Heat Wave|p2b: Terapagos|[spread] p2a,p2b\n|-resisted|p2a: Incineroar\n|-activate|p2b: Terapagos|ability: Tera Shell\n|-resisted|p2b: Terapagos\n|-damage|p2a: Incineroar|48/100\n|-damage|p2b: Terapagos|79/100\n|move|p1a: Calyrex|Psyshock|p2b: Terapagos\n|-damage|p2b: Terapagos|24/100\n|move|p2b: Terapagos|Dark Pulse|p1a: Calyrex\n|-supereffective|p1a: Calyrex\n|-enditem|p1a: Calyrex|Focus Sash\n|-damage|p1a: Calyrex|1/100\n|move|p2a: Incineroar|Parting Shot|p1b: Chi-Yu\n|-unboost|p1b: Chi-Yu|atk|1\n|-unboost|p1b: Chi-Yu|spa|1\n|\n|t:|1746130074\n|switch|p2a: Calyrex|Calyrex-Ice, L50|100/100|[from] Parting Shot\n|-ability|p2a: Calyrex|As One\n|-ability|p2a: Calyrex|Unnerve\n|\n|-heal|p2b: Terapagos|30/100|[from] item: Leftovers\n|upkeep\n|turn|3\n|\n|t:|1746130086\n|move|p2b: Terapagos|Protect|p2b: Terapagos\n|-singleturn|p2b: Terapagos|Protect\n|move|p1b: Chi-Yu|Heat Wave|p2a: Calyrex|[spread] p2a\n|-activate|p2b: Terapagos|move: Protect\n|-supereffective|p2a: Calyrex\n|-damage|p2a: Calyrex|50/100\n|move|p1a: Calyrex|Astral Barrage|p2a: Calyrex|[spread] p2a\n|-activate|p2b: Terapagos|move: Protect\n|-supereffective|p2a: Calyrex\n|-damage|p2a: Calyrex|0 fnt\n|faint|p2a: Calyrex\n|-ability|p1a: Calyrex|Grim Neigh|boost\n|-boost|p1a: Calyrex|spa|1\n|\n|-heal|p2b: Terapagos|36/100|[from] item: Leftovers\n|upkeep\n|\n|t:|1746130098\n|switch|p2a: Incineroar|Incineroar, L50, F|48/100\n|-ability|p2a: Incineroar|Intimidate|boost\n|-unboost|p1a: Calyrex|atk|1\n|-unboost|p1b: Chi-Yu|atk|1\n|turn|4\n|\n|t:|1746130114\n|-terastallize|p2b: Terapagos|Stellar\n|detailschange|p2b: Terapagos|Terapagos-Stellar, L50, M, tera:Stellar\n|-heal|p2b: Terapagos|52/100|[silent]\n|move|p1b: Chi-Yu|Heat Wave|p2a: Incineroar|[spread] p2a\n|-miss|p1b: Chi-Yu|p2b: Terapagos\n|-resisted|p2a: Incineroar\n|-damage|p2a: Incineroar|31/100\n|move|p1a: Calyrex|Psyshock|p2b: Terapagos\n|-damage|p2b: Terapagos|0 fnt\n|faint|p2b: Terapagos\n|-ability|p1a: Calyrex|Grim Neigh|boost\n|-boost|p1a: Calyrex|spa|1\n|move|p2a: Incineroar|Knock Off|p1a: Calyrex\n|-supereffective|p1a: Calyrex\n|-damage|p1a: Calyrex|0 fnt\n|faint|p1a: Calyrex\n|\n|upkeep\n|\n|t:|1746130130\n|switch|p1a: Koraidon|Koraidon, L50|100/100\n|-weather|SunnyDay|[from] ability: Orichalcum Pulse|[of] p1a: Koraidon\n|-activate|p1a: Koraidon|Orichalcum Pulse|[source]\n|turn|5\n|inactive|AwsoGlitch has 30 seconds left.\n|\n|t:|1746130157\n|move|p1b: Chi-Yu|Heat Wave|p2a: Incineroar\n|-resisted|p2a: Incineroar\n|-damage|p2a: Incineroar|0 fnt\n|faint|p2a: Incineroar\n|\n|win|sorecruiser\n", "uploadtime": 1746130161, "views": 19, "formatid": "gen9vgc2025regibo3", "rating": null, "private": 0, "password": null}