{"id": "gen9vgc2025regibo3-2354115430", "format": "[Gen 9] VGC 2025 Reg I (Bo3)", "players": ["Heathbar25", "sorecruiser"], "log": "|j|\u2606Heathbar25\n|j|\u2606sorecruiser\n|html|<table width=\"100%\"><tr><td align=\"left\">Heathbar25</td><td align=\"right\">sorecruiser</tr><tr><td align=\"left\"><i class=\"fa fa-circle\"></i> <i class=\"fa fa-circle-o\"></i> </td><td align=\"right\"><i class=\"fa fa-circle-o\"></i> <i class=\"fa fa-circle-o\"></i> </tr></table>\n|uhtml|bestof|<h2><strong>Game 2</strong> of <a href=\"/game-bestof3-gen9vgc2025regibo3-2354111049\">a best-of-3</a></h2>\n|t:|1746036165\n|gametype|doubles\n|player|p1|Heathbar25|101|1089\n|player|p2|sorecruiser|170|1067\n|teamsize|p1|6\n|teamsize|p2|6\n|gen|9\n|tier|[Gen 9] VGC 2025 Reg I (Bo3)\n|rated|\n|rule|Species Clause: Limit one of each Pok\u00e9mon\n|rule|Item Clause: Limit 1 of each item\n|clearpoke\n|poke|p1|Calyrex-Shadow, L50|\n|poke|p1|Koraidon, L50|\n|poke|p1|Chi-Yu, L50|\n|poke|p1|Brute Bonnet, L50|\n|poke|p1|Weezing-Galar, L50, F|\n|poke|p1|Raging Bolt, L50|\n|poke|p2|Calyrex-Shadow, L50|\n|poke|p2|Whimsicott, L50, F|\n|poke|p2|Rillaboom, L50, F|\n|poke|p2|Koraidon, L50|\n|poke|p2|Farigiraf, L50, F|\n|poke|p2|Chi-Yu, L50|\n|teampreview|4\n|showteam|p1|Calyrex-Shadow||FocusSash|AsOneSpectrier|AstralBarrage,Psychic,Disable,Protect||||||50|,,,,,Ghost]Koraidon||AbilityShield|OrichalcumPulse|FlareBlitz,CollisionCourse,FlameCharge,Protect||||||50|,,,,,Fire]Chi-Yu||ChoiceScarf|BeadsofRuin|HeatWave,DarkPulse,Overheat,Snarl||||||50|,,,,,Ghost]Brute Bonnet||CovertCloak|Protosynthesis|SeedBomb,SuckerPunch,Spore,RagePowder||||||50|,,,,,Water]Weezing-Galar||RockyHelmet|NeutralizingGas|StrangeSteam,Taunt,WillOWisp,Protect|||F|||50|,,,,,Grass]Raging Bolt||AssaultVest|Protosynthesis|DragonPulse,Thunderbolt,Thunderclap,Electroweb||||||50|,,,,,Electric\n|showteam|p2|Calyrex-Shadow||FocusSash|AsOneSpectrier|AstralBarrage,Psyshock,PollenPuff,Protect||||||50|,,,,,Ghost]Whimsicott||CovertCloak|Prankster|Tailwind,Encore,LightScreen,Moonblast|||F|||50|,,,,,Dark]Rillaboom||AssaultVest|GrassySurge|Uturn,GrassyGlide,WoodHammer,FakeOut|||F|||50|,,,,,Water]Koraidon||ClearAmulet|OrichalcumPulse|FlareBlitz,CollisionCourse,FlameCharge,Protect||||||50|,,,,,Fire]Farigiraf||SafetyGoggles|ArmorTail|PsychicNoise,FoulPlay,HelpingHand,TrickRoom|||F|||50|,,,,,Water]Chi-Yu||ChoiceScarf|BeadsofRuin|Snarl,Overheat,DarkPulse,HeatWave||||||50|,,,,,Ghost\n|\n|t:|1746036290\n|start\n|switch|p1a: Weezing|Weezing-Galar, L50, F|100/100\n|switch|p1b: Chi-Yu|Chi-Yu, L50|100/100\n|switch|p2a: Koraidon|Koraidon, L50|100/100\n|switch|p2b: Rillaboom|Rillaboom, L50, F|100/100\n|-ability|p1a: Weezing|Neutralizing Gas\n|turn|1\n|\n|t:|1746036323\n|-terastallize|p2a: Koraidon|Fire\n|move|p1a: Weezing|Protect|p1a: Weezing\n|-singleturn|p1a: Weezing|Protect\n|move|p2b: Rillaboom|Fake Out|p1a: Weezing\n|-activate|p1a: Weezing|move: Protect\n|move|p1b: Chi-Yu|Heat Wave|p2b: Rillaboom|[spread] p2a,p2b\n|-resisted|p2a: Koraidon\n|-supereffective|p2b: Rillaboom\n|-damage|p2a: Koraidon|81/100\n|-damage|p2b: Rillaboom|41/100\n|move|p2a: Koraidon|Flare Blitz|p1b: Chi-Yu\n|-resisted|p1b: Chi-Yu\n|-damage|p1b: Chi-Yu|49/100\n|-damage|p2a: Koraidon|68/100|[from] Recoil\n|\n|upkeep\n|turn|2\n|\n|t:|1746036357\n|switch|p2b: Farigiraf|Farigiraf, L50, F|100/100\n|-end|p1a: Weezing|ability: Neutralizing Gas\n|-ability|p1b: Chi-Yu|Beads of Ruin\n|-weather|SunnyDay|[from] ability: Orichalcum Pulse|[of] p2a: Koraidon\n|-activate|p2a: Koraidon|Orichalcum Pulse|[source]\n|switch|p1a: Raging Bolt|Raging Bolt, L50|100/100\n|-activate|p1a: Raging Bolt|ability: Protosynthesis\n|-start|p1a: Raging Bolt|protosynthesisspa\n|move|p1b: Chi-Yu|Heat Wave|p2a: Koraidon|[spread] p2a,p2b\n|-resisted|p2a: Koraidon\n|-damage|p2a: Koraidon|28/100\n|-damage|p2b: Farigiraf|30/100\n|move|p2a: Koraidon|Collision Course|p1b: Chi-Yu\n|-supereffective|p1b: Chi-Yu\n|-damage|p1b: Chi-Yu|0 fnt\n|faint|p1b: Chi-Yu\n|\n|-weather|SunnyDay|[upkeep]\n|upkeep\n|\n|t:|1746036378\n|switch|p1b: Calyrex|Calyrex-Shadow, L50|100/100\n|-ability|p1b: Calyrex|As One\n|-ability|p1b: Calyrex|Unnerve\n|turn|3\n|\n|t:|1746036395\n|switch|p2a: Rillaboom|Rillaboom, L50, F|41/100\n|-fieldstart|move: Grassy Terrain|[from] ability: Grassy Surge|[of] p2a: Rillaboom\n|move|p1b: Calyrex|Astral Barrage|p2b: Farigiraf|[spread] p2a\n|-immune|p2b: Farigiraf\n|-damage|p2a: Rillaboom|2/100\n|move|p1a: Raging Bolt|Thunderbolt|p2b: Farigiraf\n|-damage|p2b: Farigiraf|0 fnt\n|faint|p2b: Farigiraf\n|\n|-weather|SunnyDay|[upkeep]\n|-heal|p2a: Rillaboom|8/100|[from] Grassy Terrain\n|upkeep\n|\n|t:|1746036450\n|switch|p2b: Calyrex|Calyrex-Shadow, L50|100/100\n|-ability|p2b: Calyrex|As One\n|-ability|p2b: Calyrex|Unnerve\n|turn|4\n|\n|t:|1746036462\n|move|p1b: Calyrex|Protect|p1b: Calyrex\n|-singleturn|p1b: Calyrex|Protect\n|move|p2a: Rillaboom|Grassy Glide|p1b: Calyrex\n|-activate|p1b: Calyrex|move: Protect\n|move|p2b: Calyrex|Astral Barrage|p1a: Raging Bolt|[spread] p1a\n|-activate|p1b: Calyrex|move: Protect\n|-damage|p1a: Raging Bolt|70/100\n|move|p1a: Raging Bolt|Electroweb|p2b: Calyrex|[spread] p2a\n|-miss|p1a: Raging Bolt|p2b: Calyrex\n|-resisted|p2a: Rillaboom\n|-damage|p2a: Rillaboom|0 fnt\n|faint|p2a: Rillaboom\n|\n|-weather|SunnyDay|[upkeep]\n|-heal|p1a: Raging Bolt|76/100|[from] Grassy Terrain\n|upkeep\n|\n|t:|1746036478\n|switch|p2a: Koraidon|Koraidon, L50, tera:Fire|28/100\n|-activate|p2a: Koraidon|ability: Orichalcum Pulse\n|turn|5\n|\n|t:|1746036487\n|move|p1a: Raging Bolt|Thunderclap|p2b: Calyrex\n|-damage|p2b: Calyrex|51/100\n|move|p1b: Calyrex|Astral Barrage|p2a: Koraidon|[spread] p2a,p2b\n|-supereffective|p2b: Calyrex\n|-damage|p2a: Koraidon|0 fnt\n|-damage|p2b: Calyrex|0 fnt\n|faint|p2a: Koraidon\n|faint|p2b: Calyrex\n|\n|win|Heathbar25\n|raw|Heathbar25's rating: 1089 &rarr; <strong>1114</strong><br />(+25 for winning)\n|raw|sorecruiser's rating: 1067 &rarr; <strong>1048</strong><br />(-19 for losing)\n", "uploadtime": 1746036491, "views": 25, "formatid": "gen9vgc2025regibo3", "rating": 1048, "private": 0, "password": null}