{"id": "gen9vgc2025regibo3-2355097372", "format": "[Gen 9] VGC 2025 Reg I (Bo3)", "players": ["ItsOatmeal", "shmurkykrow"], "log": "|j|\u2606ItsOatmeal\n|j|\u2606shmurkykrow\n|html|<table width=\"100%\"><tr><td align=\"left\">ItsOatmeal</td><td align=\"right\">shmurkykrow</tr><tr><td align=\"left\"><i class=\"fa fa-circle-o\"></i> <i class=\"fa fa-circle-o\"></i> </td><td align=\"right\"><i class=\"fa fa-circle-o\"></i> <i class=\"fa fa-circle-o\"></i> </tr></table>\n|uhtml|bestof|<h2><strong>Game 1</strong> of <a href=\"/game-bestof3-gen9vgc2025regibo3-2355097371\">a best-of-3</a></h2>\n|t:|1746152118\n|gametype|doubles\n|player|p1|ItsOatmeal|skier|1080\n|player|p2|shmurkykrow|skyla|1188\n|teamsize|p1|6\n|teamsize|p2|6\n|gen|9\n|tier|[Gen 9] VGC 2025 Reg I (Bo3)\n|rated|\n|rule|Species Clause: Limit one of each Pok\u00e9mon\n|rule|Item Clause: Limit 1 of each item\n|clearpoke\n|poke|p1|Groudon, L50|\n|poke|p1|Zamazenta-*, L50|\n|poke|p1|Chien-Pao, L50|\n|poke|p1|Ogerpon-Hearthflame, L50, F|\n|poke|p1|Raging Bolt, L50|\n|poke|p1|Sewaddle, L50, F|\n|poke|p2|Ho-Oh, L50|\n|poke|p2|Iron Treads, L50|\n|poke|p2|Miraidon, L50|\n|poke|p2|Chien-Pao, L50|\n|poke|p2|Farigiraf, L50, F|\n|poke|p2|Iron Hands, L50|\n|teampreview|4\n|showteam|p1|Groudon||ClearAmulet|Drought|PrecipiceBlades,HeatCrash,SwordsDance,Protect||||||50|,,,,,Fire]Zamazenta-Crowned||RustedShield|DauntlessShield|BodyPress,behemothbash,WideGuard,IronDefense||||||50|,,,,,Grass]Chien-Pao||FocusSash|SwordofRuin|IceSpinner,SuckerPunch,ThroatChop,Protect||||||50|,,,,,Ghost]Ogerpon-Hearthflame||HearthflameMask|MoldBreaker|IvyCudgel,WoodHammer,FollowMe,SpikyShield|||F|||50|,,,,,Fire]Raging Bolt||AssaultVest|Protosynthesis|Thunderbolt,DracoMeteor,Thunderclap,Snarl||||||50|,,,,,Electric]Sewaddle||ChoiceScarf|Chlorophyll|Electroweb,StringShot,Lunge,StruggleBug|||F|||50|,,,,,Ghost\n|showteam|p2|Ho-Oh||RockyHelmet|Regenerator|SacredFire,BraveBird,Recover,Protect||||||50|,,,,,Grass]Iron Treads||LifeOrb|QuarkDrive|HighHorsepower,IronHead,Protect,KnockOff||||||50|,,,,,Ghost]Miraidon||ChoiceSpecs|HadronEngine|DazzlingGleam,ElectroDrift,VoltSwitch,DracoMeteor||||||50|,,,,,Fairy]Chien-Pao||FocusSash|SwordofRuin|IcicleCrash,SuckerPunch,Protect,Crunch||||||50|,,,,,Ghost]Farigiraf||ElectricSeed|ArmorTail|TrickRoom,FoulPlay,HelpingHand,PsychicNoise|||F|||50|,,,,,Water]Iron Hands||AssaultVest|QuarkDrive|WildCharge,DrainPunch,FakeOut,LowKick||||||50|,,,,,Bug\n|\n|t:|1746152185\n|start\n|switch|p1a: Zamazenta|Zamazenta-Crowned, L50|100/100\n|switch|p1b: Groudon|Groudon, L50|100/100\n|switch|p2a: Miraidon|Miraidon, L50|100/100\n|switch|p2b: Farigiraf|Farigiraf, L50, F|100/100\n|-fieldstart|move: Electric Terrain|[from] ability: Hadron Engine|[of] p2a: Miraidon\n|-enditem|p2b: Farigiraf|Electric Seed\n|-boost|p2b: Farigiraf|def|1|[from] item: Electric Seed\n|-ability|p1a: Zamazenta|Dauntless Shield|boost\n|-boost|p1a: Zamazenta|def|1\n|-weather|SunnyDay|[from] ability: Drought|[of] p1b: Groudon\n|turn|1\n|\n|t:|1746152214\n|move|p2b: Farigiraf|Helping Hand|p2a: Miraidon\n|-singleturn|p2a: Miraidon|Helping Hand|[of] p2b: Farigiraf\n|move|p2a: Miraidon|Draco Meteor|p1b: Groudon\n|-damage|p1b: Groudon|0 fnt\n|-unboost|p2a: Miraidon|spa|2\n|faint|p1b: Groudon\n|move|p1a: Zamazenta|Behemoth Bash|p2a: Miraidon\n|-resisted|p2a: Miraidon\n|-damage|p2a: Miraidon|81/100\n|\n|-weather|SunnyDay|[upkeep]\n|upkeep\n|\n|t:|1746152227\n|switch|p1b: Raging Bolt|Raging Bolt, L50|100/100\n|-activate|p1b: Raging Bolt|ability: Protosynthesis\n|-start|p1b: Raging Bolt|protosynthesisspa\n|turn|2\n|\n|t:|1746152242\n|move|p2a: Miraidon|Draco Meteor|p1b: Raging Bolt\n|-supereffective|p1b: Raging Bolt\n|-damage|p1b: Raging Bolt|17/100\n|-unboost|p2a: Miraidon|spa|2\n|move|p1a: Zamazenta|Iron Defense|p1a: Zamazenta\n|-boost|p1a: Zamazenta|def|2\n|move|p1b: Raging Bolt|Thunderbolt|p2b: Farigiraf\n|-damage|p2b: Farigiraf|27/100\n|move|p2b: Farigiraf|Trick Room|p2b: Farigiraf\n|-fieldstart|move: Trick Room|[of] p2b: Farigiraf\n|\n|-weather|SunnyDay|[upkeep]\n|upkeep\n|turn|3\n|\n|t:|1746152262\n|switch|p2a: Iron Hands|Iron Hands, L50|100/100\n|-activate|p2a: Iron Hands|ability: Quark Drive\n|-start|p2a: Iron Hands|quarkdriveatk\n|move|p2b: Farigiraf|Psychic Noise|p1b: Raging Bolt\n|-damage|p1b: Raging Bolt|0 fnt\n|faint|p1b: Raging Bolt\n|-end|p1b: Raging Bolt|Protosynthesis|[silent]\n|move|p1a: Zamazenta|Body Press|p2a: Iron Hands\n|-damage|p2a: Iron Hands|21/100\n|\n|-weather|SunnyDay|[upkeep]\n|upkeep\n|\n|t:|1746152273\n|switch|p1b: Ogerpon|Ogerpon-Hearthflame, L50, F|100/100\n|-ability|p1b: Ogerpon|Mold Breaker\n|turn|4\n|\n|t:|1746152289\n|move|p2b: Farigiraf|Helping Hand|p2a: Iron Hands\n|-singleturn|p2a: Iron Hands|Helping Hand|[of] p2b: Farigiraf\n|move|p2a: Iron Hands|Low Kick|p1a: Zamazenta\n|-supereffective|p1a: Zamazenta\n|-damage|p1a: Zamazenta|36/100\n|move|p1b: Ogerpon|Ivy Cudgel|p2b: Farigiraf|[anim] Ivy Cudgel Fire\n|-damage|p2b: Farigiraf|0 fnt\n|faint|p2b: Farigiraf\n|move|p1a: Zamazenta|Body Press|p2a: Iron Hands\n|-damage|p2a: Iron Hands|0 fnt\n|faint|p2a: Iron Hands\n|-end|p2a: Iron Hands|Quark Drive|[silent]\n|\n|-weather|SunnyDay|[upkeep]\n|upkeep\n|\n|t:|1746152297\n|switch|p2a: Miraidon|Miraidon, L50|81/100\n|switch|p2b: Ho-Oh|Ho-Oh, L50|100/100\n|-activate|p2a: Miraidon|ability: Hadron Engine\n|turn|5\n|\n|t:|1746152315\n|-terastallize|p1b: Ogerpon|Fire\n|detailschange|p1b: Ogerpon|Ogerpon-Hearthflame-Tera, L50, F, tera:Fire\n|-ability|p1b: Ogerpon|Embody Aspect (Hearthflame)|boost\n|-boost|p1b: Ogerpon|atk|1\n|-terastallize|p2a: Miraidon|Fairy\n|move|p1b: Ogerpon|Follow Me|p1b: Ogerpon\n|-singleturn|p1b: Ogerpon|move: Follow Me\n|move|p2b: Ho-Oh|Sacred Fire|p1b: Ogerpon\n|-resisted|p1b: Ogerpon\n|-damage|p1b: Ogerpon|52/100\n|move|p1a: Zamazenta|Body Press|p2a: Miraidon\n|-resisted|p2a: Miraidon\n|-damage|p2a: Miraidon|34/100\n|move|p2a: Miraidon|Electro Drift|p1b: Ogerpon\n|-damage|p1b: Ogerpon|0 fnt\n|faint|p1b: Ogerpon\n|\n|-weather|none\n|-fieldend|move: Electric Terrain\n|upkeep\n|turn|6\n|\n|t:|1746152340\n|move|p2b: Ho-Oh|Sacred Fire|p1a: Zamazenta\n|-supereffective|p1a: Zamazenta\n|-damage|p1a: Zamazenta|12/100\n|-status|p1a: Zamazenta|brn\n|move|p1a: Zamazenta|Body Press|p2b: Ho-Oh\n|-resisted|p2b: Ho-Oh\n|-damage|p2b: Ho-Oh|82/100\n|-damage|p1a: Zamazenta|0 fnt|[from] item: Rocky Helmet|[of] p2b: Ho-Oh\n|faint|p1a: Zamazenta\n|\n|win|shmurkykrow\n||ItsOatmeal is ready for game 2.\n||shmurkykrow is ready for game 2.\n|uhtml|next|Next: <a href=\"/battle-gen9vgc2025regibo3-2355099156\"><strong>Game 2 of 3</strong></a>\n", "uploadtime": 1746152659, "views": 3, "formatid": "gen9vgc2025regibo3", "rating": null, "private": 0, "password": null}