{"id": "gen9vgc2025regibo3-2353437369", "format": "[Gen 9] VGC 2025 Reg I (Bo3)", "players": ["VoiSimp", "MMcookiegamer"], "log": "|j|\u2606VoiSimp\n|j|\u2606MMcookiegamer\n|html|<table width=\"100%\"><tr><td align=\"left\">VoiSimp</td><td align=\"right\">MMcookiegamer</tr><tr><td align=\"left\"><i class=\"fa fa-circle-o\"></i> <i class=\"fa fa-circle-o\"></i> </td><td align=\"right\"><i class=\"fa fa-circle-o\"></i> <i class=\"fa fa-circle-o\"></i> </tr></table>\n|uhtml|bestof|<h2><strong>Game 1</strong> of <a href=\"/game-bestof3-gen9vgc2025regibo3-2353437368\">a best-of-3</a></h2>\n|t:|1745955901\n|gametype|doubles\n|player|p1|VoiSimp|pokemaniac|1078\n|player|p2|MMcookiegamer|yellow|1071\n|teamsize|p1|6\n|teamsize|p2|6\n|gen|9\n|tier|[Gen 9] VGC 2025 Reg I (Bo3)\n|rated|\n|rule|Species Clause: Limit one of each Pok\u00e9mon\n|rule|Item Clause: Limit 1 of each item\n|clearpoke\n|poke|p1|Calyrex-Shadow, L50|\n|poke|p1|Incineroar, L50, M|\n|poke|p1|Koraidon, L50|\n|poke|p1|Farigiraf, L50, F|\n|poke|p1|Amoonguss, L50, F|\n|poke|p1|Scream Tail, L50|\n|poke|p2|Calyrex-Shadow, L50|\n|poke|p2|Chi-Yu, L50|\n|poke|p2|Miraidon, L50|\n|poke|p2|Whimsicott, L50, F|\n|poke|p2|Urshifu-*, L50, M|\n|poke|p2|Iron Hands, L50|\n|teampreview|4\n|showteam|p1|Calyrex-Shadow||FocusSash|AsOneSpectrier|AstralBarrage,PollenPuff,NastyPlot,Protect||||||50|,,,,,Normal]Incineroar||SafetyGoggles|Intimidate|KnockOff,Taunt,FakeOut,PartingShot|||M|||50|,,,,,Bug]Koraidon||LifeOrb|OrichalcumPulse|CloseCombat,FlareBlitz,FlameCharge,Protect||||||50|,,,,,Fire]Farigiraf||Leftovers|ArmorTail|Psychic,TrickRoom,Imprison,Protect|||F|||50|,,,,,Fairy]Amoonguss||MentalHerb|Regenerator|SludgeBomb,Spore,RagePowder,Protect|||F|||50|,,,,,Dark]Scream Tail||BoosterEnergy|Protosynthesis|ThunderWave,Disable,Encore,Protect||||||50|,,,,,Dark\n|showteam|p2|Calyrex-Shadow||FocusSash|AsOneSpectrier|AstralBarrage,Psychic,Protect,NastyPlot||||||50|,,,,,Water]Chi-Yu||ChoiceScarf|BeadsofRuin|Overheat,HeatWave,DarkPulse,Snarl||||||50|,,,,,Ghost]Miraidon||ChoiceSpecs|HadronEngine|DracoMeteor,ElectroDrift,DazzlingGleam,VoltSwitch||||||50|,,,,,Fairy]Whimsicott||CovertCloak|Prankster|Moonblast,Tailwind,Encore,LightScreen|||F|||50|,,,,,Dark]Urshifu-Rapid-Strike||MysticWater|UnseenFist|CloseCombat,AquaJet,SurgingStrikes,Detect|||M|||50|,,,,,Water]Iron Hands||AssaultVest|QuarkDrive|DrainPunch,LowKick,HeavySlam,FakeOut||||||50|,,,,,Water\n|inactive|Battle timer is ON: inactive players will automatically lose when time's up. (requested by MMcookiegamer)\n|\n|t:|1745955959\n|start\n|switch|p1a: Scream Tail|Scream Tail, L50|100/100\n|switch|p1b: Incineroar|Incineroar, L50, M|100/100\n|switch|p2a: Pluisbal|Whimsicott, L50, F|100/100\n|switch|p2b: Vissie|Chi-Yu, L50|100/100\n|-ability|p2b: Vissie|Beads of Ruin\n|-ability|p1b: Incineroar|Intimidate|boost\n|-unboost|p2a: Pluisbal|atk|1\n|-unboost|p2b: Vissie|atk|1\n|-enditem|p1a: Scream Tail|Booster Energy\n|-activate|p1a: Scream Tail|ability: Protosynthesis|[fromitem]\n|-start|p1a: Scream Tail|protosynthesisspe\n|turn|1\n|\n|t:|1745955983\n|move|p1b: Incineroar|Fake Out|p2b: Vissie\n|-damage|p2b: Vissie|83/100\n|move|p2a: Pluisbal|Tailwind|p2a: Pluisbal\n|-sidestart|p2: MMcookiegamer|move: Tailwind\n|cant|p2b: Vissie|flinch\n|move|p1a: Scream Tail|Thunder Wave|p2b: Vissie\n|-status|p2b: Vissie|par\n|\n|upkeep\n|turn|2\n|inactive|MMcookiegamer has 30 seconds left.\n|\n|t:|1745956009\n|move|p2a: Pluisbal|Light Screen|p2a: Pluisbal\n|-sidestart|p2: MMcookiegamer|move: Light Screen\n|move|p1a: Scream Tail|Thunder Wave|p2a: Pluisbal\n|-status|p2a: Pluisbal|par\n|move|p2b: Vissie|Snarl|p1b: Incineroar|[spread] p1a,p1b\n|-resisted|p1b: Incineroar\n|-damage|p1a: Scream Tail|78/100\n|-damage|p1b: Incineroar|88/100\n|-unboost|p1a: Scream Tail|spa|1\n|-unboost|p1b: Incineroar|spa|1\n|move|p1b: Incineroar|Knock Off|p2b: Vissie\n|-resisted|p2b: Vissie\n|-damage|p2b: Vissie|54/100 par\n|-enditem|p2b: Vissie|Choice Scarf|[from] move: Knock Off|[of] p1b: Incineroar\n|\n|upkeep\n|turn|3\n|inactive|VoiSimp has 30 seconds left.\n|\n|t:|1745956041\n|move|p1a: Scream Tail|Disable|p2b: Vissie\n|-start|p2b: Vissie|Disable|Snarl\n|move|p2a: Pluisbal|Moonblast|p1b: Incineroar\n|-damage|p1b: Incineroar|61/100\n|-unboost|p1b: Incineroar|spa|1\n|move|p2b: Vissie|Overheat|p1a: Scream Tail\n|-damage|p1a: Scream Tail|4/100\n|-unboost|p2b: Vissie|spa|2\n|move|p1b: Incineroar|Parting Shot|p2b: Vissie\n|-unboost|p2b: Vissie|atk|1\n|-unboost|p2b: Vissie|spa|1\n|\n|t:|1745956061\n|switch|p1b: Koraidon|Koraidon, L50|100/100|[from] Parting Shot\n|-weather|SunnyDay|[from] ability: Orichalcum Pulse|[of] p1b: Koraidon\n|-activate|p1b: Koraidon|Orichalcum Pulse|[source]\n|\n|-weather|SunnyDay|[upkeep]\n|upkeep\n|turn|4\n|\n|t:|1745956083\n|switch|p2b: Vroem Vroem|Miraidon, L50|100/100\n|-fieldstart|move: Electric Terrain|[from] ability: Hadron Engine|[of] p2b: Vroem Vroem\n|move|p2a: Pluisbal|Encore|p1a: Scream Tail\n|-start|p1a: Scream Tail|Encore\n|move|p1a: Scream Tail|Disable|p2a: Pluisbal\n|-start|p2a: Pluisbal|Disable|Encore\n|move|p1b: Koraidon|Flame Charge|p2a: Pluisbal\n|-supereffective|p2a: Pluisbal\n|-damage|p2a: Pluisbal|0 fnt\n|-boost|p1b: Koraidon|spe|1\n|faint|p2a: Pluisbal\n|-damage|p1b: Koraidon|91/100|[from] item: Life Orb\n|\n|-weather|SunnyDay|[upkeep]\n|-sideend|p2: MMcookiegamer|move: Tailwind\n|upkeep\n|\n|t:|1745956094\n|switch|p2a: Calyrex|Calyrex-Shadow, L50|100/100\n|-ability|p2a: Calyrex|As One\n|-ability|p2a: Calyrex|Unnerve\n|turn|5\n|\n|t:|1745956118\n|-end|p1a: Scream Tail|Protosynthesis|[silent]\n|switch|p1a: Incineroar|Incineroar, L50, M|61/100\n|-ability|p1a: Incineroar|Intimidate|boost\n|-unboost|p2a: Calyrex|atk|1\n|-unboost|p2b: Vroem Vroem|atk|1\n|-terastallize|p2b: Vroem Vroem|Fairy\n|move|p1b: Koraidon|Protect|p1b: Koraidon\n|-singleturn|p1b: Koraidon|Protect\n|move|p2a: Calyrex|Psychic|p1b: Koraidon\n|-activate|p1b: Koraidon|move: Protect\n|move|p2b: Vroem Vroem|Dazzling Gleam|p1b: Koraidon|[spread] p1a\n|-activate|p1b: Koraidon|move: Protect\n|-damage|p1a: Incineroar|16/100\n|\n|-weather|SunnyDay|[upkeep]\n|upkeep\n|turn|6\n|inactive|VoiSimp has 30 seconds left.\n|\n|t:|1745956144\n|-terastallize|p1b: Koraidon|Fire\n|move|p1a: Incineroar|Fake Out|p2b: Vroem Vroem\n|-damage|p2b: Vroem Vroem|90/100\n|move|p1b: Koraidon|Flame Charge|p2a: Calyrex\n|-enditem|p2a: Calyrex|Focus Sash\n|-damage|p2a: Calyrex|1/100\n|-boost|p1b: Koraidon|spe|1\n|-damage|p1b: Koraidon|81/100|[from] item: Life Orb\n|move|p2a: Calyrex|Astral Barrage|p1b: Koraidon|[spread] p1a,p1b\n|-resisted|p1a: Incineroar\n|-damage|p1a: Incineroar|0 fnt\n|-damage|p1b: Koraidon|26/100\n|faint|p1a: Incineroar\n|-ability|p2a: Calyrex|Grim Neigh|boost\n|-boost|p2a: Calyrex|spa|1\n|cant|p2b: Vroem Vroem|flinch\n|\n|-weather|SunnyDay|[upkeep]\n|-sideend|p2: MMcookiegamer|move: Light Screen\n|upkeep\n|\n|t:|1745956152\n|switch|p1a: Scream Tail|Scream Tail, L50|4/100\n|-activate|p1a: Scream Tail|ability: Protosynthesis\n|-start|p1a: Scream Tail|protosynthesisspe\n|turn|7\n|\n|t:|1745956160\n|move|p2a: Calyrex|Protect|p2a: Calyrex\n|-singleturn|p2a: Calyrex|Protect\n|move|p1b: Koraidon|Flame Charge|p2a: Calyrex\n|-activate|p2a: Calyrex|move: Protect\n|move|p1a: Scream Tail|Disable|p2b: Vroem Vroem\n|-start|p2b: Vroem Vroem|Disable|Dazzling Gleam\n|cant|p2b: Vroem Vroem|Disable|Dazzling Gleam\n|\n|-weather|none\n|-end|p1a: Scream Tail|Protosynthesis\n|upkeep\n|turn|8\n|\n|t:|1745956177\n|switch|p2a: Vissie|Chi-Yu, L50|54/100 par\n|-ability|p2a: Vissie|Beads of Ruin\n|-end|p1a: Scream Tail|Protosynthesis|[silent]\n|switch|p1a: Calyrex|Calyrex-Shadow, L50|100/100\n|-ability|p1a: Calyrex|As One\n|-ability|p1a: Calyrex|Unnerve\n|move|p1b: Koraidon|Flame Charge|p2a: Vissie\n|-resisted|p2a: Vissie\n|-damage|p2a: Vissie|17/100 par\n|-boost|p1b: Koraidon|spe|1\n|-damage|p1b: Koraidon|16/100|[from] item: Life Orb\n|-activate|p2b: Vroem Vroem|move: Struggle\n|move|p2b: Vroem Vroem|Struggle|p1b: Koraidon\n|-damage|p1b: Koraidon|10/100\n|-damage|p2b: Vroem Vroem|66/100|[from] recoil\n|\n|-fieldend|move: Electric Terrain\n|upkeep\n|turn|9\n|inactive|VoiSimp has 30 seconds left.\n|inactive|MMcookiegamer has 30 seconds left.\n|inactive|MMcookiegamer has 20 seconds left.\n|inactive|MMcookiegamer has 15 seconds left.\n|inactive|MMcookiegamer has 10 seconds left.\n|\n|t:|1745956225\n|move|p1b: Koraidon|Flare Blitz|p2b: Vroem Vroem\n|-damage|p2b: Vroem Vroem|0 fnt\n|faint|p2b: Vroem Vroem\n|-damage|p1b: Koraidon|0 fnt|[from] Recoil\n|faint|p1b: Koraidon\n|move|p1a: Calyrex|Astral Barrage|p2a: Vissie\n|-resisted|p2a: Vissie\n|-damage|p2a: Vissie|0 fnt\n|faint|p2a: Vissie\n|-ability|p1a: Calyrex|Grim Neigh|boost\n|-boost|p1a: Calyrex|spa|1\n|\n|upkeep\n|\n|t:|1745956234\n|switch|p1b: Scream Tail|Scream Tail, L50|4/100\n|switch|p2b: Calyrex|Calyrex-Shadow, L50|1/100\n|-ability|p2b: Calyrex|As One\n|-ability|p2b: Calyrex|Unnerve\n|turn|10\n|\n|t:|1745956243\n|move|p2b: Calyrex|Astral Barrage|p1a: Calyrex|[spread] p1a,p1b\n|-supereffective|p1a: Calyrex\n|-supereffective|p1b: Scream Tail\n|-enditem|p1a: Calyrex|Focus Sash\n|-damage|p1a: Calyrex|1/100\n|-damage|p1b: Scream Tail|0 fnt\n|faint|p1b: Scream Tail\n|-end|p1b: Scream Tail|Protosynthesis|[silent]\n|-ability|p2b: Calyrex|Grim Neigh|boost\n|-boost|p2b: Calyrex|spa|1\n|move|p1a: Calyrex|Astral Barrage|p2b: Calyrex\n|-supereffective|p2b: Calyrex\n|-damage|p2b: Calyrex|0 fnt\n|faint|p2b: Calyrex\n|\n|win|VoiSimp\n||MMcookiegamer is ready for game 2.\n|inactive|VoiSimp has 30 seconds to confirm battle start!\n||VoiSimp is ready for game 2.\n|uhtml|next|Next: <a href=\"/battle-gen9vgc2025regibo3-2353441408\"><strong>Game 2 of 3</strong></a>\n", "uploadtime": 1745956486, "views": 10, "formatid": "gen9vgc2025regibo3", "rating": null, "private": 0, "password": null}