{"id": "gen9vgc2025regibo3-2354214188", "format": "[Gen 9] VGC 2025 Reg I (Bo3)", "players": ["Playest", "Pachi 100"], "log": "|j|\u2606Playest\n|j|\u2606Pachi 100\n|html|<table width=\"100%\"><tr><td align=\"left\">Playest</td><td align=\"right\">Pachi 100</tr><tr><td align=\"left\"><i class=\"fa fa-circle\"></i> <i class=\"fa fa-circle-o\"></i> </td><td align=\"right\"><i class=\"fa fa-circle-o\"></i> <i class=\"fa fa-circle\"></i> </tr></table>\n|uhtml|bestof|<h2><strong>Game 3</strong> of <a href=\"/game-bestof3-gen9vgc2025regibo3-2354209169\">a best-of-3</a></h2>\n|t:|1746045369\n|gametype|doubles\n|player|p1|Playest|infielder|1207\n|player|p2|Pachi 100|170|1160\n|teamsize|p1|6\n|teamsize|p2|6\n|gen|9\n|tier|[Gen 9] VGC 2025 Reg I (Bo3)\n|rated|\n|rule|Species Clause: Limit one of each Pok\u00e9mon\n|rule|Item Clause: Limit 1 of each item\n|clearpoke\n|poke|p1|Calyrex-Shadow, L50|\n|poke|p1|Miraidon, L50|\n|poke|p1|Urshifu-*, L50, M|\n|poke|p1|Tornadus, L50, M|\n|poke|p1|Chi-Yu, L50|\n|poke|p1|Indeedee-F, L50, F|\n|poke|p2|Groudon, L50|\n|poke|p2|Archaludon, L50, M|\n|poke|p2|Lunala, L50|\n|poke|p2|Raging Bolt, L50|\n|poke|p2|Whimsicott, L50, M|\n|poke|p2|Roaring Moon, L50|\n|teampreview|4\n|showteam|p1|Calyrex-Shadow||FocusSash|AsOneSpectrier|Protect,Psychic,Taunt,AstralBarrage||||||50|,,,,,Normal]Miraidon||ChoiceSpecs|HadronEngine|ElectroDrift,DracoMeteor,DazzlingGleam,Snarl||||||50|,,,,,Fairy]Urshifu-Rapid-Strike||MysticWater|UnseenFist|Detect,AquaJet,CloseCombat,SurgingStrikes|||M|||50|,,,,,Water]Tornadus||CovertCloak|Prankster|Protect,Tailwind,RainDance,BleakwindStorm|||M|||50|,,,,,Dark]Chi-Yu||ChoiceScarf|BeadsofRuin|HeatWave,Snarl,DarkPulse,Overheat||||||50|,,,,,Ghost]Indeedee-F||RockyHelmet|Synchronize|FollowMe,FakeOut,TrickRoom,Psychic|||F|||50|,,,,,Grass\n|showteam|p2|Groudon||ClearAmulet|Drought|PrecipiceBlades,HeatCrash,Protect,RockBlast||||||50|,,,,,Poison]Archaludon||AssaultVest|Stamina|BodyPress,DragonTail,FoulPlay,BreakingSwipe|||M|||50|,,,,,Fighting]Lunala||PowerHerb|ShadowShield|Protect,MeteorBeam,MoongeistBeam,Moonblast||||||50|,,,,,Fairy]Raging Bolt||SafetyGoggles|Protosynthesis|Thunderclap,DracoMeteor,WeatherBall,Protect||||||50|,,,,,Fairy]Whimsicott||FocusSash|Prankster|Encore,Tailwind,LightScreen,FakeTears|||M|||50|,,,,,Poison]Roaring Moon||BoosterEnergy|Protosynthesis|DragonClaw,ThroatChop,Protect,Acrobatics||||||50|,,,,,Flying\n|inactive|Battle timer is ON: inactive players will automatically lose when time's up. (requested by Playest)\n|inactive|Playest has 60 seconds left.\n|inactive|Pachi 100 has 60 seconds left.\n|\n|t:|1746045412\n|start\n|switch|p1a: Tornadus|Tornadus, L50, M|100/100\n|switch|p1b: Urshifu|Urshifu-Rapid-Strike, L50, M|100/100\n|switch|p2a: Groudon|Groudon, L50|100/100\n|switch|p2b: Whimsicott|Whimsicott, L50, M|100/100\n|-weather|SunnyDay|[from] ability: Drought|[of] p2a: Groudon\n|turn|1\n|inactive|Playest has 30 seconds left.\n|inactive|Pachi 100 has 30 seconds left.\n|\n|t:|1746045441\n|-terastallize|p2a: Groudon|Poison\n|move|p1b: Urshifu|Detect|p1b: Urshifu\n|-singleturn|p1b: Urshifu|Protect\n|move|p1a: Tornadus|Rain Dance|p1a: Tornadus\n|-weather|RainDance\n|move|p2b: Whimsicott|Tailwind|p2b: Whimsicott\n|-sidestart|p2: Pachi 100|move: Tailwind\n|move|p2a: Groudon|Rock Blast|p1a: Tornadus\n|-supereffective|p1a: Tornadus\n|-damage|p1a: Tornadus|72/100\n|-supereffective|p1a: Tornadus\n|-damage|p1a: Tornadus|47/100\n|-hitcount|p1a: Tornadus|2\n|\n|-weather|RainDance|[upkeep]\n|upkeep\n|turn|2\n|inactive|Playest has 30 seconds left.\n|inactive|Playest has 20 seconds left.\n|inactive|Playest has 15 seconds left.\n|\n|t:|1746045484\n|-terastallize|p1a: Tornadus|Dark\n|move|p2b: Whimsicott|Encore|p1b: Urshifu\n|-start|p1b: Urshifu|Encore\n|move|p2a: Groudon|Rock Blast|p1a: Tornadus\n|-damage|p1a: Tornadus|34/100\n|-damage|p1a: Tornadus|20/100\n|-hitcount|p1a: Tornadus|2\n|move|p1a: Tornadus|Bleakwind Storm|p2a: Groudon|[spread] p2a,p2b\n|-supereffective|p2b: Whimsicott\n|-damage|p2a: Groudon|74/100\n|-damage|p2b: Whimsicott|25/100\n|move|p1b: Urshifu|Detect||[still]\n|-fail|p1b: Urshifu\n|\n|-weather|RainDance|[upkeep]\n|upkeep\n|turn|3\n|inactive|Playest has 30 seconds left.\n|\n|t:|1746045513\n|move|p1b: Urshifu|Detect|p1b: Urshifu\n|-singleturn|p1b: Urshifu|Protect\n|move|p2b: Whimsicott|Light Screen|p2b: Whimsicott\n|-sidestart|p2: Pachi 100|move: Light Screen\n|move|p2a: Groudon|Precipice Blades|p1b: Urshifu|[spread] \n|-activate|p1b: Urshifu|move: Protect\n|-miss|p2a: Groudon|p1a: Tornadus\n|move|p1a: Tornadus|Bleakwind Storm|p2b: Whimsicott|[spread] p2a,p2b\n|-supereffective|p2b: Whimsicott\n|-damage|p2a: Groudon|57/100\n|-damage|p2b: Whimsicott|0 fnt\n|faint|p2b: Whimsicott\n|\n|-weather|RainDance|[upkeep]\n|upkeep\n|\n|t:|1746045532\n|switch|p2b: Lunala|Lunala, L50|100/100\n|turn|4\n|inactive|Playest has 30 seconds left.\n|\n|t:|1746045567\n|move|p1b: Urshifu|Detect|p1b: Urshifu\n|-singleturn|p1b: Urshifu|Protect\n|move|p2b: Lunala|Meteor Beam||[still]\n|-prepare|p2b: Lunala|Meteor Beam\n|-boost|p2b: Lunala|spa|1\n|-enditem|p2b: Lunala|Power Herb\n|-anim|p2b: Lunala|Meteor Beam|p1b: Urshifu\n|-activate|p1b: Urshifu|move: Protect\n|move|p2a: Groudon|Precipice Blades|p1a: Tornadus|[spread] p1a\n|-activate|p1b: Urshifu|move: Protect\n|-damage|p1a: Tornadus|0 fnt\n|faint|p1a: Tornadus\n|\n|-weather|RainDance|[upkeep]\n|-end|p1b: Urshifu|Encore\n|-sideend|p2: Pachi 100|move: Tailwind\n|upkeep\n|\n|t:|1746045585\n|switch|p1a: Calyrex|Calyrex-Shadow, L50|100/100\n|-ability|p1a: Calyrex|As One\n|-ability|p1a: Calyrex|Unnerve\n|turn|5\n|inactive|Pachi 100 has 30 seconds left.\n|inactive|Pachi 100 has 20 seconds left.\n|\n|t:|1746045622\n|move|p1a: Calyrex|Astral Barrage|p2a: Groudon|[spread] p2a,p2b\n|-supereffective|p2b: Lunala\n|-damage|p2a: Groudon|33/100\n|-damage|p2b: Lunala|55/100\n|move|p1b: Urshifu|Surging Strikes|p2b: Lunala\n|-crit|p2b: Lunala\n|-damage|p2b: Lunala|28/100\n|-crit|p2b: Lunala\n|-damage|p2b: Lunala|3/100\n|-crit|p2b: Lunala\n|-damage|p2b: Lunala|0 fnt\n|faint|p2b: Lunala\n|-hitcount|p2: Lunala|3\n|move|p2a: Groudon|Precipice Blades|p1b: Urshifu|[spread] p1a,p1b\n|-damage|p1a: Calyrex|49/100\n|-damage|p1b: Urshifu|47/100\n|\n|-weather|none\n|upkeep\n|\n|t:|1746045630\n|switch|p2b: Roaring Moon|Roaring Moon, L50|100/100\n|-enditem|p2b: Roaring Moon|Booster Energy\n|-activate|p2b: Roaring Moon|ability: Protosynthesis|[fromitem]\n|-start|p2b: Roaring Moon|protosynthesisspe\n|turn|6\n|inactive|Pachi 100 has 30 seconds left.\n|\n|t:|1746045657\n|move|p2b: Roaring Moon|Acrobatics|p1b: Urshifu\n|-supereffective|p1b: Urshifu\n|-damage|p1b: Urshifu|0 fnt\n|faint|p1b: Urshifu\n|move|p1a: Calyrex|Astral Barrage|p2a: Groudon|[spread] p2a,p2b\n|-resisted|p2b: Roaring Moon\n|-damage|p2a: Groudon|6/100\n|-damage|p2b: Roaring Moon|83/100\n|move|p2a: Groudon|Heat Crash|p1a: Calyrex\n|-damage|p1a: Calyrex|0 fnt\n|faint|p1a: Calyrex\n|\n|upkeep\n|\n|t:|1746045668\n|switch|p1b: Miraidon|Miraidon, L50|100/100\n|-fieldstart|move: Electric Terrain|[from] ability: Hadron Engine|[of] p1b: Miraidon\n|turn|7\n|\n|t:|1746045677\n|move|p2b: Roaring Moon|Dragon Claw|p1b: Miraidon\n|-supereffective|p1b: Miraidon\n|-damage|p1b: Miraidon|18/100\n|move|p1b: Miraidon|Dazzling Gleam|p2b: Roaring Moon|[spread] p2a,p2b\n|-resisted|p2a: Groudon\n|-supereffective|p2b: Roaring Moon\n|-damage|p2a: Groudon|0 fnt\n|-damage|p2b: Roaring Moon|0 fnt\n|faint|p2a: Groudon\n|faint|p2b: Roaring Moon\n|-end|p2b: Roaring Moon|Protosynthesis|[silent]\n|\n|win|Playest\n|raw|Playest's rating: 1207 &rarr; <strong>1229</strong><br />(+22 for winning)\n|raw|Pachi 100's rating: 1160 &rarr; <strong>1138</strong><br />(-22 for losing)\n|c|\u2606Playest|ggs\n|c|\u2606Pachi 100|gg\n", "uploadtime": 1746045706, "views": 6, "formatid": "gen9vgc2025regibo3", "rating": 1138, "private": 0, "password": null}