{"id": "gen9vgc2025regibo3-2355107146", "format": "[Gen 9] VGC 2025 Reg I (Bo3)", "players": ["Iranupagoat", "pokefanx0"], "log": "|j|\u2606Iranupagoat\n|j|\u2606pokefanx0\n|html|<table width=\"100%\"><tr><td align=\"left\">Iranupagoat</td><td align=\"right\">pokefanx0</tr><tr><td align=\"left\"><i class=\"fa fa-circle\"></i> <i class=\"fa fa-circle-o\"></i> </td><td align=\"right\"><i class=\"fa fa-circle-o\"></i> <i class=\"fa fa-circle\"></i> </tr></table>\n|uhtml|bestof|<h2><strong>Game 3</strong> of <a href=\"/game-bestof3-gen9vgc2025regibo3-2355103808\">a best-of-3</a></h2>\n|t:|1746153359\n|gametype|doubles\n|player|p1|Iranupagoat|265|1048\n|player|p2|pokefanx0|101|1154\n|teamsize|p1|6\n|teamsize|p2|6\n|gen|9\n|tier|[Gen 9] VGC 2025 Reg I (Bo3)\n|rated|\n|rule|Species Clause: Limit one of each Pok\u00e9mon\n|rule|Item Clause: Limit 1 of each item\n|clearpoke\n|poke|p1|Kyogre, L50|\n|poke|p1|Basculegion, L50, M|\n|poke|p1|Archaludon, L50, F|\n|poke|p1|Scrafty, L50, F|\n|poke|p1|Calyrex-Shadow, L50|\n|poke|p1|Barraskewda, L50, M|\n|poke|p2|Terapagos, L50, M|\n|poke|p2|Rillaboom, L50, M|\n|poke|p2|Ting-Lu, L50|\n|poke|p2|Grimmsnarl, L50, M|\n|poke|p2|Lunala, L50|\n|poke|p2|Sinistcha, L50|\n|teampreview|4\n|showteam|p1|Kyogre||ChoiceScarf|Drizzle|WaterSpout,OriginPulse,IceBeam,Thunder||||||50|,,,,,Grass]Basculegion||WeaknessPolicy|SwiftSwim|WaveCrash,LastRespects,AquaJet,Protect|||M|||50|,,,,,Water]Archaludon||CovertCloak|Stamina|ElectroShot,BodyPress,DracoMeteor,FlashCannon|||F|||50|,,,,,Fairy]Scrafty||AssaultVest|Intimidate|CloseCombat,FakeOut,BeatUp,KnockOff|||F|||50|,,,,,Steel]Calyrex-Shadow||SafetyGoggles|AsOneSpectrier|AstralBarrage,Psychic,DrainingKiss,Protect||||||50|,,,,,Steel]Barraskewda||ChoiceBand|SwiftSwim|AquaJet,CloseCombat,Liquidation,FlipTurn|||M|||50|,,,,,Steel\n|showteam|p2|Terapagos||Leftovers|TeraShift|CalmMind,Protect,TeraStarstorm,EarthPower|||M|||50|,,,,,Stellar]Rillaboom||AssaultVest|GrassySurge|FakeOut,Uturn,GrassyGlide,WoodHammer|||M|||50|,,,,,Fire]Ting-Lu||SafetyGoggles|VesselofRuin|Ruination,Whirlwind,Protect,BodyPress||||||50|,,,,,Water]Grimmsnarl||LightClay|Prankster|Reflect,LightScreen,SpiritBreak,FakeOut|||M|||50|,,,,,Fire]Lunala||PowerHerb|ShadowShield|MeteorBeam,MoongeistBeam,WideGuard,Moonblast||||||50|,,,,,Fairy]Sinistcha||RockyHelmet|Hospitality|MatchaGotcha,RagePowder,ShadowBall,LifeDew||||||50|,,,,,Water\n|\n|t:|1746153375\n|start\n|switch|p1a: Kyogre|Kyogre, L50|100/100\n|switch|p1b: Scrafty|Scrafty, L50, F|100/100\n|switch|p2a: Lunala|Lunala, L50|100/100\n|switch|p2b: Sinistcha|Sinistcha, L50|100/100\n|-weather|RainDance|[from] ability: Drizzle|[of] p1a: Kyogre\n|-ability|p1b: Scrafty|Intimidate|boost\n|-unboost|p2a: Lunala|atk|1\n|-unboost|p2b: Sinistcha|atk|1\n|turn|1\n|\n|t:|1746153395\n|-terastallize|p1a: Kyogre|Grass\n|move|p1a: Kyogre|Water Spout|p2a: Lunala|[spread] p2a,p2b\n|-resisted|p2b: Sinistcha\n|-damage|p2a: Lunala|70/100\n|-damage|p2b: Sinistcha|58/100\n|move|p2a: Lunala|Moonblast|p1b: Scrafty\n|-supereffective|p1b: Scrafty\n|-damage|p1b: Scrafty|4/100\n|move|p2b: Sinistcha|Life Dew|p2b: Sinistcha|[spread] p2a,p2b\n|-heal|p2a: Lunala|95/100\n|-heal|p2b: Sinistcha|83/100\n|move|p1b: Scrafty|Knock Off|p2a: Lunala\n|-supereffective|p2a: Lunala\n|-damage|p2a: Lunala|0 fnt\n|-enditem|p2a: Lunala|Power Herb|[from] move: Knock Off|[of] p1b: Scrafty\n|faint|p2a: Lunala\n|\n|-weather|RainDance|[upkeep]\n|upkeep\n|\n|t:|1746153411\n|switch|p2a: Rillaboom|Rillaboom, L50, M|100/100\n|-fieldstart|move: Grassy Terrain|[from] ability: Grassy Surge|[of] p2a: Rillaboom\n|turn|2\n|\n|t:|1746153433\n|switch|p1a: Archaludon|Archaludon, L50, F|100/100\n|switch|p1b: Basculegion|Basculegion, L50, M|100/100\n|move|p2a: Rillaboom|Fake Out|p1a: Archaludon\n|-resisted|p1a: Archaludon\n|-damage|p1a: Archaludon|94/100\n|-ability|p1a: Archaludon|Stamina|boost\n|-boost|p1a: Archaludon|def|1\n|move|p2b: Sinistcha|Matcha Gotcha|p1a: Archaludon|[spread] p1a,p1b\n|-resisted|p1a: Archaludon\n|-supereffective|p1b: Basculegion\n|-damage|p1a: Archaludon|82/100\n|-heal|p2b: Sinistcha|89/100|[from] drain|[of] p1a: Archaludon\n|-damage|p1b: Basculegion|29/100\n|-heal|p2b: Sinistcha|100/100|[from] drain|[of] p1b: Basculegion\n|-ability|p1a: Archaludon|Stamina|boost\n|-boost|p1a: Archaludon|def|1\n|-enditem|p1b: Basculegion|Weakness Policy\n|-boost|p1b: Basculegion|atk|2|[from] item: Weakness Policy\n|-boost|p1b: Basculegion|spa|2|[from] item: Weakness Policy\n|\n|-weather|RainDance|[upkeep]\n|-heal|p1b: Basculegion|35/100|[from] Grassy Terrain\n|-heal|p1a: Archaludon|88/100|[from] Grassy Terrain\n|upkeep\n|turn|3\n|\n|t:|1746153467\n|move|p1b: Basculegion|Protect|p1b: Basculegion\n|-singleturn|p1b: Basculegion|Protect\n|move|p2a: Rillaboom|Grassy Glide|p1b: Basculegion\n|-activate|p1b: Basculegion|move: Protect\n|move|p1a: Archaludon|Electro Shot||[still]\n|-prepare|p1a: Archaludon|Electro Shot\n|-boost|p1a: Archaludon|spa|1\n|-anim|p1a: Archaludon|Electro Shot|p2a: Rillaboom\n|-resisted|p2a: Rillaboom\n|-damage|p2a: Rillaboom|76/100\n|move|p2b: Sinistcha|Shadow Ball|p1a: Archaludon\n|-damage|p1a: Archaludon|37/100\n|-ability|p1a: Archaludon|Stamina|boost\n|-boost|p1a: Archaludon|def|1\n|\n|-weather|RainDance|[upkeep]\n|-heal|p1b: Basculegion|41/100|[from] Grassy Terrain\n|-heal|p1a: Archaludon|43/100|[from] Grassy Terrain\n|-heal|p2a: Rillaboom|82/100|[from] Grassy Terrain\n|upkeep\n|turn|4\n|\n|t:|1746153490\n|switch|p1b: Kyogre|Kyogre, L50, tera:Grass|100/100\n|move|p2a: Rillaboom|Grassy Glide|p1b: Kyogre\n|-resisted|p1b: Kyogre\n|-damage|p1b: Kyogre|78/100\n|move|p1a: Archaludon|Body Press|p2a: Rillaboom\n|-damage|p2a: Rillaboom|21/100\n|move|p2b: Sinistcha|Shadow Ball|p1a: Archaludon\n|-damage|p1a: Archaludon|0 fnt\n|faint|p1a: Archaludon\n|\n|-weather|RainDance|[upkeep]\n|-heal|p1b: Kyogre|84/100|[from] Grassy Terrain\n|-heal|p2a: Rillaboom|27/100|[from] Grassy Terrain\n|upkeep\n|\n|t:|1746153504\n|switch|p1a: Scrafty|Scrafty, L50, F|4/100\n|-ability|p1a: Scrafty|Intimidate|boost\n|-unboost|p2a: Rillaboom|atk|1\n|-unboost|p2b: Sinistcha|atk|1\n|turn|5\n|\n|t:|1746153524\n|move|p1a: Scrafty|Fake Out|p2a: Rillaboom\n|-damage|p2a: Rillaboom|16/100\n|cant|p2a: Rillaboom|flinch\n|move|p1b: Kyogre|Ice Beam|p2b: Sinistcha\n|-supereffective|p2b: Sinistcha\n|-damage|p2b: Sinistcha|40/100\n|move|p2b: Sinistcha|Matcha Gotcha|p1a: Scrafty|[spread] p1b\n|-miss|p2b: Sinistcha|p1a: Scrafty\n|-resisted|p1b: Kyogre\n|-damage|p1b: Kyogre|72/100\n|-heal|p2b: Sinistcha|45/100|[from] drain|[of] p1b: Kyogre\n|\n|-weather|none\n|-heal|p1b: Kyogre|78/100|[from] Grassy Terrain\n|-heal|p2a: Rillaboom|22/100|[from] Grassy Terrain\n|-heal|p2b: Sinistcha|52/100|[from] Grassy Terrain\n|-heal|p1a: Scrafty|10/100|[from] Grassy Terrain\n|upkeep\n|turn|6\n|\n|t:|1746153556\n|switch|p1b: Basculegion|Basculegion, L50, M|41/100\n|switch|p2b: Terapagos|Terapagos, L50, M|100/100\n|-activate|p2b: Terapagos|ability: Tera Shift\n|detailschange|p2b: Terapagos|Terapagos-Terastal, L50, M\n|-heal|p2b: Terapagos|100/100|[silent]\n|move|p2a: Rillaboom|Grassy Glide|p1a: Scrafty\n|-damage|p1a: Scrafty|0 fnt\n|faint|p1a: Scrafty\n|\n|-heal|p1b: Basculegion|47/100|[from] Grassy Terrain\n|-heal|p2a: Rillaboom|28/100|[from] Grassy Terrain\n|-fieldend|move: Grassy Terrain\n|upkeep\n|inactive|Battle timer is ON: inactive players will automatically lose when time's up. (requested by Iranupagoat)\n|\n|t:|1746153566\n|switch|p1a: Kyogre|Kyogre, L50, tera:Grass|78/100\n|-weather|RainDance|[from] ability: Drizzle|[of] p1a: Kyogre\n|turn|7\n|\n|t:|1746153582\n|switch|p2a: Sinistcha|Sinistcha, L50|52/100\n|move|p1b: Basculegion|Protect|p1b: Basculegion\n|-singleturn|p1b: Basculegion|Protect\n|move|p2b: Terapagos|Protect|p2b: Terapagos\n|-singleturn|p2b: Terapagos|Protect\n|move|p1a: Kyogre|Ice Beam|p2a: Sinistcha\n|-supereffective|p2a: Sinistcha\n|-damage|p2a: Sinistcha|0 fnt\n|faint|p2a: Sinistcha\n|\n|-weather|RainDance|[upkeep]\n|upkeep\n|\n|t:|1746153592\n|switch|p2a: Rillaboom|Rillaboom, L50, M|28/100\n|-fieldstart|move: Grassy Terrain|[from] ability: Grassy Surge|[of] p2a: Rillaboom\n|turn|8\n|\n|t:|1746153624\n|-terastallize|p2b: Terapagos|Stellar\n|detailschange|p2b: Terapagos|Terapagos-Stellar, L50, M, tera:Stellar\n|-heal|p2b: Terapagos|100/100|[silent]\n|-ability|p2b: Terapagos|Teraform Zero\n|-weather|none\n|-fieldend|move: Grassy Terrain\n|move|p1a: Kyogre|Ice Beam|p2a: Rillaboom\n|-supereffective|p2a: Rillaboom\n|-damage|p2a: Rillaboom|0 fnt\n|faint|p2a: Rillaboom\n|move|p1b: Basculegion|Wave Crash|p2b: Terapagos\n|-damage|p2b: Terapagos|70/100\n|-damage|p1b: Basculegion|33/100|[from] Recoil\n|move|p2b: Terapagos|Calm Mind|p2b: Terapagos\n|-boost|p2b: Terapagos|spa|1\n|-boost|p2b: Terapagos|spd|1\n|\n|-heal|p2b: Terapagos|76/100|[from] item: Leftovers\n|upkeep\n|turn|9\n|inactive|Iranupagoat has 30 seconds left.\n|\n|t:|1746153655\n|move|p1b: Basculegion|Protect|p1b: Basculegion\n|-singleturn|p1b: Basculegion|Protect\n|move|p2b: Terapagos|Protect|p2b: Terapagos\n|-singleturn|p2b: Terapagos|Protect\n|move|p1a: Kyogre|Ice Beam|p2b: Terapagos\n|-activate|p2b: Terapagos|move: Protect\n|\n|-heal|p2b: Terapagos|82/100|[from] item: Leftovers\n|upkeep\n|turn|10\n|\n|t:|1746153663\n|move|p1a: Kyogre|Ice Beam|p2b: Terapagos\n|-damage|p2b: Terapagos|68/100\n|move|p1b: Basculegion|Wave Crash|p2b: Terapagos\n|-damage|p2b: Terapagos|36/100\n|-damage|p1b: Basculegion|19/100|[from] Recoil\n|move|p2b: Terapagos|Tera Starstorm|p1a: Kyogre|[spread] p1a,p1b\n|-supereffective|p1a: Kyogre\n|-crit|p1a: Kyogre\n|-damage|p1a: Kyogre|0 fnt\n|-damage|p1b: Basculegion|0 fnt\n|faint|p1a: Kyogre\n|faint|p1b: Basculegion\n|\n|win|pokefanx0\n|raw|Iranupagoat's rating: 1048 &rarr; <strong>1036</strong><br />(-12 for losing)\n|raw|pokefanx0's rating: 1154 &rarr; <strong>1172</strong><br />(+18 for winning)\n|l|\u2606Iranupagoat\n|player|p1|\n|l|\u2606pokefanx0\n|player|p2|\n", "uploadtime": 1746154025, "views": 4, "formatid": "gen9vgc2025regibo3", "rating": 1036, "private": 0, "password": null}