{"id": "gen9vgc2025regibo3-2353409939", "format": "[Gen 9] VGC 2025 Reg I (Bo3)", "players": ["Fenozi", "Samueljacksonheehe"], "log": "|j|\u2606Fenozi\n|j|\u2606Samueljacksonheehe\n|html|<table width=\"100%\"><tr><td align=\"left\">Fenozi</td><td align=\"right\">Samueljacksonheehe</tr><tr><td align=\"left\"><i class=\"fa fa-circle\"></i> <i class=\"fa fa-circle-o\"></i> </td><td align=\"right\"><i class=\"fa fa-circle-o\"></i> <i class=\"fa fa-circle\"></i> </tr></table>\n|uhtml|bestof|<h2><strong>Game 3</strong> of <a href=\"/game-bestof3-gen9vgc2025regibo3-2353404072\">a best-of-3</a></h2>\n|t:|1745953457\n|gametype|doubles\n|player|p1|Fenozi|veteran|1295\n|player|p2|Samueljacksonheehe|101|1268\n|teamsize|p1|6\n|teamsize|p2|6\n|gen|9\n|tier|[Gen 9] VGC 2025 Reg I (Bo3)\n|rated|\n|rule|Species Clause: Limit one of each Pok\u00e9mon\n|rule|Item Clause: Limit 1 of each item\n|clearpoke\n|poke|p1|Koraidon, L50|\n|poke|p1|Lunala, L50|\n|poke|p1|Chi-Yu, L50|\n|poke|p1|Ursaluna, L50, F|\n|poke|p1|Brute Bonnet, L50|\n|poke|p1|Flutter Mane, L50|\n|poke|p2|Koraidon, L50|\n|poke|p2|Lunala, L50|\n|poke|p2|Chi-Yu, L50|\n|poke|p2|Flutter Mane, L50|\n|poke|p2|Brute Bonnet, L50|\n|poke|p2|Ursaluna, L50, F|\n|teampreview|4\n|showteam|p1|Koraidon||LifeOrb|OrichalcumPulse|FlareBlitz,FlameCharge,CloseCombat,Protect||||||50|,,,,,Fire]Lunala||PowerHerb|ShadowShield|MoongeistBeam,MeteorBeam,WideGuard,TrickRoom||||||50|,,,,,Water]Chi-Yu||ChoiceScarf|BeadsofRuin|Overheat,HeatWave,DarkPulse,Snarl||||||50|,,,,,Ghost]Ursaluna||FlameOrb|Guts|Facade,Earthquake,HeadlongRush,Protect|||F|||50|,,,,,Water]Brute Bonnet||CovertCloak|Protosynthesis|SeedBomb,SuckerPunch,Spore,RagePowder||||||50|,,,,,Water]Flutter Mane||FocusSash|Protosynthesis|Moonblast,IcyWind,ShadowBall,Protect||||||50|,,,,,Normal\n|showteam|p2|Koraidon||LifeOrb|OrichalcumPulse|CloseCombat,FlareBlitz,FlameCharge,Protect||||||50|,,,,,Fire]Lunala||PowerHerb|ShadowShield|MeteorBeam,MoongeistBeam,WideGuard,TrickRoom||||||50|,,,,,Fairy]Chi-Yu||ChoiceScarf|BeadsofRuin|HeatWave,DarkPulse,Snarl,Overheat||||||50|,,,,,Fire]Flutter Mane||FocusSash|Protosynthesis|Moonblast,ShadowBall,IcyWind,Protect||||||50|,,,,,Stellar]Brute Bonnet||CovertCloak|Protosynthesis|RagePowder,Spore,SeedBomb,SuckerPunch||||||50|,,,,,Water]Ursaluna||FlameOrb|Guts|Facade,HeadlongRush,Earthquake,Protect|||F|||50|,,,,,Water\n|inactive|Battle timer is ON: inactive players will automatically lose when time's up. (requested by Fenozi)\n|\n|t:|1745953476\n|start\n|switch|p1a: Koraidon|Koraidon, L50|100/100\n|switch|p1b: Chi-Yu|Chi-Yu, L50|100/100\n|switch|p2a: Koraidon|Koraidon, L50|100/100\n|switch|p2b: Chi-Yu|Chi-Yu, L50|100/100\n|-ability|p2b: Chi-Yu|Beads of Ruin\n|-ability|p1b: Chi-Yu|Beads of Ruin\n|-weather|SunnyDay|[from] ability: Orichalcum Pulse|[of] p1a: Koraidon\n|-activate|p1a: Koraidon|Orichalcum Pulse|[source]\n|-activate|p2a: Koraidon|ability: Orichalcum Pulse\n|turn|1\n|inactive|Fenozi has 30 seconds left.\n|inactive|Samueljacksonheehe has 30 seconds left.\n|inactive|Fenozi has 20 seconds left.\n|inactive|Samueljacksonheehe has 20 seconds left.\n|inactive|Fenozi has 15 seconds left.\n|inactive|Samueljacksonheehe has 15 seconds left.\n|inactive|Fenozi has 10 seconds left.\n|inactive|Samueljacksonheehe has 10 seconds left.\n|inactive|Samueljacksonheehe has 5 seconds left.\n|\n|t:|1745953528\n|-terastallize|p2b: Chi-Yu|Fire\n|move|p1b: Chi-Yu|Heat Wave|p2a: Koraidon|[spread] p2a,p2b\n|-resisted|p2a: Koraidon\n|-resisted|p2b: Chi-Yu\n|-damage|p2a: Koraidon|60/100\n|-damage|p2b: Chi-Yu|66/100\n|move|p2b: Chi-Yu|Overheat|p1a: Koraidon\n|-resisted|p1a: Koraidon\n|-damage|p1a: Koraidon|0 fnt\n|-unboost|p2b: Chi-Yu|spa|2\n|faint|p1a: Koraidon\n|move|p2a: Koraidon|Close Combat|p1b: Chi-Yu\n|-supereffective|p1b: Chi-Yu\n|-damage|p1b: Chi-Yu|0 fnt\n|-unboost|p2a: Koraidon|def|1\n|-unboost|p2a: Koraidon|spd|1\n|faint|p1b: Chi-Yu\n|-damage|p2a: Koraidon|50/100|[from] item: Life Orb\n|\n|-weather|SunnyDay|[upkeep]\n|upkeep\n|\n|t:|1745953541\n|switch|p1a: Lunala|Lunala, L50|100/100\n|switch|p1b: Ursaluna|Ursaluna, L50, F|100/100\n|turn|2\n|\n|t:|1745953562\n|-terastallize|p1a: Lunala|Water\n|move|p1b: Ursaluna|Protect|p1b: Ursaluna\n|-singleturn|p1b: Ursaluna|Protect\n|move|p2b: Chi-Yu|Overheat|p1a: Lunala\n|-resisted|p1a: Lunala\n|-damage|p1a: Lunala|82/100\n|-unboost|p2b: Chi-Yu|spa|2\n|move|p2a: Koraidon|Flare Blitz|p1a: Lunala\n|-resisted|p1a: Lunala\n|-damage|p1a: Lunala|34/100\n|-damage|p2a: Koraidon|29/100|[from] Recoil\n|-damage|p2a: Koraidon|20/100|[from] item: Life Orb\n|move|p1a: Lunala|Trick Room|p1a: Lunala\n|-fieldstart|move: Trick Room|[of] p1a: Lunala\n|\n|-weather|SunnyDay|[upkeep]\n|-status|p1b: Ursaluna|brn|[from] item: Flame Orb\n|upkeep\n|turn|3\n|\n|t:|1745953580\n|move|p2a: Koraidon|Protect|p2a: Koraidon\n|-singleturn|p2a: Koraidon|Protect\n|move|p1a: Lunala|Wide Guard|p1a: Lunala\n|-singleturn|p1a: Lunala|Wide Guard\n|move|p1b: Ursaluna|Earthquake|p2a: Koraidon|[spread] p2b\n|-activate|p1a: Lunala|move: Wide Guard\n|-activate|p2a: Koraidon|move: Protect\n|-supereffective|p2b: Chi-Yu\n|-damage|p2b: Chi-Yu|0 fnt\n|faint|p2b: Chi-Yu\n|\n|-weather|SunnyDay|[upkeep]\n|-damage|p1b: Ursaluna|95/100 brn|[from] brn\n|upkeep\n|\n|t:|1745953591\n|switch|p2b: Brute Bonnet|Brute Bonnet, L50|100/100\n|-activate|p2b: Brute Bonnet|ability: Protosynthesis\n|-start|p2b: Brute Bonnet|protosynthesisdef\n|turn|4\n|inactive|Samueljacksonheehe has 30 seconds left.\n|inactive|Fenozi has 30 seconds left.\n|inactive|Fenozi has 20 seconds left.\n|\n|t:|1745953632\n|switch|p2a: Lunala|Lunala, L50|100/100\n|move|p1b: Ursaluna|Earthquake|p2a: Lunala|[spread] p1a,p2a,p2b\n|-resisted|p2b: Brute Bonnet\n|-damage|p1a: Lunala|0 fnt\n|-damage|p2a: Lunala|74/100\n|-damage|p2b: Brute Bonnet|83/100\n|faint|p1a: Lunala\n|move|p2b: Brute Bonnet|Seed Bomb|p1b: Ursaluna\n|-supereffective|p1b: Ursaluna\n|-damage|p1b: Ursaluna|48/100 brn\n|\n|-weather|SunnyDay|[upkeep]\n|-damage|p1b: Ursaluna|42/100 brn|[from] brn\n|upkeep\n|turn|5\n|\n|t:|1745953653\n|move|p2b: Brute Bonnet|Rage Powder|p2b: Brute Bonnet\n|-singleturn|p2b: Brute Bonnet|move: Rage Powder\n|move|p1b: Ursaluna|Facade|p2b: Brute Bonnet\n|-damage|p2b: Brute Bonnet|24/100\n|move|p2a: Lunala|Meteor Beam||[still]\n|-prepare|p2a: Lunala|Meteor Beam\n|-boost|p2a: Lunala|spa|1\n|-enditem|p2a: Lunala|Power Herb\n|-anim|p2a: Lunala|Meteor Beam|p1b: Ursaluna\n|-resisted|p1b: Ursaluna\n|-damage|p1b: Ursaluna|11/100 brn\n|\n|-weather|none\n|-end|p2b: Brute Bonnet|Protosynthesis\n|-damage|p1b: Ursaluna|6/100 brn|[from] brn\n|upkeep\n|turn|6\n|\n|t:|1745953670\n|move|p2a: Lunala|Wide Guard|p2a: Lunala\n|-singleturn|p2a: Lunala|Wide Guard\n|move|p2b: Brute Bonnet|Rage Powder|p2b: Brute Bonnet\n|-singleturn|p2b: Brute Bonnet|move: Rage Powder\n|move|p1b: Ursaluna|Headlong Rush|p2b: Brute Bonnet\n|-resisted|p2b: Brute Bonnet\n|-damage|p2b: Brute Bonnet|0 fnt\n|-unboost|p1b: Ursaluna|def|1\n|-unboost|p1b: Ursaluna|spd|1\n|faint|p2b: Brute Bonnet\n|-end|p2b: Brute Bonnet|Protosynthesis|[silent]\n|\n|-damage|p1b: Ursaluna|0 fnt|[from] brn\n|faint|p1b: Ursaluna\n|\n|win|Samueljacksonheehe\n|raw|Fenozi's rating: 1295 &rarr; <strong>1268</strong><br />(-27 for losing)\n|raw|Samueljacksonheehe's rating: 1268 &rarr; <strong>1295</strong><br />(+27 for winning)\n|c|\u2606Samueljacksonheehe|gg\n|c|\u2606Fenozi|gg\n", "uploadtime": 1745953683, "views": 19, "formatid": "gen9vgc2025regibo3", "rating": 1268, "private": 0, "password": null}