{"id": "gen9vgc2025regibo3-2355141574", "format": "[Gen 9] VGC 2025 Reg I (Bo3)", "players": ["ThisIsntFortnite", "slimeythings"], "log": "|j|\u2606ThisIsntFortnite\n|j|\u2606slimeythings\n|html|<table width=\"100%\"><tr><td align=\"left\">ThisIsntFortnite</td><td align=\"right\">slimeythings</tr><tr><td align=\"left\"><i class=\"fa fa-circle-o\"></i> <i class=\"fa fa-circle-o\"></i> </td><td align=\"right\"><i class=\"fa fa-circle-o\"></i> <i class=\"fa fa-circle-o\"></i> </tr></table>\n|uhtml|bestof|<h2><strong>Game 1</strong> of <a href=\"/game-bestof3-gen9vgc2025regibo3-2355141573\">a best-of-3</a></h2>\n|t:|1746157879\n|gametype|doubles\n|player|p1|ThisIsntFortnite|dawn|1000\n|player|p2|slimeythings|benga|1000\n|teamsize|p1|6\n|teamsize|p2|6\n|gen|9\n|tier|[Gen 9] VGC 2025 Reg I (Bo3)\n|rated|\n|rule|Species Clause: Limit one of each Pok\u00e9mon\n|rule|Item Clause: Limit 1 of each item\n|clearpoke\n|poke|p1|Calyrex-Shadow, L50|\n|poke|p1|Koraidon, L50|\n|poke|p1|Whimsicott, L50, F|\n|poke|p1|Brute Bonnet, L50|\n|poke|p1|Walking Wake, L50|\n|poke|p1|Flutter Mane, L50|\n|poke|p2|Kyogre, L50|\n|poke|p2|Whimsicott, L50, M|\n|poke|p2|Ogerpon-Wellspring, L50, F|\n|poke|p2|Rayquaza, L50|\n|poke|p2|Maushold-Four, L50|\n|poke|p2|Annihilape, L50, F|\n|teampreview|4\n|showteam|p1|Calyrex-Shadow||ChoiceSpecs|AsOneSpectrier|AstralBarrage,ShadowBall,Psychic,LeafStorm||||||50|,,,,,Ghost]Koraidon||LifeOrb|OrichalcumPulse|CloseCombat,FlareBlitz,CollisionCourse,Protect||||||50|,,,,,Fire]Whimsicott||FocusSash|Prankster|Tailwind,Protect,Encore,LightScreen|||F|||50|,,,,,Dark]Brute Bonnet||CovertCloak|Protosynthesis|Spore,SuckerPunch,PollenPuff,Protect||||||50|,,,,,Water]Walking Wake||AssaultVest|Protosynthesis|DracoMeteor,HydroSteam,WeatherBall,Flamethrower||||||50|,,,,,Steel]Flutter Mane||ChoiceScarf|Protosynthesis|ShadowBall,DazzlingGleam,Moonblast,Thunderbolt||||||50|,,,,,Water\n|showteam|p2|Kyogre||ChoiceSpecs|Drizzle|WaterSpout,Thunder,IceBeam,AncientPower||||||50|,,,,,Grass]Whimsicott||FocusSash|Prankster|HelpingHand,CottonSpore,Moonblast,Tailwind|||M|||50|,,,,,Steel]Ogerpon-Wellspring||WellspringMask|WaterAbsorb|IvyCudgel,HornLeech,SwordsDance,SpikyShield|||F|||50|,,,,,Water]Rayquaza||LifeOrb|AirLock|ExtremeSpeed,DragonAscent,Avalanche,Earthquake||||||50|,,,,,Electric]Maushold-Four||LoadedDice|Technician|BeatUp,PopulationBomb,FollowMe,ThunderWave||||||50|,,,,,Ghost]Annihilape||PunchingGlove|Defiant|RageFist,IcePunch,Coaching,DrainPunch|||F|||50|,,,,,Normal\n|inactive|Battle timer is ON: inactive players will automatically lose when time's up. (requested by ThisIsntFortnite)\n|inactive|ThisIsntFortnite has 60 seconds left.\n|\n|t:|1746157924\n|start\n|switch|p1a: Calyrex|Calyrex-Shadow, L50|100/100\n|switch|p1b: Whimsicott|Whimsicott, L50, F|100/100\n|switch|p2a: Whimsicott|Whimsicott, L50, M, shiny|100/100\n|switch|p2b: Annihilape|Annihilape, L50, F, shiny|100/100\n|-ability|p1a: Calyrex|As One\n|-ability|p1a: Calyrex|Unnerve\n|turn|1\n|inactive|ThisIsntFortnite has 30 seconds left.\n|\n|t:|1746157952\n|switch|p1a: Koraidon|Koraidon, L50|100/100\n|-weather|SunnyDay|[from] ability: Orichalcum Pulse|[of] p1a: Koraidon\n|-activate|p1a: Koraidon|Orichalcum Pulse|[source]\n|move|p1b: Whimsicott|Tailwind|p1b: Whimsicott\n|-sidestart|p1: ThisIsntFortnite|move: Tailwind\n|move|p2a: Whimsicott|Tailwind|p2a: Whimsicott\n|-sidestart|p2: slimeythings|move: Tailwind\n|move|p2b: Annihilape|Rage Fist|p1a: Koraidon\n|-damage|p1a: Koraidon|76/100\n|\n|-weather|SunnyDay|[upkeep]\n|upkeep\n|turn|2\n|inactive|ThisIsntFortnite has 30 seconds left.\n|inactive|ThisIsntFortnite has 20 seconds left.\n|\n|t:|1746157989\n|move|p1b: Whimsicott|Light Screen|p1b: Whimsicott\n|-sidestart|p1: ThisIsntFortnite|move: Light Screen\n|move|p2a: Whimsicott|Cotton Spore|p1a: Koraidon|[spread] p1a\n|-immune|p1b: Whimsicott\n|-unboost|p1a: Koraidon|spe|2\n|move|p2b: Annihilape|Ice Punch|p1a: Koraidon\n|-supereffective|p1a: Koraidon\n|-damage|p1a: Koraidon|29/100\n|move|p1a: Koraidon|Collision Course|p2a: Whimsicott\n|-resisted|p2a: Whimsicott\n|-damage|p2a: Whimsicott|30/100\n|-damage|p1a: Koraidon|20/100|[from] item: Life Orb\n|\n|-weather|SunnyDay|[upkeep]\n|upkeep\n|turn|3\n|\n|t:|1746158012\n|switch|p1a: Calyrex|Calyrex-Shadow, L50|100/100\n|-ability|p1a: Calyrex|As One\n|-ability|p1a: Calyrex|Unnerve\n|move|p1b: Whimsicott|Encore|p2b: Annihilape\n|-start|p2b: Annihilape|Encore\n|move|p2a: Whimsicott|Cotton Spore|p1b: Whimsicott|[spread] p1a\n|-immune|p1b: Whimsicott\n|-unboost|p1a: Calyrex|spe|2\n|move|p2b: Annihilape|Ice Punch|p1a: Calyrex\n|-damage|p1a: Calyrex|69/100\n|\n|-weather|SunnyDay|[upkeep]\n|upkeep\n|turn|4\n|\n|t:|1746158035\n|-terastallize|p1a: Calyrex|Ghost\n|move|p2a: Whimsicott|Helping Hand|p2b: Annihilape\n|-singleturn|p2b: Annihilape|Helping Hand|[of] p2a: Whimsicott\n|move|p1b: Whimsicott|Protect|p1b: Whimsicott\n|-singleturn|p1b: Whimsicott|Protect\n|move|p2b: Annihilape|Ice Punch|p1a: Calyrex\n|-damage|p1a: Calyrex|19/100\n|move|p1a: Calyrex|Astral Barrage|p2b: Annihilape|[spread] p2a,p2b\n|-supereffective|p2b: Annihilape\n|-damage|p2a: Whimsicott|0 fnt\n|-damage|p2b: Annihilape|0 fnt\n|faint|p2a: Whimsicott\n|faint|p2b: Annihilape\n|-ability|p1a: Calyrex|Grim Neigh|boost\n|-boost|p1a: Calyrex|spa|2\n|\n|-weather|SunnyDay|[upkeep]\n|-sideend|p2: slimeythings|move: Tailwind\n|-sideend|p1: ThisIsntFortnite|move: Tailwind\n|upkeep\n|\n|t:|1746158054\n|switch|p2a: Rayquaza|Rayquaza, L50, shiny|100/100\n|switch|p2b: Ogerpon|Ogerpon-Wellspring, L50, F|100/100\n|-ability|p2a: Rayquaza|Air Lock\n|turn|5\n|\n|t:|1746158077\n|-terastallize|p2b: Ogerpon|Water\n|detailschange|p2b: Ogerpon|Ogerpon-Wellspring-Tera, L50, F, tera:Water\n|-ability|p2b: Ogerpon|Embody Aspect (Wellspring)|boost\n|-boost|p2b: Ogerpon|spd|1\n|move|p2b: Ogerpon|Spiky Shield|p2b: Ogerpon\n|-singleturn|p2b: Ogerpon|move: Protect\n|move|p1b: Whimsicott|Tailwind|p1b: Whimsicott\n|-sidestart|p1: ThisIsntFortnite|move: Tailwind\n|move|p1a: Calyrex|Astral Barrage|p2b: Ogerpon|[spread] p2a\n|-activate|p2b: Ogerpon|move: Protect\n|-damage|p2a: Rayquaza|0 fnt\n|faint|p2a: Rayquaza\n|-ability|p1a: Calyrex|Grim Neigh|boost\n|-boost|p1a: Calyrex|spa|1\n|\n|-weather|none\n|upkeep\n|turn|6\n|\n|t:|1746158097\n|move|p1b: Whimsicott|Encore|p2b: Ogerpon\n|-start|p2b: Ogerpon|Encore\n|move|p1a: Calyrex|Astral Barrage|p2b: Ogerpon\n|-damage|p2b: Ogerpon|0 fnt\n|faint|p2b: Ogerpon\n|\n|win|ThisIsntFortnite\n||ThisIsntFortnite is ready for game 2.\n||slimeythings is ready for game 2.\n|uhtml|next|Next: <a href=\"/battle-gen9vgc2025regibo3-2355143238\"><strong>Game 2 of 3</strong></a>\n|l|\u2606slimeythings\n|player|p2|\n", "uploadtime": 1746158427, "views": 1, "formatid": "gen9vgc2025regibo3", "rating": null, "private": 0, "password": null}