{"id": "gen9vgc2025regibo3-2354726536", "format": "[Gen 9] VGC 2025 Reg I (Bo3)", "players": ["maddokyoma", "AcquireJuice"], "log": "|j|\u2606maddokyoma\n|j|\u2606AcquireJuice\n|html|<table width=\"100%\"><tr><td align=\"left\">maddokyoma</td><td align=\"right\">AcquireJuice</tr><tr><td align=\"left\"><i class=\"fa fa-circle\"></i> <i class=\"fa fa-circle-o\"></i> </td><td align=\"right\"><i class=\"fa fa-circle-o\"></i> <i class=\"fa fa-circle\"></i> </tr></table>\n|uhtml|bestof|<h2><strong>Game 3</strong> of <a href=\"/game-bestof3-gen9vgc2025regibo3-2354720821\">a best-of-3</a></h2>\n|t:|1746114347\n|gametype|doubles\n|player|p1|maddokyoma|volo|1211\n|player|p2|AcquireJuice|marlon|1248\n|teamsize|p1|6\n|teamsize|p2|6\n|gen|9\n|tier|[Gen 9] VGC 2025 Reg I (Bo3)\n|rated|\n|rule|Species Clause: Limit one of each Pok\u00e9mon\n|rule|Item Clause: Limit 1 of each item\n|clearpoke\n|poke|p1|Miraidon, L50|\n|poke|p1|Iron Hands, L50|\n|poke|p1|Pelipper, L50, M|\n|poke|p1|Ogerpon-Wellspring, L50, F|\n|poke|p1|Farigiraf, L50, M|\n|poke|p1|Calyrex-Ice, L50|\n|poke|p2|Mandibuzz, L50, F|\n|poke|p2|Lunala, L50|\n|poke|p2|Koraidon, L50|\n|poke|p2|Scream Tail, L50|\n|poke|p2|Flutter Mane, L50|\n|poke|p2|Amoonguss, L50, F|\n|teampreview|4\n|showteam|p1|Miraidon||LifeOrb|HadronEngine|Protect,DracoMeteor,ElectroDrift,VoltSwitch||||||50|,,,,,Electric]Iron Hands||ElectricSeed|QuarkDrive|Protect,SwordsDance,DrainPunch,ThunderPunch||||||50|,,,,,Grass]Pelipper||FocusSash|Drizzle|Tailwind,WideGuard,WeatherBall,Hurricane|||M|||50|,,,,,Ground]Ogerpon-Wellspring||WellspringMask|WaterAbsorb|FollowMe,SwordsDance,IvyCudgel,SpikyShield|||F|||50|,,,,,Water]Farigiraf||RockyHelmet|ArmorTail|DazzlingGleam,Protect,HelpingHand,TrickRoom|||M|||50|,,,,,Fairy]Calyrex-Ice||ClearAmulet|AsOneGlastrier|GlacialLance,HighHorsepower,TrickRoom,Protect||||||50|,,,,,Normal\n|showteam|p2|Mandibuzz||CovertCloak|Overcoat|FoulPlay,Tailwind,Taunt,Snarl|||F|||50|,,,,,Electric]Lunala||PowerHerb|ShadowShield|MoongeistBeam,WideGuard,MeteorBeam,Moonblast||||||50|,,,,,Fairy]Koraidon||AssaultVest|OrichalcumPulse|FlareBlitz,FlameCharge,DrainPunch,BreakingSwipe||||||50|,,,,,Fire]Scream Tail||BoosterEnergy|Protosynthesis|DazzlingGleam,Encore,Disable,Protect||||||50|,,,,,Normal]Flutter Mane||ChoiceSpecs|Protosynthesis|Moonblast,DazzlingGleam,ShadowBall,IcyWind||||||50|,,,,,Fairy]Amoonguss||RockyHelmet|Regenerator|PollenPuff,RagePowder,Spore,ClearSmog|||F|||50|,,,,,Water\n|inactive|Battle timer is ON: inactive players will automatically lose when time's up. (requested by maddokyoma)\n|\n|t:|1746114381\n|start\n|switch|p1a: Miraidon|Miraidon, L50|100/100\n|switch|p1b: Iron Hands|Iron Hands, L50|100/100\n|switch|p2a: Amoonguss|Amoonguss, L50, F|100/100\n|switch|p2b: Flutter Mane|Flutter Mane, L50|100/100\n|-fieldstart|move: Electric Terrain|[from] ability: Hadron Engine|[of] p1a: Miraidon\n|-activate|p1b: Iron Hands|ability: Quark Drive\n|-start|p1b: Iron Hands|quarkdriveatk\n|-enditem|p1b: Iron Hands|Electric Seed\n|-boost|p1b: Iron Hands|def|1|[from] item: Electric Seed\n|turn|1\n|inactive|maddokyoma has 30 seconds left.\n|inactive|AcquireJuice has 30 seconds left.\n|\n|t:|1746114415\n|-terastallize|p1b: Iron Hands|Grass\n|move|p1a: Miraidon|Protect|p1a: Miraidon\n|-singleturn|p1a: Miraidon|Protect\n|move|p2a: Amoonguss|Rage Powder|p2a: Amoonguss\n|-singleturn|p2a: Amoonguss|move: Rage Powder\n|move|p2b: Flutter Mane|Dazzling Gleam|p1b: Iron Hands|[spread] p1b\n|-activate|p1a: Miraidon|move: Protect\n|-damage|p1b: Iron Hands|58/100\n|move|p1b: Iron Hands|Thunder Punch|p2b: Flutter Mane\n|-damage|p2b: Flutter Mane|0 fnt\n|faint|p2b: Flutter Mane\n|-end|p2b: Flutter Mane|Protosynthesis|[silent]\n|\n|upkeep\n|\n|t:|1746114423\n|switch|p2b: Koraidon|Koraidon, L50|100/100\n|-weather|SunnyDay|[from] ability: Orichalcum Pulse|[of] p2b: Koraidon\n|-activate|p2b: Koraidon|Orichalcum Pulse|[source]\n|turn|2\n|\n|t:|1746114438\n|switch|p1a: Pelipper|Pelipper, L50, M|100/100\n|-weather|RainDance|[from] ability: Drizzle|[of] p1a: Pelipper\n|move|p2b: Koraidon|Breaking Swipe|p1b: Iron Hands|[spread] p1a,p1b\n|-damage|p1a: Pelipper|70/100\n|-damage|p1b: Iron Hands|47/100\n|-unboost|p1a: Pelipper|atk|1\n|-unboost|p1b: Iron Hands|atk|1\n|move|p1b: Iron Hands|Swords Dance|p1b: Iron Hands\n|-boost|p1b: Iron Hands|atk|2\n|move|p2a: Amoonguss|Pollen Puff|p1b: Iron Hands\n|-supereffective|p1b: Iron Hands\n|-damage|p1b: Iron Hands|14/100\n|\n|-weather|RainDance|[upkeep]\n|upkeep\n|turn|3\n|inactive|maddokyoma has 30 seconds left.\n|inactive|AcquireJuice has 30 seconds left.\n|inactive|AcquireJuice has 20 seconds left.\n|\n|t:|1746114478\n|move|p2b: Koraidon|Drain Punch|p1b: Iron Hands\n|-damage|p1b: Iron Hands|0 fnt\n|faint|p1b: Iron Hands\n|-end|p1b: Iron Hands|Quark Drive|[silent]\n|move|p1a: Pelipper|Tailwind|p1a: Pelipper\n|-sidestart|p1: maddokyoma|move: Tailwind\n|move|p2a: Amoonguss|Spore|p1a: Pelipper\n|-status|p1a: Pelipper|slp|[from] move: Spore\n|\n|-weather|RainDance|[upkeep]\n|upkeep\n|inactive|maddokyoma has 30 seconds left.\n|\n|t:|1746114508\n|switch|p1b: Calyrex|Calyrex-Ice, L50|100/100\n|-ability|p1b: Calyrex|As One\n|-ability|p1b: Calyrex|Unnerve\n|turn|4\n|\n|t:|1746114523\n|switch|p2b: Lunala|Lunala, L50|100/100\n|-terastallize|p2a: Amoonguss|Water\n|cant|p1a: Pelipper|slp\n|move|p1b: Calyrex|Glacial Lance|p2b: Lunala|[spread] p2a,p2b\n|-resisted|p2a: Amoonguss\n|-damage|p2a: Amoonguss|75/100\n|-damage|p2b: Lunala|79/100\n|move|p2a: Amoonguss|Pollen Puff|p1b: Calyrex\n|-supereffective|p1b: Calyrex\n|-damage|p1b: Calyrex|76/100\n|\n|-weather|RainDance|[upkeep]\n|upkeep\n|turn|5\n|inactive|maddokyoma has 30 seconds left.\n|inactive|AcquireJuice has 30 seconds left.\n|\n|t:|1746114556\n|cant|p1a: Pelipper|slp\n|move|p2b: Lunala|Meteor Beam||[still]\n|-prepare|p2b: Lunala|Meteor Beam\n|-boost|p2b: Lunala|spa|1\n|-enditem|p2b: Lunala|Power Herb\n|-anim|p2b: Lunala|Meteor Beam|p1a: Pelipper\n|-supereffective|p1a: Pelipper\n|-damage|p1a: Pelipper|0 fnt\n|faint|p1a: Pelipper\n|move|p1b: Calyrex|Glacial Lance|p2b: Lunala|[spread] p2a,p2b\n|-resisted|p2a: Amoonguss\n|-damage|p2a: Amoonguss|50/100\n|-damage|p2b: Lunala|31/100\n|move|p2a: Amoonguss|Pollen Puff|p2b: Lunala\n|-heal|p2b: Lunala|81/100\n|\n|-weather|RainDance|[upkeep]\n|-fieldend|move: Electric Terrain\n|upkeep\n|\n|t:|1746114571\n|switch|p1a: Miraidon|Miraidon, L50|100/100\n|-fieldstart|move: Electric Terrain|[from] ability: Hadron Engine|[of] p1a: Miraidon\n|turn|6\n|\n|t:|1746114594\n|move|p2a: Amoonguss|Rage Powder|p2a: Amoonguss\n|-singleturn|p2a: Amoonguss|move: Rage Powder\n|move|p1a: Miraidon|Electro Drift|p2a: Amoonguss\n|-supereffective|p2a: Amoonguss\n|-damage|p2a: Amoonguss|0 fnt\n|-damage|p1a: Miraidon|84/100|[from] item: Rocky Helmet|[of] p2a: Amoonguss\n|faint|p2a: Amoonguss\n|-damage|p1a: Miraidon|74/100|[from] item: Life Orb\n|move|p2b: Lunala|Moonblast|p1a: Miraidon\n|-supereffective|p1a: Miraidon\n|-damage|p1a: Miraidon|0 fnt\n|faint|p1a: Miraidon\n|move|p1b: Calyrex|Glacial Lance|p2b: Lunala\n|-damage|p2b: Lunala|20/100\n|\n|-weather|none\n|-sideend|p1: maddokyoma|move: Tailwind\n|upkeep\n|\n|t:|1746114604\n|switch|p2a: Koraidon|Koraidon, L50|100/100\n|-weather|SunnyDay|[from] ability: Orichalcum Pulse|[of] p2a: Koraidon\n|-activate|p2a: Koraidon|Orichalcum Pulse|[source]\n|turn|7\n|\n|t:|1746114611\n|move|p2a: Koraidon|Flare Blitz|p1b: Calyrex\n|-supereffective|p1b: Calyrex\n|-damage|p1b: Calyrex|0 fnt\n|faint|p1b: Calyrex\n|-damage|p2a: Koraidon|74/100|[from] Recoil\n|\n|win|AcquireJuice\n|raw|maddokyoma's rating: 1211 &rarr; <strong>1189</strong><br />(-22 for losing)\n|raw|AcquireJuice's rating: 1248 &rarr; <strong>1270</strong><br />(+22 for winning)\n", "uploadtime": 1746114615, "views": 34, "formatid": "gen9vgc2025regibo3", "rating": 1189, "private": 0, "password": null}