{"id": "gen9vgc2025regibo3-2354041162", "format": "[Gen 9] VGC 2025 Reg I (Bo3)", "players": ["PEKORA999", "juacox300"], "log": "|j|\u2606PEKORA999\n|j|\u2606juacox300\n|html|<table width=\"100%\"><tr><td align=\"left\">PEKORA999</td><td align=\"right\">juacox300</tr><tr><td align=\"left\"><i class=\"fa fa-circle-o\"></i> <i class=\"fa fa-circle-o\"></i> </td><td align=\"right\"><i class=\"fa fa-circle-o\"></i> <i class=\"fa fa-circle-o\"></i> </tr></table>\n|uhtml|bestof|<h2><strong>Game 1</strong> of <a href=\"/game-bestof3-gen9vgc2025regibo3-2354041161\">a best-of-3</a></h2>\n|t:|1746029839\n|gametype|doubles\n|player|p1|PEKORA999|265|1383\n|player|p2|juacox300|unknown|1434\n|teamsize|p1|6\n|teamsize|p2|6\n|gen|9\n|tier|[Gen 9] VGC 2025 Reg I (Bo3)\n|rated|\n|rule|Species Clause: Limit one of each Pok\u00e9mon\n|rule|Item Clause: Limit 1 of each item\n|clearpoke\n|poke|p1|Groudon, L50|\n|poke|p1|Miraidon, L50|\n|poke|p1|Grimmsnarl, L50, M|\n|poke|p1|Iron Hands, L50|\n|poke|p1|Farigiraf, L50, M|\n|poke|p1|Volcarona, L50, M|\n|poke|p2|Miraidon, L50|\n|poke|p2|Iron Hands, L50|\n|poke|p2|Calyrex-Ice, L50|\n|poke|p2|Incineroar, L50, M|\n|poke|p2|Chi-Yu, L50|\n|poke|p2|Alcremie-Salted-Cream, L50, F|\n|teampreview|4\n|showteam|p1|Groudon||AssaultVest|Drought|PrecipiceBlades,HeatCrash,ThunderPunch,HighHorsepower||||||50|,,,,,Fire]Miraidon||ChoiceSpecs|HadronEngine|ElectroDrift,DazzlingGleam,VoltSwitch,DracoMeteor||||||50|,,,,,Fairy]Grimmsnarl||LightClay|Prankster|FoulPlay,ThunderWave,LightScreen,Reflect|||M|||50|,,,,,Ghost]Iron Hands||ClearAmulet|QuarkDrive|LowKick,HeavySlam,DrainPunch,FakeOut||||||50|,,,,,Grass]Farigiraf||ElectricSeed|ArmorTail|FoulPlay,Psychic,TrickRoom,HelpingHand|||M|||50|,,,,,Water]Volcarona||Leftovers|FlameBody|Protect,FieryDance,GigaDrain,QuiverDance|||M|||50|,,,,,Grass\n|showteam|p2|Miraidon||LifeOrb|HadronEngine|ElectroDrift,DracoMeteor,Protect,DazzlingGleam||||||50|,,,,,Fairy]Iron Hands||AssaultVest|QuarkDrive|WildCharge,LowKick,FakeOut,HeavySlam||||||50|,,,,,Fire]Calyrex-Ice||ClearAmulet|AsOneGlastrier|GlacialLance,HighHorsepower,Protect,TrickRoom||||||50|,,,,,Dragon]Incineroar||RockyHelmet|Intimidate|KnockOff,FlareBlitz,FakeOut,Taunt|||M|||50|,,,,,Poison]Chi-Yu||ChoiceScarf|BeadsofRuin|HeatWave,Snarl,Overheat,DarkPulse||||||50|,,,,,Ghost]Alcremie-Salted-Cream||CovertCloak|AromaVeil|AlluringVoice,Decorate,Protect,Encore|||F|||50|,,,,,Grass\n|\n|t:|1746029911\n|start\n|switch|p1a: Miraidon|Miraidon, L50|100/100\n|switch|p1b: Farigiraf|Farigiraf, L50, M|100/100\n|switch|p2a: Miraidon|Miraidon, L50|100/100\n|switch|p2b: Elena|Alcremie-Salted-Cream, L50, F|100/100\n|-fieldstart|move: Electric Terrain|[from] ability: Hadron Engine|[of] p2a: Miraidon\n|-enditem|p1b: Farigiraf|Electric Seed\n|-boost|p1b: Farigiraf|def|1|[from] item: Electric Seed\n|-activate|p1a: Miraidon|ability: Hadron Engine\n|turn|1\n|\n|t:|1746029934\n|move|p2a: Miraidon|Protect|p2a: Miraidon\n|-singleturn|p2a: Miraidon|Protect\n|move|p2b: Elena|Protect|p2b: Elena\n|-singleturn|p2b: Elena|Protect\n|move|p1a: Miraidon|Volt Switch|p2a: Miraidon\n|-activate|p2a: Miraidon|move: Protect\n|move|p1b: Farigiraf|Psychic|p2a: Miraidon\n|-activate|p2a: Miraidon|move: Protect\n|\n|upkeep\n|turn|2\n|\n|t:|1746029952\n|move|p2a: Miraidon|Electro Drift|p1b: Farigiraf\n|-damage|p1b: Farigiraf|0 fnt\n|faint|p1b: Farigiraf\n|-damage|p2a: Miraidon|91/100|[from] item: Life Orb\n|move|p1a: Miraidon|Volt Switch|p2b: Elena\n|-damage|p2b: Elena|16/100\n|\n|t:|1746029961\n|switch|p1a: Volcarona|Volcarona, L50, M|100/100|[from] Volt Switch\n|move|p2b: Elena|Decorate|p2a: Miraidon\n|-boost|p2a: Miraidon|atk|2\n|-boost|p2a: Miraidon|spa|2\n|\n|upkeep\n|\n|t:|1746029968\n|switch|p1b: Fisto|Iron Hands, L50, shiny|100/100\n|-activate|p1b: Fisto|ability: Quark Drive\n|-start|p1b: Fisto|quarkdriveatk\n|turn|3\n|\n|t:|1746029975\n|move|p2a: Miraidon|Protect|p2a: Miraidon\n|-singleturn|p2a: Miraidon|Protect\n|move|p1b: Fisto|Fake Out|p2a: Miraidon\n|-activate|p2a: Miraidon|move: Protect\n|move|p1a: Volcarona|Quiver Dance|p1a: Volcarona\n|-boost|p1a: Volcarona|spa|1\n|-boost|p1a: Volcarona|spd|1\n|-boost|p1a: Volcarona|spe|1\n|move|p2b: Elena|Encore|p1a: Volcarona\n|-start|p1a: Volcarona|Encore\n|\n|upkeep\n|turn|4\n|\n|t:|1746029986\n|-terastallize|p2a: Miraidon|Fairy\n|move|p2a: Miraidon|Dazzling Gleam|p1b: Fisto|[spread] p1a,p1b\n|-resisted|p1a: Volcarona\n|-supereffective|p1b: Fisto\n|-damage|p1a: Volcarona|67/100\n|-damage|p1b: Fisto|0 fnt\n|faint|p1b: Fisto\n|-end|p1b: Fisto|Quark Drive|[silent]\n|-damage|p2a: Miraidon|81/100|[from] item: Life Orb\n|move|p1a: Volcarona|Quiver Dance|p1a: Volcarona\n|-boost|p1a: Volcarona|spa|1\n|-boost|p1a: Volcarona|spd|1\n|-boost|p1a: Volcarona|spe|1\n|move|p2b: Elena|Decorate|p2a: Miraidon\n|-boost|p2a: Miraidon|atk|2\n|-boost|p2a: Miraidon|spa|2\n|\n|-heal|p1a: Volcarona|73/100|[from] item: Leftovers\n|upkeep\n|\n|t:|1746029989\n|switch|p1b: Miraidon|Miraidon, L50|100/100\n|-activate|p1b: Miraidon|ability: Hadron Engine\n|turn|5\n|\n|t:|1746030001\n|move|p1a: Volcarona|Quiver Dance|p1a: Volcarona\n|-boost|p1a: Volcarona|spa|1\n|-boost|p1a: Volcarona|spd|1\n|-boost|p1a: Volcarona|spe|1\n|move|p2a: Miraidon|Electro Drift|p1a: Volcarona\n|-damage|p1a: Volcarona|0 fnt\n|faint|p1a: Volcarona\n|-damage|p2a: Miraidon|71/100|[from] item: Life Orb\n|move|p1b: Miraidon|Electro Drift|p2a: Miraidon\n|-damage|p2a: Miraidon|0 fnt\n|faint|p2a: Miraidon\n|move|p2b: Elena|Alluring Voice|p1b: Miraidon\n|-supereffective|p1b: Miraidon\n|-damage|p1b: Miraidon|44/100\n|\n|-fieldend|move: Electric Terrain\n|upkeep\n|\n|t:|1746030004\n|switch|p2a: Calyrex|Calyrex-Ice, L50|100/100\n|-ability|p2a: Calyrex|As One\n|-ability|p2a: Calyrex|Unnerve\n|turn|6\n|\n|t:|1746030011\n|-terastallize|p1b: Miraidon|Fairy\n|move|p1b: Miraidon|Electro Drift|p2a: Calyrex\n|-damage|p2a: Calyrex|39/100\n|move|p2b: Elena|Alluring Voice|p1b: Miraidon\n|-damage|p1b: Miraidon|19/100\n|move|p2a: Calyrex|Glacial Lance|p1b: Miraidon\n|-damage|p1b: Miraidon|0 fnt\n|faint|p1b: Miraidon\n|\n|win|juacox300\n||PEKORA999 is ready for game 2.\n|inactive|juacox300 has 30 seconds to confirm battle start!\n|inactive|juacox300 has 20 seconds to confirm battle start!\n||juacox300 is ready for game 2.\n|uhtml|next|Next: <a href=\"/battle-gen9vgc2025regibo3-2354043508\"><strong>Game 2 of 3</strong></a>\n", "uploadtime": 1746030356, "views": 7, "formatid": "gen9vgc2025regibo3", "rating": null, "private": 0, "password": null}