{"id": "gen9vgc2025regibo3-2354661485", "format": "[Gen 9] VGC 2025 Reg I (Bo3)", "players": ["Jdv1", "ihopeafairmatch"], "log": "|j|\u2606Jdv1\n|j|\u2606ihopeafairmatch\n|html|<table width=\"100%\"><tr><td align=\"left\">Jdv1</td><td align=\"right\">ihopeafairmatch</tr><tr><td align=\"left\"><i class=\"fa fa-circle\"></i> <i class=\"fa fa-circle-o\"></i> </td><td align=\"right\"><i class=\"fa fa-circle-o\"></i> <i class=\"fa fa-circle\"></i> </tr></table>\n|uhtml|bestof|<h2><strong>Game 3</strong> of <a href=\"/game-bestof3-gen9vgc2025regibo3-2354658185\">a best-of-3</a></h2>\n|t:|1746108250\n|gametype|doubles\n|player|p1|Jdv1|firebreather|1099\n|player|p2|ihopeafairmatch|ghetsis|1160\n|teamsize|p1|6\n|teamsize|p2|6\n|gen|9\n|tier|[Gen 9] VGC 2025 Reg I (Bo3)\n|rated|\n|rule|Species Clause: Limit one of each Pok\u00e9mon\n|rule|Item Clause: Limit 1 of each item\n|clearpoke\n|poke|p1|Calyrex-Shadow, L50|\n|poke|p1|Koraidon, L50|\n|poke|p1|Weezing-Galar, L50, F|\n|poke|p1|Indeedee-F, L50, F|\n|poke|p1|Dondozo, L50, M|\n|poke|p1|Tatsugiri-Droopy, L50, F|\n|poke|p2|Calyrex-Ice, L50|\n|poke|p2|Palkia, L50|\n|poke|p2|Torkoal, L50, F|\n|poke|p2|Smeargle, L50, M|\n|poke|p2|Lilligant-Hisui, L50, F|\n|poke|p2|Ursaluna-Bloodmoon, L50, M|\n|teampreview|4\n|showteam|p1|Calyrex-Shadow||LifeOrb|AsOneSpectrier|AstralBarrage,ExpandingForce,Protect,Encore||||||50|,,,,,Ghost]Koraidon||AbilityShield|OrichalcumPulse|CollisionCourse,FlameCharge,FlareBlitz,Protect||||||50|,,,,,Fire]Weezing-Galar||CovertCloak|NeutralizingGas|ToxicSpikes,Protect,Taunt,StrangeSteam|||F|||50|,,,,,Normal]Indeedee-F||RockyHelmet|PsychicSurge|FollowMe,Psychic,TrickRoom,Imprison|||F|||50|,,,,,Fairy]Dondozo||Leftovers|Unaware|WaveCrash,OrderUp,BodyPress,Protect|||M|||50|,,,,,Grass]Tatsugiri-Droopy||SafetyGoggles|Commander|MuddyWater,DracoMeteor,HelpingHand,Protect|||F|||50|,,,,,Ghost\n|showteam|p2|Calyrex-Ice||ClearAmulet|AsOneGlastrier|GlacialLance,HighHorsepower,TrickRoom,Protect||||||50|,,,,,Bug]Palkia||SafetyGoggles|Pressure|SpacialRend,HydroPump,TrickRoom,Protect||||||50|,,,,,Steel]Torkoal||Charcoal|Drought|Eruption,WeatherBall,Protect,EarthPower|||F|||50|,,,,,Fire]Smeargle||FocusSash|Technician|FakeOut,FollowMe,Decorate,WideGuard|||M|||50|,,,,,Grass]Lilligant-Hisui||CovertCloak|Chlorophyll|AfterYou,SleepPowder,CloseCombat,Coaching|||F|||50|,,,,,Ghost]Ursaluna-Bloodmoon||LifeOrb|MindsEye|BloodMoon,EarthPower,HyperVoice,Protect|||M|||50|,,,,,Normal\n|inactive|Battle timer is ON: inactive players will automatically lose when time's up. (requested by Jdv1)\n|inactive|ihopeafairmatch also wants the timer to be on.\n|inactive|Jdv1 has 60 seconds left.\n|\n|t:|1746108302\n|start\n|switch|p1a: Koraidon|Koraidon, L50|100/100\n|switch|p1b: Calyrex|Calyrex-Shadow, L50|100/100\n|switch|p2a: Lilligant|Lilligant-Hisui, L50, F|100/100\n|switch|p2b: Palkia|Palkia, L50|100/100\n|-ability|p1b: Calyrex|As One\n|-ability|p1b: Calyrex|Unnerve\n|-weather|SunnyDay|[from] ability: Orichalcum Pulse|[of] p1a: Koraidon\n|-activate|p1a: Koraidon|Orichalcum Pulse|[source]\n|-ability|p2b: Palkia|Pressure\n|turn|1\n|\n|t:|1746108318\n|switch|p1b: Weezing|Weezing-Galar, L50, F|100/100\n|-ability|p1b: Weezing|Neutralizing Gas\n|-block|p1a: Koraidon|item: Ability Shield\n|-terastallize|p1a: Koraidon|Fire\n|move|p1a: Koraidon|Flare Blitz|p2a: Lilligant\n|-supereffective|p2a: Lilligant\n|-damage|p2a: Lilligant|0 fnt\n|faint|p2a: Lilligant\n|-damage|p1a: Koraidon|73/100|[from] Recoil\n|move|p2b: Palkia|Trick Room|p2b: Palkia\n|-fieldstart|move: Trick Room|[of] p2b: Palkia\n|\n|-weather|SunnyDay|[upkeep]\n|upkeep\n|\n|t:|1746108331\n|switch|p2a: Ursaluna|Ursaluna-Bloodmoon, L50, M|100/100\n|turn|2\n|\n|t:|1746108346\n|-terastallize|p2a: Ursaluna|Normal\n|move|p1a: Koraidon|Protect|p1a: Koraidon\n|-singleturn|p1a: Koraidon|Protect\n|move|p2a: Ursaluna|Hyper Voice|p1a: Koraidon|[spread] p1b\n|-activate|p1a: Koraidon|move: Protect\n|-damage|p1b: Weezing|23/100\n|-damage|p2a: Ursaluna|91/100|[from] item: Life Orb\n|move|p1b: Weezing|Strange Steam|p2b: Palkia\n|-supereffective|p2b: Palkia\n|-damage|p2b: Palkia|59/100\n|move|p2b: Palkia|Hydro Pump|p1b: Weezing\n|-damage|p1b: Weezing|0 fnt\n|faint|p1b: Weezing\n|-end|p1b: Weezing|ability: Neutralizing Gas\n|-ability|p2b: Palkia|Pressure\n|\n|-weather|SunnyDay|[upkeep]\n|upkeep\n|\n|t:|1746108359\n|switch|p1b: Indeedee|Indeedee-F, L50, F|100/100\n|-fieldstart|move: Psychic Terrain|[from] ability: Psychic Surge|[of] p1b: Indeedee\n|turn|3\n|\n|t:|1746108367\n|move|p1b: Indeedee|Follow Me|p1b: Indeedee\n|-singleturn|p1b: Indeedee|move: Follow Me\n|move|p2a: Ursaluna|Hyper Voice|p1b: Indeedee|[spread] p1a,p1b\n|-damage|p1a: Koraidon|9/100\n|-damage|p1b: Indeedee|34/100\n|-damage|p2a: Ursaluna|81/100|[from] item: Life Orb\n|move|p2b: Palkia|Spacial Rend|p1b: Indeedee\n|-crit|p1b: Indeedee\n|-damage|p1b: Indeedee|0 fnt\n|faint|p1b: Indeedee\n|move|p1a: Koraidon|Collision Course|p2a: Ursaluna\n|-supereffective|p2a: Ursaluna\n|-damage|p2a: Ursaluna|0 fnt\n|faint|p2a: Ursaluna\n|\n|-weather|SunnyDay|[upkeep]\n|upkeep\n|\n|t:|1746108382\n|switch|p2a: Calyrex|Calyrex-Ice, L50|100/100\n|switch|p1b: Calyrex|Calyrex-Shadow, L50|100/100\n|-ability|p2a: Calyrex|As One\n|-ability|p2a: Calyrex|Unnerve\n|-ability|p1b: Calyrex|As One\n|-ability|p1b: Calyrex|Unnerve\n|turn|4\n|\n|t:|1746108388\n|move|p1a: Koraidon|Protect|p1a: Koraidon\n|-singleturn|p1a: Koraidon|Protect\n|move|p1b: Calyrex|Protect|p1b: Calyrex\n|-singleturn|p1b: Calyrex|Protect\n|move|p2a: Calyrex|Glacial Lance|p1a: Koraidon|[spread] \n|-activate|p1a: Koraidon|move: Protect\n|-activate|p1b: Calyrex|move: Protect\n|move|p2b: Palkia|Spacial Rend|p1b: Calyrex\n|-activate|p1b: Calyrex|move: Protect\n|\n|-weather|SunnyDay|[upkeep]\n|upkeep\n|turn|5\n|\n|t:|1746108404\n|move|p1a: Koraidon|Protect|p1a: Koraidon\n|-singleturn|p1a: Koraidon|Protect\n|move|p1b: Calyrex|Protect||[still]\n|-fail|p1b: Calyrex\n|move|p2a: Calyrex|Glacial Lance|p1b: Calyrex|[spread] p1b\n|-activate|p1a: Koraidon|move: Protect\n|-damage|p1b: Calyrex|33/100\n|move|p2b: Palkia|Spacial Rend|p1b: Calyrex\n|-damage|p1b: Calyrex|0 fnt\n|faint|p1b: Calyrex\n|\n|-weather|none\n|-fieldend|move: Trick Room\n|upkeep\n|turn|6\n|\n|t:|1746108424\n|move|p2a: Calyrex|Protect|p2a: Calyrex\n|-singleturn|p2a: Calyrex|Protect\n|move|p1a: Koraidon|Flame Charge|p2a: Calyrex\n|-activate|p2a: Calyrex|move: Protect\n|move|p2b: Palkia|Trick Room|p2b: Palkia\n|-fieldstart|move: Trick Room|[of] p2b: Palkia\n|\n|upkeep\n|turn|7\n|c|\u2606ihopeafairmatch|Gg noob\n|\n|t:|1746108435\n|move|p1a: Koraidon|Protect|p1a: Koraidon\n|-singleturn|p1a: Koraidon|Protect\n|move|p2a: Calyrex|Glacial Lance|p1a: Koraidon\n|-activate|p1a: Koraidon|move: Protect\n|move|p2b: Palkia|Spacial Rend|p1a: Koraidon\n|-activate|p1a: Koraidon|move: Protect\n|\n|-fieldend|move: Psychic Terrain\n|upkeep\n|turn|8\n|c|\u2606Jdv1|bro chill\n|c|\u2606ihopeafairmatch|And you deserve it for using csr\n|inactive|ihopeafairmatch has 30 seconds left.\n|c|\u2606Jdv1|tell that to 33% of players buddy\n|inactive|ihopeafairmatch has 20 seconds left.\n|c|\u2606ihopeafairmatch|I'll do it\n|inactive|ihopeafairmatch has 15 seconds left.\n|\n|t:|1746108477\n|move|p1a: Koraidon|Protect||[still]\n|-fail|p1a: Koraidon\n|move|p2a: Calyrex|Glacial Lance|p1a: Koraidon\n|-resisted|p1a: Koraidon\n|-damage|p1a: Koraidon|0 fnt\n|faint|p1a: Koraidon\n|\n|win|ihopeafairmatch\n|raw|Jdv1's rating: 1099 &rarr; <strong>1078</strong><br />(-21 for losing)\n|raw|ihopeafairmatch's rating: 1160 &rarr; <strong>1181</strong><br />(+21 for winning)\n", "uploadtime": 1746108477, "views": 5, "formatid": "gen9vgc2025regibo3", "rating": 1078, "private": 0, "password": null}