{"id": "gen9vgc2025regibo3-2354687828", "format": "[Gen 9] VGC 2025 Reg I (Bo3)", "players": ["laZb0nes2", "noexperiencesorry"], "log": "|j|\u2606laZb0nes2\n|j|\u2606noexperiencesorry\n|html|<table width=\"100%\"><tr><td align=\"left\">laZb0nes2</td><td align=\"right\">noexperiencesorry</tr><tr><td align=\"left\"><i class=\"fa fa-circle-o\"></i> <i class=\"fa fa-circle-o\"></i> </td><td align=\"right\"><i class=\"fa fa-circle-o\"></i> <i class=\"fa fa-circle\"></i> </tr></table>\n|uhtml|bestof|<h2><strong>Game 2</strong> of <a href=\"/game-bestof3-gen9vgc2025regibo3-2354682491\">a best-of-3</a></h2>\n|t:|1746110821\n|gametype|doubles\n|player|p1|laZb0nes2|waiter-gen4|1170\n|player|p2|noexperiencesorry|102|1151\n|teamsize|p1|6\n|teamsize|p2|6\n|gen|9\n|tier|[Gen 9] VGC 2025 Reg I (Bo3)\n|rated|\n|rule|Species Clause: Limit one of each Pok\u00e9mon\n|rule|Item Clause: Limit 1 of each item\n|clearpoke\n|poke|p1|Terapagos, L50, M|\n|poke|p1|Ho-Oh, L50|\n|poke|p1|Incineroar, L50, M|\n|poke|p1|Rillaboom, L50, M|\n|poke|p1|Ogerpon-Cornerstone, L50, F|\n|poke|p1|Urshifu-*, L50, F|\n|poke|p2|Lunala, L50|\n|poke|p2|Kyogre, L50|\n|poke|p2|Wo-Chien, L50|\n|poke|p2|Kingdra, L50, F|\n|poke|p2|Incineroar, L50, F|\n|poke|p2|Archaludon, L50, M|\n|teampreview|4\n|showteam|p1|Terapagos||Leftovers|TeraShift|CalmMind,TeraStarstorm,EarthPower,Protect|||M|||50|,,,,,Stellar]Ho-Oh||ClearAmulet|Regenerator|SacredFire,BraveBird,Tailwind,Protect||||||50|,,,,,Grass]Incineroar||SafetyGoggles|Intimidate|KnockOff,FakeOut,WillOWisp,PartingShot|||M|||50|,,,,,Water]Rillaboom||AssaultVest|GrassySurge|GrassyGlide,WoodHammer,Uturn,FakeOut|||M|||50|,,,,,Fire]Ogerpon-Cornerstone||CornerstoneMask|Sturdy|IvyCudgel,PowerWhip,FollowMe,SpikyShield|||F|||50|,,,,,Rock]Urshifu-Rapid-Strike||ChoiceScarf|UnseenFist|SurgingStrikes,CloseCombat,Uturn,Coaching|||F|||50|,,,,,Water\n|showteam|p2|Lunala||PowerHerb|ShadowShield|MoongeistBeam,WideGuard,TrickRoom,MeteorBeam||||||50|,,,,,Fairy]Kyogre||CovertCloak|Drizzle|IceBeam,OriginPulse,Protect,Thunder||||||50|,,,,,Grass]Wo-Chien||Leftovers|TabletsofRuin|PollenPuff,LeechSeed,FoulPlay,Protect||||||50|,,,,,Poison]Kingdra||LifeOrb|SwiftSwim|DracoMeteor,ClearSmog,HydroPump,Protect|||F|||50|,,,,,Steel]Incineroar||RockyHelmet|Intimidate|PartingShot,KnockOff,FlareBlitz,FakeOut|||F|||50|,,,,,Electric]Archaludon||AssaultVest|Stamina|Snarl,ElectroShot,DracoMeteor,BodyPress|||M|||50|,,,,,Grass\n|\n|t:|1746110881\n|start\n|switch|p1a: Rillaboom|Rillaboom, L50, M|100/100\n|switch|p1b: Terapagos|Terapagos, L50, M|100/100\n|switch|p2a: Archaludon|Archaludon, L50, M|100/100\n|switch|p2b: Lunala|Lunala, L50|100/100\n|-activate|p1b: Terapagos|ability: Tera Shift\n|detailschange|p1b: Terapagos|Terapagos-Terastal, L50, M\n|-heal|p1b: Terapagos|100/100|[silent]\n|-fieldstart|move: Grassy Terrain|[from] ability: Grassy Surge|[of] p1a: Rillaboom\n|turn|1\n|\n|t:|1746110910\n|move|p1a: Rillaboom|Fake Out|p2a: Archaludon\n|-resisted|p2a: Archaludon\n|-damage|p2a: Archaludon|96/100\n|-ability|p2a: Archaludon|Stamina|boost\n|-boost|p2a: Archaludon|def|1\n|move|p1b: Terapagos|Calm Mind|p1b: Terapagos\n|-boost|p1b: Terapagos|spa|1\n|-boost|p1b: Terapagos|spd|1\n|cant|p2a: Archaludon|flinch\n|move|p2b: Lunala|Trick Room|p2b: Lunala\n|-fieldstart|move: Trick Room|[of] p2b: Lunala\n|\n|-heal|p2a: Archaludon|100/100|[from] Grassy Terrain\n|upkeep\n|turn|2\n|\n|t:|1746110949\n|move|p2a: Archaludon|Snarl|p1b: Terapagos|[spread] p1a,p1b\n|-activate|p1b: Terapagos|ability: Tera Shell\n|-resisted|p1b: Terapagos\n|-damage|p1a: Rillaboom|91/100\n|-damage|p1b: Terapagos|96/100\n|-unboost|p1a: Rillaboom|spa|1\n|-unboost|p1b: Terapagos|spa|1\n|move|p1a: Rillaboom|Wood Hammer|p2b: Lunala\n|-damage|p2b: Lunala|70/100\n|-damage|p1a: Rillaboom|79/100|[from] Recoil\n|move|p2b: Lunala|Meteor Beam||[still]\n|-prepare|p2b: Lunala|Meteor Beam\n|-boost|p2b: Lunala|spa|1\n|-enditem|p2b: Lunala|Power Herb\n|-anim|p2b: Lunala|Meteor Beam|p1b: Terapagos\n|-damage|p1b: Terapagos|48/100\n|move|p1b: Terapagos|Earth Power|p2a: Archaludon\n|-supereffective|p2a: Archaludon\n|-damage|p2a: Archaludon|55/100\n|-unboost|p2a: Archaludon|spd|1\n|-ability|p2a: Archaludon|Stamina|boost\n|-boost|p2a: Archaludon|def|1\n|\n|-heal|p2a: Archaludon|61/100|[from] Grassy Terrain\n|-heal|p1a: Rillaboom|85/100|[from] Grassy Terrain\n|-heal|p1b: Terapagos|54/100|[from] Grassy Terrain\n|-heal|p2b: Lunala|76/100|[from] Grassy Terrain\n|-heal|p1b: Terapagos|60/100|[from] item: Leftovers\n|upkeep\n|turn|3\n|\n|t:|1746110978\n|move|p1b: Terapagos|Protect|p1b: Terapagos\n|-singleturn|p1b: Terapagos|Protect\n|move|p2a: Archaludon|Body Press|p1a: Rillaboom\n|-damage|p1a: Rillaboom|44/100\n|move|p1a: Rillaboom|Wood Hammer|p2b: Lunala\n|-damage|p2b: Lunala|19/100\n|-damage|p1a: Rillaboom|21/100|[from] Recoil\n|move|p2b: Lunala|Moongeist Beam|p1a: Rillaboom\n|-damage|p1a: Rillaboom|0 fnt\n|faint|p1a: Rillaboom\n|\n|-heal|p2a: Archaludon|67/100|[from] Grassy Terrain\n|-heal|p2b: Lunala|25/100|[from] Grassy Terrain\n|-heal|p1b: Terapagos|66/100|[from] Grassy Terrain\n|-heal|p1b: Terapagos|73/100|[from] item: Leftovers\n|upkeep\n|\n|t:|1746110985\n|switch|p1a: Incineroar|Incineroar, L50, M|100/100\n|-ability|p1a: Incineroar|Intimidate|boost\n|-unboost|p2a: Archaludon|atk|1\n|-unboost|p2b: Lunala|atk|1\n|turn|4\n|\n|t:|1746111009\n|switch|p2b: Wo-Chien|Wo-Chien, L50|100/100\n|-ability|p2b: Wo-Chien|Tablets of Ruin\n|move|p1a: Incineroar|Fake Out|p2a: Archaludon\n|-resisted|p2a: Archaludon\n|-damage|p2a: Archaludon|65/100\n|-ability|p2a: Archaludon|Stamina|boost\n|-boost|p2a: Archaludon|def|1\n|cant|p2a: Archaludon|flinch\n|move|p1b: Terapagos|Earth Power|p2a: Archaludon\n|-supereffective|p2a: Archaludon\n|-damage|p2a: Archaludon|0 fnt\n|faint|p2a: Archaludon\n|\n|-heal|p1b: Terapagos|79/100|[from] Grassy Terrain\n|-heal|p1b: Terapagos|85/100|[from] item: Leftovers\n|upkeep\n|\n|t:|1746111018\n|switch|p2a: Incineroar|Incineroar, L50, F|100/100\n|-ability|p2a: Incineroar|Intimidate|boost\n|-unboost|p1a: Incineroar|atk|1\n|-unboost|p1b: Terapagos|atk|1\n|turn|5\n|\n|t:|1746111072\n|move|p2a: Incineroar|Parting Shot|p1b: Terapagos\n|-unboost|p1b: Terapagos|atk|1\n|-unboost|p1b: Terapagos|spa|1\n|\n|t:|1746111075\n|switch|p2a: Lunala|Lunala, L50|25/100|[from] Parting Shot\n|move|p2b: Wo-Chien|Leech Seed|p1b: Terapagos\n|-start|p1b: Terapagos|move: Leech Seed\n|move|p1a: Incineroar|Parting Shot|p2a: Lunala\n|-unboost|p2a: Lunala|atk|1\n|-unboost|p2a: Lunala|spa|1\n|\n|t:|1746111082\n|switch|p1a: Urshifu|Urshifu-Rapid-Strike, L50, F|100/100|[from] Parting Shot\n|move|p1b: Terapagos|Earth Power|p2a: Lunala\n|-damage|p2a: Lunala|11/100\n|\n|-heal|p1b: Terapagos|91/100|[from] Grassy Terrain\n|-heal|p2a: Lunala|17/100|[from] Grassy Terrain\n|-heal|p1b: Terapagos|98/100|[from] item: Leftovers\n|-damage|p1b: Terapagos|85/100|[from] Leech Seed|[of] p2b: Wo-Chien\n|-fieldend|move: Trick Room\n|-fieldend|move: Grassy Terrain\n|upkeep\n|turn|6\n|inactive|Battle timer is ON: inactive players will automatically lose when time's up. (requested by noexperiencesorry)\n|\n|t:|1746111127\n|switch|p1b: Incineroar|Incineroar, L50, M|100/100\n|-ability|p1b: Incineroar|Intimidate|boost\n|-unboost|p2a: Lunala|atk|1\n|-unboost|p2b: Wo-Chien|atk|1\n|switch|p2a: Incineroar|Incineroar, L50, F|100/100\n|-ability|p2a: Incineroar|Intimidate|boost\n|-unboost|p1a: Urshifu|atk|1\n|-unboost|p1b: Incineroar|atk|1\n|move|p1a: Urshifu|Surging Strikes|p2a: Incineroar\n|-supereffective|p2a: Incineroar\n|-crit|p2a: Incineroar\n|-damage|p2a: Incineroar|66/100\n|-damage|p1a: Urshifu|84/100|[from] item: Rocky Helmet|[of] p2a: Incineroar\n|-supereffective|p2a: Incineroar\n|-crit|p2a: Incineroar\n|-damage|p2a: Incineroar|35/100\n|-damage|p1a: Urshifu|68/100|[from] item: Rocky Helmet|[of] p2a: Incineroar\n|-supereffective|p2a: Incineroar\n|-crit|p2a: Incineroar\n|-damage|p2a: Incineroar|2/100\n|-damage|p1a: Urshifu|51/100|[from] item: Rocky Helmet|[of] p2a: Incineroar\n|-hitcount|p2a: Incineroar|3\n|move|p2b: Wo-Chien|Leech Seed|p1a: Urshifu\n|-start|p1a: Urshifu|move: Leech Seed\n|\n|-damage|p1a: Urshifu|39/100|[from] Leech Seed|[of] p2b: Wo-Chien\n|upkeep\n|turn|7\n|inactive|noexperiencesorry has 30 seconds left.\n|\n|t:|1746111160\n|switch|p1a: Terapagos|Terapagos-Terastal, L50, M|85/100\n|move|p1b: Incineroar|Fake Out|p2a: Incineroar\n|-damage|p2a: Incineroar|0 fnt\n|-damage|p1b: Incineroar|84/100|[from] item: Rocky Helmet|[of] p2a: Incineroar\n|faint|p2a: Incineroar\n|move|p2b: Wo-Chien|Pollen Puff|p2: Incineroar|[notarget]\n|-fail|p2b: Wo-Chien\n|\n|-heal|p1a: Terapagos|91/100|[from] item: Leftovers\n|upkeep\n|\n|t:|1746111165\n|switch|p2a: Lunala|Lunala, L50|17/100\n|turn|8\n|inactive|laZb0nes2 has 30 seconds left.\n|\n|t:|1746111194\n|-terastallize|p2a: Lunala|Fairy\n|move|p1a: Terapagos|Earth Power|p2a: Lunala\n|-damage|p2a: Lunala|0 fnt\n|faint|p2a: Lunala\n|move|p1b: Incineroar|Parting Shot|p2b: Wo-Chien\n|-unboost|p2b: Wo-Chien|atk|1\n|-unboost|p2b: Wo-Chien|spa|1\n|\n|t:|1746111199\n|switch|p1b: Urshifu|Urshifu-Rapid-Strike, L50, F|39/100|[from] Parting Shot\n|move|p2b: Wo-Chien|Pollen Puff|p2: Lunala|[notarget]\n|-fail|p2b: Wo-Chien\n|\n|-heal|p1a: Terapagos|98/100|[from] item: Leftovers\n|upkeep\n|turn|9\n|\n|t:|1746111214\n|-terastallize|p1a: Terapagos|Stellar\n|detailschange|p1a: Terapagos|Terapagos-Stellar, L50, M, tera:Stellar\n|-heal|p1a: Terapagos|98/100|[silent]\n|move|p1b: Urshifu|Close Combat|p2b: Wo-Chien\n|-supereffective|p2b: Wo-Chien\n|-damage|p2b: Wo-Chien|0 fnt\n|-unboost|p1b: Urshifu|def|1\n|-unboost|p1b: Urshifu|spd|1\n|faint|p2b: Wo-Chien\n|\n|win|laZb0nes2\n||noexperiencesorry is ready for game 3.\n|inactive|laZb0nes2 has 30 seconds to confirm battle start!\n|inactive|laZb0nes2 has 20 seconds to confirm battle start!\n|inactive|laZb0nes2 has 10 seconds to confirm battle start!\n|inactive|laZb0nes2 has 0 seconds to confirm battle start!\n||laZb0nes2 is ready for game 3.\n|uhtml|next|Next: <a href=\"/battle-gen9vgc2025regibo3-2354692457\"><strong>Game 3 of 3</strong></a>\n", "uploadtime": 1746111732, "views": 11, "formatid": "gen9vgc2025regibo3", "rating": null, "private": 0, "password": null}