{"id": "gen9vgc2025regibo3-2353400242", "format": "[Gen 9] VGC 2025 Reg I (Bo3)", "players": ["itsyaboibenbaker", "HardStark98"], "log": "|j|\u2606itsyaboibenbaker\n|j|\u2606HardStark98\n|html|<table width=\"100%\"><tr><td align=\"left\">itsyaboibenbaker</td><td align=\"right\">HardStark98</tr><tr><td align=\"left\"><i class=\"fa fa-circle-o\"></i> <i class=\"fa fa-circle-o\"></i> </td><td align=\"right\"><i class=\"fa fa-circle-o\"></i> <i class=\"fa fa-circle\"></i> </tr></table>\n|uhtml|bestof|<h2><strong>Game 2</strong> of <a href=\"/game-bestof3-gen9vgc2025regibo3-2353397839\">a best-of-3</a></h2>\n|t:|1745952623\n|gametype|doubles\n|player|p1|itsyaboibenbaker|ghetsis-gen5bw|1070\n|player|p2|HardStark98|red|1028\n|teamsize|p1|6\n|teamsize|p2|6\n|gen|9\n|tier|[Gen 9] VGC 2025 Reg I (Bo3)\n|rated|\n|rule|Species Clause: Limit one of each Pok\u00e9mon\n|rule|Item Clause: Limit 1 of each item\n|clearpoke\n|poke|p1|Tornadus, L50, M|\n|poke|p1|Rillaboom, L50, M|\n|poke|p1|Incineroar, L50, F|\n|poke|p1|Zamazenta-*, L50|\n|poke|p1|Calyrex-Shadow, L50|\n|poke|p1|Chien-Pao, L50|\n|poke|p2|Zacian-*, L50|\n|poke|p2|Kyogre, L50|\n|poke|p2|Tornadus, L50, M|\n|poke|p2|Amoonguss, L50, F|\n|poke|p2|Incineroar, L50, M|\n|poke|p2|Urshifu-*, L50, F|\n|teampreview|4\n|showteam|p1|Tornadus||CovertCloak|Prankster|Tailwind,BleakwindStorm,IcyWind,RainDance|||M|||50|,,,,,Dark]Rillaboom||AssaultVest|GrassySurge|GrassyGlide,Uturn,FakeOut,DrumBeating|||M|||50|,,,,,Fire]Incineroar||SafetyGoggles|Intimidate|KnockOff,PartingShot,HelpingHand,FakeOut|||F|||50|,,,,,Ghost]Zamazenta-Crowned||RustedShield|DauntlessShield|BodyPress,WideGuard,IronDefense,behemothbash||||||50|,,,,,Dragon]Calyrex-Shadow||LifeOrb|AsOneSpectrier|AstralBarrage,DrainingKiss,Taunt,Protect||||||50|,,,,,Fairy]Chien-Pao||FocusSash|SwordofRuin|SacredSword,IceSpinner,Protect,ThroatChop||||||50|,,,,,Ghost\n|showteam|p2|Zacian-Crowned||RustedSword|IntrepidSword|behemothblade,PlayRough,Substitute,Protect||||||50|,,,,,Fairy]Kyogre||MysticWater|Drizzle|WaterSpout,OriginPulse,IceBeam,Protect||||||50|,,,,,Grass]Tornadus||CovertCloak|Prankster|BleakwindStorm,Tailwind,RainDance,Taunt|||M|||50|,,,,,Dark]Amoonguss||RockyHelmet|Regenerator|PollenPuff,Spore,RagePowder,Protect|||F|||50|,,,,,Steel]Incineroar||SafetyGoggles|Intimidate|KnockOff,FakeOut,WillOWisp,PartingShot|||M|||50|,,,,,Water]Urshifu-Rapid-Strike||ChoiceScarf|UnseenFist|SurgingStrikes,CloseCombat,Uturn,Coaching|||F|||50|,,,,,Ghost\n|inactive|Battle timer is ON: inactive players will automatically lose when time's up. (requested by itsyaboibenbaker)\n|\n|t:|1745952646\n|start\n|switch|p1a: Calyrex|Calyrex-Shadow, L50|100/100\n|switch|p1b: Tornadus|Tornadus, L50, M|100/100\n|switch|p2a: Tornadus|Tornadus, L50, M|100/100\n|switch|p2b: Urshifu|Urshifu-Rapid-Strike, L50, F|100/100\n|-ability|p1a: Calyrex|As One\n|-ability|p1a: Calyrex|Unnerve\n|turn|1\n|inactive|HardStark98 has 30 seconds left.\n|inactive|HardStark98 has 20 seconds left.\n|\n|t:|1745952682\n|move|p1b: Tornadus|Tailwind|p1b: Tornadus\n|-sidestart|p1: itsyaboibenbaker|move: Tailwind\n|move|p2a: Tornadus|Taunt|p1b: Tornadus\n|-start|p1b: Tornadus|move: Taunt\n|move|p1a: Calyrex|Astral Barrage|p2b: Urshifu|[spread] p2a,p2b\n|-damage|p2a: Tornadus|29/100\n|-damage|p2b: Urshifu|0 fnt\n|faint|p2b: Urshifu\n|-ability|p1a: Calyrex|Grim Neigh|boost\n|-boost|p1a: Calyrex|spa|1\n|-damage|p1a: Calyrex|91/100|[from] item: Life Orb\n|\n|upkeep\n|\n|t:|1745952696\n|switch|p2b: Kyogre|Kyogre, L50|100/100\n|-weather|RainDance|[from] ability: Drizzle|[of] p2b: Kyogre\n|turn|2\n|inactive|HardStark98 has 30 seconds left.\n|inactive|HardStark98 has 20 seconds left.\n|\n|t:|1745952732\n|move|p2a: Tornadus|Tailwind|p2a: Tornadus\n|-sidestart|p2: HardStark98|move: Tailwind\n|move|p1a: Calyrex|Astral Barrage|p2b: Kyogre|[spread] p2a,p2b\n|-damage|p2a: Tornadus|0 fnt\n|-damage|p2b: Kyogre|30/100\n|faint|p2a: Tornadus\n|-ability|p1a: Calyrex|Grim Neigh|boost\n|-boost|p1a: Calyrex|spa|1\n|-damage|p1a: Calyrex|81/100|[from] item: Life Orb\n|move|p1b: Tornadus|Bleakwind Storm|p2b: Kyogre\n|-damage|p2b: Kyogre|1/100\n|move|p2b: Kyogre|Origin Pulse|p1b: Tornadus|[spread] p1a,p1b\n|-damage|p1a: Calyrex|0 fnt\n|-damage|p1b: Tornadus|0 fnt\n|faint|p1a: Calyrex\n|faint|p1b: Tornadus\n|\n|-weather|RainDance|[upkeep]\n|upkeep\n|\n|t:|1745952748\n|switch|p1a: Rillaboom|Rillaboom, L50, M|100/100\n|switch|p1b: Zamazenta|Zamazenta-Crowned, L50|100/100\n|switch|p2a: Amoonguss|Amoonguss, L50, F|100/100\n|-ability|p1b: Zamazenta|Dauntless Shield|boost\n|-boost|p1b: Zamazenta|def|1\n|-fieldstart|move: Grassy Terrain|[from] ability: Grassy Surge|[of] p1a: Rillaboom\n|turn|3\n|c|\u2606itsyaboibenbaker|man rough break there\n|inactive|HardStark98 has 30 seconds left.\n|inactive|itsyaboibenbaker has 30 seconds left.\n|inactive|HardStark98 has 20 seconds left.\n|\n|t:|1745952788\n|-terastallize|p1b: Zamazenta|Dragon\n|move|p2b: Kyogre|Protect|p2b: Kyogre\n|-singleturn|p2b: Kyogre|Protect\n|move|p1a: Rillaboom|Grassy Glide|p2b: Kyogre\n|-activate|p2b: Kyogre|move: Protect\n|move|p1b: Zamazenta|Behemoth Bash|p2a: Amoonguss\n|-damage|p2a: Amoonguss|68/100\n|-damage|p1b: Zamazenta|84/100|[from] item: Rocky Helmet|[of] p2a: Amoonguss\n|move|p2a: Amoonguss|Spore|p1b: Zamazenta\n|-status|p1b: Zamazenta|slp|[from] move: Spore\n|\n|-weather|RainDance|[upkeep]\n|-heal|p1b: Zamazenta|90/100 slp|[from] Grassy Terrain\n|-heal|p2b: Kyogre|7/100|[from] Grassy Terrain\n|-heal|p2a: Amoonguss|74/100|[from] Grassy Terrain\n|upkeep\n|turn|4\n|c|\u2606HardStark98|ggs\n|inactive|HardStark98 has 30 seconds left.\n|c|\u2606itsyaboibenbaker|ggs\n|inactive|HardStark98 has 20 seconds left.\n|inactive|HardStark98 has 15 seconds left.\n|inactive|HardStark98 has 10 seconds left.\n|inactive|HardStark98 has 5 seconds left.\n|\n|t:|1745952840\n|move|p1a: Rillaboom|Grassy Glide|p2b: Kyogre\n|-supereffective|p2b: Kyogre\n|-damage|p2b: Kyogre|0 fnt\n|faint|p2b: Kyogre\n|cant|p1b: Zamazenta|slp\n|move|p2a: Amoonguss|Pollen Puff|p2: Kyogre|[notarget]\n|-fail|p2a: Amoonguss\n|\n|-weather|RainDance|[upkeep]\n|-heal|p1b: Zamazenta|96/100 slp|[from] Grassy Terrain\n|-heal|p2a: Amoonguss|80/100|[from] Grassy Terrain\n|-sideend|p1: itsyaboibenbaker|move: Tailwind\n|upkeep\n|turn|5\n|\n|t:|1745952851\n|cant|p1b: Zamazenta|slp\n|move|p1a: Rillaboom|U-turn|p2a: Amoonguss\n|-damage|p2a: Amoonguss|60/100\n|-damage|p1a: Rillaboom|84/100|[from] item: Rocky Helmet|[of] p2a: Amoonguss\n|move|p2a: Amoonguss|Pollen Puff|p1a: Rillaboom\n|-supereffective|p1a: Rillaboom\n|-damage|p1a: Rillaboom|58/100\n|\n|-weather|RainDance|[upkeep]\n|-heal|p1b: Zamazenta|100/100 slp|[from] Grassy Terrain\n|-heal|p1a: Rillaboom|64/100|[from] Grassy Terrain\n|-heal|p2a: Amoonguss|66/100|[from] Grassy Terrain\n|-sideend|p2: HardStark98|move: Tailwind\n|upkeep\n|turn|6\n|\n|t:|1745952864\n|cant|p1b: Zamazenta|slp\n|move|p1a: Rillaboom|Drum Beating|p2a: Amoonguss\n|-resisted|p2a: Amoonguss\n|-damage|p2a: Amoonguss|55/100\n|-unboost|p2a: Amoonguss|spe|1\n|move|p2a: Amoonguss|Pollen Puff|p1a: Rillaboom\n|-supereffective|p1a: Rillaboom\n|-damage|p1a: Rillaboom|38/100\n|\n|-weather|none\n|-heal|p1a: Rillaboom|44/100|[from] Grassy Terrain\n|-heal|p2a: Amoonguss|61/100|[from] Grassy Terrain\n|upkeep\n|turn|7\n|\n|t:|1745952881\n|-terastallize|p2a: Amoonguss|Steel\n|-curestatus|p1b: Zamazenta|slp|[msg]\n|move|p1b: Zamazenta|Behemoth Bash|p2a: Amoonguss\n|-resisted|p2a: Amoonguss\n|-damage|p2a: Amoonguss|46/100\n|-damage|p1b: Zamazenta|84/100|[from] item: Rocky Helmet|[of] p2a: Amoonguss\n|move|p1a: Rillaboom|U-turn|p2a: Amoonguss\n|-resisted|p2a: Amoonguss\n|-damage|p2a: Amoonguss|36/100\n|-damage|p1a: Rillaboom|27/100|[from] item: Rocky Helmet|[of] p2a: Amoonguss\n|move|p2a: Amoonguss|Pollen Puff|p1a: Rillaboom\n|-supereffective|p1a: Rillaboom\n|-damage|p1a: Rillaboom|0 fnt\n|faint|p1a: Rillaboom\n|\n|-heal|p1b: Zamazenta|90/100|[from] Grassy Terrain\n|-heal|p2a: Amoonguss|42/100|[from] Grassy Terrain\n|-fieldend|move: Grassy Terrain\n|upkeep\n|turn|8\n|c|\u2606HardStark98|lol\n|\n|t:|1745952903\n|move|p1b: Zamazenta|Body Press|p2a: Amoonguss\n|-supereffective|p2a: Amoonguss\n|-damage|p2a: Amoonguss|0 fnt\n|-damage|p1b: Zamazenta|73/100|[from] item: Rocky Helmet|[of] p2a: Amoonguss\n|faint|p2a: Amoonguss\n|\n|win|itsyaboibenbaker\n||HardStark98 is ready for game 3.\n", "uploadtime": 1745952908, "views": 13, "formatid": "gen9vgc2025regibo3", "rating": null, "private": 0, "password": null}