{"id": "gen9vgc2025regibo3-2354702294", "format": "[Gen 9] VGC 2025 Reg I (Bo3)", "players": ["pantsuit", "CostaYo"], "log": "|j|\u2606pantsuit\n|j|\u2606CostaYo\n|html|<table width=\"100%\"><tr><td align=\"left\">pantsuit</td><td align=\"right\">CostaYo</tr><tr><td align=\"left\"><i class=\"fa fa-circle-o\"></i> <i class=\"fa fa-circle-o\"></i> </td><td align=\"right\"><i class=\"fa fa-circle-o\"></i> <i class=\"fa fa-circle-o\"></i> </tr></table>\n|uhtml|bestof|<h2><strong>Game 1</strong> of <a href=\"/game-bestof3-gen9vgc2025regibo3-2354702293\">a best-of-3</a></h2>\n|t:|1746112170\n|gametype|doubles\n|player|p1|pantsuit|102|1360\n|player|p2|CostaYo|n|1324\n|teamsize|p1|6\n|teamsize|p2|6\n|gen|9\n|tier|[Gen 9] VGC 2025 Reg I (Bo3)\n|rated|\n|rule|Species Clause: Limit one of each Pok\u00e9mon\n|rule|Item Clause: Limit 1 of each item\n|clearpoke\n|poke|p1|Koraidon, L50|\n|poke|p1|Lunala, L50|\n|poke|p1|Chi-Yu, L50|\n|poke|p1|Ursaluna, L50, F|\n|poke|p1|Brute Bonnet, L50|\n|poke|p1|Flutter Mane, L50|\n|poke|p2|Ho-Oh, L50|\n|poke|p2|Koraidon, L50|\n|poke|p2|Flutter Mane, L50|\n|poke|p2|Raging Bolt, L50|\n|poke|p2|Incineroar, L50, F|\n|poke|p2|Ogerpon-Cornerstone, L50, F|\n|teampreview|4\n|showteam|p1|Koraidon||LifeOrb|OrichalcumPulse|FlareBlitz,FlameCharge,CloseCombat,Protect||||||50|,,,,,Fire]Lunala||PowerHerb|ShadowShield|MoongeistBeam,MeteorBeam,WideGuard,TrickRoom||||||50|,,,,,Water]Chi-Yu||ChoiceScarf|BeadsofRuin|Overheat,HeatWave,DarkPulse,Snarl||||||50|,,,,,Ghost]Ursaluna||FlameOrb|Guts|Facade,Earthquake,HeadlongRush,Protect|||F|||50|,,,,,Water]Brute Bonnet||CovertCloak|Protosynthesis|SeedBomb,SuckerPunch,Spore,RagePowder||||||50|,,,,,Water]Flutter Mane||FocusSash|Protosynthesis|Moonblast,IcyWind,ShadowBall,Protect||||||50|,,,,,Normal\n|showteam|p2|Ho-Oh||ClearAmulet|Regenerator|SacredFire,BraveBird,Protect,Tailwind||||||50|,,,,,Grass]Koraidon||LifeOrb|OrichalcumPulse|CloseCombat,FlareBlitz,FlameCharge,Protect||||||50|,,,,,Fire]Flutter Mane||FocusSash|Protosynthesis|Moonblast,ShadowBall,IcyWind,Protect||||||50|,,,,,Normal]Raging Bolt||AssaultVest|Protosynthesis|Thunderbolt,Thunderclap,Snarl,DracoMeteor||||||50|,,,,,Fairy]Incineroar||SafetyGoggles|Intimidate|FakeOut,PartingShot,KnockOff,Taunt|||F|||50|,,,,,Bug]Ogerpon-Cornerstone||CornerstoneMask|Sturdy|IvyCudgel,PowerWhip,FollowMe,SpikyShield|||F|||50|,,,,,Rock\n|inactive|Battle timer is ON: inactive players will automatically lose when time's up. (requested by CostaYo)\n|inactive|pantsuit has 60 seconds left.\n|inactive|CostaYo has 60 seconds left.\n|\n|t:|1746112225\n|start\n|switch|p1a: Koraidon|Koraidon, L50|100/100\n|switch|p1b: Flutter Mane|Flutter Mane, L50|100/100\n|switch|p2a: Incineroar|Incineroar, L50, F|100/100\n|switch|p2b: Ho-Oh|Ho-Oh, L50|100/100\n|-weather|SunnyDay|[from] ability: Orichalcum Pulse|[of] p1a: Koraidon\n|-activate|p1b: Flutter Mane|ability: Protosynthesis\n|-start|p1b: Flutter Mane|protosynthesisspe\n|-activate|p1a: Koraidon|Orichalcum Pulse|[source]\n|-ability|p2a: Incineroar|Intimidate|boost\n|-unboost|p1a: Koraidon|atk|1\n|-unboost|p1b: Flutter Mane|atk|1\n|turn|1\n|inactive|pantsuit has 30 seconds left.\n|\n|t:|1746112256\n|move|p2a: Incineroar|Fake Out|p1a: Koraidon\n|-damage|p1a: Koraidon|91/100\n|move|p1b: Flutter Mane|Moonblast|p2a: Incineroar\n|-damage|p2a: Incineroar|56/100\n|-unboost|p2a: Incineroar|spa|1\n|cant|p1a: Koraidon|flinch\n|move|p2b: Ho-Oh|Sacred Fire|p1b: Flutter Mane\n|-enditem|p1b: Flutter Mane|Focus Sash\n|-damage|p1b: Flutter Mane|1/100\n|-status|p1b: Flutter Mane|brn\n|\n|-weather|SunnyDay|[upkeep]\n|-damage|p1b: Flutter Mane|0 fnt|[from] brn\n|faint|p1b: Flutter Mane\n|-end|p1b: Flutter Mane|Protosynthesis|[silent]\n|upkeep\n|\n|t:|1746112263\n|switch|p1b: Lunala|Lunala, L50|100/100\n|turn|2\n|inactive|CostaYo has 30 seconds left.\n|inactive|CostaYo has 20 seconds left.\n|\n|t:|1746112303\n|-terastallize|p2a: Incineroar|Bug\n|move|p2b: Ho-Oh|Protect|p2b: Ho-Oh\n|-singleturn|p2b: Ho-Oh|Protect\n|move|p1a: Koraidon|Flare Blitz|p2b: Ho-Oh\n|-activate|p2b: Ho-Oh|move: Protect\n|move|p1b: Lunala|Meteor Beam||[still]\n|-prepare|p1b: Lunala|Meteor Beam\n|-boost|p1b: Lunala|spa|1\n|-enditem|p1b: Lunala|Power Herb\n|-anim|p1b: Lunala|Meteor Beam|p2a: Incineroar\n|-supereffective|p2a: Incineroar\n|-damage|p2a: Incineroar|0 fnt\n|faint|p2a: Incineroar\n|\n|-weather|SunnyDay|[upkeep]\n|upkeep\n|\n|t:|1746112323\n|switch|p2a: Raging Bolt|Raging Bolt, L50|100/100\n|-activate|p2a: Raging Bolt|ability: Protosynthesis\n|-start|p2a: Raging Bolt|protosynthesisspa\n|turn|3\n|\n|t:|1746112338\n|move|p1a: Koraidon|Flare Blitz|p2b: Ho-Oh\n|-resisted|p2b: Ho-Oh\n|-damage|p2b: Ho-Oh|71/100\n|-damage|p1a: Koraidon|80/100|[from] Recoil\n|-damage|p1a: Koraidon|70/100|[from] item: Life Orb\n|move|p1b: Lunala|Moongeist Beam|p2b: Ho-Oh\n|-damage|p2b: Ho-Oh|23/100\n|move|p2b: Ho-Oh|Sacred Fire|p1b: Lunala\n|-damage|p1b: Lunala|67/100\n|move|p2a: Raging Bolt|Snarl|p1b: Lunala|[spread] p1a,p1b\n|-resisted|p1a: Koraidon\n|-supereffective|p1b: Lunala\n|-damage|p1a: Koraidon|61/100\n|-damage|p1b: Lunala|6/100\n|-unboost|p1a: Koraidon|spa|1\n|-unboost|p1b: Lunala|spa|1\n|\n|-weather|SunnyDay|[upkeep]\n|upkeep\n|turn|4\n|inactive|CostaYo has 30 seconds left.\n|\n|t:|1746112366\n|switch|p1b: Chi-Yu|Chi-Yu, L50|100/100\n|-ability|p1b: Chi-Yu|Beads of Ruin\n|switch|p2b: Koraidon|Koraidon, L50|100/100\n|-activate|p2b: Koraidon|ability: Orichalcum Pulse\n|-terastallize|p1a: Koraidon|Fire\n|move|p1a: Koraidon|Flare Blitz|p2b: Koraidon\n|-resisted|p2b: Koraidon\n|-damage|p2b: Koraidon|47/100\n|-status|p2b: Koraidon|brn\n|-damage|p1a: Koraidon|43/100|[from] Recoil\n|-damage|p1a: Koraidon|33/100|[from] item: Life Orb\n|move|p2a: Raging Bolt|Draco Meteor|p1a: Koraidon\n|-damage|p1a: Koraidon|0 fnt\n|-unboost|p2a: Raging Bolt|spa|2\n|faint|p1a: Koraidon\n|\n|-weather|SunnyDay|[upkeep]\n|-damage|p2b: Koraidon|41/100 brn|[from] brn\n|upkeep\n|\n|t:|1746112382\n|switch|p1a: Lunala|Lunala, L50|6/100\n|turn|5\n|\n|t:|1746112398\n|move|p1a: Lunala|Wide Guard|p1a: Lunala\n|-singleturn|p1a: Lunala|Wide Guard\n|move|p1b: Chi-Yu|Heat Wave|p2a: Raging Bolt|[spread] p2a\n|-miss|p1b: Chi-Yu|p2b: Koraidon\n|-resisted|p2a: Raging Bolt\n|-damage|p2a: Raging Bolt|78/100\n|move|p2b: Koraidon|Flare Blitz|p1b: Chi-Yu\n|-resisted|p1b: Chi-Yu\n|-damage|p1b: Chi-Yu|48/100\n|-damage|p2b: Koraidon|28/100 brn|[from] Recoil\n|-damage|p2b: Koraidon|18/100 brn|[from] item: Life Orb\n|move|p2a: Raging Bolt|Snarl|p1a: Lunala|[spread] \n|-activate|p1a: Lunala|move: Wide Guard\n|-activate|p1b: Chi-Yu|move: Wide Guard\n|\n|-weather|none\n|-end|p2a: Raging Bolt|Protosynthesis\n|-damage|p2b: Koraidon|12/100 brn|[from] brn\n|upkeep\n|turn|6\n|inactive|CostaYo has 30 seconds left.\n|\n|t:|1746112425\n|switch|p2b: Ho-Oh|Ho-Oh, L50|57/100\n|move|p1b: Chi-Yu|Heat Wave|p2a: Raging Bolt|[spread] p2a,p2b\n|-resisted|p2a: Raging Bolt\n|-resisted|p2b: Ho-Oh\n|-damage|p2a: Raging Bolt|62/100\n|-damage|p2b: Ho-Oh|39/100\n|move|p1a: Lunala|Moongeist Beam|p2a: Raging Bolt\n|-damage|p2a: Raging Bolt|20/100\n|move|p2a: Raging Bolt|Thunderbolt|p1a: Lunala\n|-damage|p1a: Lunala|0 fnt\n|faint|p1a: Lunala\n|\n|upkeep\n|turn|7\n|\n|t:|1746112444\n|move|p1b: Chi-Yu|Heat Wave|p2b: Ho-Oh|[spread] p2a,p2b\n|-resisted|p2a: Raging Bolt\n|-resisted|p2b: Ho-Oh\n|-damage|p2a: Raging Bolt|3/100\n|-damage|p2b: Ho-Oh|22/100\n|move|p2b: Ho-Oh|Brave Bird|p1b: Chi-Yu\n|-damage|p1b: Chi-Yu|0 fnt\n|faint|p1b: Chi-Yu\n|-damage|p2b: Ho-Oh|12/100|[from] Recoil\n|\n|win|CostaYo\n||pantsuit is ready for game 2.\n||CostaYo is ready for game 2.\n|uhtml|next|Next: <a href=\"/battle-gen9vgc2025regibo3-2354705353\"><strong>Game 2 of 3</strong></a>\n", "uploadtime": 1746112719, "views": 15, "formatid": "gen9vgc2025regibo3", "rating": null, "private": 0, "password": null}