{"id": "gen9vgc2025regibo3-2354360057", "format": "[Gen 9] VGC 2025 Reg I (Bo3)", "players": ["sudoz", "pantsuit"], "log": "|j|\u2606sudoz\n|j|\u2606pantsuit\n|html|<table width=\"100%\"><tr><td align=\"left\">sudoz</td><td align=\"right\">pantsuit</tr><tr><td align=\"left\"><i class=\"fa fa-circle\"></i> <i class=\"fa fa-circle-o\"></i> </td><td align=\"right\"><i class=\"fa fa-circle-o\"></i> <i class=\"fa fa-circle-o\"></i> </tr></table>\n|uhtml|bestof|<h2><strong>Game 2</strong> of <a href=\"/game-bestof3-gen9vgc2025regibo3-2354357964\">a best-of-3</a></h2>\n|t:|1746061770\n|gametype|doubles\n|player|p1|sudoz|169|1302\n|player|p2|pantsuit|2|1408\n|teamsize|p1|6\n|teamsize|p2|6\n|gen|9\n|tier|[Gen 9] VGC 2025 Reg I (Bo3)\n|rated|\n|rule|Species Clause: Limit one of each Pok\u00e9mon\n|rule|Item Clause: Limit 1 of each item\n|clearpoke\n|poke|p1|Tornadus, L50, M|\n|poke|p1|Landorus-Therian, L50, M|\n|poke|p1|Zacian-*, L50|\n|poke|p1|Zamazenta-*, L50|\n|poke|p1|Gastrodon, L50, M|\n|poke|p1|Ogerpon, L50, F|\n|poke|p2|Koraidon, L50|\n|poke|p2|Lunala, L50|\n|poke|p2|Chi-Yu, L50|\n|poke|p2|Ursaluna, L50, F|\n|poke|p2|Brute Bonnet, L50|\n|poke|p2|Flutter Mane, L50|\n|teampreview|4\n|showteam|p1|Tornadus||CovertCloak|Prankster|Tailwind,Taunt,BleakwindStorm,FoulPlay|||M|||50|,,,,,Dark]Landorus-Therian||ChoiceScarf|Intimidate|RockSlide,Uturn,StompingTantrum,Earthquake|||M|||50|,,,,,Ground]Zacian-Crowned||RustedSword|IntrepidSword|Protect,PlayRough,behemothblade,SacredSword||||||50|,,,,,Stellar]Zamazenta-Crowned||RustedShield|DauntlessShield|WideGuard,BodyPress,behemothbash,Howl||||||50|,,,,,Water]Gastrodon||Leftovers|StormDrain|Protect,Yawn,IceBeam,EarthPower|||M|||50|,,,,,Fire]Ogerpon||MeadowPlate|Defiant|SpikyShield,FollowMe,Encore,IvyCudgel|||F|||50|,,,,,Grass\n|showteam|p2|Koraidon||LifeOrb|OrichalcumPulse|FlareBlitz,FlameCharge,CloseCombat,Protect||||||50|,,,,,Fire]Lunala||PowerHerb|ShadowShield|MoongeistBeam,MeteorBeam,WideGuard,TrickRoom||||||50|,,,,,Water]Chi-Yu||ChoiceScarf|BeadsofRuin|Overheat,HeatWave,DarkPulse,Snarl||||||50|,,,,,Ghost]Ursaluna||FlameOrb|Guts|Facade,Earthquake,HeadlongRush,Protect|||F|||50|,,,,,Water]Brute Bonnet||CovertCloak|Protosynthesis|SeedBomb,SuckerPunch,Spore,RagePowder||||||50|,,,,,Water]Flutter Mane||FocusSash|Protosynthesis|Moonblast,IcyWind,ShadowBall,Protect||||||50|,,,,,Normal\n|inactive|Battle timer is ON: inactive players will automatically lose when time's up. (requested by sudoz)\n|\n|t:|1746061787\n|start\n|switch|p1a: Landorus|Landorus-Therian, L50, M|100/100\n|switch|p1b: Tornadus|Tornadus, L50, M, shiny|100/100\n|switch|p2a: Brute Bonnet|Brute Bonnet, L50|100/100\n|switch|p2b: Flutter Mane|Flutter Mane, L50|100/100\n|-ability|p1a: Landorus|Intimidate|boost\n|-unboost|p2a: Brute Bonnet|atk|1\n|-unboost|p2b: Flutter Mane|atk|1\n|turn|1\n|inactive|sudoz has 30 seconds left.\n|inactive|sudoz has 20 seconds left.\n|inactive|sudoz has 15 seconds left.\n|inactive|sudoz has 10 seconds left.\n|\n|t:|1746061833\n|-terastallize|p2a: Brute Bonnet|Water\n|move|p1b: Tornadus|Taunt|p2a: Brute Bonnet\n|-start|p2a: Brute Bonnet|move: Taunt\n|move|p1a: Landorus|U-turn|p2a: Brute Bonnet\n|-damage|p2a: Brute Bonnet|85/100\n|\n|t:|1746061852\n|switch|p1a: Zamazenta|Zamazenta-Crowned, L50|100/100|[from] U-turn\n|-ability|p1a: Zamazenta|Dauntless Shield|boost\n|-boost|p1a: Zamazenta|def|1\n|move|p2b: Flutter Mane|Icy Wind|p1b: Tornadus|[spread] p1a,p1b\n|-resisted|p1a: Zamazenta\n|-supereffective|p1b: Tornadus\n|-damage|p1a: Zamazenta|96/100\n|-damage|p1b: Tornadus|71/100\n|-unboost|p1a: Zamazenta|spe|1\n|cant|p2a: Brute Bonnet|move: Taunt|Spore\n|\n|upkeep\n|turn|2\n|inactive|pantsuit has 30 seconds left.\n|inactive|sudoz has 30 seconds left.\n|inactive|pantsuit has 20 seconds left.\n|inactive|sudoz has 20 seconds left.\n|inactive|pantsuit has 15 seconds left.\n|inactive|sudoz has 15 seconds left.\n|inactive|sudoz has 10 seconds left.\n|\n|t:|1746061905\n|-end|p2a: Brute Bonnet|Protosynthesis|[silent]\n|switch|p2a: Koraidon|Koraidon, L50|100/100\n|-weather|SunnyDay|[from] ability: Orichalcum Pulse|[of] p2a: Koraidon\n|-activate|p2b: Flutter Mane|ability: Protosynthesis\n|-start|p2b: Flutter Mane|protosynthesisspe\n|-activate|p2a: Koraidon|Orichalcum Pulse|[source]\n|move|p1b: Tornadus|Tailwind|p1b: Tornadus\n|-sidestart|p1: sudoz|move: Tailwind\n|move|p2b: Flutter Mane|Moonblast|p1a: Zamazenta\n|-damage|p1a: Zamazenta|64/100\n|-unboost|p1a: Zamazenta|spa|1\n|move|p1a: Zamazenta|Behemoth Bash|p2b: Flutter Mane\n|-supereffective|p2b: Flutter Mane\n|-enditem|p2b: Flutter Mane|Focus Sash\n|-damage|p2b: Flutter Mane|1/100\n|\n|-weather|SunnyDay|[upkeep]\n|upkeep\n|turn|3\n|\n|t:|1746061927\n|switch|p2a: Brute Bonnet|Brute Bonnet, L50, tera:Water|85/100\n|-activate|p2a: Brute Bonnet|ability: Protosynthesis\n|-start|p2a: Brute Bonnet|protosynthesisdef\n|move|p2b: Flutter Mane|Moonblast|p1b: Tornadus\n|-damage|p1b: Tornadus|20/100\n|move|p1b: Tornadus|Bleakwind Storm|p2a: Brute Bonnet|[spread] p2a,p2b\n|-damage|p2a: Brute Bonnet|58/100\n|-damage|p2b: Flutter Mane|0 fnt\n|faint|p2b: Flutter Mane\n|-end|p2b: Flutter Mane|Protosynthesis|[silent]\n|move|p1a: Zamazenta|Body Press|p2a: Brute Bonnet\n|-damage|p2a: Brute Bonnet|28/100\n|\n|-weather|SunnyDay|[upkeep]\n|upkeep\n|\n|t:|1746061938\n|switch|p2b: Koraidon|Koraidon, L50|100/100\n|-activate|p2b: Koraidon|ability: Orichalcum Pulse\n|turn|4\n|inactive|sudoz has 30 seconds left.\n|inactive|sudoz has 20 seconds left.\n|inactive|sudoz has 15 seconds left.\n|inactive|sudoz has 10 seconds left.\n|\n|t:|1746061984\n|move|p2a: Brute Bonnet|Rage Powder|p2a: Brute Bonnet\n|-singleturn|p2a: Brute Bonnet|move: Rage Powder\n|move|p1b: Tornadus|Taunt|p2a: Brute Bonnet\n|-start|p2a: Brute Bonnet|move: Taunt\n|move|p1a: Zamazenta|Body Press|p2a: Brute Bonnet\n|-damage|p2a: Brute Bonnet|1/100\n|move|p2b: Koraidon|Flame Charge|p1a: Zamazenta\n|-supereffective|p1a: Zamazenta\n|-damage|p1a: Zamazenta|27/100\n|-boost|p2b: Koraidon|spe|1\n|-damage|p2b: Koraidon|91/100|[from] item: Life Orb\n|\n|-weather|SunnyDay|[upkeep]\n|upkeep\n|turn|5\n|inactive|pantsuit has 30 seconds left.\n|\n|t:|1746062016\n|switch|p1b: Landorus|Landorus-Therian, L50, M|100/100\n|-ability|p1b: Landorus|Intimidate|boost\n|-unboost|p2a: Brute Bonnet|atk|1\n|-unboost|p2b: Koraidon|atk|1\n|move|p2a: Brute Bonnet|Sucker Punch||[still]\n|-fail|p2a: Brute Bonnet\n|move|p2b: Koraidon|Flame Charge|p1b: Landorus\n|-damage|p1b: Landorus|60/100\n|-boost|p2b: Koraidon|spe|1\n|-damage|p2b: Koraidon|81/100|[from] item: Life Orb\n|move|p1a: Zamazenta|Body Press|p2b: Koraidon\n|-damage|p2b: Koraidon|26/100\n|\n|-weather|SunnyDay|[upkeep]\n|-sideend|p1: sudoz|move: Tailwind\n|upkeep\n|turn|6\n|inactive|sudoz has 30 seconds left.\n|inactive|pantsuit has 30 seconds left.\n|inactive|sudoz has 20 seconds left.\n|\n|t:|1746062055\n|move|p2a: Brute Bonnet|Sucker Punch|p1b: Landorus\n|-damage|p1b: Landorus|39/100\n|move|p2b: Koraidon|Close Combat|p1a: Zamazenta\n|-supereffective|p1a: Zamazenta\n|-damage|p1a: Zamazenta|0 fnt\n|-unboost|p2b: Koraidon|def|1\n|-unboost|p2b: Koraidon|spd|1\n|faint|p1a: Zamazenta\n|-damage|p2b: Koraidon|16/100|[from] item: Life Orb\n|move|p1b: Landorus|Earthquake|p2b: Koraidon|[spread] p2a,p2b\n|-damage|p2a: Brute Bonnet|0 fnt\n|-damage|p2b: Koraidon|0 fnt\n|faint|p2a: Brute Bonnet\n|-end|p2a: Brute Bonnet|Protosynthesis|[silent]\n|faint|p2b: Koraidon\n|\n|-weather|none\n|upkeep\n|\n|t:|1746062061\n|switch|p2b: Chi-Yu|Chi-Yu, L50|100/100\n|switch|p1a: Tornadus|Tornadus, L50, M, shiny|20/100\n|-ability|p2b: Chi-Yu|Beads of Ruin\n|turn|7\n|\n|t:|1746062068\n|move|p1a: Tornadus|Tailwind|p1a: Tornadus\n|-sidestart|p1: sudoz|move: Tailwind\n|move|p1b: Landorus|Earthquake|p2b: Chi-Yu|[spread] p2b\n|-immune|p1a: Tornadus\n|-supereffective|p2b: Chi-Yu\n|-damage|p2b: Chi-Yu|0 fnt\n|faint|p2b: Chi-Yu\n|\n|win|sudoz\n|raw|sudoz's rating: 1302 &rarr; <strong>1328</strong><br />(+26 for winning)\n|raw|pantsuit's rating: 1408 &rarr; <strong>1382</strong><br />(-26 for losing)\n|l|\u2606sudoz\n|player|p1|\n", "uploadtime": 1746062088, "views": 31, "formatid": "gen9vgc2025regibo3", "rating": 1328, "private": 0, "password": null}