{"id": "gen9vgc2025regibo3-2354904752", "format": "[Gen 9] VGC 2025 Reg I (Bo3)", "players": ["thepostmanp", "HatitiMatiti"], "log": "|j|\u2606thepostmanp\n|j|\u2606HatitiMatiti\n|html|<table width=\"100%\"><tr><td align=\"left\">thepostmanp</td><td align=\"right\">HatitiMatiti</tr><tr><td align=\"left\"><i class=\"fa fa-circle-o\"></i> <i class=\"fa fa-circle-o\"></i> </td><td align=\"right\"><i class=\"fa fa-circle-o\"></i> <i class=\"fa fa-circle-o\"></i> </tr></table>\n|uhtml|bestof|<h2><strong>Game 1</strong> of <a href=\"/game-bestof3-gen9vgc2025regibo3-2354904751\">a best-of-3</a></h2>\n|t:|1746130313\n|gametype|doubles\n|player|p1|thepostmanp|101|1156\n|player|p2|HatitiMatiti|cynthia-gen4|1152\n|teamsize|p1|6\n|teamsize|p2|6\n|gen|9\n|tier|[Gen 9] VGC 2025 Reg I (Bo3)\n|rated|\n|rule|Species Clause: Limit one of each Pok\u00e9mon\n|rule|Item Clause: Limit 1 of each item\n|clearpoke\n|poke|p1|Kyogre, L50|\n|poke|p1|Miraidon, L50|\n|poke|p1|Farigiraf, L50, M|\n|poke|p1|Iron Hands, L50|\n|poke|p1|Urshifu-*, L50, M|\n|poke|p1|Iron Jugulis, L50|\n|poke|p2|Calyrex-Shadow, L50|\n|poke|p2|Rillaboom, L50, M|\n|poke|p2|Smeargle, L50, F|\n|poke|p2|Incineroar, L50, M|\n|poke|p2|Koraidon, L50|\n|poke|p2|Hitmontop, L50, M|\n|teampreview|4\n|showteam|p1|Kyogre||MysticWater|Drizzle|Protect,WaterSpout,OriginPulse,IceBeam||||||50|,,,,,Grass]Miraidon||ChoiceSpecs|HadronEngine|VoltSwitch,DracoMeteor,DazzlingGleam,ElectroDrift||||||50|,,,,,Fairy]Farigiraf||ElectricSeed|ArmorTail|TrickRoom,Roar,Psychic,HelpingHand|||M|||50|,,,,,Water]Iron Hands||AssaultVest|QuarkDrive|FakeOut,LowKick,DrainPunch,HeavySlam||||||50|,,,,,Bug]Urshifu-Rapid-Strike||FocusSash|UnseenFist|SurgingStrikes,CloseCombat,AquaJet,Detect|||M|||50|,,,,,Stellar]Iron Jugulis||CovertCloak|QuarkDrive|Snarl,Hurricane,Tailwind,Protect||||||50|,,,,,Water\n|showteam|p2|Calyrex-Shadow||SpellTag|AsOneSpectrier|DrainingKiss,AstralBarrage,Protect,NastyPlot||||||50|,,,,,Fairy]Rillaboom||AssaultVest|GrassySurge|FakeOut,GrassyGlide,WoodHammer,Uturn|||M|||50|,,,,,Fire]Smeargle||FocusSash|Moody|FakeOut,Spore,FollowMe,WideGuard|||F|||50|,,,,,Grass]Incineroar||SafetyGoggles|Intimidate|FakeOut,KnockOff,PartingShot,WillOWisp|||M|||50|,,,,,Ghost]Koraidon||ClearAmulet|OrichalcumPulse|FlareBlitz,CollisionCourse,FlameCharge,Protect||||||50|,,,,,Fire]Hitmontop||EjectButton|Intimidate|WideGuard,FakeOut,SuckerPunch,CloseCombat|||M|||50|,,,,,Fairy\n|\n|t:|1746130345\n|start\n|switch|p1a: Iron Jugulis|Iron Jugulis, L50|100/100\n|switch|p1b: Miraidon|Miraidon, L50|100/100\n|switch|p2a: Rillaboom|Rillaboom, L50, M, shiny|100/100\n|switch|p2b: Koraidon|Koraidon, L50|100/100\n|-weather|SunnyDay|[from] ability: Orichalcum Pulse|[of] p2b: Koraidon\n|-activate|p2b: Koraidon|Orichalcum Pulse|[source]\n|-fieldstart|move: Electric Terrain|[from] ability: Hadron Engine|[of] p1b: Miraidon\n|-activate|p1a: Iron Jugulis|ability: Quark Drive\n|-start|p1a: Iron Jugulis|quarkdrivespe\n|-fieldstart|move: Grassy Terrain|[from] ability: Grassy Surge|[of] p2a: Rillaboom\n|-end|p1a: Iron Jugulis|Quark Drive\n|turn|1\n|inactive|Battle timer is ON: inactive players will automatically lose when time's up. (requested by thepostmanp)\n|\n|t:|1746130411\n|switch|p1b: Kyogre|Kyogre, L50|100/100\n|-weather|RainDance|[from] ability: Drizzle|[of] p1b: Kyogre\n|-terastallize|p1a: Iron Jugulis|Water\n|-terastallize|p2b: Koraidon|Fire\n|move|p2a: Rillaboom|Fake Out|p1b: Kyogre\n|-damage|p1b: Kyogre|86/100\n|move|p1a: Iron Jugulis|Tailwind|p1a: Iron Jugulis\n|-sidestart|p1: thepostmanp|move: Tailwind\n|move|p2b: Koraidon|Flame Charge|p1b: Kyogre\n|-resisted|p1b: Kyogre\n|-damage|p1b: Kyogre|79/100\n|-boost|p2b: Koraidon|spe|1\n|\n|-weather|RainDance|[upkeep]\n|-heal|p1b: Kyogre|85/100|[from] Grassy Terrain\n|upkeep\n|turn|2\n|inactive|HatitiMatiti has 30 seconds left.\n|inactive|HatitiMatiti has 20 seconds left.\n|\n|t:|1746130450\n|switch|p2b: Hitmontop|Hitmontop, L50, M, shiny|100/100\n|-ability|p2b: Hitmontop|Intimidate|boost\n|-unboost|p1a: Iron Jugulis|atk|1\n|-unboost|p1b: Kyogre|atk|1\n|move|p1a: Iron Jugulis|Hurricane|p2a: Rillaboom\n|-supereffective|p2a: Rillaboom\n|-damage|p2a: Rillaboom|30/100\n|move|p1b: Kyogre|Origin Pulse|p2a: Rillaboom|[spread] p2a,p2b\n|-resisted|p2a: Rillaboom\n|-damage|p2a: Rillaboom|0 fnt\n|-damage|p2b: Hitmontop|22/100\n|faint|p2a: Rillaboom\n|-enditem|p2b: Hitmontop|Eject Button\n|\n|t:|1746130456\n|switch|p2b: Koraidon|Koraidon, L50, tera:Fire|100/100\n|-weather|SunnyDay|[from] ability: Orichalcum Pulse|[of] p2b: Koraidon\n|-activate|p2b: Koraidon|Orichalcum Pulse|[source]\n|\n|-weather|SunnyDay|[upkeep]\n|-heal|p1b: Kyogre|91/100|[from] Grassy Terrain\n|upkeep\n|\n|t:|1746130468\n|switch|p2a: Hitmontop|Hitmontop, L50, M, shiny|22/100\n|-ability|p2a: Hitmontop|Intimidate|boost\n|-unboost|p1a: Iron Jugulis|atk|1\n|-unboost|p1b: Kyogre|atk|1\n|turn|3\n|\n|t:|1746130485\n|switch|p1b: Iron Hands|Iron Hands, L50|100/100\n|move|p2a: Hitmontop|Wide Guard|p2a: Hitmontop\n|-singleturn|p2a: Hitmontop|Wide Guard\n|move|p1a: Iron Jugulis|Hurricane|p2a: Hitmontop|[miss]\n|-miss|p1a: Iron Jugulis|p2a: Hitmontop\n|move|p2b: Koraidon|Collision Course|p1a: Iron Jugulis\n|-damage|p1a: Iron Jugulis|14/100\n|\n|-weather|SunnyDay|[upkeep]\n|-heal|p1a: Iron Jugulis|21/100|[from] Grassy Terrain\n|-heal|p2a: Hitmontop|27/100|[from] Grassy Terrain\n|upkeep\n|turn|4\n|inactive|HatitiMatiti has 30 seconds left.\n|\n|t:|1746130517\n|-end|p1b: Iron Hands|Quark Drive|[silent]\n|switch|p1b: Kyogre|Kyogre, L50|91/100\n|-weather|RainDance|[from] ability: Drizzle|[of] p1b: Kyogre\n|move|p2b: Koraidon|Protect|p2b: Koraidon\n|-singleturn|p2b: Koraidon|Protect\n|move|p1a: Iron Jugulis|Hurricane|p2a: Hitmontop\n|-supereffective|p2a: Hitmontop\n|-damage|p2a: Hitmontop|0 fnt\n|faint|p2a: Hitmontop\n|\n|-weather|RainDance|[upkeep]\n|-heal|p1a: Iron Jugulis|27/100|[from] Grassy Terrain\n|-heal|p1b: Kyogre|97/100|[from] Grassy Terrain\n|-sideend|p1: thepostmanp|move: Tailwind\n|upkeep\n|\n|t:|1746130520\n|switch|p2a: Calyrex|Calyrex-Shadow, L50|100/100\n|-ability|p2a: Calyrex|As One\n|-ability|p2a: Calyrex|Unnerve\n|turn|5\n|\n|t:|1746130529\n|switch|p1b: Miraidon|Miraidon, L50|100/100\n|-fieldstart|move: Electric Terrain|[from] ability: Hadron Engine|[of] p1b: Miraidon\n|-activate|p1a: Iron Jugulis|ability: Quark Drive\n|-start|p1a: Iron Jugulis|quarkdrivespe\n|move|p1a: Iron Jugulis|Tailwind|p1a: Iron Jugulis\n|-sidestart|p1: thepostmanp|move: Tailwind\n|move|p2a: Calyrex|Astral Barrage|p1b: Miraidon|[spread] p1a,p1b\n|-damage|p1a: Iron Jugulis|0 fnt\n|-damage|p1b: Miraidon|51/100\n|faint|p1a: Iron Jugulis\n|-end|p1a: Iron Jugulis|Quark Drive|[silent]\n|-ability|p2a: Calyrex|Grim Neigh|boost\n|-boost|p2a: Calyrex|spa|1\n|move|p2b: Koraidon|Collision Course|p1b: Miraidon\n|-damage|p1b: Miraidon|7/100\n|\n|-weather|RainDance|[upkeep]\n|upkeep\n|\n|t:|1746130540\n|switch|p1a: Kyogre|Kyogre, L50|97/100\n|turn|6\n|\n|t:|1746130555\n|move|p2a: Calyrex|Protect|p2a: Calyrex\n|-singleturn|p2a: Calyrex|Protect\n|move|p2b: Koraidon|Protect|p2b: Koraidon\n|-singleturn|p2b: Koraidon|Protect\n|move|p1b: Miraidon|Electro Drift|p2a: Calyrex\n|-activate|p2a: Calyrex|move: Protect\n|move|p1a: Kyogre|Water Spout|p2a: Calyrex|[spread] \n|-activate|p2a: Calyrex|move: Protect\n|-activate|p2b: Koraidon|move: Protect\n|\n|-weather|RainDance|[upkeep]\n|upkeep\n|turn|7\n|inactive|HatitiMatiti has 30 seconds left.\n|\n|t:|1746130581\n|move|p1b: Miraidon|Electro Drift|p2a: Calyrex\n|-damage|p2a: Calyrex|0 fnt\n|faint|p2a: Calyrex\n|move|p1a: Kyogre|Water Spout|p2b: Koraidon\n|-supereffective|p2b: Koraidon\n|-damage|p2b: Koraidon|0 fnt\n|faint|p2b: Koraidon\n|\n|win|thepostmanp\n", "uploadtime": 1746130581, "views": 5, "formatid": "gen9vgc2025regibo3", "rating": null, "private": 0, "password": null}