{"id": "gen9vgc2025regibo3-2353780122", "format": "[Gen 9] VGC 2025 Reg I (Bo3)", "players": ["magikarp2002", "corndog7"], "log": "|j|\u2606magikarp2002\n|j|\u2606corndog7\n|html|<table width=\"100%\"><tr><td align=\"left\">magikarp2002</td><td align=\"right\">corndog7</tr><tr><td align=\"left\"><i class=\"fa fa-circle\"></i> <i class=\"fa fa-circle-o\"></i> </td><td align=\"right\"><i class=\"fa fa-circle-o\"></i> <i class=\"fa fa-circle\"></i> </tr></table>\n|uhtml|bestof|<h2><strong>Game 3</strong> of <a href=\"/game-bestof3-gen9vgc2025regibo3-2353777617\">a best-of-3</a></h2>\n|t:|1745998698\n|gametype|doubles\n|player|p1|magikarp2002|cyrus|1100\n|player|p2|corndog7|linebacker|1191\n|teamsize|p1|6\n|teamsize|p2|6\n|gen|9\n|tier|[Gen 9] VGC 2025 Reg I (Bo3)\n|rated|\n|rule|Species Clause: Limit one of each Pok\u00e9mon\n|rule|Item Clause: Limit 1 of each item\n|clearpoke\n|poke|p1|Calyrex-Ice, L50|\n|poke|p1|Miraidon, L50|\n|poke|p1|Whimsicott, L50, F|\n|poke|p1|Incineroar, L50, M|\n|poke|p1|Ogerpon-Cornerstone, L50, F|\n|poke|p1|Urshifu-*, L50, F|\n|poke|p2|Miraidon, L50|\n|poke|p2|Farigiraf, L50, M|\n|poke|p2|Iron Hands, L50|\n|poke|p2|Iron Bundle, L50|\n|poke|p2|Ho-Oh, L50|\n|poke|p2|Iron Treads, L50|\n|teampreview|4\n|showteam|p1|Calyrex-Ice||ClearAmulet|AsOneGlastrier|GlacialLance,HighHorsepower,CloseCombat,Protect||||||50|,,,,,Steel]Miraidon||ChoiceSpecs|HadronEngine|DazzlingGleam,VoltSwitch,ElectroDrift,DracoMeteor||||||50|,,,,,Fairy]Whimsicott||CovertCloak|Prankster|Tailwind,Encore,Moonblast,LightScreen|||F|||50|,,,,,Ghost]Incineroar||SitrusBerry|Intimidate|WillOWisp,FakeOut,FlareBlitz,KnockOff|||M|||50|,,,,,Ghost]Ogerpon-Cornerstone||CornerstoneMask|Sturdy|FollowMe,PowerWhip,IvyCudgel,SpikyShield|||F|||50|,,,,,Rock]Urshifu-Rapid-Strike||FocusSash|UnseenFist|CloseCombat,SurgingStrikes,Taunt,AquaJet|||F|||50|,,,,,Water\n|showteam|p2|Miraidon||ChoiceSpecs|HadronEngine|ElectroDrift,DracoMeteor,DazzlingGleam,VoltSwitch||||||50|,,,,,Fairy]Farigiraf||ThroatSpray|ArmorTail|HyperVoice,PsychicNoise,TrickRoom,Protect|||M|||50|,,,,,Fairy]Iron Hands||AssaultVest|QuarkDrive|FakeOut,DrainPunch,LowKick,HeavySlam||||||50|,,,,,Water]Iron Bundle||FocusSash|QuarkDrive|IcyWind,FreezeDry,Encore,Protect||||||50|,,,,,Ghost]Ho-Oh||ClearAmulet|Regenerator|SacredFire,BraveBird,Tailwind,Protect||||||50|,,,,,Grass]Iron Treads||ElectricSeed|QuarkDrive|IronHead,HighHorsepower,BodyPress,Protect||||||50|,,,,,Fighting\n|inactive|Battle timer is ON: inactive players will automatically lose when time's up. (requested by corndog7)\n|inactive|magikarp2002 has 60 seconds left.\n|\n|t:|1745998734\n|start\n|switch|p1a: Urshifu|Urshifu-Rapid-Strike, L50, F|100/100\n|switch|p1b: Ogerpon|Ogerpon-Cornerstone, L50, F|100/100\n|switch|p2a: Miraidon|Miraidon, L50|100/100\n|switch|p2b: Iron Bundle|Iron Bundle, L50|100/100\n|-fieldstart|move: Electric Terrain|[from] ability: Hadron Engine|[of] p2a: Miraidon\n|-activate|p2b: Iron Bundle|ability: Quark Drive\n|-start|p2b: Iron Bundle|quarkdrivespe\n|turn|1\n|inactive|corndog7 has 30 seconds left.\n|inactive|corndog7 has 20 seconds left.\n|\n|t:|1745998772\n|-terastallize|p2a: Miraidon|Fairy\n|-terastallize|p1a: Urshifu|Water\n|move|p1b: Ogerpon|Spiky Shield|p1b: Ogerpon\n|-singleturn|p1b: Ogerpon|move: Protect\n|move|p2b: Iron Bundle|Icy Wind|p1a: Urshifu|[spread] p1a\n|-activate|p1b: Ogerpon|move: Protect\n|-resisted|p1a: Urshifu\n|-damage|p1a: Urshifu|84/100\n|-unboost|p1a: Urshifu|spe|1\n|move|p2a: Miraidon|Dazzling Gleam|p1a: Urshifu|[spread] p1a\n|-activate|p1b: Ogerpon|move: Protect\n|-damage|p1a: Urshifu|0 fnt\n|faint|p1a: Urshifu\n|\n|upkeep\n|\n|t:|1745998779\n|switch|p1a: Incineroar|Incineroar, L50, M, shiny|100/100\n|-ability|p1a: Incineroar|Intimidate|boost\n|-unboost|p2a: Miraidon|atk|1\n|-unboost|p2b: Iron Bundle|atk|1\n|turn|2\n|\n|t:|1745998794\n|switch|p2a: Farigiraf|Farigiraf, L50, M|100/100\n|move|p1a: Incineroar|Fake Out||[still]\n|cant|p2a: Farigiraf|ability: Armor Tail|Fake Out|[of] p1a: Incineroar\n|move|p2b: Iron Bundle|Encore|p1b: Ogerpon\n|-start|p1b: Ogerpon|Encore\n|move|p1b: Ogerpon|Spiky Shield||[still]\n|-fail|p1b: Ogerpon\n|\n|upkeep\n|turn|3\n|\n|t:|1745998803\n|switch|p1b: Miraidon|Miraidon, L50|100/100\n|-activate|p1b: Miraidon|ability: Hadron Engine\n|move|p2b: Iron Bundle|Encore|p1a: Incineroar\n|-start|p1a: Incineroar|Encore\n|move|p1a: Incineroar|Fake Out||[still]\n|-hint|Fake Out only works on your first turn out.\n|-fail|p1a: Incineroar\n|move|p2a: Farigiraf|Hyper Voice|p1a: Incineroar|[spread] p1a,p1b\n|-crit|p1b: Miraidon\n|-damage|p1a: Incineroar|75/100\n|-damage|p1b: Miraidon|59/100\n|-enditem|p2a: Farigiraf|Throat Spray\n|-boost|p2a: Farigiraf|spa|1|[from] item: Throat Spray\n|\n|upkeep\n|turn|4\n|\n|t:|1745998822\n|switch|p1a: Ogerpon|Ogerpon-Cornerstone, L50, F|100/100\n|move|p2b: Iron Bundle|Icy Wind|p1b: Miraidon|[spread] p1a,p1b\n|-supereffective|p1a: Ogerpon\n|-supereffective|p1b: Miraidon\n|-damage|p1a: Ogerpon|50/100\n|-damage|p1b: Miraidon|22/100\n|-unboost|p1a: Ogerpon|spe|1\n|-unboost|p1b: Miraidon|spe|1\n|move|p1b: Miraidon|Volt Switch|p2b: Iron Bundle\n|-supereffective|p2b: Iron Bundle\n|-enditem|p2b: Iron Bundle|Focus Sash\n|-damage|p2b: Iron Bundle|1/100\n|\n|t:|1745998826\n|switch|p1b: Incineroar|Incineroar, L50, M, shiny|75/100|[from] Volt Switch\n|-ability|p1b: Incineroar|Intimidate|boost\n|-unboost|p2a: Farigiraf|atk|1\n|-unboost|p2b: Iron Bundle|atk|1\n|move|p2a: Farigiraf|Hyper Voice|p1a: Ogerpon|[spread] p1a,p1b\n|-resisted|p1a: Ogerpon\n|-damage|p1a: Ogerpon|21/100\n|-damage|p1b: Incineroar|35/100\n|-enditem|p1b: Incineroar|Sitrus Berry|[eat]\n|-heal|p1b: Incineroar|60/100|[from] item: Sitrus Berry\n|\n|upkeep\n|turn|5\n|\n|t:|1745998837\n|move|p2b: Iron Bundle|Protect|p2b: Iron Bundle\n|-singleturn|p2b: Iron Bundle|Protect\n|move|p1a: Ogerpon|Spiky Shield|p1a: Ogerpon\n|-singleturn|p1a: Ogerpon|move: Protect\n|move|p2a: Farigiraf|Protect|p2a: Farigiraf\n|-singleturn|p2a: Farigiraf|Protect\n|move|p1b: Incineroar|Knock Off|p2b: Iron Bundle\n|-activate|p2b: Iron Bundle|move: Protect\n|\n|-fieldend|move: Electric Terrain\n|-end|p2b: Iron Bundle|Quark Drive\n|upkeep\n|turn|6\n|\n|t:|1745998849\n|move|p1a: Ogerpon|Follow Me|p1a: Ogerpon\n|-singleturn|p1a: Ogerpon|move: Follow Me\n|move|p2b: Iron Bundle|Icy Wind|p1b: Incineroar|[spread] p1a,p1b\n|-supereffective|p1a: Ogerpon\n|-resisted|p1b: Incineroar\n|-damage|p1a: Ogerpon|0 fnt\n|-damage|p1b: Incineroar|51/100\n|-unboost|p1b: Incineroar|spe|1\n|faint|p1a: Ogerpon\n|move|p2a: Farigiraf|Hyper Voice|p1b: Incineroar\n|-damage|p1b: Incineroar|0 fnt\n|faint|p1b: Incineroar\n|\n|upkeep\n|\n|t:|1745998855\n|switch|p1b: Miraidon|Miraidon, L50|22/100\n|-fieldstart|move: Electric Terrain|[from] ability: Hadron Engine|[of] p1b: Miraidon\n|-activate|p2b: Iron Bundle|ability: Quark Drive\n|-start|p2b: Iron Bundle|quarkdrivespe\n|turn|7\n|\n|t:|1745998859\n|move|p2a: Farigiraf|Protect|p2a: Farigiraf\n|-singleturn|p2a: Farigiraf|Protect\n|move|p2b: Iron Bundle|Icy Wind|p1b: Miraidon\n|-supereffective|p1b: Miraidon\n|-damage|p1b: Miraidon|0 fnt\n|faint|p1b: Miraidon\n|\n|win|corndog7\n|raw|magikarp2002's rating: 1100 &rarr; <strong>1081</strong><br />(-19 for losing)\n|raw|corndog7's rating: 1191 &rarr; <strong>1210</strong><br />(+19 for winning)\n", "uploadtime": 1745998859, "views": 8, "formatid": "gen9vgc2025regibo3", "rating": 1081, "private": 0, "password": null}