{"id": "gen9vgc2025regibo3-2353593178", "format": "[Gen 9] VGC 2025 Reg I (Bo3)", "players": ["jermicelli", "AwsoGlitch"], "log": "|j|\u2606jermicelli\n|j|\u2606AwsoGlitch\n|html|<table width=\"100%\"><tr><td align=\"left\">jermicelli</td><td align=\"right\">AwsoGlitch</tr><tr><td align=\"left\"><i class=\"fa fa-circle\"></i> <i class=\"fa fa-circle-o\"></i> </td><td align=\"right\"><i class=\"fa fa-circle-o\"></i> <i class=\"fa fa-circle\"></i> </tr></table>\n|uhtml|bestof|<h2><strong>Game 3</strong> of <a href=\"/game-bestof3-gen9vgc2025regibo3-2353587065\">a best-of-3</a></h2>\n|t:|1745972218\n|gametype|doubles\n|player|p1|jermicelli|265|1083\n|player|p2|AwsoGlitch|riley|1091\n|teamsize|p1|6\n|teamsize|p2|6\n|gen|9\n|tier|[Gen 9] VGC 2025 Reg I (Bo3)\n|rated|\n|rule|Species Clause: Limit one of each Pok\u00e9mon\n|rule|Item Clause: Limit 1 of each item\n|clearpoke\n|poke|p1|Ursaluna-Bloodmoon, L50, M|\n|poke|p1|Dialga-Origin, L50|\n|poke|p1|Incineroar, L50, M|\n|poke|p1|Calyrex-Ice, L50|\n|poke|p1|Indeedee-F, L50, F|\n|poke|p1|Amoonguss, L50, F|\n|poke|p2|Terapagos, L50, M|\n|poke|p2|Farigiraf, L50, M|\n|poke|p2|Incineroar, L50, M|\n|poke|p2|Calyrex-Ice, L50|\n|poke|p2|Ninetales-Alola, L50, M|\n|poke|p2|Landorus, L50, M|\n|teampreview|4\n|showteam|p1|Ursaluna-Bloodmoon||LifeOrb|MindsEye|EarthPower,HyperVoice,Protect,BloodMoon|||M|||50|,,,,,Ghost]Dialga-Origin||AdamantCrystal|Telepathy|DragonPulse,FlashCannon,Flamethrower,TrickRoom||||||50|,,,,,Fairy]Incineroar||SafetyGoggles|Intimidate|Protect,PartingShot,FakeOut,FlareBlitz|||M|||50|,,,,,Grass]Calyrex-Ice||ClearAmulet|AsOneGlastrier|GlacialLance,Protect,TrickRoom,HighHorsepower||||||50|,,,,,Water]Indeedee-F||PsychicSeed|PsychicSurge|FollowMe,TrickRoom,HelpingHand,ShadowBall|||F|||50|,,,,,Psychic]Amoonguss||Leftovers|Regenerator|SludgeBomb,Spore,RagePowder,Protect|||F|||50|,,,,,Water\n|showteam|p2|Terapagos||Leftovers|TeraShift|Protect,TeraStarstorm,BugBuzz,DarkPulse|||M|||50|,,,,,Stellar]Farigiraf||MentalHerb|ArmorTail|TrickRoom,Endeavor,Psychic,Protect|||M|||50|,,,,,Steel]Incineroar||SafetyGoggles|Intimidate|FakeOut,PartingShot,FlareBlitz,KnockOff|||M|||50|,,,,,Ghost]Calyrex-Ice||CovertCloak|AsOneGlastrier|Protect,GlacialLance,HighHorsepower,Crunch||||||50|,,,,,Grass]Ninetales-Alola||LightClay|SnowWarning|Protect,AuroraVeil,Blizzard,MistyTerrain|||M|||50|,,,,,Grass]Landorus||LifeOrb|SheerForce|EarthPower,Psychic,SludgeWave,Protect|||M|||50|,,,,,Poison\n|inactive|Battle timer is ON: inactive players will automatically lose when time's up. (requested by AwsoGlitch)\n|j| Kaiju Krush\n|\n|t:|1745972237\n|start\n|switch|p1a: Cat|Incineroar, L50, M|100/100\n|switch|p1b: Goat|Dialga-Origin, L50|100/100\n|switch|p2a: Landorus|Landorus, L50, M|100/100\n|switch|p2b: Ninetales|Ninetales-Alola, L50, M|100/100\n|-weather|Snowscape|[from] ability: Snow Warning|[of] p2b: Ninetales\n|-ability|p1a: Cat|Intimidate|boost\n|-unboost|p2a: Landorus|atk|1\n|-unboost|p2b: Ninetales|atk|1\n|turn|1\n|inactive|jermicelli has 30 seconds left.\n|\n|t:|1745972266\n|switch|p2b: Farigiraf|Farigiraf, L50, M|100/100\n|-terastallize|p1b: Goat|Fairy\n|move|p2a: Landorus|Earth Power|p1b: Goat\n|-damage|p1b: Goat|45/100\n|move|p1b: Goat|Flash Cannon|p2b: Farigiraf\n|-damage|p2b: Farigiraf|41/100\n|move|p1a: Cat|Flare Blitz|p2b: Farigiraf\n|-damage|p2b: Farigiraf|7/100\n|-status|p2b: Farigiraf|brn\n|-damage|p1a: Cat|88/100|[from] Recoil\n|\n|-weather|Snowscape|[upkeep]\n|-damage|p2b: Farigiraf|0 fnt|[from] brn\n|faint|p2b: Farigiraf\n|upkeep\n|\n|t:|1745972283\n|switch|p2b: Ninetales|Ninetales-Alola, L50, M|100/100\n|turn|2\n|\n|t:|1745972301\n|switch|p1b: Horse|Calyrex-Ice, L50|100/100\n|-ability|p1b: Horse|As One\n|-ability|p1b: Horse|Unnerve\n|move|p2b: Ninetales|Aurora Veil|p2b: Ninetales\n|-sidestart|p2: AwsoGlitch|move: Aurora Veil\n|move|p2a: Landorus|Earth Power|p1b: Horse\n|-damage|p1b: Horse|39/100\n|move|p1a: Cat|Parting Shot|p2a: Landorus\n|-unboost|p2a: Landorus|atk|1\n|-unboost|p2a: Landorus|spa|1\n|\n|t:|1745972312\n|switch|p1a: Goat|Dialga-Origin, L50, tera:Fairy|45/100|[from] Parting Shot\n|\n|-weather|Snowscape|[upkeep]\n|upkeep\n|turn|3\n|\n|t:|1745972333\n|move|p1b: Horse|Protect|p1b: Horse\n|-singleturn|p1b: Horse|Protect\n|move|p2b: Ninetales|Blizzard|p1a: Goat|[spread] p1a\n|-activate|p1b: Horse|move: Protect\n|-damage|p1a: Goat|22/100\n|move|p2a: Landorus|Sludge Wave|p1b: Horse|[spread] p2b,p1a\n|-activate|p1b: Horse|move: Protect\n|-supereffective|p2b: Ninetales\n|-supereffective|p1a: Goat\n|-damage|p2b: Ninetales|58/100\n|-damage|p1a: Goat|0 fnt\n|faint|p1a: Goat\n|\n|-weather|Snowscape|[upkeep]\n|upkeep\n|\n|t:|1745972345\n|switch|p1a: Cat|Incineroar, L50, M|88/100\n|-ability|p1a: Cat|Intimidate|boost\n|-unboost|p2a: Landorus|atk|1\n|-unboost|p2b: Ninetales|atk|1\n|turn|4\n|\n|t:|1745972365\n|switch|p2a: Terapagos|Terapagos, L50, M|100/100\n|-activate|p2a: Terapagos|ability: Tera Shift\n|detailschange|p2a: Terapagos|Terapagos-Terastal, L50, M\n|-heal|p2a: Terapagos|100/100|[silent]\n|move|p1a: Cat|Fake Out|p2a: Terapagos\n|-activate|p2a: Terapagos|ability: Tera Shell\n|-resisted|p2a: Terapagos\n|-damage|p2a: Terapagos|98/100\n|move|p2b: Ninetales|Misty Terrain|p2b: Ninetales\n|-fieldstart|move: Misty Terrain\n|move|p1b: Horse|Trick Room|p1b: Horse\n|-fieldstart|move: Trick Room|[of] p1b: Horse\n|\n|-weather|Snowscape|[upkeep]\n|-heal|p2a: Terapagos|100/100|[from] item: Leftovers\n|upkeep\n|turn|5\n|inactive|AwsoGlitch has 30 seconds left.\n|\n|t:|1745972396\n|move|p1b: Horse|Protect|p1b: Horse\n|-singleturn|p1b: Horse|Protect\n|move|p1a: Cat|Flare Blitz|p2b: Ninetales\n|-supereffective|p2b: Ninetales\n|-damage|p2b: Ninetales|0 fnt\n|faint|p2b: Ninetales\n|-damage|p1a: Cat|74/100|[from] Recoil\n|move|p2a: Terapagos|Dark Pulse|p1b: Horse\n|-activate|p1b: Horse|move: Protect\n|\n|-weather|none\n|upkeep\n|\n|t:|1745972400\n|switch|p2b: Landorus|Landorus, L50, M|100/100\n|turn|6\n|\n|t:|1745972414\n|move|p2b: Landorus|Protect|p2b: Landorus\n|-singleturn|p2b: Landorus|Protect\n|move|p1b: Horse|Glacial Lance|p2a: Terapagos|[spread] p2a\n|-activate|p2b: Landorus|move: Protect\n|-activate|p2a: Terapagos|ability: Tera Shell\n|-resisted|p2a: Terapagos\n|-damage|p2a: Terapagos|85/100\n|move|p1a: Cat|Parting Shot|p2a: Terapagos\n|-unboost|p2a: Terapagos|atk|1\n|-unboost|p2a: Terapagos|spa|1\n|\n|t:|1745972424\n|switch|p1a: Bear|Ursaluna-Bloodmoon, L50, M|100/100|[from] Parting Shot\n|move|p2a: Terapagos|Dark Pulse|p1b: Horse\n|-supereffective|p1b: Horse\n|-damage|p1b: Horse|13/100\n|\n|-heal|p2a: Terapagos|91/100|[from] item: Leftovers\n|upkeep\n|turn|7\n|\n|t:|1745972442\n|-terastallize|p2b: Landorus|Poison\n|move|p2a: Terapagos|Protect|p2a: Terapagos\n|-singleturn|p2a: Terapagos|Protect\n|move|p1b: Horse|Glacial Lance|p2a: Terapagos|[spread] p2b\n|-activate|p2a: Terapagos|move: Protect\n|-damage|p2b: Landorus|60/100\n|move|p1a: Bear|Blood Moon|p2b: Landorus\n|-damage|p2b: Landorus|0 fnt\n|faint|p2b: Landorus\n|-damage|p1a: Bear|91/100|[from] item: Life Orb\n|\n|-heal|p2a: Terapagos|97/100|[from] item: Leftovers\n|upkeep\n|turn|8\n|inactive|jermicelli has 30 seconds left.\n|\n|t:|1745972468\n|move|p1b: Horse|Protect|p1b: Horse\n|-singleturn|p1b: Horse|Protect\n|move|p2a: Terapagos|Protect|p2a: Terapagos\n|-singleturn|p2a: Terapagos|Protect\n|move|p1a: Bear|Earth Power|p2a: Terapagos\n|-activate|p2a: Terapagos|move: Protect\n|\n|-heal|p2a: Terapagos|100/100|[from] item: Leftovers\n|-fieldend|move: Trick Room\n|-fieldend|Misty Terrain\n|upkeep\n|turn|9\n|inactive|jermicelli has 30 seconds left.\n|\n|t:|1745972494\n|switch|p1b: Cat|Incineroar, L50, M|74/100\n|-ability|p1b: Cat|Intimidate|boost\n|-unboost|p2a: Terapagos|atk|1\n|move|p2a: Terapagos|Tera Starstorm|p1a: Bear\n|-damage|p1a: Bear|38/100\n|move|p1a: Bear|Blood Moon|p2a: Terapagos\n|-activate|p2a: Terapagos|ability: Tera Shell\n|-resisted|p2a: Terapagos\n|-damage|p2a: Terapagos|74/100\n|-damage|p1a: Bear|28/100|[from] item: Life Orb\n|\n|-heal|p2a: Terapagos|80/100|[from] item: Leftovers\n|-sideend|p2: AwsoGlitch|move: Aurora Veil\n|upkeep\n|turn|10\n|\n|t:|1745972518\n|move|p2a: Terapagos|Protect|p2a: Terapagos\n|-singleturn|p2a: Terapagos|Protect\n|move|p1b: Cat|Fake Out|p2a: Terapagos\n|-activate|p2a: Terapagos|move: Protect\n|move|p1a: Bear|Earth Power|p2a: Terapagos\n|-activate|p2a: Terapagos|move: Protect\n|\n|-heal|p2a: Terapagos|86/100|[from] item: Leftovers\n|upkeep\n|turn|11\n|\n|t:|1745972531\n|move|p1a: Bear|Protect|p1a: Bear\n|-singleturn|p1a: Bear|Protect\n|move|p2a: Terapagos|Tera Starstorm|p1a: Bear\n|-activate|p1a: Bear|move: Protect\n|move|p1b: Cat|Flare Blitz|p2a: Terapagos\n|-damage|p2a: Terapagos|50/100\n|-damage|p1b: Cat|62/100|[from] Recoil\n|\n|-heal|p2a: Terapagos|56/100|[from] item: Leftovers\n|upkeep\n|turn|12\n|inactive|jermicelli has 30 seconds left.\n|\n|t:|1745972560\n|switch|p1b: Horse|Calyrex-Ice, L50|13/100\n|-ability|p1b: Horse|As One\n|-ability|p1b: Horse|Unnerve\n|move|p2a: Terapagos|Tera Starstorm|p1a: Bear\n|-damage|p1a: Bear|0 fnt\n|faint|p1a: Bear\n|\n|-heal|p2a: Terapagos|62/100|[from] item: Leftovers\n|upkeep\n|\n|t:|1745972570\n|switch|p1a: Cat|Incineroar, L50, M|62/100\n|-ability|p1a: Cat|Intimidate|boost\n|-unboost|p2a: Terapagos|atk|1\n|turn|13\n|\n|t:|1745972576\n|move|p1a: Cat|Fake Out|p2a: Terapagos\n|-damage|p2a: Terapagos|54/100\n|cant|p2a: Terapagos|flinch\n|move|p1b: Horse|Trick Room|p1b: Horse\n|-fieldstart|move: Trick Room|[of] p1b: Horse\n|\n|-heal|p2a: Terapagos|60/100|[from] item: Leftovers\n|upkeep\n|turn|14\n|\n|t:|1745972586\n|move|p2a: Terapagos|Protect|p2a: Terapagos\n|-singleturn|p2a: Terapagos|Protect\n|move|p1b: Horse|Glacial Lance|p2a: Terapagos\n|-activate|p2a: Terapagos|move: Protect\n|move|p1a: Cat|Flare Blitz|p2a: Terapagos\n|-activate|p2a: Terapagos|move: Protect\n|\n|-heal|p2a: Terapagos|66/100|[from] item: Leftovers\n|upkeep\n|turn|15\n|\n|t:|1745972598\n|move|p2a: Terapagos|Protect|p2a: Terapagos\n|-singleturn|p2a: Terapagos|Protect\n|move|p1b: Horse|Glacial Lance|p2a: Terapagos\n|-activate|p2a: Terapagos|move: Protect\n|move|p1a: Cat|Flare Blitz|p2a: Terapagos\n|-activate|p2a: Terapagos|move: Protect\n|\n|-heal|p2a: Terapagos|72/100|[from] item: Leftovers\n|upkeep\n|turn|16\n|\n|t:|1745972609\n|move|p1b: Horse|Glacial Lance|p2a: Terapagos\n|-damage|p2a: Terapagos|5/100\n|move|p1a: Cat|Flare Blitz|p2a: Terapagos\n|-damage|p2a: Terapagos|0 fnt\n|faint|p2a: Terapagos\n|-damage|p1a: Cat|60/100|[from] Recoil\n|\n|win|jermicelli\n|raw|jermicelli's rating: 1083 &rarr; <strong>1111</strong><br />(+28 for winning)\n|raw|AwsoGlitch's rating: 1091 &rarr; <strong>1067</strong><br />(-24 for losing)\n|c|\u2606jermicelli|gg\n|c|\u2606AwsoGlitch|Gg\n", "uploadtime": 1745972622, "views": 8, "formatid": "gen9vgc2025regibo3", "rating": 1067, "private": 0, "password": null}