{"id": "gen9vgc2025regibo3-2353687638", "format": "[Gen 9] VGC 2025 Reg I (Bo3)", "players": ["crace1345", "yalare"], "log": "|j|\u2606crace1345\n|j|\u2606yalare\n|html|<table width=\"100%\"><tr><td align=\"left\">crace1345</td><td align=\"right\">yalare</tr><tr><td align=\"left\"><i class=\"fa fa-circle\"></i> <i class=\"fa fa-circle-o\"></i> </td><td align=\"right\"><i class=\"fa fa-circle-o\"></i> <i class=\"fa fa-circle\"></i> </tr></table>\n|uhtml|bestof|<h2><strong>Game 3</strong> of <a href=\"/game-bestof3-gen9vgc2025regibo3-2353683518\">a best-of-3</a></h2>\n|t:|1745983714\n|gametype|doubles\n|player|p1|crace1345|dawn|\n|player|p2|yalare|roark|\n|teamsize|p1|6\n|teamsize|p2|6\n|gen|9\n|tier|[Gen 9] VGC 2025 Reg I (Bo3)\n|rule|Species Clause: Limit one of each Pok\u00e9mon\n|rule|Item Clause: Limit 1 of each item\n|clearpoke\n|poke|p1|Koraidon, L50|\n|poke|p1|Calyrex-Shadow, L50|\n|poke|p1|Chi-Yu, L50|\n|poke|p1|Iron Hands, L50|\n|poke|p1|Indeedee-F, L50, F|\n|poke|p1|Whimsicott, L50, M|\n|poke|p2|Ogerpon-Cornerstone, L50, F|\n|poke|p2|Koraidon, L50|\n|poke|p2|Calyrex-Shadow, L50|\n|poke|p2|Incineroar, L50, M|\n|poke|p2|Tornadus, L50, M|\n|poke|p2|Urshifu-*, L50, M|\n|teampreview|4\n|showteam|p1|Koraidon||ClearAmulet|OrichalcumPulse|CollisionCourse,FlareBlitz,FlameCharge,Protect||||||50|,,,,,Fire]Calyrex-Shadow||FocusSash|AsOneSpectrier|AstralBarrage,ExpandingForce,Encore,Protect||||||50|,,,,,Ghost]Chi-Yu||ChoiceScarf|BeadsofRuin|HeatWave,Snarl,DarkPulse,Overheat||||||50|,,,,,Ghost]Iron Hands||AssaultVest|QuarkDrive|DrainPunch,WildCharge,FakeOut,LowKick||||||50|,,,,,Water]Indeedee-F||RockyHelmet|PsychicSurge|FollowMe,HelpingHand,Psychic,TrickRoom|||F|||50|,,,,,Water]Whimsicott||CovertCloak|Prankster|Tailwind,Moonblast,Encore,LightScreen|||M|||50|,,,,,Dark\n|showteam|p2|Ogerpon-Cornerstone||CornerstoneMask|Sturdy|IvyCudgel,FollowMe,SpikyShield,HornLeech|||F|||50|,,,,,Rock]Koraidon||ClearAmulet|OrichalcumPulse|CollisionCourse,FlareBlitz,BreakingSwipe,Protect||||||50|,,,,,Fire]Calyrex-Shadow||LifeOrb|AsOneSpectrier|AstralBarrage,Protect,Psychic,NastyPlot||||||50|,,,,,Fairy]Incineroar||SafetyGoggles|Intimidate|WillOWisp,FakeOut,PartingShot,KnockOff|||M|||50|,,,,,Ghost]Tornadus||CovertCloak|Prankster|BleakwindStorm,Tailwind,Taunt,Protect|||M|||50|,,,,,Dark]Urshifu||FocusSash|UnseenFist|WickedBlow,Detect,Uturn,SuckerPunch|||M|||50|,,,,,Dark\n|inactive|Battle timer is ON: inactive players will automatically lose when time's up. (requested by crace1345)\n|\n|t:|1745983745\n|start\n|switch|p1a: Chi-Yu|Chi-Yu, L50|100/100\n|switch|p1b: Whimsicott|Whimsicott, L50, M|100/100\n|switch|p2a: Tornadus|Tornadus, L50, M|100/100\n|switch|p2b: Calyrex|Calyrex-Shadow, L50|100/100\n|-ability|p2b: Calyrex|As One\n|-ability|p2b: Calyrex|Unnerve\n|-ability|p1a: Chi-Yu|Beads of Ruin\n|turn|1\n|inactive|yalare has 30 seconds left.\n|\n|t:|1745983777\n|move|p2b: Calyrex|Protect|p2b: Calyrex\n|-singleturn|p2b: Calyrex|Protect\n|move|p1b: Whimsicott|Tailwind|p1b: Whimsicott\n|-sidestart|p1: crace1345|move: Tailwind\n|move|p2a: Tornadus|Tailwind|p2a: Tornadus\n|-sidestart|p2: yalare|move: Tailwind\n|move|p1a: Chi-Yu|Heat Wave|p2a: Tornadus|[spread] p2a\n|-activate|p2b: Calyrex|move: Protect\n|-damage|p2a: Tornadus|60/100\n|\n|upkeep\n|turn|2\n|\n|t:|1745983791\n|switch|p2b: Incineroar|Incineroar, L50, M|100/100\n|-ability|p2b: Incineroar|Intimidate|boost\n|-unboost|p1a: Chi-Yu|atk|1\n|-unboost|p1b: Whimsicott|atk|1\n|move|p1b: Whimsicott|Encore|p2a: Tornadus\n|-start|p2a: Tornadus|Encore\n|move|p1a: Chi-Yu|Heat Wave|p2a: Tornadus|[spread] p2a,p2b\n|-crit|p2a: Tornadus\n|-resisted|p2b: Incineroar\n|-damage|p2a: Tornadus|0 fnt\n|-damage|p2b: Incineroar|74/100\n|faint|p2a: Tornadus\n|\n|upkeep\n|\n|t:|1745983808\n|switch|p2a: Calyrex|Calyrex-Shadow, L50|100/100\n|-ability|p2a: Calyrex|As One\n|-ability|p2a: Calyrex|Unnerve\n|turn|3\n|\n|t:|1745983832\n|switch|p1a: Iron Hands|Iron Hands, L50|100/100\n|move|p2a: Calyrex|Protect|p2a: Calyrex\n|-singleturn|p2a: Calyrex|Protect\n|move|p1b: Whimsicott|Light Screen|p1b: Whimsicott\n|-sidestart|p1: crace1345|move: Light Screen\n|move|p2b: Incineroar|Parting Shot|p1a: Iron Hands\n|-unboost|p1a: Iron Hands|atk|1\n|-unboost|p1a: Iron Hands|spa|1\n|\n|t:|1745983839\n|switch|p2b: Koraidon|Koraidon, L50|100/100|[from] Parting Shot\n|-weather|SunnyDay|[from] ability: Orichalcum Pulse|[of] p2b: Koraidon\n|-activate|p2b: Koraidon|Orichalcum Pulse|[source]\n|\n|-weather|SunnyDay|[upkeep]\n|upkeep\n|turn|4\n|inactive|yalare has 30 seconds left.\n|\n|t:|1745983865\n|move|p2b: Koraidon|Protect|p2b: Koraidon\n|-singleturn|p2b: Koraidon|Protect\n|move|p1a: Iron Hands|Fake Out|p2b: Koraidon\n|-activate|p2b: Koraidon|move: Protect\n|move|p1b: Whimsicott|Encore|p2a: Calyrex\n|-start|p2a: Calyrex|Encore\n|move|p2a: Calyrex|Protect||[still]\n|-fail|p2a: Calyrex\n|\n|-weather|SunnyDay|[upkeep]\n|-sideend|p2: yalare|move: Tailwind\n|-sideend|p1: crace1345|move: Tailwind\n|upkeep\n|turn|5\n|\n|t:|1745983885\n|switch|p2a: Incineroar|Incineroar, L50, M|74/100\n|-ability|p2a: Incineroar|Intimidate|boost\n|-unboost|p1a: Iron Hands|atk|1\n|-unboost|p1b: Whimsicott|atk|1\n|-end|p1a: Iron Hands|Quark Drive|[silent]\n|switch|p1a: Chi-Yu|Chi-Yu, L50|100/100\n|-ability|p1a: Chi-Yu|Beads of Ruin\n|move|p1b: Whimsicott|Encore|p2b: Koraidon\n|-start|p2b: Koraidon|Encore\n|move|p2b: Koraidon|Protect||[still]\n|-fail|p2b: Koraidon\n|\n|-weather|SunnyDay|[upkeep]\n|upkeep\n|turn|6\n|\n|t:|1745983907\n|move|p2b: Koraidon|Protect|p2b: Koraidon\n|-singleturn|p2b: Koraidon|Protect\n|move|p1b: Whimsicott|Tailwind|p1b: Whimsicott\n|-sidestart|p1: crace1345|move: Tailwind\n|move|p1a: Chi-Yu|Heat Wave|p2a: Incineroar|[spread] p2a\n|-activate|p2b: Koraidon|move: Protect\n|-resisted|p2a: Incineroar\n|-damage|p2a: Incineroar|38/100\n|move|p2a: Incineroar|Knock Off|p1a: Chi-Yu\n|-resisted|p1a: Chi-Yu\n|-damage|p1a: Chi-Yu|60/100\n|-enditem|p1a: Chi-Yu|Choice Scarf|[from] move: Knock Off|[of] p2a: Incineroar\n|\n|-weather|SunnyDay|[upkeep]\n|upkeep\n|turn|7\n|\n|t:|1745983928\n|-terastallize|p2b: Koraidon|Fire\n|move|p2b: Koraidon|Protect|p2b: Koraidon\n|-singleturn|p2b: Koraidon|Protect\n|move|p1a: Chi-Yu|Heat Wave|p2a: Incineroar|[spread] p2a\n|-activate|p2b: Koraidon|move: Protect\n|-resisted|p2a: Incineroar\n|-damage|p2a: Incineroar|0 fnt\n|faint|p2a: Incineroar\n|move|p1b: Whimsicott|Moonblast|p2b: Koraidon\n|-activate|p2b: Koraidon|move: Protect\n|\n|-weather|none\n|-end|p2b: Koraidon|Encore\n|-sideend|p1: crace1345|move: Light Screen\n|upkeep\n|\n|t:|1745983940\n|switch|p2a: Calyrex|Calyrex-Shadow, L50|100/100\n|-ability|p2a: Calyrex|As One\n|-ability|p2a: Calyrex|Unnerve\n|turn|8\n|\n|t:|1745983952\n|move|p1b: Whimsicott|Encore|p2b: Koraidon\n|-start|p2b: Koraidon|Encore\n|move|p1a: Chi-Yu|Heat Wave|p2a: Calyrex|[spread] p2a,p2b\n|-resisted|p2b: Koraidon\n|-crit|p2b: Koraidon\n|-damage|p2a: Calyrex|44/100\n|-damage|p2b: Koraidon|61/100\n|move|p2a: Calyrex|Astral Barrage|p1b: Whimsicott|[spread] p1a,p1b\n|-resisted|p1a: Chi-Yu\n|-damage|p1a: Chi-Yu|23/100\n|-damage|p1b: Whimsicott|0 fnt\n|faint|p1b: Whimsicott\n|-ability|p2a: Calyrex|Grim Neigh|boost\n|-boost|p2a: Calyrex|spa|1\n|-damage|p2a: Calyrex|34/100|[from] item: Life Orb\n|move|p2b: Koraidon|Protect||[still]\n|-fail|p2b: Koraidon\n|\n|upkeep\n|\n|t:|1745983974\n|switch|p1b: Koraidon|Koraidon, L50|100/100\n|-weather|SunnyDay|[from] ability: Orichalcum Pulse|[of] p1b: Koraidon\n|-activate|p1b: Koraidon|Orichalcum Pulse|[source]\n|turn|9\n|\n|t:|1745983986\n|-terastallize|p1b: Koraidon|Fire\n|move|p2a: Calyrex|Protect|p2a: Calyrex\n|-singleturn|p2a: Calyrex|Protect\n|move|p2b: Koraidon|Protect|p2b: Koraidon\n|-singleturn|p2b: Koraidon|Protect\n|move|p1b: Koraidon|Flame Charge|p2b: Koraidon\n|-activate|p2b: Koraidon|move: Protect\n|move|p1a: Chi-Yu|Heat Wave|p2a: Calyrex|[spread] \n|-activate|p2a: Calyrex|move: Protect\n|-activate|p2b: Koraidon|move: Protect\n|\n|-weather|SunnyDay|[upkeep]\n|-sideend|p1: crace1345|move: Tailwind\n|upkeep\n|turn|10\n|\n|t:|1745984000\n|move|p2b: Koraidon|Protect|p2b: Koraidon\n|-singleturn|p2b: Koraidon|Protect\n|move|p2a: Calyrex|Astral Barrage|p1a: Chi-Yu|[spread] p1a,p1b\n|-resisted|p1a: Chi-Yu\n|-damage|p1a: Chi-Yu|0 fnt\n|-damage|p1b: Koraidon|0 fnt\n|faint|p1a: Chi-Yu\n|faint|p1b: Koraidon\n|-ability|p2a: Calyrex|Grim Neigh|boost\n|-boost|p2a: Calyrex|spa|2\n|-damage|p2a: Calyrex|24/100|[from] item: Life Orb\n|\n|-weather|SunnyDay|[upkeep]\n|-end|p2b: Koraidon|Encore\n|upkeep\n|\n|t:|1745984007\n|switch|p1b: Iron Hands|Iron Hands, L50|100/100\n|turn|11\n|\n|t:|1745984016\n|move|p2a: Calyrex|Astral Barrage|p1b: Iron Hands\n|-damage|p1b: Iron Hands|0 fnt\n|faint|p1b: Iron Hands\n|-end|p1b: Iron Hands|Quark Drive|[silent]\n|-damage|p2a: Calyrex|15/100|[from] item: Life Orb\n|\n|win|yalare\n|l|\u2606yalare\n|player|p2|\n|j|\u2606yalare\n|player|p2|yalare|roark|\n", "uploadtime": 1745984666, "views": 25, "formatid": "gen9vgc2025regibo3", "rating": null, "private": 0, "password": null}