{"id": "gen9vgc2025regibo3-2354467903", "format": "[Gen 9] VGC 2025 Reg I (Bo3)", "players": ["Jasondddd", "chuybreton8"], "log": "|j|\u2606Jasondddd\n|j|\u2606chuybreton8\n|html|<table width=\"100%\"><tr><td align=\"left\">Jasondddd</td><td align=\"right\">chuybreton8</tr><tr><td align=\"left\"><i class=\"fa fa-circle-o\"></i> <i class=\"fa fa-circle-o\"></i> </td><td align=\"right\"><i class=\"fa fa-circle-o\"></i> <i class=\"fa fa-circle-o\"></i> </tr></table>\n|uhtml|bestof|<h2><strong>Game 1</strong> of <a href=\"/game-bestof3-gen9vgc2025regibo3-2354467902\">a best-of-3</a></h2>\n|t:|1746076329\n|gametype|doubles\n|player|p1|Jasondddd|170|1392\n|player|p2|chuybreton8|1|1419\n|teamsize|p1|6\n|teamsize|p2|6\n|gen|9\n|tier|[Gen 9] VGC 2025 Reg I (Bo3)\n|rated|\n|rule|Species Clause: Limit one of each Pok\u00e9mon\n|rule|Item Clause: Limit 1 of each item\n|clearpoke\n|poke|p1|Zamazenta-*, L50|\n|poke|p1|Moltres, L50|\n|poke|p1|Calyrex-Shadow, L50|\n|poke|p1|Ogerpon-Cornerstone, L50, F|\n|poke|p1|Grimmsnarl, L50, M|\n|poke|p1|Rillaboom, L50, M|\n|poke|p2|Koraidon, L50|\n|poke|p2|Lunala, L50|\n|poke|p2|Raging Bolt, L50|\n|poke|p2|Chi-Yu, L50|\n|poke|p2|Brute Bonnet, L50|\n|poke|p2|Ursaluna, L50, M|\n|teampreview|4\n|showteam|p1|Zamazenta-Crowned||RustedShield|DauntlessShield|Protect,WideGuard,BodyPress,behemothbash||||||50|,,,,,Dragon]Moltres||CovertCloak|FlameBody|Protect,HeatWave,AirSlash,Tailwind||||||50|,,,,,Grass]Calyrex-Shadow||Leftovers|AsOneSpectrier|Protect,GigaDrain,AstralBarrage,CalmMind||||||50|,,,,,Grass]Ogerpon-Cornerstone||CornerstoneMask|Sturdy|SpikyShield,IvyCudgel,HornLeech,FollowMe|||F|||50|,,,,,Rock]Grimmsnarl||LightClay|Prankster|ThunderWave,LightScreen,Reflect,SpiritBreak|||M|||50|,,,,,Water]Rillaboom||AssaultVest|GrassySurge|FakeOut,Uturn,GrassyGlide,WoodHammer|||M|||50|,,,,,Fire\n|showteam|p2|Koraidon||ClearAmulet|OrichalcumPulse|CollisionCourse,FlareBlitz,FlameCharge,Protect||||||50|,,,,,Fire]Lunala||PowerHerb|ShadowShield|TrickRoom,MoongeistBeam,MeteorBeam,WideGuard||||||50|,,,,,Water]Raging Bolt||AssaultVest|Protosynthesis|Electroweb,DracoMeteor,Thunderclap,Thunderbolt||||||50|,,,,,Fairy]Chi-Yu||FocusSash|BeadsofRuin|HeatWave,Protect,Taunt,Snarl||||||50|,,,,,Ghost]Brute Bonnet||CovertCloak|Protosynthesis|SuckerPunch,Spore,SeedBomb,RagePowder||||||50|,,,,,Water]Ursaluna||FlameOrb|Guts|Facade,HeadlongRush,Protect,Earthquake|||M|||50|,,,,,Water\n|inactive|Battle timer is ON: inactive players will automatically lose when time's up. (requested by chuybreton8)\n|\n|t:|1746076382\n|start\n|switch|p1a: Moltres|Moltres, L50|100/100\n|switch|p1b: Calyrex|Calyrex-Shadow, L50|100/100\n|switch|p2a: Lunala|Lunala, L50|100/100\n|switch|p2b: Brute Bonnet|Brute Bonnet, L50, shiny|100/100\n|-ability|p1b: Calyrex|As One\n|-ability|p1b: Calyrex|Unnerve\n|turn|1\n|\n|t:|1746076405\n|-terastallize|p1b: Calyrex|Grass\n|move|p2b: Brute Bonnet|Sucker Punch|p1b: Calyrex\n|-damage|p1b: Calyrex|70/100\n|move|p1b: Calyrex|Astral Barrage|p2a: Lunala|[spread] p2a,p2b\n|-supereffective|p2a: Lunala\n|-resisted|p2b: Brute Bonnet\n|-damage|p2a: Lunala|24/100\n|-damage|p2b: Brute Bonnet|81/100\n|move|p1a: Moltres|Heat Wave|p2b: Brute Bonnet|[spread] p2a,p2b\n|-supereffective|p2b: Brute Bonnet\n|-damage|p2a: Lunala|1/100\n|-damage|p2b: Brute Bonnet|32/100\n|move|p2a: Lunala|Trick Room|p2a: Lunala\n|-fieldstart|move: Trick Room|[of] p2a: Lunala\n|\n|-heal|p1b: Calyrex|75/100|[from] item: Leftovers\n|upkeep\n|turn|2\n|inactive|Jasondddd has 30 seconds left.\n|\n|t:|1746076433\n|switch|p1a: Rillaboom|Rillaboom, L50, M|100/100\n|-fieldstart|move: Grassy Terrain|[from] ability: Grassy Surge|[of] p1a: Rillaboom\n|move|p2b: Brute Bonnet|Spore|p1a: Rillaboom\n|-immune|p1a: Rillaboom\n|move|p2a: Lunala|Meteor Beam||[still]\n|-prepare|p2a: Lunala|Meteor Beam\n|-boost|p2a: Lunala|spa|1\n|-enditem|p2a: Lunala|Power Herb\n|-anim|p2a: Lunala|Meteor Beam|p1b: Calyrex\n|-damage|p1b: Calyrex|10/100\n|move|p1b: Calyrex|Astral Barrage|p2a: Lunala|[spread] p2a,p2b\n|-supereffective|p2a: Lunala\n|-resisted|p2b: Brute Bonnet\n|-damage|p2a: Lunala|0 fnt\n|-damage|p2b: Brute Bonnet|15/100\n|faint|p2a: Lunala\n|-ability|p1b: Calyrex|Grim Neigh|boost\n|-boost|p1b: Calyrex|spa|1\n|\n|-heal|p2b: Brute Bonnet|22/100|[from] Grassy Terrain\n|-heal|p1b: Calyrex|16/100|[from] Grassy Terrain\n|-heal|p1b: Calyrex|22/100|[from] item: Leftovers\n|upkeep\n|\n|t:|1746076446\n|switch|p2a: Chi-Yu|Chi-Yu, L50|100/100\n|-ability|p2a: Chi-Yu|Beads of Ruin\n|turn|3\n|\n|t:|1746076468\n|-terastallize|p2a: Chi-Yu|Ghost\n|move|p1b: Calyrex|Protect|p1b: Calyrex\n|-singleturn|p1b: Calyrex|Protect\n|move|p2b: Brute Bonnet|Sucker Punch|p1a: Rillaboom\n|-damage|p1a: Rillaboom|71/100\n|move|p1a: Rillaboom|U-turn|p2b: Brute Bonnet\n|-supereffective|p2b: Brute Bonnet\n|-damage|p2b: Brute Bonnet|0 fnt\n|faint|p2b: Brute Bonnet\n|-end|p2b: Brute Bonnet|Protosynthesis|[silent]\n|\n|t:|1746076480\n|switch|p1a: Moltres|Moltres, L50|100/100|[from] U-turn\n|move|p2a: Chi-Yu|Heat Wave|p1a: Moltres|[spread] p1a\n|-activate|p1b: Calyrex|move: Protect\n|-resisted|p1a: Moltres\n|-damage|p1a: Moltres|79/100\n|\n|-heal|p1b: Calyrex|28/100|[from] Grassy Terrain\n|-heal|p1b: Calyrex|34/100|[from] item: Leftovers\n|upkeep\n|\n|t:|1746076484\n|switch|p2b: DASNER|Koraidon, L50|100/100\n|-weather|SunnyDay|[from] ability: Orichalcum Pulse|[of] p2b: DASNER\n|-activate|p2b: DASNER|Orichalcum Pulse|[source]\n|turn|4\n|\n|t:|1746076507\n|move|p1a: Moltres|Heat Wave|p2b: DASNER|[spread] p2a,p2b\n|-resisted|p2b: DASNER\n|-damage|p2a: Chi-Yu|40/100\n|-damage|p2b: DASNER|71/100\n|-status|p2a: Chi-Yu|brn\n|move|p2a: Chi-Yu|Snarl|p1a: Moltres|[spread] p1a,p1b\n|-damage|p1a: Moltres|54/100\n|-damage|p1b: Calyrex|3/100\n|-unboost|p1b: Calyrex|spa|1\n|move|p2b: DASNER|Flame Charge|p1a: Moltres\n|-resisted|p1a: Moltres\n|-damage|p1a: Moltres|38/100\n|-boost|p2b: DASNER|spe|1\n|move|p1b: Calyrex|Astral Barrage|p2b: DASNER|[spread] p2a,p2b\n|-supereffective|p2a: Chi-Yu\n|-damage|p2a: Chi-Yu|0 fnt\n|-damage|p2b: DASNER|4/100\n|faint|p2a: Chi-Yu\n|-ability|p1b: Calyrex|Grim Neigh|boost\n|-boost|p1b: Calyrex|spa|1\n|\n|-weather|SunnyDay|[upkeep]\n|-heal|p1b: Calyrex|9/100|[from] Grassy Terrain\n|-heal|p1b: Calyrex|15/100|[from] item: Leftovers\n|-heal|p2b: DASNER|10/100|[from] Grassy Terrain\n|upkeep\n|turn|5\n|-message|chuybreton8 forfeited.\n|\n|win|Jasondddd\n|l|\u2606chuybreton8\n|player|p2|\n||chuybreton8 is ready for game 2.\n|inactive|Jasondddd has 30 seconds to confirm battle start!\n|inactive|Jasondddd has 20 seconds to confirm battle start!\n|inactive|Jasondddd has 10 seconds to confirm battle start!\n|uhtml|next|Next: <a href=\"/battle-gen9vgc2025regibo3-2354469200\"><strong>Game 2 of 3</strong></a>\n|l|\u2606Jasondddd\n|player|p1|\n", "uploadtime": 1746076893, "views": 7, "formatid": "gen9vgc2025regibo3", "rating": null, "private": 0, "password": null}