{"id": "gen9vgc2025regibo3-2354891350", "format": "[Gen 9] VGC 2025 Reg I (Bo3)", "players": ["MangoFurret", "aggron zheng"], "log": "|j|\u2606MangoFurret\n|j|\u2606aggron zheng\n|html|<table width=\"100%\"><tr><td align=\"left\">MangoFurret</td><td align=\"right\">aggron zheng</tr><tr><td align=\"left\"><i class=\"fa fa-circle\"></i> <i class=\"fa fa-circle-o\"></i> </td><td align=\"right\"><i class=\"fa fa-circle-o\"></i> <i class=\"fa fa-circle\"></i> </tr></table>\n|uhtml|bestof|<h2><strong>Game 3</strong> of <a href=\"/game-bestof3-gen9vgc2025regibo3-2354883617\">a best-of-3</a></h2>\n|t:|1746129019\n|gametype|doubles\n|player|p1|MangoFurret|unknown|1300\n|player|p2|aggron zheng|102|1239\n|teamsize|p1|6\n|teamsize|p2|6\n|gen|9\n|tier|[Gen 9] VGC 2025 Reg I (Bo3)\n|rated|\n|rule|Species Clause: Limit one of each Pok\u00e9mon\n|rule|Item Clause: Limit 1 of each item\n|clearpoke\n|poke|p1|Kyogre, L50|\n|poke|p1|Zamazenta-*, L50|\n|poke|p1|Amoonguss, L50, F|\n|poke|p1|Chien-Pao, L50|\n|poke|p1|Urshifu-*, L50, M|\n|poke|p1|Roaring Moon, L50|\n|poke|p2|Lunala, L50|\n|poke|p2|Miraidon, L50|\n|poke|p2|Ursaluna, L50, F|\n|poke|p2|Whimsicott, L50, M|\n|poke|p2|Volcarona, L50, F|\n|poke|p2|Urshifu-*, L50, F|\n|teampreview|4\n|showteam|p1|Kyogre||MysticWater|Drizzle|WaterSpout,HydroPump,IceBeam,Protect||||||50|,,,,,Grass]Zamazenta-Crowned||RustedShield|DauntlessShield|behemothbash,BodyPress,WideGuard,Protect||||||50|,,,,,Grass]Amoonguss||RockyHelmet|Regenerator|RagePowder,Spore,SludgeBomb,Protect|||F|||50|,,,,,Fairy]Chien-Pao||FocusSash|SwordofRuin|IceSpinner,SuckerPunch,ThroatChop,Protect||||||50|,,,,,Ghost]Urshifu-Rapid-Strike||ChoiceScarf|UnseenFist|SurgingStrikes,CloseCombat,Uturn,Coaching|||M|||50|,,,,,Ghost]Roaring Moon||BoosterEnergy|Protosynthesis|KnockOff,Acrobatics,Tailwind,Protect||||||50|,,,,,Flying\n|showteam|p2|Lunala||ElectricSeed|ShadowShield|WideGuard,TrickRoom,MoongeistBeam,Moonblast||||||50|,,,,,Water]Miraidon||ChoiceSpecs|HadronEngine|VoltSwitch,ElectroDrift,DazzlingGleam,DracoMeteor||||||50|,,,,,Ghost]Ursaluna||FlameOrb|Guts|Protect,Earthquake,Facade,HeadlongRush|||F|||50|,,,,,Water]Whimsicott||CovertCloak|Prankster|Tailwind,Moonblast,Encore,LightScreen|||M|||50|,,,,,Dark]Volcarona||Leftovers|FlameBody|QuiverDance,StruggleBug,FieryDance,RagePowder|||F|||50|,,,,,Grass]Urshifu-Rapid-Strike||FocusSash|UnseenFist|Detect,SurgingStrikes,CloseCombat,AquaJet|||F|||50|,,,,,Water\n|\n|t:|1746129082\n|start\n|switch|p1a: Impostor|Amoonguss, L50, F|100/100\n|switch|p1b: Ilgattopardo|Chien-Pao, L50|100/100\n|switch|p2a: Volcarona|Volcarona, L50, F|100/100\n|switch|p2b: Miraidon|Miraidon, L50|100/100\n|-ability|p1b: Ilgattopardo|Sword of Ruin\n|-fieldstart|move: Electric Terrain|[from] ability: Hadron Engine|[of] p2b: Miraidon\n|turn|1\n|\n|t:|1746129101\n|move|p2a: Volcarona|Rage Powder|p2a: Volcarona\n|-singleturn|p2a: Volcarona|move: Rage Powder\n|move|p1b: Ilgattopardo|Ice Spinner|p2a: Volcarona\n|-resisted|p2a: Volcarona\n|-damage|p2a: Volcarona|79/100\n|-fieldend|move: Electric Terrain\n|move|p2b: Miraidon|Volt Switch|p1b: Ilgattopardo\n|-damage|p1b: Ilgattopardo|3/100\n|\n|t:|1746129108\n|switch|p2b: Whimsicott|Whimsicott, L50, M|100/100|[from] Volt Switch\n|move|p1a: Impostor|Spore|p2b: Whimsicott\n|-immune|p2b: Whimsicott\n|\n|-heal|p2a: Volcarona|85/100|[from] item: Leftovers\n|upkeep\n|turn|2\n|\n|t:|1746129185\n|switch|p1b: Storm|Roaring Moon, L50|100/100\n|-enditem|p1b: Storm|Booster Energy\n|-activate|p1b: Storm|ability: Protosynthesis|[fromitem]\n|-start|p1b: Storm|protosynthesisspe\n|-terastallize|p2a: Volcarona|Grass\n|move|p2b: Whimsicott|Tailwind|p2b: Whimsicott\n|-sidestart|p2: aggron zheng|move: Tailwind\n|move|p2a: Volcarona|Fiery Dance|p1b: Storm\n|-resisted|p1b: Storm\n|-damage|p1b: Storm|83/100\n|-boost|p2a: Volcarona|spa|1\n|move|p1a: Impostor|Sludge Bomb|p2b: Whimsicott\n|-supereffective|p2b: Whimsicott\n|-damage|p2b: Whimsicott|0 fnt\n|faint|p2b: Whimsicott\n|\n|-heal|p2a: Volcarona|91/100|[from] item: Leftovers\n|upkeep\n|\n|t:|1746129215\n|switch|p2b: Miraidon|Miraidon, L50|100/100\n|-fieldstart|move: Electric Terrain|[from] ability: Hadron Engine|[of] p2b: Miraidon\n|turn|3\n|\n|t:|1746129291\n|-terastallize|p1a: Impostor|Fairy\n|move|p2b: Miraidon|Volt Switch|p1b: Storm\n|-resisted|p1b: Storm\n|-damage|p1b: Storm|32/100\n|\n|t:|1746129296\n|switch|p2b: Lunala|Lunala, L50|100/100|[from] Volt Switch\n|-enditem|p2b: Lunala|Electric Seed\n|-boost|p2b: Lunala|def|1|[from] item: Electric Seed\n|move|p1b: Storm|Acrobatics|p2a: Volcarona\n|-supereffective|p2a: Volcarona\n|-damage|p2a: Volcarona|24/100\n|move|p2a: Volcarona|Fiery Dance|p1b: Storm\n|-resisted|p1b: Storm\n|-damage|p1b: Storm|7/100\n|move|p1a: Impostor|Sludge Bomb|p2a: Volcarona\n|-supereffective|p2a: Volcarona\n|-damage|p2a: Volcarona|0 fnt\n|faint|p2a: Volcarona\n|\n|upkeep\n|\n|t:|1746129309\n|switch|p2a: Miraidon|Miraidon, L50|100/100\n|-activate|p2a: Miraidon|ability: Hadron Engine\n|turn|4\n|\n|t:|1746129352\n|move|p1b: Storm|Protect|p1b: Storm\n|-singleturn|p1b: Storm|Protect\n|move|p1a: Impostor|Protect|p1a: Impostor\n|-singleturn|p1a: Impostor|Protect\n|move|p2a: Miraidon|Electro Drift|p1a: Impostor\n|-activate|p1a: Impostor|move: Protect\n|move|p2b: Lunala|Trick Room|p2b: Lunala\n|-fieldstart|move: Trick Room|[of] p2b: Lunala\n|\n|upkeep\n|turn|5\n|\n|t:|1746129386\n|move|p1a: Impostor|Sludge Bomb|p2b: Lunala\n|-resisted|p2b: Lunala\n|-damage|p2b: Lunala|96/100\n|move|p2b: Lunala|Moongeist Beam|p1b: Storm\n|-resisted|p1b: Storm\n|-damage|p1b: Storm|0 fnt\n|faint|p1b: Storm\n|-end|p1b: Storm|Protosynthesis|[silent]\n|move|p2a: Miraidon|Electro Drift|p1a: Impostor\n|-damage|p1a: Impostor|0 fnt\n|-damage|p2a: Miraidon|84/100|[from] item: Rocky Helmet|[of] p1a: Impostor\n|faint|p1a: Impostor\n|\n|-sideend|p2: aggron zheng|move: Tailwind\n|upkeep\n|\n|t:|1746129400\n|switch|p1a: IlDoggo|Zamazenta-Crowned, L50|100/100\n|switch|p1b: Ilgattopardo|Chien-Pao, L50|3/100\n|-ability|p1a: IlDoggo|Dauntless Shield|boost\n|-boost|p1a: IlDoggo|def|1\n|-ability|p1b: Ilgattopardo|Sword of Ruin\n|turn|6\n|\n|t:|1746129432\n|move|p2b: Lunala|Wide Guard|p2b: Lunala\n|-singleturn|p2b: Lunala|Wide Guard\n|move|p1b: Ilgattopardo|Sucker Punch||[still]\n|-fail|p1b: Ilgattopardo\n|move|p1a: IlDoggo|Body Press|p2a: Miraidon\n|-damage|p2a: Miraidon|0 fnt\n|faint|p2a: Miraidon\n|\n|upkeep\n|turn|7\n|c|\u2606aggron zheng|gg\n|\n|t:|1746129447\n|move|p1b: Ilgattopardo|Sucker Punch|p2b: Lunala\n|-supereffective|p2b: Lunala\n|-damage|p2b: Lunala|5/100\n|move|p2b: Lunala|Moongeist Beam|p1b: Ilgattopardo\n|-resisted|p1b: Ilgattopardo\n|-damage|p1b: Ilgattopardo|0 fnt\n|faint|p1b: Ilgattopardo\n|move|p1a: IlDoggo|Behemoth Bash|p2b: Lunala\n|-damage|p2b: Lunala|0 fnt\n|faint|p2b: Lunala\n|\n|win|MangoFurret\n|raw|MangoFurret's rating: 1300 &rarr; <strong>1321</strong><br />(+21 for winning)\n|raw|aggron zheng's rating: 1239 &rarr; <strong>1218</strong><br />(-21 for losing)\n|c|\u2606MangoFurret|gg\n", "uploadtime": 1746129493, "views": 10, "formatid": "gen9vgc2025regibo3", "rating": 1218, "private": 0, "password": null}