{"id": "gen9vgc2025regibo3-2354468892", "format": "[Gen 9] VGC 2025 Reg I (Bo3)", "players": ["dragondrivevgc", "grop_vgc"], "log": "|j|\u2606dragondrivevgc\n|j|\u2606grop_vgc\n|html|<table width=\"100%\"><tr><td align=\"left\">dragondrivevgc</td><td align=\"right\">grop_vgc</tr><tr><td align=\"left\"><i class=\"fa fa-circle-o\"></i> <i class=\"fa fa-circle-o\"></i> </td><td align=\"right\"><i class=\"fa fa-circle-o\"></i> <i class=\"fa fa-circle\"></i> </tr></table>\n|uhtml|bestof|<h2><strong>Game 2</strong> of <a href=\"/game-bestof3-gen9vgc2025regibo3-2354467332\">a best-of-3</a></h2>\n|t:|1746076502\n|gametype|doubles\n|player|p1|dragondrivevgc|266|1103\n|player|p2|grop_vgc|1|1156\n|teamsize|p1|6\n|teamsize|p2|6\n|gen|9\n|tier|[Gen 9] VGC 2025 Reg I (Bo3)\n|rated|\n|rule|Species Clause: Limit one of each Pok\u00e9mon\n|rule|Item Clause: Limit 1 of each item\n|clearpoke\n|poke|p1|Groudon, L50|\n|poke|p1|Ho-Oh, L50|\n|poke|p1|Chien-Pao, L50|\n|poke|p1|Tornadus, L50, M|\n|poke|p1|Ogerpon-Wellspring, L50, F|\n|poke|p1|Indeedee, L50, M|\n|poke|p2|Koraidon, L50|\n|poke|p2|Calyrex-Shadow, L50|\n|poke|p2|Weezing, L50, F|\n|poke|p2|Dondozo, L50, M|\n|poke|p2|Tatsugiri-Droopy, L50, M|\n|poke|p2|Chi-Yu, L50|\n|teampreview|4\n|showteam|p1|Groudon||AssaultVest|Drought|Earthquake,HighHorsepower,HeatCrash,HeavySlam||||||50|,,,,,Fire]Ho-Oh||ClearAmulet|Regenerator|SacredFire,BraveBird,Tailwind,Protect||||||50|,,,,,Steel]Chien-Pao||ChoiceScarf|SwordofRuin|SacredSword,ThroatChop,IceSpinner,Snarl||||||50|,,,,,Dark]Tornadus||FocusSash|Prankster|Leer,Tailwind,FoulPlay,SunnyDay|||M|||50|,,,,,Flying]Ogerpon-Wellspring||WellspringMask|WaterAbsorb|FollowMe,HornLeech,IvyCudgel,Synthesis|||F|||50|,,,,,Water]Indeedee||EjectButton|PsychicSurge|ExpandingForce,ShadowBall,HealingWish,Encore|||M|||50|,,,,,Psychic\n|showteam|p2|Koraidon||AbilityShield|OrichalcumPulse|FlareBlitz,CollisionCourse,FlameCharge,Protect||||||50|,,,,,Fire]Calyrex-Shadow||FocusSash|AsOneSpectrier|AstralBarrage,Psychic,Encore,Protect||||||50|,,,,,Ghost]Weezing||SitrusBerry|NeutralizingGas|SludgeBomb,Taunt,Protect,ToxicSpikes|||F|||50|,,,,,Dark]Dondozo||Leftovers|Unaware|OrderUp,BodyPress,WaveCrash,Protect|||M|||50|,,,,,Steel]Tatsugiri-Droopy||LifeOrb|Commander|MuddyWater,DracoMeteor,HelpingHand,Protect|||M|||50|,,,,,Steel]Chi-Yu||ChoiceScarf|BeadsofRuin|Overheat,HeatWave,Flamethrower,DarkPulse||||||50|,,,,,Ghost\n|inactive|Battle timer is ON: inactive players will automatically lose when time's up. (requested by dragondrivevgc)\n|\n|t:|1746076535\n|start\n|switch|p1a: Tornadus|Tornadus, L50, M|100/100\n|switch|p1b: Groudon|Groudon, L50|100/100\n|switch|p2a: Koraidon|Koraidon, L50|100/100\n|switch|p2b: Calyrex|Calyrex-Shadow, L50|100/100\n|-ability|p2b: Calyrex|As One\n|-ability|p2b: Calyrex|Unnerve\n|-weather|SunnyDay|[from] ability: Orichalcum Pulse|[of] p2a: Koraidon\n|-activate|p2a: Koraidon|Orichalcum Pulse|[source]\n|turn|1\n|inactive|grop_vgc has 30 seconds left.\n|inactive|grop_vgc has 20 seconds left.\n|inactive|grop_vgc has 15 seconds left.\n|\n|t:|1746076576\n|move|p1a: Tornadus|Tailwind|p1a: Tornadus\n|-sidestart|p1: dragondrivevgc|move: Tailwind\n|move|p1b: Groudon|Earthquake|p2a: Koraidon|[spread] p2a,p2b\n|-immune|p1a: Tornadus\n|-damage|p2a: Koraidon|64/100\n|-damage|p2b: Calyrex|46/100\n|move|p2b: Calyrex|Astral Barrage|p1b: Groudon|[spread] p1a,p1b\n|-damage|p1a: Tornadus|58/100\n|-damage|p1b: Groudon|74/100\n|move|p2a: Koraidon|Flame Charge|p1a: Tornadus\n|-damage|p1a: Tornadus|12/100\n|-boost|p2a: Koraidon|spe|1\n|\n|-weather|SunnyDay|[upkeep]\n|upkeep\n|turn|2\n|inactive|grop_vgc has 30 seconds left.\n|\n|t:|1746076602\n|switch|p2b: Tatsugiri|Tatsugiri-Droopy, L50, M|100/100\n|move|p1a: Tornadus|Leer|p2a: Koraidon|[spread] p2a,p2b\n|-unboost|p2a: Koraidon|def|1\n|-unboost|p2b: Tatsugiri|def|1\n|move|p2a: Koraidon|Flame Charge|p1a: Tornadus\n|-damage|p1a: Tornadus|0 fnt\n|-boost|p2a: Koraidon|spe|1\n|faint|p1a: Tornadus\n|move|p1b: Groudon|Earthquake|p2b: Tatsugiri|[spread] p2a,p2b\n|-damage|p2a: Koraidon|6/100\n|-damage|p2b: Tatsugiri|0 fnt\n|faint|p2b: Tatsugiri\n|\n|-weather|SunnyDay|[upkeep]\n|upkeep\n|\n|t:|1746076618\n|switch|p2b: Calyrex|Calyrex-Shadow, L50|46/100\n|switch|p1a: Ho-Oh|Ho-Oh, L50|100/100\n|-ability|p2b: Calyrex|As One\n|-ability|p2b: Calyrex|Unnerve\n|turn|3\n|inactive|grop_vgc has 30 seconds left.\n|inactive|grop_vgc has 20 seconds left.\n|inactive|grop_vgc has 15 seconds left.\n|\n|t:|1746076660\n|-terastallize|p2a: Koraidon|Fire\n|move|p2b: Calyrex|Protect|p2b: Calyrex\n|-singleturn|p2b: Calyrex|Protect\n|move|p2a: Koraidon|Flare Blitz|p1b: Groudon\n|-damage|p1b: Groudon|0 fnt\n|faint|p1b: Groudon\n|-damage|p2a: Koraidon|0 fnt|[from] Recoil\n|faint|p2a: Koraidon\n|move|p1a: Ho-Oh|Brave Bird|p2b: Calyrex\n|-activate|p2b: Calyrex|move: Protect\n|\n|-weather|SunnyDay|[upkeep]\n|upkeep\n|\n|t:|1746076674\n|switch|p2a: Dondozo|Dondozo, L50, M, shiny|100/100\n|switch|p1b: Ogerpon|Ogerpon-Wellspring, L50, F|100/100\n|turn|4\n|\n|t:|1746076689\n|move|p2b: Calyrex|Protect||[still]\n|-fail|p2b: Calyrex\n|move|p2a: Dondozo|Protect|p2a: Dondozo\n|-singleturn|p2a: Dondozo|Protect\n|move|p1b: Ogerpon|Horn Leech|p2a: Dondozo\n|-activate|p2a: Dondozo|move: Protect\n|move|p1a: Ho-Oh|Brave Bird|p2b: Calyrex\n|-damage|p2b: Calyrex|0 fnt\n|faint|p2b: Calyrex\n|-damage|p1a: Ho-Oh|88/100|[from] Recoil\n|\n|-weather|SunnyDay|[upkeep]\n|-sideend|p1: dragondrivevgc|move: Tailwind\n|upkeep\n|turn|5\n|\n|t:|1746076709\n|move|p1b: Ogerpon|Follow Me|p1b: Ogerpon\n|-singleturn|p1b: Ogerpon|move: Follow Me\n|move|p1a: Ho-Oh|Brave Bird|p2a: Dondozo\n|-damage|p2a: Dondozo|67/100\n|-damage|p1a: Ho-Oh|77/100|[from] Recoil\n|move|p2a: Dondozo|Order Up|p1b: Ogerpon\n|-damage|p1b: Ogerpon|76/100\n|\n|-weather|none\n|-heal|p2a: Dondozo|73/100|[from] item: Leftovers\n|upkeep\n|turn|6\n|\n|t:|1746076727\n|move|p1b: Ogerpon|Follow Me|p1b: Ogerpon\n|-singleturn|p1b: Ogerpon|move: Follow Me\n|move|p1a: Ho-Oh|Brave Bird|p2a: Dondozo\n|-damage|p2a: Dondozo|38/100\n|-damage|p1a: Ho-Oh|64/100|[from] Recoil\n|move|p2a: Dondozo|Body Press|p1b: Ogerpon\n|-damage|p1b: Ogerpon|42/100\n|\n|-heal|p2a: Dondozo|44/100|[from] item: Leftovers\n|upkeep\n|turn|7\n|\n|t:|1746076740\n|move|p1b: Ogerpon|Synthesis|p1b: Ogerpon\n|-heal|p1b: Ogerpon|92/100\n|move|p1a: Ho-Oh|Tailwind|p1a: Ho-Oh\n|-sidestart|p1: dragondrivevgc|move: Tailwind\n|move|p2a: Dondozo|Body Press|p1a: Ho-Oh\n|-resisted|p1a: Ho-Oh\n|-damage|p1a: Ho-Oh|53/100\n|\n|-heal|p2a: Dondozo|51/100|[from] item: Leftovers\n|upkeep\n|turn|8\n|\n|t:|1746076752\n|move|p1b: Ogerpon|Horn Leech|p2a: Dondozo\n|-supereffective|p2a: Dondozo\n|-damage|p2a: Dondozo|11/100\n|-heal|p1b: Ogerpon|100/100|[from] drain|[of] p2a: Dondozo\n|move|p1a: Ho-Oh|Brave Bird|p2a: Dondozo\n|-damage|p2a: Dondozo|0 fnt\n|faint|p2a: Dondozo\n|-damage|p1a: Ho-Oh|49/100|[from] Recoil\n|\n|win|dragondrivevgc\n||grop_vgc is ready for game 3.\n|raw|dragondrivevgc's rating: 1103 &rarr; <strong>1082</strong><br />(-21 for losing)\n|raw|grop_vgc's rating: 1156 &rarr; <strong>1177</strong><br />(+21 for winning)\n|l|\u2606dragondrivevgc\n|player|p1|\n|l|\u2606grop_vgc\n|player|p2|\n", "uploadtime": 1746077033, "views": 7, "formatid": "gen9vgc2025regibo3", "rating": 1082, "private": 0, "password": null}