{"id": "gen9vgc2025regibo3-2353837479", "format": "[Gen 9] VGC 2025 Reg I (Bo3)", "players": ["littlepotato13", "FerdiVGC"], "log": "|j|\u2606littlepotato13\n|j|\u2606FerdiVGC\n|html|<table width=\"100%\"><tr><td align=\"left\">littlepotato13</td><td align=\"right\">FerdiVGC</tr><tr><td align=\"left\"><i class=\"fa fa-circle-o\"></i> <i class=\"fa fa-circle-o\"></i> </td><td align=\"right\"><i class=\"fa fa-circle-o\"></i> <i class=\"fa fa-circle\"></i> </tr></table>\n|uhtml|bestof|<h2><strong>Game 2</strong> of <a href=\"/game-bestof3-gen9vgc2025regibo3-2353836735\">a best-of-3</a></h2>\n|t:|1746008167\n|gametype|doubles\n|player|p1|littlepotato13|266|1197\n|player|p2|FerdiVGC|169|1161\n|teamsize|p1|6\n|teamsize|p2|6\n|gen|9\n|tier|[Gen 9] VGC 2025 Reg I (Bo3)\n|rated|\n|rule|Species Clause: Limit one of each Pok\u00e9mon\n|rule|Item Clause: Limit 1 of each item\n|clearpoke\n|poke|p1|Miraidon, L50|\n|poke|p1|Calyrex-Ice, L50|\n|poke|p1|Farigiraf, L50, F|\n|poke|p1|Urshifu-*, L50, M|\n|poke|p1|Iron Hands, L50|\n|poke|p1|Pelipper, L50, F|\n|poke|p2|Dondozo, L50, F|\n|poke|p2|Tatsugiri, L50, M|\n|poke|p2|Miraidon, L50|\n|poke|p2|Chi-Yu, L50|\n|poke|p2|Iron Bundle, L50|\n|poke|p2|Koraidon, L50|\n|teampreview|4\n|showteam|p1|Miraidon||ChoiceSpecs|HadronEngine|ElectroDrift,DazzlingGleam,DracoMeteor,VoltSwitch||||||50|,,,,,Fairy]Calyrex-Ice||ClearAmulet|AsOneGlastrier|Protect,TrickRoom,HighHorsepower,GlacialLance||||||50|,,,,,Grass]Farigiraf||ElectricSeed|ArmorTail|TrickRoom,HelpingHand,FoulPlay,Psychic|||F|||50|,,,,,Water]Urshifu-Rapid-Strike||ChoiceScarf|UnseenFist|SurgingStrikes,CloseCombat,Uturn,Coaching|||M|||50|,,,,,Water]Iron Hands||AssaultVest|QuarkDrive|FakeOut,WildCharge,DrainPunch,LowKick||||||50|,,,,,Bug]Pelipper||FocusSash|Drizzle|Protect,WideGuard,WeatherBall,Hurricane|||F|||50|,,,,,Ghost\n|showteam|p2|Dondozo||Leftovers|Unaware|WaveCrash,OrderUp,Earthquake,Protect|||F|||50|,,,,,Grass]Tatsugiri||WideLens|Commander|DracoMeteor,MuddyWater,Taunt,Protect|||M|||50|,,,,,Water]Miraidon||LifeOrb|HadronEngine|ElectroDrift,VoltSwitch,DracoMeteor,Protect||||||50|,,,,,Bug]Chi-Yu||ChoiceScarf|BeadsofRuin|Overheat,HeatWave,DarkPulse,Snarl||||||50|,,,,,Ghost]Iron Bundle||FocusSash|QuarkDrive|FreezeDry,IcyWind,Encore,Protect||||||50|,,,,,Ghost]Koraidon||ClearAmulet|OrichalcumPulse|CollisionCourse,FlareBlitz,FlameCharge,Protect||||||50|,,,,,Fire\n|inactive|Battle timer is ON: inactive players will automatically lose when time's up. (requested by littlepotato13)\n|\n|t:|1746008181\n|start\n|switch|p1a: Miraidon|Miraidon, L50|100/100\n|switch|p1b: Iron Hands|Iron Hands, L50|100/100\n|switch|p2a: Chi-Yu|Chi-Yu, L50|100/100\n|switch|p2b: Miraidon|Miraidon, L50|100/100\n|-ability|p2a: Chi-Yu|Beads of Ruin\n|-fieldstart|move: Electric Terrain|[from] ability: Hadron Engine|[of] p2b: Miraidon\n|-activate|p1b: Iron Hands|ability: Quark Drive\n|-start|p1b: Iron Hands|quarkdriveatk\n|-activate|p1a: Miraidon|ability: Hadron Engine\n|turn|1\n|\n|t:|1746008193\n|-terastallize|p1a: Miraidon|Fairy\n|move|p2b: Miraidon|Protect|p2b: Miraidon\n|-singleturn|p2b: Miraidon|Protect\n|move|p1b: Iron Hands|Fake Out|p2b: Miraidon\n|-activate|p2b: Miraidon|move: Protect\n|move|p2a: Chi-Yu|Heat Wave|p1a: Miraidon|[spread] p1a,p1b\n|-damage|p1a: Miraidon|62/100\n|-damage|p1b: Iron Hands|76/100\n|move|p1a: Miraidon|Dazzling Gleam|p2a: Chi-Yu|[spread] p2a\n|-activate|p2b: Miraidon|move: Protect\n|-damage|p2a: Chi-Yu|31/100\n|\n|upkeep\n|turn|2\n|\n|t:|1746008212\n|-end|p1b: Iron Hands|Quark Drive|[silent]\n|switch|p1b: Pelipper|Pelipper, L50, F|100/100\n|-weather|RainDance|[from] ability: Drizzle|[of] p1b: Pelipper\n|move|p2a: Chi-Yu|Heat Wave|p1b: Pelipper|[spread] p1a,p1b\n|-resisted|p1b: Pelipper\n|-damage|p1a: Miraidon|40/100\n|-damage|p1b: Pelipper|79/100\n|move|p2b: Miraidon|Volt Switch|p1a: Miraidon\n|-damage|p1a: Miraidon|0 fnt\n|faint|p1a: Miraidon\n|-damage|p2b: Miraidon|91/100|[from] item: Life Orb\n|\n|t:|1746008220\n|switch|p2b: Dondozo|Dondozo, L50, F|100/100|[from] Volt Switch\n|\n|-weather|RainDance|[upkeep]\n|upkeep\n|\n|t:|1746008224\n|switch|p1a: Urshifu|Urshifu-Rapid-Strike, L50, M|100/100\n|turn|3\n|\n|t:|1746008233\n|switch|p2a: Tatsugiri|Tatsugiri, L50, M|100/100\n|-activate|p2a: Tatsugiri|ability: Commander|[of] p2b: Dondozo\n|-boost|p2b: Dondozo|atk|2\n|-boost|p2b: Dondozo|spa|2\n|-boost|p2b: Dondozo|spe|2\n|-boost|p2b: Dondozo|def|2\n|-boost|p2b: Dondozo|spd|2\n|move|p1a: Urshifu|Surging Strikes|p2b: Dondozo\n|-resisted|p2b: Dondozo\n|-crit|p2b: Dondozo\n|-damage|p2b: Dondozo|89/100\n|-resisted|p2b: Dondozo\n|-crit|p2b: Dondozo\n|-damage|p2b: Dondozo|78/100\n|-resisted|p2b: Dondozo\n|-crit|p2b: Dondozo\n|-damage|p2b: Dondozo|67/100\n|-hitcount|p2b: Dondozo|3\n|move|p2b: Dondozo|Order Up|p1a: Urshifu\n|-damage|p1a: Urshifu|57/100\n|-boost|p2b: Dondozo|atk|1\n|move|p1b: Pelipper|Hurricane|p2b: Dondozo\n|-crit|p2b: Dondozo\n|-damage|p2b: Dondozo|0 fnt\n|faint|p2b: Dondozo\n|\n|-weather|RainDance|[upkeep]\n|upkeep\n|\n|t:|1746008244\n|switch|p2b: Miraidon|Miraidon, L50|91/100\n|-activate|p2b: Miraidon|ability: Hadron Engine\n|turn|4\n|\n|t:|1746008261\n|move|p1a: Urshifu|Surging Strikes|p2b: Miraidon\n|-resisted|p2b: Miraidon\n|-crit|p2b: Miraidon\n|-damage|p2b: Miraidon|75/100\n|-resisted|p2b: Miraidon\n|-crit|p2b: Miraidon\n|-damage|p2b: Miraidon|60/100\n|-resisted|p2b: Miraidon\n|-crit|p2b: Miraidon\n|-damage|p2b: Miraidon|44/100\n|-hitcount|p2b: Miraidon|3\n|move|p2b: Miraidon|Volt Switch|p1a: Urshifu\n|-supereffective|p1a: Urshifu\n|-damage|p1a: Urshifu|0 fnt\n|faint|p1a: Urshifu\n|-damage|p2b: Miraidon|35/100|[from] item: Life Orb\n|\n|t:|1746008264\n|switch|p2b: Chi-Yu|Chi-Yu, L50|31/100|[from] Volt Switch\n|-ability|p2b: Chi-Yu|Beads of Ruin\n|move|p1b: Pelipper|Weather Ball|p2b: Chi-Yu\n|-supereffective|p2b: Chi-Yu\n|-damage|p2b: Chi-Yu|0 fnt\n|faint|p2b: Chi-Yu\n|move|p2a: Tatsugiri|Draco Meteor|p1b: Pelipper\n|-damage|p1b: Pelipper|0 fnt\n|-unboost|p2a: Tatsugiri|spa|2\n|faint|p1b: Pelipper\n|\n|-weather|RainDance|[upkeep]\n|upkeep\n|\n|t:|1746008278\n|switch|p2b: Miraidon|Miraidon, L50|35/100\n|switch|p1b: Iron Hands|Iron Hands, L50|76/100\n|-activate|p2b: Miraidon|ability: Hadron Engine\n|-activate|p1b: Iron Hands|ability: Quark Drive\n|-start|p1b: Iron Hands|quarkdriveatk\n|turn|5\n|\n|t:|1746008297\n|move|p1b: Iron Hands|Fake Out|p2b: Miraidon\n|-damage|p2b: Miraidon|15/100\n|cant|p2b: Miraidon|flinch\n|move|p2a: Tatsugiri|Muddy Water|p1b: Iron Hands|[miss]\n|-miss|p2a: Tatsugiri|p1b: Iron Hands\n|\n|-weather|RainDance|[upkeep]\n|-fieldend|move: Electric Terrain\n|-end|p1b: Iron Hands|Quark Drive\n|upkeep\n|turn|6\n|\n|t:|1746008308\n|-terastallize|p2a: Tatsugiri|Water\n|move|p2b: Miraidon|Draco Meteor|p1b: Iron Hands\n|-damage|p1b: Iron Hands|32/100\n|-unboost|p2b: Miraidon|spa|2\n|-damage|p2b: Miraidon|6/100|[from] item: Life Orb\n|move|p2a: Tatsugiri|Muddy Water|p1b: Iron Hands\n|-damage|p1b: Iron Hands|12/100\n|move|p1b: Iron Hands|Drain Punch|p2b: Miraidon\n|-damage|p2b: Miraidon|0 fnt\n|-heal|p1b: Iron Hands|14/100|[from] drain|[of] p2b: Miraidon\n|faint|p2b: Miraidon\n|\n|-weather|none\n|upkeep\n|turn|7\n|inactive|FerdiVGC has 30 seconds left.\n|\n|t:|1746008341\n|move|p2a: Tatsugiri|Draco Meteor|p1b: Iron Hands\n|-damage|p1b: Iron Hands|1/100\n|-unboost|p2a: Tatsugiri|spa|2\n|move|p1b: Iron Hands|Wild Charge|p2a: Tatsugiri\n|-supereffective|p2a: Tatsugiri\n|-damage|p2a: Tatsugiri|0 fnt\n|faint|p2a: Tatsugiri\n|-damage|p1b: Iron Hands|0 fnt|[from] Recoil\n|faint|p1b: Iron Hands\n|-end|p1b: Iron Hands|Quark Drive|[silent]\n|\n|win|littlepotato13\n||FerdiVGC is ready for game 3.\n||littlepotato13 is ready for game 3.\n|uhtml|next|Next: <a href=\"/battle-gen9vgc2025regibo3-2353838679\"><strong>Game 3 of 3</strong></a>\n|l|\u2606littlepotato13\n|player|p1|\n", "uploadtime": 1746008619, "views": 7, "formatid": "gen9vgc2025regibo3", "rating": null, "private": 0, "password": null}