{"id": "gen9vgc2025regibo3-2354967016", "format": "[Gen 9] VGC 2025 Reg I (Bo3)", "players": ["pu1t", "CrystalGem02"], "log": "|j|\u2606pu1t\n|j|\u2606CrystalGem02\n|html|<table width=\"100%\"><tr><td align=\"left\">pu1t</td><td align=\"right\">CrystalGem02</tr><tr><td align=\"left\"><i class=\"fa fa-circle-o\"></i> <i class=\"fa fa-circle-o\"></i> </td><td align=\"right\"><i class=\"fa fa-circle-o\"></i> <i class=\"fa fa-circle-o\"></i> </tr></table>\n|uhtml|bestof|<h2><strong>Game 1</strong> of <a href=\"/game-bestof3-gen9vgc2025regibo3-2354967015\">a best-of-3</a></h2>\n|t:|1746136722\n|gametype|doubles\n|player|p1|pu1t|169|1358\n|player|p2|CrystalGem02|2|1410\n|teamsize|p1|6\n|teamsize|p2|6\n|gen|9\n|tier|[Gen 9] VGC 2025 Reg I (Bo3)\n|rated|\n|rule|Species Clause: Limit one of each Pok\u00e9mon\n|rule|Item Clause: Limit 1 of each item\n|clearpoke\n|poke|p1|Iron Valiant, L50|\n|poke|p1|Miraidon, L50|\n|poke|p1|Calyrex-Ice, L50|\n|poke|p1|Volcarona, L50, F|\n|poke|p1|Urshifu-*, L50, F|\n|poke|p1|Farigiraf, L50, M|\n|poke|p2|Miraidon, L50|\n|poke|p2|Calyrex-Ice, L50|\n|poke|p2|Farigiraf, L50, M|\n|poke|p2|Iron Hands, L50|\n|poke|p2|Grimmsnarl, L50, M|\n|poke|p2|Incineroar, L50, M|\n|teampreview|4\n|showteam|p1|Iron Valiant||BoosterEnergy|QuarkDrive|SpiritBreak,Protect,Coaching,Disable||||||50|,,,,,Ghost]Miraidon||AssaultVest|HadronEngine|ElectroDrift,DracoMeteor,Snarl,VoltSwitch||||||50|,,,,,Electric]Calyrex-Ice||ClearAmulet|AsOneGlastrier|GlacialLance,Protect,HighHorsepower,TrickRoom||||||50|,,,,,Water]Volcarona||RockyHelmet|FlameBody|FieryDance,RagePowder,Protect,Tailwind|||F|||50|,,,,,Water]Urshifu-Rapid-Strike||ChoiceScarf|UnseenFist|SurgingStrikes,CloseCombat,AquaJet,Uturn|||F|||50|,,,,,Water]Farigiraf||ElectricSeed|ArmorTail|Psychic,FoulPlay,HelpingHand,TrickRoom|||M|||50|,,,,,Dark\n|showteam|p2|Miraidon||ChoiceSpecs|HadronEngine|ElectroDrift,DracoMeteor,DazzlingGleam,VoltSwitch||||||50|,,,,,Fairy]Calyrex-Ice||ClearAmulet|AsOneGlastrier|GlacialLance,HighHorsepower,TrickRoom,Protect||||||50|,,,,,Water]Farigiraf||ElectricSeed|ArmorTail|FoulPlay,Psychic,HelpingHand,TrickRoom|||M|||50|,,,,,Water]Iron Hands||AssaultVest|QuarkDrive|LowKick,WildCharge,DrainPunch,FakeOut||||||50|,,,,,Water]Grimmsnarl||LightClay|Prankster|SpiritBreak,Reflect,LightScreen,ThunderWave|||M|||50|,,,,,Ghost]Incineroar||RockyHelmet|Intimidate|KnockOff,WillOWisp,PartingShot,FakeOut|||M|||50|,,,,,Bug\n|inactive|Battle timer is ON: inactive players will automatically lose when time's up. (requested by CrystalGem02)\n|inactive|pu1t has 60 seconds left.\n|inactive|CrystalGem02 has 60 seconds left.\n|\n|t:|1746136780\n|start\n|switch|p1a: Iron Valiant|Iron Valiant, L50|100/100\n|switch|p1b: Miraidon|Miraidon, L50|100/100\n|switch|p2a: Miraidon|Miraidon, L50|100/100\n|switch|p2b: Incineroar|Incineroar, L50, M|100/100\n|-fieldstart|move: Electric Terrain|[from] ability: Hadron Engine|[of] p1b: Miraidon\n|-activate|p1a: Iron Valiant|ability: Quark Drive\n|-start|p1a: Iron Valiant|quarkdrivespe\n|-activate|p2a: Miraidon|ability: Hadron Engine\n|-ability|p2b: Incineroar|Intimidate|boost\n|-unboost|p1a: Iron Valiant|atk|1\n|-unboost|p1b: Miraidon|atk|1\n|turn|1\n|inactive|CrystalGem02 has 30 seconds left.\n|inactive|CrystalGem02 has 20 seconds left.\n|inactive|CrystalGem02 has 15 seconds left.\n|\n|t:|1746136822\n|-terastallize|p2a: Miraidon|Fairy\n|move|p1a: Iron Valiant|Protect|p1a: Iron Valiant\n|-singleturn|p1a: Iron Valiant|Protect\n|move|p2b: Incineroar|Fake Out|p1a: Iron Valiant\n|-activate|p1a: Iron Valiant|move: Protect\n|move|p2a: Miraidon|Dazzling Gleam|p1a: Iron Valiant|[spread] p1b\n|-activate|p1a: Iron Valiant|move: Protect\n|-supereffective|p1b: Miraidon\n|-damage|p1b: Miraidon|28/100\n|move|p1b: Miraidon|Electro Drift|p2b: Incineroar\n|-damage|p2b: Incineroar|22/100\n|-damage|p1b: Miraidon|11/100|[from] item: Rocky Helmet|[of] p2b: Incineroar\n|\n|upkeep\n|turn|2\n|\n|t:|1746136843\n|switch|p2a: Calyrex|Calyrex-Ice, L50|100/100\n|-ability|p2a: Calyrex|As One\n|-ability|p2a: Calyrex|Unnerve\n|move|p1a: Iron Valiant|Disable||[still]\n|-fail|p1a: Iron Valiant\n|move|p1b: Miraidon|Volt Switch|p2b: Incineroar\n|-damage|p2b: Incineroar|0 fnt\n|faint|p2b: Incineroar\n|\n|t:|1746136851\n|switch|p1b: Urshifu|Urshifu-Rapid-Strike, L50, F|100/100|[from] Volt Switch\n|\n|upkeep\n|\n|t:|1746136856\n|switch|p2b: Miraidon|Miraidon, L50, tera:Fairy|100/100\n|-activate|p2b: Miraidon|ability: Hadron Engine\n|turn|3\n|\n|t:|1746136868\n|-terastallize|p1b: Urshifu|Water\n|move|p1a: Iron Valiant|Coaching|p1b: Urshifu\n|-boost|p1b: Urshifu|atk|1\n|-boost|p1b: Urshifu|def|1\n|move|p1b: Urshifu|Surging Strikes|p2b: Miraidon\n|-crit|p2b: Miraidon\n|-damage|p2b: Miraidon|60/100\n|-crit|p2b: Miraidon\n|-damage|p2b: Miraidon|22/100\n|-crit|p2b: Miraidon\n|-damage|p2b: Miraidon|0 fnt\n|faint|p2b: Miraidon\n|-hitcount|p2: Miraidon|3\n|move|p2a: Calyrex|Glacial Lance|p1a: Iron Valiant|[spread] p1a,p1b\n|-resisted|p1b: Urshifu\n|-damage|p1a: Iron Valiant|40/100\n|-damage|p1b: Urshifu|81/100\n|\n|upkeep\n|\n|t:|1746136883\n|switch|p2b: Grimmsnarl|Grimmsnarl, L50, M, shiny|100/100\n|turn|4\n|\n|t:|1746136895\n|move|p2b: Grimmsnarl|Thunder Wave|p1b: Urshifu\n|-status|p1b: Urshifu|par\n|move|p1a: Iron Valiant|Disable|p2a: Calyrex\n|-start|p2a: Calyrex|Disable|Glacial Lance\n|move|p1b: Urshifu|Surging Strikes|p2a: Calyrex\n|-crit|p2a: Calyrex\n|-damage|p2a: Calyrex|75/100\n|-crit|p2a: Calyrex\n|-damage|p2a: Calyrex|48/100\n|-crit|p2a: Calyrex\n|-damage|p2a: Calyrex|22/100\n|-hitcount|p2a: Calyrex|3\n|move|p2a: Calyrex|Trick Room|p2a: Calyrex\n|-fieldstart|move: Trick Room|[of] p2a: Calyrex\n|\n|upkeep\n|turn|5\n|\n|t:|1746136913\n|-end|p1a: Iron Valiant|Quark Drive|[silent]\n|switch|p1a: Calyrex|Calyrex-Ice, L50|100/100\n|-ability|p1a: Calyrex|As One\n|-ability|p1a: Calyrex|Unnerve\n|move|p2a: Calyrex|High Horsepower|p1a: Calyrex\n|-damage|p1a: Calyrex|76/100\n|move|p2b: Grimmsnarl|Spirit Break|p1b: Urshifu\n|-damage|p1b: Urshifu|60/100 par\n|-unboost|p1b: Urshifu|spa|1\n|move|p1b: Urshifu|Surging Strikes|p2a: Calyrex\n|-crit|p2a: Calyrex\n|-damage|p2a: Calyrex|0 fnt\n|faint|p2a: Calyrex\n|-hitcount|p2: Calyrex|1\n|\n|-fieldend|move: Electric Terrain\n|upkeep\n|turn|6\n|-message|CrystalGem02 forfeited.\n|\n|win|pu1t\n||CrystalGem02 is ready for game 2.\n||pu1t is ready for game 2.\n|uhtml|next|Next: <a href=\"/battle-gen9vgc2025regibo3-2354968829\"><strong>Game 2 of 3</strong></a>\n", "uploadtime": 1746137249, "views": 5, "formatid": "gen9vgc2025regibo3", "rating": null, "private": 0, "password": null}