{"id": "gen9vgc2025regibo3-2353466311", "format": "[Gen 9] VGC 2025 Reg I (Bo3)", "players": ["Dball_Games", "Aruuz"], "log": "|j|\u2606Dball_Games\n|j|\u2606Aruuz\n|html|<table width=\"100%\"><tr><td align=\"left\">Dball_Games</td><td align=\"right\">Aruuz</tr><tr><td align=\"left\"><i class=\"fa fa-circle-o\"></i> <i class=\"fa fa-circle-o\"></i> </td><td align=\"right\"><i class=\"fa fa-circle-o\"></i> <i class=\"fa fa-circle\"></i> </tr></table>\n|uhtml|bestof|<h2><strong>Game 2</strong> of <a href=\"/game-bestof3-gen9vgc2025regibo3-2353462285\">a best-of-3</a></h2>\n|t:|1745958515\n|gametype|doubles\n|player|p1|Dball_Games|265|1240\n|player|p2|Aruuz|1|1157\n|teamsize|p1|6\n|teamsize|p2|6\n|gen|9\n|tier|[Gen 9] VGC 2025 Reg I (Bo3)\n|rated|\n|rule|Species Clause: Limit one of each Pok\u00e9mon\n|rule|Item Clause: Limit 1 of each item\n|clearpoke\n|poke|p1|Calyrex-Ice, L50|\n|poke|p1|Ursaluna, L50, M|\n|poke|p1|Miraidon, L50|\n|poke|p1|Farigiraf, L50, M|\n|poke|p1|Murkrow, L50, F|\n|poke|p1|Incineroar, L50, F|\n|poke|p2|Calyrex-Shadow, L50|\n|poke|p2|Urshifu-*, L50, F|\n|poke|p2|Terapagos, L50, M|\n|poke|p2|Rillaboom, L50, M|\n|poke|p2|Amoonguss, L50, F|\n|poke|p2|Incineroar, L50, M|\n|teampreview|4\n|showteam|p1|Calyrex-Ice||ClearAmulet|AsOneGlastrier|GlacialLance,TrickRoom,HighHorsepower,Protect||||||50|,,,,,Fire]Ursaluna||FlameOrb|Guts|Facade,HeadlongRush,HeavySlam,Protect|||M|||50|,,,,,Ground]Miraidon||ChoiceSpecs|HadronEngine|VoltSwitch,DazzlingGleam,ElectroDrift,DracoMeteor||||||50|,,,,,Fairy]Farigiraf||ElectricSeed|ArmorTail|TrickRoom,FoulPlay,HelpingHand,Protect|||M|||50|,,,,,Fairy]Murkrow||Eviolite|Prankster|FoulPlay,Tailwind,Haze,ThunderWave|||F|||50|,,,,,Ghost]Incineroar||RockyHelmet|Intimidate|KnockOff,WillOWisp,PartingShot,FakeOut|||F|||50|,,,,,Grass\n|showteam|p2|Calyrex-Shadow||FocusSash|AsOneSpectrier|AstralBarrage,WillOWisp,Disable,Protect||||||50|,,,,,Dark]Urshifu-Rapid-Strike||ChoiceScarf|UnseenFist|RockTomb,SurgingStrikes,Uturn,CloseCombat|||F|||50|,,,,,Water]Terapagos||Leftovers|TeraShift|TeraStarstorm,EarthPower,CalmMind,Protect|||M|||50|,,,,,Stellar]Rillaboom||AssaultVest|GrassySurge|WoodHammer,GrassyGlide,Uturn,FakeOut|||M|||50|,,,,,Grass]Amoonguss||RockyHelmet|Regenerator|SludgeBomb,Spore,RagePowder,Protect|||F|||50|,,,,,Water]Incineroar||SafetyGoggles|Intimidate|PartingShot,KnockOff,FakeOut,WillOWisp|||M|||50|,,,,,Bug\n|inactive|Battle timer is ON: inactive players will automatically lose when time's up. (requested by Aruuz)\n|\n|t:|1745958537\n|start\n|switch|p1a: Murkrow|Murkrow, L50, F|100/100\n|switch|p1b: Calyrex|Calyrex-Ice, L50|100/100\n|switch|p2a: Terapagos|Terapagos, L50, M|100/100\n|switch|p2b: Francesco|Rillaboom, L50, M|100/100\n|-activate|p2a: Terapagos|ability: Tera Shift\n|detailschange|p2a: Terapagos|Terapagos-Terastal, L50, M\n|-heal|p2a: Terapagos|100/100|[silent]\n|-ability|p1b: Calyrex|As One\n|-ability|p1b: Calyrex|Unnerve\n|-fieldstart|move: Grassy Terrain|[from] ability: Grassy Surge|[of] p2b: Francesco\n|turn|1\n|j| JuanPabla\n|inactive|Aruuz has 30 seconds left.\n|inactive|Aruuz has 20 seconds left.\n|inactive|Aruuz has 15 seconds left.\n|inactive|Aruuz has 10 seconds left.\n|inactive|Aruuz has 5 seconds left.\n|\n|t:|1745958589\n|move|p1a: Murkrow|Thunder Wave|p2a: Terapagos\n|-status|p2a: Terapagos|par\n|move|p2b: Francesco|U-turn|p1a: Murkrow\n|-damage|p1a: Murkrow|72/100\n|\n|t:|1745958594\n|switch|p2b: Flaviano|Incineroar, L50, M, shiny|100/100|[from] U-turn\n|-ability|p2b: Flaviano|Intimidate|boost\n|-unboost|p1a: Murkrow|atk|1\n|-fail|p1b: Calyrex|unboost|[from] item: Clear Amulet|[of] p1b: Calyrex\n|move|p1b: Calyrex|Glacial Lance|p2a: Terapagos|[spread] p2a,p2b\n|-activate|p2a: Terapagos|ability: Tera Shell\n|-resisted|p2a: Terapagos\n|-resisted|p2b: Flaviano\n|-damage|p2a: Terapagos|80/100 par\n|-damage|p2b: Flaviano|79/100\n|move|p2a: Terapagos|Calm Mind|p2a: Terapagos\n|-boost|p2a: Terapagos|spa|1\n|-boost|p2a: Terapagos|spd|1\n|\n|-heal|p2b: Flaviano|85/100|[from] Grassy Terrain\n|-heal|p2a: Terapagos|86/100 par|[from] Grassy Terrain\n|-heal|p2a: Terapagos|92/100 par|[from] item: Leftovers\n|upkeep\n|turn|2\n|inactive|Dball_Games has 30 seconds left.\n|inactive|Aruuz has 30 seconds left.\n|inactive|Dball_Games has 20 seconds left.\n|\n|t:|1745958631\n|switch|p1b: Miraidon|Miraidon, L50|100/100\n|-fieldstart|move: Electric Terrain|[from] ability: Hadron Engine|[of] p1b: Miraidon\n|move|p2b: Flaviano|Fake Out|p1a: Murkrow\n|-damage|p1a: Murkrow|58/100\n|cant|p1a: Murkrow|flinch\n|cant|p2a: Terapagos|par\n|\n|-heal|p2a: Terapagos|98/100 par|[from] item: Leftovers\n|upkeep\n|turn|3\n|inactive|Dball_Games has 30 seconds left.\n|inactive|Aruuz has 30 seconds left.\n|\n|t:|1745958660\n|switch|p2b: Francesco|Rillaboom, L50, M|100/100\n|-fieldstart|move: Grassy Terrain|[from] ability: Grassy Surge|[of] p2b: Francesco\n|move|p1a: Murkrow|Haze|p1a: Murkrow\n|-clearallboost\n|move|p1b: Miraidon|Volt Switch|p2a: Terapagos\n|-damage|p2a: Terapagos|53/100 par\n|\n|t:|1745958671\n|switch|p1b: Calyrex|Calyrex-Ice, L50|100/100|[from] Volt Switch\n|-ability|p1b: Calyrex|As One\n|-ability|p1b: Calyrex|Unnerve\n|move|p2a: Terapagos|Earth Power|p1b: Calyrex\n|-damage|p1b: Calyrex|86/100\n|\n|-heal|p1b: Calyrex|91/100|[from] Grassy Terrain\n|-heal|p2a: Terapagos|59/100 par|[from] Grassy Terrain\n|-heal|p2a: Terapagos|66/100 par|[from] item: Leftovers\n|upkeep\n|turn|4\n|\n|t:|1745958689\n|move|p2b: Francesco|Fake Out|p1b: Calyrex\n|-damage|p1b: Calyrex|84/100\n|move|p1a: Murkrow|Thunder Wave|p2b: Francesco\n|-status|p2b: Francesco|par\n|cant|p1b: Calyrex|flinch\n|move|p2a: Terapagos|Tera Starstorm|p1a: Murkrow\n|-damage|p1a: Murkrow|20/100\n|\n|-heal|p1b: Calyrex|90/100|[from] Grassy Terrain\n|-heal|p2a: Terapagos|72/100 par|[from] Grassy Terrain\n|-heal|p2a: Terapagos|78/100 par|[from] item: Leftovers\n|upkeep\n|turn|5\n|\n|t:|1745958711\n|switch|p2b: Flaviano|Incineroar, L50, M, shiny|85/100\n|-ability|p2b: Flaviano|Intimidate|boost\n|-unboost|p1a: Murkrow|atk|1\n|-fail|p1b: Calyrex|unboost|[from] item: Clear Amulet|[of] p1b: Calyrex\n|-terastallize|p2a: Terapagos|Stellar\n|detailschange|p2a: Terapagos|Terapagos-Stellar, L50, M, tera:Stellar\n|-heal|p2a: Terapagos|84/100 par|[silent]\n|-ability|p2a: Terapagos|Teraform Zero\n|-fieldend|move: Grassy Terrain\n|move|p1a: Murkrow|Tailwind|p1a: Murkrow\n|-sidestart|p1: Dball_Games|move: Tailwind\n|move|p1b: Calyrex|Glacial Lance|p2b: Flaviano|[spread] p2a,p2b\n|-resisted|p2b: Flaviano\n|-damage|p2a: Terapagos|52/100 par\n|-damage|p2b: Flaviano|64/100\n|move|p2a: Terapagos|Tera Starstorm|p1a: Murkrow|[spread] p1a,p1b\n|-damage|p1a: Murkrow|0 fnt\n|-damage|p1b: Calyrex|69/100\n|faint|p1a: Murkrow\n|\n|-heal|p2a: Terapagos|58/100 par|[from] item: Leftovers\n|upkeep\n|\n|t:|1745958735\n|switch|p1a: Miraidon|Miraidon, L50|100/100\n|-fieldstart|move: Electric Terrain|[from] ability: Hadron Engine|[of] p1a: Miraidon\n|turn|6\n|inactive|Aruuz has 30 seconds left.\n|inactive|Aruuz has 20 seconds left.\n|inactive|Aruuz has 15 seconds left.\n|inactive|Aruuz has 10 seconds left.\n|inactive|Aruuz has 5 seconds left.\n|\n|t:|1745958787\n|move|p2b: Flaviano|Fake Out|p1a: Miraidon\n|-damage|p1a: Miraidon|90/100\n|cant|p1a: Miraidon|flinch\n|move|p1b: Calyrex|High Horsepower|p2b: Flaviano\n|-supereffective|p2b: Flaviano\n|-damage|p2b: Flaviano|6/100\n|move|p2a: Terapagos|Tera Starstorm|p1a: Miraidon|[spread] p1a,p1b\n|-damage|p1a: Miraidon|59/100\n|-damage|p1b: Calyrex|46/100\n|\n|-heal|p2a: Terapagos|64/100 par|[from] item: Leftovers\n|upkeep\n|turn|7\n|inactive|Aruuz has 30 seconds left.\n|inactive|Aruuz has 20 seconds left.\n|\n|t:|1745958824\n|move|p2a: Terapagos|Protect|p2a: Terapagos\n|-singleturn|p2a: Terapagos|Protect\n|move|p1a: Miraidon|Volt Switch|p2a: Terapagos\n|-activate|p2a: Terapagos|move: Protect\n|move|p1b: Calyrex|Glacial Lance|p2a: Terapagos|[spread] p2b\n|-activate|p2a: Terapagos|move: Protect\n|-resisted|p2b: Flaviano\n|-damage|p2b: Flaviano|0 fnt\n|faint|p2b: Flaviano\n|-ability|p1b: Calyrex|Chilling Neigh|boost\n|-boost|p1b: Calyrex|atk|1\n|\n|-heal|p2a: Terapagos|71/100 par|[from] item: Leftovers\n|upkeep\n|\n|t:|1745958837\n|switch|p2b: Francesco|Rillaboom, L50, M|100/100 par\n|-fieldstart|move: Grassy Terrain|[from] ability: Grassy Surge|[of] p2b: Francesco\n|turn|8\n|\n|t:|1745958859\n|move|p1b: Calyrex|Protect|p1b: Calyrex\n|-singleturn|p1b: Calyrex|Protect\n|move|p1a: Miraidon|Volt Switch|p2a: Terapagos\n|-damage|p2a: Terapagos|34/100 par\n|\n|t:|1745958864\n|switch|p1a: Ursaluna|Ursaluna, L50, M|100/100|[from] Volt Switch\n|cant|p2a: Terapagos|par\n|move|p2b: Francesco|U-turn|p1a: Ursaluna\n|-damage|p1a: Ursaluna|85/100\n|\n|t:|1745958870\n|switch|p2b: Amoonguss|Amoonguss, L50, F|100/100|[from] U-turn\n|\n|-heal|p1a: Ursaluna|91/100|[from] Grassy Terrain\n|-heal|p1b: Calyrex|52/100|[from] Grassy Terrain\n|-heal|p2a: Terapagos|40/100 par|[from] Grassy Terrain\n|-heal|p2a: Terapagos|46/100 par|[from] item: Leftovers\n|-sideend|p1: Dball_Games|move: Tailwind\n|-status|p1a: Ursaluna|brn|[from] item: Flame Orb\n|upkeep\n|turn|9\n|c| JuanPabla|cringe par game\n|\n|t:|1745958890\n|move|p1b: Calyrex|Glacial Lance|p2b: Amoonguss|[spread] p2a,p2b\n|-crit|p2a: Terapagos\n|-supereffective|p2b: Amoonguss\n|-damage|p2a: Terapagos|0 fnt\n|-damage|p2b: Amoonguss|0 fnt\n|faint|p2a: Terapagos\n|faint|p2b: Amoonguss\n|-ability|p1b: Calyrex|Chilling Neigh|boost\n|-boost|p1b: Calyrex|atk|2\n|move|p1a: Ursaluna|Facade|p2: Terapagos|[notarget]\n|-fail|p1a: Ursaluna\n|\n|-heal|p1a: Ursaluna|97/100 brn|[from] Grassy Terrain\n|-heal|p1b: Calyrex|58/100|[from] Grassy Terrain\n|-damage|p1a: Ursaluna|91/100 brn|[from] brn\n|upkeep\n|-message|Aruuz forfeited.\n|\n|win|Dball_Games\n|l|\u2606Aruuz\n|player|p2|\n||Dball_Games is ready for game 3.\n||Aruuz is ready for game 3.\n|uhtml|next|Next: <a href=\"/battle-gen9vgc2025regibo3-2353470281\"><strong>Game 3 of 3</strong></a>\n|l| JuanPabla\n", "uploadtime": 1745959096, "views": 6, "formatid": "gen9vgc2025regibo3", "rating": null, "private": 0, "password": null}