{"id": "gen9vgc2025regibo3-2354536450", "format": "[Gen 9] VGC 2025 Reg I (Bo3)", "players": ["elmono11", "NoBody56"], "log": "|j|\u2606elmono11\n|j|\u2606NoBody56\n|html|<table width=\"100%\"><tr><td align=\"left\">elmono11</td><td align=\"right\">NoBody56</tr><tr><td align=\"left\"><i class=\"fa fa-circle-o\"></i> <i class=\"fa fa-circle-o\"></i> </td><td align=\"right\"><i class=\"fa fa-circle-o\"></i> <i class=\"fa fa-circle-o\"></i> </tr></table>\n|uhtml|bestof|<h2><strong>Game 1</strong> of <a href=\"/game-bestof3-gen9vgc2025regibo3-2354536449\">a best-of-3</a></h2>\n|t:|1746089990\n|gametype|doubles\n|player|p1|elmono11|101|1194\n|player|p2|NoBody56|169|1012\n|teamsize|p1|6\n|teamsize|p2|6\n|gen|9\n|tier|[Gen 9] VGC 2025 Reg I (Bo3)\n|rated|\n|rule|Species Clause: Limit one of each Pok\u00e9mon\n|rule|Item Clause: Limit 1 of each item\n|clearpoke\n|poke|p1|Calyrex-Shadow, L50|\n|poke|p1|Zamazenta-*, L50|\n|poke|p1|Chien-Pao, L50|\n|poke|p1|Tornadus, L50, M|\n|poke|p1|Rillaboom, L50, F|\n|poke|p1|Urshifu-*, L50, M|\n|poke|p2|Calyrex-Ice, L50|\n|poke|p2|Farigiraf, L50, F|\n|poke|p2|Ursaluna, L50, M|\n|poke|p2|Flamigo, L50, M|\n|poke|p2|Primarina, L50, M|\n|poke|p2|Skeledirge, L50, M|\n|teampreview|4\n|showteam|p1|Calyrex-Shadow||FocusSash|AsOneSpectrier|Psychic,AstralBarrage,Encore,Protect||||||50|,,,,,Ghost]Zamazenta-Crowned||RustedShield|DauntlessShield|behemothbash,BodyPress,WideGuard,Protect||||||50|,,,,,Ghost]Chien-Pao||LifeOrb|SwordofRuin|SuckerPunch,IcicleCrash,IceShard,Protect||||||50|,,,,,Stellar]Tornadus||RockyHelmet|Prankster|BleakwindStorm,Tailwind,RainDance,Taunt|||M|||50|,,,,,Dark]Rillaboom||AssaultVest|GrassySurge|GrassyGlide,WoodHammer,FakeOut,Uturn|||F|||50|,,,,,Fire]Urshifu-Rapid-Strike||MysticWater|UnseenFist|SurgingStrikes,AquaJet,Taunt,Detect|||M|||50|,,,,,Water\n|showteam|p2|Calyrex-Ice||ClearAmulet|AsOneGlastrier|TrickRoom,GlacialLance,ZenHeadbutt,Protect||||||50|,,,,,Fire]Farigiraf||Leftovers|ArmorTail|TrickRoom,Reflect,LightScreen,Protect|||F|||50|,,,,,Dark]Ursaluna||FlameOrb|Guts|Facade,BrickBreak,HighHorsepower,Protect|||M|||50|,,,,,Ghost]Flamigo||FocusSash|Scrappy|Tailwind,BraveBird,CloseCombat,Detect|||M|||50|,,,,,Flying]Primarina|||Torrent|Moonblast,SparklingAria,TeraBlast,CalmMind|||M|||50|,,,,,Poison]Skeledirge||SafetyGoggles|Unaware|EarthPower,TorchSong,ShadowBall,Protect|||M|||50|,,,,,Grass\n|inactive|Battle timer is ON: inactive players will automatically lose when time's up. (requested by elmono11)\n|inactive|elmono11 has 60 seconds left.\n|inactive|NoBody56 has 60 seconds left.\n|inactive|elmono11 has 30 seconds left.\n|\n|t:|1746090059\n|start\n|switch|p1a: Zamazenta|Zamazenta-Crowned, L50|100/100\n|switch|p1b: Chien-Pao|Chien-Pao, L50|100/100\n|switch|p2a: Farigiraf|Farigiraf, L50, F|100/100\n|switch|p2b: Calyrex|Calyrex-Ice, L50|100/100\n|-ability|p2b: Calyrex|As One\n|-ability|p2b: Calyrex|Unnerve\n|-ability|p1b: Chien-Pao|Sword of Ruin\n|-ability|p1a: Zamazenta|Dauntless Shield|boost\n|-boost|p1a: Zamazenta|def|1\n|turn|1\n|\n|t:|1746090076\n|move|p2b: Calyrex|Protect|p2b: Calyrex\n|-singleturn|p2b: Calyrex|Protect\n|move|p1b: Chien-Pao|Icicle Crash|p2a: Farigiraf\n|-damage|p2a: Farigiraf|18/100\n|-damage|p1b: Chien-Pao|91/100|[from] item: Life Orb\n|move|p1a: Zamazenta|Body Press|p2b: Calyrex\n|-activate|p2b: Calyrex|move: Protect\n|move|p2a: Farigiraf|Trick Room|p2a: Farigiraf\n|-fieldstart|move: Trick Room|[of] p2a: Farigiraf\n|\n|-heal|p2a: Farigiraf|24/100|[from] item: Leftovers\n|upkeep\n|turn|2\n|\n|t:|1746090096\n|move|p2b: Calyrex|Glacial Lance|p1b: Chien-Pao|[spread] p1a,p1b\n|-resisted|p1a: Zamazenta\n|-resisted|p1b: Chien-Pao\n|-damage|p1a: Zamazenta|86/100\n|-damage|p1b: Chien-Pao|61/100\n|move|p2a: Farigiraf|Reflect|p2a: Farigiraf\n|-sidestart|p2: NoBody56|Reflect\n|move|p1a: Zamazenta|Body Press|p2b: Calyrex\n|-damage|p2b: Calyrex|71/100\n|move|p1b: Chien-Pao|Icicle Crash|p2a: Farigiraf\n|-damage|p2a: Farigiraf|0 fnt\n|faint|p2a: Farigiraf\n|-damage|p1b: Chien-Pao|51/100|[from] item: Life Orb\n|\n|upkeep\n|\n|t:|1746090111\n|switch|p2a: Ursaluna|Ursaluna, L50, M|100/100\n|turn|3\n|\n|t:|1746090120\n|move|p1b: Chien-Pao|Ice Shard|p2a: Ursaluna\n|-supereffective|p2a: Ursaluna\n|-damage|p2a: Ursaluna|65/100\n|-damage|p1b: Chien-Pao|42/100|[from] item: Life Orb\n|move|p2b: Calyrex|Glacial Lance|p1b: Chien-Pao|[spread] p1a,p1b\n|-resisted|p1a: Zamazenta\n|-resisted|p1b: Chien-Pao\n|-damage|p1a: Zamazenta|72/100\n|-damage|p1b: Chien-Pao|9/100\n|move|p2a: Ursaluna|High Horsepower|p1a: Zamazenta\n|-supereffective|p1a: Zamazenta\n|-damage|p1a: Zamazenta|4/100\n|move|p1a: Zamazenta|Body Press|p2b: Calyrex\n|-damage|p2b: Calyrex|40/100\n|\n|-status|p2a: Ursaluna|brn|[from] item: Flame Orb\n|upkeep\n|turn|4\n|\n|t:|1746090142\n|move|p1a: Zamazenta|Wide Guard|p1a: Zamazenta\n|-singleturn|p1a: Zamazenta|Wide Guard\n|move|p2b: Calyrex|Glacial Lance|p1b: Chien-Pao|[spread] \n|-activate|p1a: Zamazenta|move: Wide Guard\n|-activate|p1b: Chien-Pao|move: Wide Guard\n|move|p2a: Ursaluna|High Horsepower|p1a: Zamazenta\n|-supereffective|p1a: Zamazenta\n|-damage|p1a: Zamazenta|0 fnt\n|faint|p1a: Zamazenta\n|move|p1b: Chien-Pao|Icicle Crash|p2a: Ursaluna\n|-supereffective|p2a: Ursaluna\n|-damage|p2a: Ursaluna|0 fnt\n|faint|p2a: Ursaluna\n|-damage|p1b: Chien-Pao|0 fnt|[from] item: Life Orb\n|faint|p1b: Chien-Pao\n|\n|upkeep\n|\n|t:|1746090160\n|switch|p2a: Skeledirge|Skeledirge, L50, M|100/100\n|switch|p1a: Urshifu|Urshifu-Rapid-Strike, L50, M|100/100\n|switch|p1b: Calyrex|Calyrex-Shadow, L50|100/100\n|-ability|p1b: Calyrex|As One\n|-ability|p1b: Calyrex|Unnerve\n|turn|5\n|\n|t:|1746090173\n|move|p1a: Urshifu|Detect|p1a: Urshifu\n|-singleturn|p1a: Urshifu|Protect\n|move|p1b: Calyrex|Protect|p1b: Calyrex\n|-singleturn|p1b: Calyrex|Protect\n|move|p2b: Calyrex|Glacial Lance|p1a: Urshifu|[spread] \n|-activate|p1a: Urshifu|move: Protect\n|-activate|p1b: Calyrex|move: Protect\n|move|p2a: Skeledirge|Shadow Ball|p1b: Calyrex\n|-activate|p1b: Calyrex|move: Protect\n|\n|-fieldend|move: Trick Room\n|upkeep\n|turn|6\n|inactive|NoBody56 has 30 seconds left.\n|\n|t:|1746090201\n|-terastallize|p1b: Calyrex|Ghost\n|move|p2b: Calyrex|Protect|p2b: Calyrex\n|-singleturn|p2b: Calyrex|Protect\n|move|p1b: Calyrex|Astral Barrage|p2b: Calyrex|[spread] p2a\n|-activate|p2b: Calyrex|move: Protect\n|-supereffective|p2a: Skeledirge\n|-damage|p2a: Skeledirge|0 fnt\n|faint|p2a: Skeledirge\n|-ability|p1b: Calyrex|Grim Neigh|boost\n|-boost|p1b: Calyrex|spa|1\n|move|p1a: Urshifu|Surging Strikes|p2b: Calyrex\n|-crit|p2b: Calyrex\n|-damage|p2b: Calyrex|27/100\n|-crit|p2b: Calyrex\n|-damage|p2b: Calyrex|15/100\n|-crit|p2b: Calyrex\n|-damage|p2b: Calyrex|3/100\n|-hitcount|p2b: Calyrex|3\n|\n|-sideend|p2: NoBody56|Reflect\n|upkeep\n|turn|7\n|-message|NoBody56 forfeited.\n|\n|win|elmono11\n|l|\u2606NoBody56\n|player|p2|\n||elmono11 is ready for game 2.\n|inactive|NoBody56 has 30 seconds to confirm battle start!\n|inactive|NoBody56 has 20 seconds to confirm battle start!\n|raw|elmono11's rating: 1194 &rarr; <strong>1206</strong><br />(+12 for winning)\n|raw|NoBody56's rating: 1000 &rarr; <strong>1000</strong><br />(+0 for losing)\n|l|\u2606elmono11\n|player|p1|\n", "uploadtime": 1746090576, "views": 12, "formatid": "gen9vgc2025regibo3", "rating": 1000, "private": 0, "password": null}