{"id": "gen9vgc2025regibo3-2354492041", "format": "[Gen 9] VGC 2025 Reg I (Bo3)", "players": ["endless 1300", "rajat1809"], "log": "|j|\u2606endless 1300\n|j|\u2606rajat1809\n|html|<table width=\"100%\"><tr><td align=\"left\">endless 1300</td><td align=\"right\">rajat1809</tr><tr><td align=\"left\"><i class=\"fa fa-circle-o\"></i> <i class=\"fa fa-circle-o\"></i> </td><td align=\"right\"><i class=\"fa fa-circle-o\"></i> <i class=\"fa fa-circle-o\"></i> </tr></table>\n|uhtml|bestof|<h2><strong>Game 1</strong> of <a href=\"/game-bestof3-gen9vgc2025regibo3-2354492040\">a best-of-3</a></h2>\n|t:|1746080900\n|gametype|doubles\n|player|p1|endless 1300|scientist-gen4|1056\n|player|p2|rajat1809|266|1123\n|teamsize|p1|6\n|teamsize|p2|6\n|gen|9\n|tier|[Gen 9] VGC 2025 Reg I (Bo3)\n|rated|\n|rule|Species Clause: Limit one of each Pok\u00e9mon\n|rule|Item Clause: Limit 1 of each item\n|clearpoke\n|poke|p1|Zamazenta-*, L50|\n|poke|p1|Volcarona, L50, F|\n|poke|p1|Comfey, L50, M|\n|poke|p1|Rillaboom, L50, F|\n|poke|p1|Incineroar, L50, F|\n|poke|p1|Calyrex-Shadow, L50|\n|poke|p2|Miraidon, L50|\n|poke|p2|Calyrex-Ice, L50|\n|poke|p2|Iron Hands, L50|\n|poke|p2|Farigiraf, L50, M|\n|poke|p2|Whimsicott, L50, M|\n|poke|p2|Ursaluna-Bloodmoon, L50, M|\n|teampreview|4\n|showteam|p1|Zamazenta-Crowned||RustedShield|DauntlessShield|WideGuard,IronDefense,BodyPress,Snarl||||||50|,,,,,Dragon]Volcarona||Leftovers|FlameBody|QuiverDance,FieryDance,GigaDrain,Protect|||F|||50|,,,,,Grass]Comfey||MentalHerb|Triage|Taunt,FloralHealing,DrainingKiss,Protect|||M|||50|,,,,,Steel]Rillaboom||AssaultVest|GrassySurge|WoodHammer,FakeOut,Uturn,GrassyGlide|||F|||50|,,,,,Grass]Incineroar||SitrusBerry|Intimidate|KnockOff,FlareBlitz,FakeOut,PartingShot|||F|||50|,,,,,Ghost]Calyrex-Shadow||FocusSash|AsOneSpectrier|AstralBarrage,Psyshock,Encore,Protect||||||50|,,,,,Ghost\n|showteam|p2|Miraidon||ChoiceSpecs|HadronEngine|ElectroDrift,DracoMeteor,VoltSwitch,DazzlingGleam||||||50|,,,,,Fairy]Calyrex-Ice||ClearAmulet|AsOneGlastrier|GlacialLance,HighHorsepower,TrickRoom,Protect||||||50|,,,,,Fire]Iron Hands||AssaultVest|QuarkDrive|DrainPunch,WildCharge,FakeOut,LowKick||||||50|,,,,,Water]Farigiraf||ElectricSeed|ArmorTail|Psychic,FoulPlay,HelpingHand,TrickRoom|||M|||50|,,,,,Ground]Whimsicott||CovertCloak|Prankster|Moonblast,Tailwind,Encore,FakeTears|||M|||50|,,,,,Dark]Ursaluna-Bloodmoon||LifeOrb|MindsEye|BloodMoon,HyperVoice,EarthPower,Protect|||M|||50|,,,,,Normal\n|inactive|Battle timer is ON: inactive players will automatically lose when time's up. (requested by endless 1300)\n|inactive|endless 1300 has 60 seconds left.\n|inactive|rajat1809 has 60 seconds left.\n|inactive|endless 1300 has 30 seconds left.\n|inactive|rajat1809 has 30 seconds left.\n|\n|t:|1746080963\n|start\n|switch|p1a: Zamazenta|Zamazenta-Crowned, L50|100/100\n|switch|p1b: Rillaboom|Rillaboom, L50, F|100/100\n|switch|p2a: Miraidon|Miraidon, L50|100/100\n|switch|p2b: Farigiraf|Farigiraf, L50, M|100/100\n|-fieldstart|move: Electric Terrain|[from] ability: Hadron Engine|[of] p2a: Miraidon\n|-enditem|p2b: Farigiraf|Electric Seed\n|-boost|p2b: Farigiraf|def|1|[from] item: Electric Seed\n|-ability|p1a: Zamazenta|Dauntless Shield|boost\n|-boost|p1a: Zamazenta|def|1\n|-fieldstart|move: Grassy Terrain|[from] ability: Grassy Surge|[of] p1b: Rillaboom\n|turn|1\n|inactive|rajat1809 has 30 seconds left.\n|\n|t:|1746080989\n|switch|p2b: Iron Hands|Iron Hands, L50|100/100\n|move|p2a: Miraidon|Volt Switch|p1a: Zamazenta\n|-damage|p1a: Zamazenta|62/100\n|\n|t:|1746081002\n|switch|p2a: Calyrex|Calyrex-Ice, L50|100/100|[from] Volt Switch\n|-ability|p2a: Calyrex|As One\n|-ability|p2a: Calyrex|Unnerve\n|move|p1a: Zamazenta|Body Press|p2a: Calyrex\n|-damage|p2a: Calyrex|54/100\n|move|p1b: Rillaboom|U-turn|p2b: Iron Hands\n|-resisted|p2b: Iron Hands\n|-damage|p2b: Iron Hands|92/100\n|\n|t:|1746081012\n|switch|p1b: Incineroar|Incineroar, L50, F|100/100|[from] U-turn\n|-ability|p1b: Incineroar|Intimidate|boost\n|-fail|p2a: Calyrex|unboost|[from] item: Clear Amulet|[of] p2a: Calyrex\n|-unboost|p2b: Iron Hands|atk|1\n|\n|-heal|p1a: Zamazenta|68/100|[from] Grassy Terrain\n|-heal|p2b: Iron Hands|98/100|[from] Grassy Terrain\n|-heal|p2a: Calyrex|59/100|[from] Grassy Terrain\n|upkeep\n|turn|2\n|\n|t:|1746081034\n|-terastallize|p2a: Calyrex|Fire\n|move|p1a: Zamazenta|Iron Defense|p1a: Zamazenta\n|-boost|p1a: Zamazenta|def|2\n|move|p1b: Incineroar|Knock Off|p2a: Calyrex\n|-damage|p2a: Calyrex|32/100\n|-enditem|p2a: Calyrex|Clear Amulet|[from] move: Knock Off|[of] p1b: Incineroar\n|move|p2b: Iron Hands|Drain Punch|p1b: Incineroar\n|-supereffective|p1b: Incineroar\n|-damage|p1b: Incineroar|47/100\n|-heal|p2b: Iron Hands|100/100|[from] drain|[of] p1b: Incineroar\n|move|p2a: Calyrex|Trick Room|p2a: Calyrex\n|-fieldstart|move: Trick Room|[of] p2a: Calyrex\n|\n|-heal|p2a: Calyrex|38/100|[from] Grassy Terrain\n|-heal|p1b: Incineroar|53/100|[from] Grassy Terrain\n|-heal|p1a: Zamazenta|74/100|[from] Grassy Terrain\n|upkeep\n|turn|3\n|\n|t:|1746081056\n|switch|p1b: Volcarona|Volcarona, L50, F|100/100\n|move|p2a: Calyrex|High Horsepower|p1a: Zamazenta\n|-supereffective|p1a: Zamazenta\n|-damage|p1a: Zamazenta|54/100\n|move|p2b: Iron Hands|Low Kick|p1a: Zamazenta\n|-supereffective|p1a: Zamazenta\n|-damage|p1a: Zamazenta|33/100\n|move|p1a: Zamazenta|Body Press|p2a: Calyrex\n|-damage|p2a: Calyrex|0 fnt\n|faint|p2a: Calyrex\n|\n|-heal|p1a: Zamazenta|39/100|[from] Grassy Terrain\n|upkeep\n|inactive|rajat1809 has 30 seconds left.\n|\n|t:|1746081087\n|switch|p2a: Farigiraf|Farigiraf, L50, M|100/100\n|turn|4\n|\n|t:|1746081095\n|switch|p1b: Incineroar|Incineroar, L50, F|53/100\n|-ability|p1b: Incineroar|Intimidate|boost\n|-unboost|p2a: Farigiraf|atk|1\n|-unboost|p2b: Iron Hands|atk|1\n|-terastallize|p1a: Zamazenta|Dragon\n|move|p2a: Farigiraf|Helping Hand|p2b: Iron Hands\n|-singleturn|p2b: Iron Hands|Helping Hand|[of] p2a: Farigiraf\n|move|p2b: Iron Hands|Low Kick|p1a: Zamazenta\n|-crit|p1a: Zamazenta\n|-damage|p1a: Zamazenta|0 fnt\n|faint|p1a: Zamazenta\n|\n|-heal|p1b: Incineroar|59/100|[from] Grassy Terrain\n|upkeep\n|\n|t:|1746081107\n|switch|p1a: Volcarona|Volcarona, L50, F|100/100\n|turn|5\n|\n|t:|1746081131\n|-end|p2b: Iron Hands|Quark Drive|[silent]\n|switch|p2b: Miraidon|Miraidon, L50|100/100\n|-fieldstart|move: Electric Terrain|[from] ability: Hadron Engine|[of] p2b: Miraidon\n|move|p2a: Farigiraf|Foul Play|p1a: Volcarona\n|-damage|p1a: Volcarona|87/100\n|move|p1b: Incineroar|Parting Shot|p2a: Farigiraf\n|-unboost|p2a: Farigiraf|atk|1\n|-unboost|p2a: Farigiraf|spa|1\n|\n|t:|1746081139\n|switch|p1b: Rillaboom|Rillaboom, L50, F|100/100|[from] Parting Shot\n|-fieldstart|move: Grassy Terrain|[from] ability: Grassy Surge|[of] p1b: Rillaboom\n|move|p1a: Volcarona|Quiver Dance|p1a: Volcarona\n|-boost|p1a: Volcarona|spa|1\n|-boost|p1a: Volcarona|spd|1\n|-boost|p1a: Volcarona|spe|1\n|\n|-heal|p1a: Volcarona|94/100|[from] Grassy Terrain\n|-heal|p1a: Volcarona|99/100|[from] item: Leftovers\n|upkeep\n|turn|6\n|inactive|rajat1809 has 30 seconds left.\n|\n|t:|1746081168\n|move|p2a: Farigiraf|Foul Play|p1b: Rillaboom\n|-damage|p1b: Rillaboom|67/100\n|move|p1b: Rillaboom|U-turn|p2a: Farigiraf\n|-supereffective|p2a: Farigiraf\n|-damage|p2a: Farigiraf|47/100\n|\n|t:|1746081173\n|switch|p1b: Incineroar|Incineroar, L50, F|59/100|[from] U-turn\n|-ability|p1b: Incineroar|Intimidate|boost\n|-unboost|p2a: Farigiraf|atk|1\n|-unboost|p2b: Miraidon|atk|1\n|move|p2b: Miraidon|Volt Switch|p1a: Volcarona\n|-damage|p1a: Volcarona|65/100\n|\n|t:|1746081180\n|switch|p2b: Iron Hands|Iron Hands, L50|100/100|[from] Volt Switch\n|move|p1a: Volcarona|Quiver Dance|p1a: Volcarona\n|-boost|p1a: Volcarona|spa|1\n|-boost|p1a: Volcarona|spd|1\n|-boost|p1a: Volcarona|spe|1\n|\n|-heal|p2a: Farigiraf|53/100|[from] Grassy Terrain\n|-heal|p1b: Incineroar|65/100|[from] Grassy Terrain\n|-heal|p1a: Volcarona|71/100|[from] Grassy Terrain\n|-heal|p1a: Volcarona|78/100|[from] item: Leftovers\n|-fieldend|move: Trick Room\n|upkeep\n|turn|7\n|\n|t:|1746081195\n|move|p2b: Iron Hands|Fake Out|p1a: Volcarona\n|-damage|p1a: Volcarona|59/100\n|-status|p2b: Iron Hands|brn|[from] ability: Flame Body|[of] p1a: Volcarona\n|cant|p1a: Volcarona|flinch\n|move|p1b: Incineroar|Parting Shot|p2b: Iron Hands\n|-unboost|p2b: Iron Hands|atk|1\n|-unboost|p2b: Iron Hands|spa|1\n|\n|t:|1746081203\n|switch|p1b: Rillaboom|Rillaboom, L50, F|67/100|[from] Parting Shot\n|move|p2a: Farigiraf|Trick Room|p2a: Farigiraf\n|-fieldstart|move: Trick Room|[of] p2a: Farigiraf\n|\n|-heal|p2a: Farigiraf|59/100|[from] Grassy Terrain\n|-heal|p1b: Rillaboom|73/100|[from] Grassy Terrain\n|-heal|p1a: Volcarona|65/100|[from] Grassy Terrain\n|-heal|p1a: Volcarona|71/100|[from] item: Leftovers\n|-damage|p2b: Iron Hands|95/100 brn|[from] brn\n|upkeep\n|turn|8\n|inactive|rajat1809 has 30 seconds left.\n|\n|t:|1746081235\n|-end|p2b: Iron Hands|Quark Drive|[silent]\n|switch|p2b: Miraidon|Miraidon, L50|100/100\n|-fieldstart|move: Electric Terrain|[from] ability: Hadron Engine|[of] p2b: Miraidon\n|move|p2a: Farigiraf|Psychic|p1b: Rillaboom\n|-damage|p1b: Rillaboom|54/100\n|move|p1b: Rillaboom|U-turn|p2b: Miraidon\n|-crit|p2b: Miraidon\n|-damage|p2b: Miraidon|61/100\n|\n|t:|1746081244\n|switch|p1b: Incineroar|Incineroar, L50, F|65/100|[from] U-turn\n|-ability|p1b: Incineroar|Intimidate|boost\n|-unboost|p2a: Farigiraf|atk|1\n|-unboost|p2b: Miraidon|atk|1\n|move|p1a: Volcarona|Giga Drain|p2a: Farigiraf\n|-damage|p2a: Farigiraf|21/100\n|-heal|p1a: Volcarona|94/100|[from] drain|[of] p2a: Farigiraf\n|\n|-heal|p1a: Volcarona|100/100|[from] item: Leftovers\n|upkeep\n|turn|9\n|\n|t:|1746081261\n|move|p2a: Farigiraf|Helping Hand|p2b: Miraidon\n|-singleturn|p2b: Miraidon|Helping Hand|[of] p2a: Farigiraf\n|move|p1b: Incineroar|Knock Off|p2b: Miraidon\n|-damage|p2b: Miraidon|19/100\n|-enditem|p2b: Miraidon|Choice Specs|[from] move: Knock Off|[of] p1b: Incineroar\n|move|p2b: Miraidon|Electro Drift|p1a: Volcarona\n|-damage|p1a: Volcarona|39/100\n|move|p1a: Volcarona|Giga Drain|p2a: Farigiraf\n|-damage|p2a: Farigiraf|0 fnt\n|-heal|p1a: Volcarona|51/100|[from] drain|[of] p2a: Farigiraf\n|faint|p2a: Farigiraf\n|\n|-heal|p1a: Volcarona|57/100|[from] item: Leftovers\n|upkeep\n|\n|t:|1746081277\n|switch|p2a: Iron Hands|Iron Hands, L50|95/100 brn\n|-activate|p2a: Iron Hands|ability: Quark Drive\n|-start|p2a: Iron Hands|quarkdriveatk\n|turn|10\n|\n|t:|1746081295\n|switch|p1b: Rillaboom|Rillaboom, L50, F|54/100\n|-fieldstart|move: Grassy Terrain|[from] ability: Grassy Surge|[of] p1b: Rillaboom\n|-end|p2a: Iron Hands|Quark Drive\n|move|p1a: Volcarona|Protect|p1a: Volcarona\n|-singleturn|p1a: Volcarona|Protect\n|move|p2a: Iron Hands|Drain Punch|p1b: Rillaboom\n|-damage|p1b: Rillaboom|35/100\n|-heal|p2a: Iron Hands|100/100 brn|[from] drain|[of] p1b: Rillaboom\n|move|p2b: Miraidon|Electro Drift|p1a: Volcarona\n|-activate|p1a: Volcarona|move: Protect\n|\n|-heal|p1b: Rillaboom|41/100|[from] Grassy Terrain\n|-heal|p2b: Miraidon|25/100|[from] Grassy Terrain\n|-heal|p1a: Volcarona|64/100|[from] Grassy Terrain\n|-heal|p1a: Volcarona|70/100|[from] item: Leftovers\n|-damage|p2a: Iron Hands|95/100 brn|[from] brn\n|upkeep\n|turn|11\n|\n|t:|1746081320\n|move|p1b: Rillaboom|Fake Out|p2b: Miraidon\n|-damage|p2b: Miraidon|8/100\n|move|p2a: Iron Hands|Drain Punch|p1b: Rillaboom\n|-damage|p1b: Rillaboom|20/100\n|-heal|p2a: Iron Hands|100/100 brn|[from] drain|[of] p1b: Rillaboom\n|cant|p2b: Miraidon|flinch\n|move|p1a: Volcarona|Giga Drain|p2a: Iron Hands\n|-damage|p2a: Iron Hands|67/100 brn\n|-heal|p1a: Volcarona|91/100|[from] drain|[of] p2a: Iron Hands\n|\n|-heal|p2a: Iron Hands|73/100 brn|[from] Grassy Terrain\n|-heal|p1b: Rillaboom|26/100|[from] Grassy Terrain\n|-heal|p2b: Miraidon|14/100|[from] Grassy Terrain\n|-heal|p1a: Volcarona|97/100|[from] Grassy Terrain\n|-heal|p1a: Volcarona|100/100|[from] item: Leftovers\n|-damage|p2a: Iron Hands|67/100 brn|[from] brn\n|-fieldend|move: Trick Room\n|upkeep\n|turn|12\n|\n|t:|1746081341\n|move|p1a: Volcarona|Fiery Dance|p2b: Miraidon\n|-resisted|p2b: Miraidon\n|-damage|p2b: Miraidon|0 fnt\n|faint|p2b: Miraidon\n|move|p1b: Rillaboom|U-turn|p2a: Iron Hands\n|-resisted|p2a: Iron Hands\n|-damage|p2a: Iron Hands|58/100 brn\n|\n|t:|1746081348\n|switch|p1b: Incineroar|Incineroar, L50, F|65/100|[from] U-turn\n|-ability|p1b: Incineroar|Intimidate|boost\n|-unboost|p2a: Iron Hands|atk|1\n|move|p2a: Iron Hands|Low Kick|p1a: Volcarona\n|-resisted|p1a: Volcarona\n|-damage|p1a: Volcarona|94/100\n|\n|-heal|p1a: Volcarona|99/100|[from] Grassy Terrain\n|-heal|p1a: Volcarona|100/100|[from] item: Leftovers\n|-heal|p1b: Incineroar|71/100|[from] Grassy Terrain\n|-heal|p2a: Iron Hands|64/100 brn|[from] Grassy Terrain\n|-damage|p2a: Iron Hands|58/100 brn|[from] brn\n|upkeep\n|turn|13\n|-message|rajat1809 forfeited.\n|\n|win|endless 1300\n|l|\u2606rajat1809\n|player|p2|\n||endless 1300 is ready for game 2.\n||rajat1809 is ready for game 2.\n|uhtml|next|Next: <a href=\"/battle-gen9vgc2025regibo3-2354494403\"><strong>Game 2 of 3</strong></a>\n", "uploadtime": 1746081771, "views": 23, "formatid": "gen9vgc2025regibo3", "rating": null, "private": 0, "password": null}