{"id": "gen9vgc2025regibo3-2354283651", "format": "[Gen 9] VGC 2025 Reg I (Bo3)", "players": ["zinger9707", "solo_phaser"], "log": "|j|\u2606zinger9707\n|j|\u2606solo_phaser\n|html|<table width=\"100%\"><tr><td align=\"left\">zinger9707</td><td align=\"right\">solo_phaser</tr><tr><td align=\"left\"><i class=\"fa fa-circle\"></i> <i class=\"fa fa-circle-o\"></i> </td><td align=\"right\"><i class=\"fa fa-circle-o\"></i> <i class=\"fa fa-circle-o\"></i> </tr></table>\n|uhtml|bestof|<h2><strong>Game 2</strong> of <a href=\"/game-bestof3-gen9vgc2025regibo3-2354280097\">a best-of-3</a></h2>\n|t:|1746052724\n|gametype|doubles\n|player|p1|zinger9707|1|1110\n|player|p2|solo_phaser|1|1039\n|teamsize|p1|6\n|teamsize|p2|6\n|gen|9\n|tier|[Gen 9] VGC 2025 Reg I (Bo3)\n|rated|\n|rule|Species Clause: Limit one of each Pok\u00e9mon\n|rule|Item Clause: Limit 1 of each item\n|clearpoke\n|poke|p1|Terapagos, L50, M|\n|poke|p1|Lugia, L50|\n|poke|p1|Comfey, L50, M|\n|poke|p1|Rillaboom, L50, F|\n|poke|p1|Amoonguss, L50, F|\n|poke|p1|Incineroar, L50, M|\n|poke|p2|Koraidon, L50|\n|poke|p2|Calyrex-Shadow, L50|\n|poke|p2|Tornadus, L50, M|\n|poke|p2|Brute Bonnet, L50|\n|poke|p2|Gouging Fire, L50|\n|poke|p2|Flutter Mane, L50|\n|teampreview|4\n|showteam|p1|Terapagos||Leftovers|TeraShift|TeraStarstorm,EarthPower,CalmMind,Protect|||M|||50|,,,,,Stellar]Lugia||CovertCloak|Multiscale|Aeroblast,EarthPower,PsychUp,Protect||||||50|,,,,,Fairy]Comfey||SitrusBerry|Triage|FloralHealing,TrickRoom,DrainingKiss,Protect|||M|||50|,,,,,Water]Rillaboom||AssaultVest|GrassySurge|WoodHammer,GrassyGlide,FakeOut,Uturn|||F|||50|,,,,,Fire]Amoonguss||RockyHelmet|Regenerator|PollenPuff,Spore,RagePowder,Toxic|||F|||50|,,,,,Water]Incineroar||SafetyGoggles|Intimidate|KnockOff,PartingShot,WillOWisp,FakeOut|||M|||50|,,,,,Bug\n|showteam|p2|Koraidon||LifeOrb|OrichalcumPulse|CollisionCourse,FlameCharge,FlareBlitz,Protect||||||50|,,,,,Ghost]Calyrex-Shadow||FocusSash|AsOneSpectrier|AstralBarrage,Psychic,Taunt,Protect||||||50|,,,,,Normal]Tornadus||CovertCloak|Prankster|BleakwindStorm,Tailwind,SunnyDay,Protect|||M|||50|,,,,,Ground]Brute Bonnet||RockyHelmet|Protosynthesis|Protect,RagePowder,Spore,SuckerPunch||||||50|,,,,,Fairy]Gouging Fire||AssaultVest|Protosynthesis|FlameCharge,IronHead,FlareBlitz,BreakingSwipe||||||50|,,,,,Fairy]Flutter Mane||ChoiceSpecs|Protosynthesis|DazzlingGleam,ShadowBall,HyperVoice,PowerGem||||||50|,,,,,Fairy\n|\n|t:|1746052760\n|start\n|switch|p1a: Incineroar|Incineroar, L50, M|100/100\n|switch|p1b: Terapagos|Terapagos, L50, M|100/100\n|switch|p2a: Koraidon|Koraidon, L50|100/100\n|switch|p2b: Brute Bonnet|Brute Bonnet, L50|100/100\n|-activate|p1b: Terapagos|ability: Tera Shift\n|detailschange|p1b: Terapagos|Terapagos-Terastal, L50, M\n|-heal|p1b: Terapagos|100/100|[silent]\n|-weather|SunnyDay|[from] ability: Orichalcum Pulse|[of] p2a: Koraidon\n|-activate|p2b: Brute Bonnet|ability: Protosynthesis\n|-start|p2b: Brute Bonnet|protosynthesisdef\n|-activate|p2a: Koraidon|Orichalcum Pulse|[source]\n|-ability|p1a: Incineroar|Intimidate|boost\n|-unboost|p2a: Koraidon|atk|1\n|-unboost|p2b: Brute Bonnet|atk|1\n|turn|1\n|\n|t:|1746052799\n|move|p2a: Koraidon|Protect|p2a: Koraidon\n|-singleturn|p2a: Koraidon|Protect\n|move|p1b: Terapagos|Protect|p1b: Terapagos\n|-singleturn|p1b: Terapagos|Protect\n|move|p1a: Incineroar|Will-O-Wisp|p2a: Koraidon\n|-activate|p2a: Koraidon|move: Protect\n|move|p2b: Brute Bonnet|Spore|p1b: Terapagos\n|-activate|p1b: Terapagos|move: Protect\n|\n|-weather|SunnyDay|[upkeep]\n|upkeep\n|turn|2\n|\n|t:|1746052822\n|switch|p2a: Gouging Fire|Gouging Fire, L50|100/100\n|-activate|p2a: Gouging Fire|ability: Protosynthesis\n|-start|p2a: Gouging Fire|protosynthesisdef\n|move|p1b: Terapagos|Calm Mind|p1b: Terapagos\n|-boost|p1b: Terapagos|spa|1\n|-boost|p1b: Terapagos|spd|1\n|move|p1a: Incineroar|Will-O-Wisp|p2a: Gouging Fire|[miss]\n|-miss|p1a: Incineroar|p2a: Gouging Fire\n|move|p2b: Brute Bonnet|Spore|p1b: Terapagos\n|-status|p1b: Terapagos|slp|[from] move: Spore\n|\n|-weather|SunnyDay|[upkeep]\n|upkeep\n|turn|3\n|\n|t:|1746052856\n|cant|p1b: Terapagos|slp\n|move|p2b: Brute Bonnet|Protect|p2b: Brute Bonnet\n|-singleturn|p2b: Brute Bonnet|Protect\n|move|p2a: Gouging Fire|Breaking Swipe|p1b: Terapagos|[spread] p1a,p1b\n|-crit|p1a: Incineroar\n|-activate|p1b: Terapagos|ability: Tera Shell\n|-resisted|p1b: Terapagos\n|-damage|p1a: Incineroar|74/100\n|-damage|p1b: Terapagos|94/100 slp\n|-unboost|p1a: Incineroar|atk|1\n|-unboost|p1b: Terapagos|atk|1\n|move|p1a: Incineroar|Knock Off|p2a: Gouging Fire\n|-crit|p2a: Gouging Fire\n|-damage|p2a: Gouging Fire|73/100\n|-enditem|p2a: Gouging Fire|Assault Vest|[from] move: Knock Off|[of] p1a: Incineroar\n|\n|-weather|SunnyDay|[upkeep]\n|-heal|p1b: Terapagos|100/100 slp|[from] item: Leftovers\n|upkeep\n|turn|4\n|\n|t:|1746052879\n|-end|p2b: Brute Bonnet|Protosynthesis|[silent]\n|switch|p2b: Koraidon|Koraidon, L50|100/100\n|-activate|p2b: Koraidon|ability: Orichalcum Pulse\n|cant|p1b: Terapagos|slp\n|move|p2a: Gouging Fire|Breaking Swipe|p1b: Terapagos|[spread] p1a,p1b\n|-activate|p1b: Terapagos|ability: Tera Shell\n|-resisted|p1b: Terapagos\n|-damage|p1a: Incineroar|56/100\n|-damage|p1b: Terapagos|94/100 slp\n|-unboost|p1a: Incineroar|atk|1\n|-unboost|p1b: Terapagos|atk|1\n|move|p1a: Incineroar|Will-O-Wisp|p2b: Koraidon\n|-status|p2b: Koraidon|brn\n|\n|-weather|SunnyDay|[upkeep]\n|-heal|p1b: Terapagos|100/100 slp|[from] item: Leftovers\n|-damage|p2b: Koraidon|94/100 brn|[from] brn\n|upkeep\n|turn|5\n|\n|t:|1746052909\n|switch|p1a: Lugia|Lugia, L50|100/100\n|move|p2b: Koraidon|Collision Course|p1a: Lugia\n|-resisted|p1a: Lugia\n|-damage|p1a: Lugia|97/100\n|-damage|p2b: Koraidon|84/100 brn|[from] item: Life Orb\n|-curestatus|p1b: Terapagos|slp|[msg]\n|move|p1b: Terapagos|Calm Mind|p1b: Terapagos\n|-boost|p1b: Terapagos|spa|1\n|-boost|p1b: Terapagos|spd|1\n|move|p2a: Gouging Fire|Flare Blitz|p1b: Terapagos\n|-activate|p1b: Terapagos|ability: Tera Shell\n|-resisted|p1b: Terapagos\n|-damage|p1b: Terapagos|72/100\n|-damage|p2a: Gouging Fire|64/100|[from] Recoil\n|\n|-weather|none\n|-end|p2a: Gouging Fire|Protosynthesis\n|-heal|p1b: Terapagos|78/100|[from] item: Leftovers\n|-damage|p2b: Koraidon|78/100 brn|[from] brn\n|upkeep\n|turn|6\n|-message|solo_phaser forfeited.\n|raw|zinger9707's rating: 1110 &rarr; <strong>1130</strong><br />(+20 for winning)\n|raw|solo_phaser's rating: 1039 &rarr; <strong>1026</strong><br />(-13 for losing)\n|\n|win|zinger9707\n|l|\u2606solo_phaser\n|player|p2|\n", "uploadtime": 1746052981, "views": 7, "formatid": "gen9vgc2025regibo3", "rating": 1026, "private": 0, "password": null}