{"id": "gen9vgc2025regibo3-2353703353", "format": "[Gen 9] VGC 2025 Reg I (Bo3)", "players": ["mugaywara", "Jebei"], "log": "|j|\u2606mugaywara\n|j|\u2606Jebei\n|html|<table width=\"100%\"><tr><td align=\"left\">mugaywara</td><td align=\"right\">Jebei</tr><tr><td align=\"left\"><i class=\"fa fa-circle\"></i> <i class=\"fa fa-circle-o\"></i> </td><td align=\"right\"><i class=\"fa fa-circle-o\"></i> <i class=\"fa fa-circle-o\"></i> </tr></table>\n|uhtml|bestof|<h2><strong>Game 2</strong> of <a href=\"/game-bestof3-gen9vgc2025regibo3-2353701880\">a best-of-3</a></h2>\n|t:|1745985860\n|gametype|doubles\n|player|p1|mugaywara|pokekid|1145\n|player|p2|Jebei|170|1028\n|teamsize|p1|6\n|teamsize|p2|6\n|gen|9\n|tier|[Gen 9] VGC 2025 Reg I (Bo3)\n|rated|\n|rule|Species Clause: Limit one of each Pok\u00e9mon\n|rule|Item Clause: Limit 1 of each item\n|clearpoke\n|poke|p1|Lunala, L50|\n|poke|p1|Indeedee-F, L50, F|\n|poke|p1|Calyrex-Ice, L50|\n|poke|p1|Torkoal, L50, F|\n|poke|p1|Ogerpon-Wellspring, L50, F|\n|poke|p1|Raging Bolt, L50|\n|poke|p2|Lunala, L50|\n|poke|p2|Tornadus, L50, M|\n|poke|p2|Koraidon, L50|\n|poke|p2|Rillaboom, L50, F|\n|poke|p2|Ogerpon-Cornerstone, L50, F|\n|poke|p2|Incineroar, L50, F|\n|teampreview|4\n|showteam|p1|Lunala||Leftovers|ShadowShield|MoongeistBeam,ExpandingForce,WideGuard,TrickRoom||||||50|,,,,,Fairy]Indeedee-F||PsychicSeed|PsychicSurge|DazzlingGleam,FollowMe,HelpingHand,TrickRoom|||F|||50|,,,,,Fairy]Calyrex-Ice||ClearAmulet|AsOneGlastrier|GlacialLance,HighHorsepower,TrickRoom,Protect||||||50|,,,,,Fire]Torkoal||Charcoal|Drought|Overheat,EarthPower,Eruption,Protect|||F|||50|,,,,,Fire]Ogerpon-Wellspring||WellspringMask|WaterAbsorb|IvyCudgel,HornLeech,FollowMe,SpikyShield|||F|||50|,,,,,Water]Raging Bolt||AssaultVest|Protosynthesis|Thunderclap,DracoMeteor,Thunderbolt,Snarl||||||50|,,,,,Electric\n|showteam|p2|Lunala||Leftovers|ShadowShield|CalmMind,MoongeistBeam,HeatWave,Protect||||||50|,,,,,Fire]Tornadus||CovertCloak|Prankster|Tailwind,Taunt,BleakwindStorm,SunnyDay|||M|||50|,,,,,Dark]Koraidon||LifeOrb|OrichalcumPulse|FlameCharge,CloseCombat,FlareBlitz,Protect||||||50|,,,,,Fire]Rillaboom||AssaultVest|GrassySurge|FakeOut,HighHorsepower,GrassyGlide,Uturn|||F|||50|,,,,,Fire]Ogerpon-Cornerstone||CornerstoneMask|Sturdy|FollowMe,SpikyShield,IvyCudgel,SwordsDance|||F|||50|,,,,,Rock]Incineroar||SafetyGoggles|Intimidate|FakeOut,KnockOff,FlareBlitz,PartingShot|||F|||50|,,,,,Grass\n|\n|t:|1745985893\n|start\n|switch|p1a: edward|Lunala, L50|100/100\n|switch|p1b: jacob|Calyrex-Ice, L50|100/100\n|switch|p2a: Tornadus|Tornadus, L50, M|100/100\n|switch|p2b: Koraidon|Koraidon, L50|100/100\n|-ability|p1b: jacob|As One\n|-ability|p1b: jacob|Unnerve\n|-weather|SunnyDay|[from] ability: Orichalcum Pulse|[of] p2b: Koraidon\n|-activate|p2b: Koraidon|Orichalcum Pulse|[source]\n|turn|1\n|inactive|Battle timer is ON: inactive players will automatically lose when time's up. (requested by Jebei)\n|inactive|mugaywara has 60 seconds left.\n|inactive|Jebei has 60 seconds left.\n|\n|t:|1745985933\n|-terastallize|p2b: Koraidon|Fire\n|-terastallize|p1b: jacob|Fire\n|move|p2a: Tornadus|Taunt|p1b: jacob\n|-start|p1b: jacob|move: Taunt\n|move|p2b: Koraidon|Close Combat|p1b: jacob\n|-damage|p1b: jacob|21/100\n|-unboost|p2b: Koraidon|def|1\n|-unboost|p2b: Koraidon|spd|1\n|-damage|p2b: Koraidon|91/100|[from] item: Life Orb\n|move|p1a: edward|Moongeist Beam|p2b: Koraidon\n|-damage|p2b: Koraidon|0 fnt\n|faint|p2b: Koraidon\n|move|p1b: jacob|Glacial Lance|p2a: Tornadus\n|-supereffective|p2a: Tornadus\n|-damage|p2a: Tornadus|0 fnt\n|faint|p2a: Tornadus\n|-ability|p1b: jacob|Chilling Neigh|boost\n|-boost|p1b: jacob|atk|1\n|\n|-weather|SunnyDay|[upkeep]\n|upkeep\n|\n|t:|1745985952\n|switch|p2b: Rillaboom|Rillaboom, L50, F|100/100\n|switch|p2a: Lunala|Lunala, L50|100/100\n|-fieldstart|move: Grassy Terrain|[from] ability: Grassy Surge|[of] p2b: Rillaboom\n|turn|2\n|inactive|mugaywara has 30 seconds left.\n|inactive|Jebei has 30 seconds left.\n|\n|t:|1745985984\n|switch|p1a: bella|Indeedee-F, L50, F, shiny|100/100\n|-fieldstart|move: Psychic Terrain|[from] ability: Psychic Surge|[of] p1a: bella\n|-enditem|p1a: bella|Psychic Seed\n|-boost|p1a: bella|spd|1|[from] item: Psychic Seed\n|switch|p1b: jasper|Raging Bolt, L50|100/100\n|-activate|p1b: jasper|ability: Protosynthesis\n|-start|p1b: jasper|protosynthesisspa\n|move|p2a: Lunala|Protect|p2a: Lunala\n|-singleturn|p2a: Lunala|Protect\n|move|p2b: Rillaboom|High Horsepower|p1b: jasper\n|-supereffective|p1b: jasper\n|-damage|p1b: jasper|49/100\n|\n|-weather|SunnyDay|[upkeep]\n|upkeep\n|turn|3\n|inactive|mugaywara has 30 seconds left.\n|\n|t:|1745986010\n|move|p2b: Rillaboom|High Horsepower|p1b: jasper\n|-supereffective|p1b: jasper\n|-damage|p1b: jasper|2/100\n|move|p2a: Lunala|Calm Mind|p2a: Lunala\n|-boost|p2a: Lunala|spa|1\n|-boost|p2a: Lunala|spd|1\n|move|p1b: jasper|Snarl|p2b: Rillaboom|[spread] p2a,p2b\n|-supereffective|p2a: Lunala\n|-damage|p2a: Lunala|81/100\n|-damage|p2b: Rillaboom|85/100\n|-unboost|p2a: Lunala|spa|1\n|-unboost|p2b: Rillaboom|spa|1\n|move|p1a: bella|Trick Room|p1a: bella\n|-fieldstart|move: Trick Room|[of] p1a: bella\n|\n|-weather|SunnyDay|[upkeep]\n|-heal|p2a: Lunala|88/100|[from] item: Leftovers\n|upkeep\n|turn|4\n|inactive|Jebei has 30 seconds left.\n|\n|t:|1745986036\n|move|p1a: bella|Dazzling Gleam|p2b: Rillaboom|[spread] p2a,p2b\n|-damage|p2a: Lunala|81/100\n|-damage|p2b: Rillaboom|74/100\n|move|p1b: jasper|Snarl|p2b: Rillaboom|[spread] p2b\n|-miss|p1b: jasper|p2a: Lunala\n|-damage|p2b: Rillaboom|60/100\n|-unboost|p2b: Rillaboom|spa|1\n|move|p2a: Lunala|Calm Mind|p2a: Lunala\n|-boost|p2a: Lunala|spa|1\n|-boost|p2a: Lunala|spd|1\n|move|p2b: Rillaboom|High Horsepower|p1b: jasper\n|-supereffective|p1b: jasper\n|-damage|p1b: jasper|0 fnt\n|faint|p1b: jasper\n|-end|p1b: jasper|Protosynthesis|[silent]\n|\n|-weather|SunnyDay|[upkeep]\n|-heal|p2a: Lunala|87/100|[from] item: Leftovers\n|upkeep\n|\n|t:|1745986052\n|switch|p1b: jacob|Calyrex-Ice, L50, tera:Fire|21/100\n|-ability|p1b: jacob|As One\n|-ability|p1b: jacob|Unnerve\n|turn|5\n|\n|t:|1745986076\n|move|p1a: bella|Helping Hand|p1b: jacob\n|-singleturn|p1b: jacob|Helping Hand|[of] p1a: bella\n|move|p1b: jacob|Glacial Lance|p2a: Lunala|[spread] p2a,p2b\n|-supereffective|p2b: Rillaboom\n|-damage|p2a: Lunala|16/100\n|-damage|p2b: Rillaboom|0 fnt\n|faint|p2b: Rillaboom\n|-ability|p1b: jacob|Chilling Neigh|boost\n|-boost|p1b: jacob|atk|1\n|move|p2a: Lunala|Heat Wave|p1a: bella|[spread] p1a,p1b\n|-resisted|p1b: jacob\n|-crit|p1b: jacob\n|-damage|p1a: bella|63/100\n|-damage|p1b: jacob|0 fnt\n|faint|p1b: jacob\n|\n|-weather|none\n|-heal|p2a: Lunala|22/100|[from] item: Leftovers\n|upkeep\n|\n|t:|1745986090\n|switch|p1b: edward|Lunala, L50|100/100\n|turn|6\n|\n|t:|1745986102\n|move|p2a: Lunala|Protect|p2a: Lunala\n|-singleturn|p2a: Lunala|Protect\n|move|p1a: bella|Follow Me|p1a: bella\n|-singleturn|p1a: bella|move: Follow Me\n|move|p1b: edward|Moongeist Beam|p2a: Lunala\n|-activate|p2a: Lunala|move: Protect\n|\n|-heal|p2a: Lunala|28/100|[from] item: Leftovers\n|-fieldend|move: Psychic Terrain\n|upkeep\n|turn|7\n|-message|Jebei forfeited.\n|\n|win|mugaywara\n|raw|mugaywara's rating: 1145 &rarr; <strong>1162</strong><br />(+17 for winning)\n|raw|Jebei's rating: 1028 &rarr; <strong>1018</strong><br />(-10 for losing)\n|l|\u2606Jebei\n|player|p2|\n", "uploadtime": 1745986135, "views": 13, "formatid": "gen9vgc2025regibo3", "rating": 1018, "private": 0, "password": null}