{"id": "gen9vgc2025regibo3-2353745208", "format": "[Gen 9] VGC 2025 Reg I (Bo3)", "players": ["recnacboi", "RICHARDHAVOC"], "log": "|j|\u2606recnacboi\n|j|\u2606RICHARDHAVOC\n|html|<table width=\"100%\"><tr><td align=\"left\">recnacboi</td><td align=\"right\">RICHARDHAVOC</tr><tr><td align=\"left\"><i class=\"fa fa-circle-o\"></i> <i class=\"fa fa-circle-o\"></i> </td><td align=\"right\"><i class=\"fa fa-circle-o\"></i> <i class=\"fa fa-circle\"></i> </tr></table>\n|uhtml|bestof|<h2><strong>Game 2</strong> of <a href=\"/game-bestof3-gen9vgc2025regibo3-2353743958\">a best-of-3</a></h2>\n|t:|1745992667\n|gametype|doubles\n|player|p1|recnacboi|2|1390\n|player|p2|RICHARDHAVOC|brycen|1417\n|teamsize|p1|6\n|teamsize|p2|6\n|gen|9\n|tier|[Gen 9] VGC 2025 Reg I (Bo3)\n|rated|\n|rule|Species Clause: Limit one of each Pok\u00e9mon\n|rule|Item Clause: Limit 1 of each item\n|clearpoke\n|poke|p1|Calyrex-Shadow, L50|\n|poke|p1|Terapagos, L50, M|\n|poke|p1|Rillaboom, L50, F|\n|poke|p1|Incineroar, L50, F|\n|poke|p1|Urshifu-*, L50, F|\n|poke|p1|Ogerpon-Hearthflame, L50, F|\n|poke|p2|Zamazenta-*, L50|\n|poke|p2|Calyrex-Shadow, L50|\n|poke|p2|Rillaboom, L50, M|\n|poke|p2|Tornadus, L50, M|\n|poke|p2|Urshifu-*, L50, M|\n|poke|p2|Annihilape, L50, M|\n|teampreview|4\n|showteam|p1|Calyrex-Shadow||FocusSash|AsOneSpectrier|AstralBarrage,Disable,WillOWisp,Protect||||||50|,,,,,Ghost]Terapagos||Leftovers|TeraShift|TeraStarstorm,EarthPower,CalmMind,Protect|||M|||50|,,,,,Stellar]Rillaboom||AssaultVest|GrassySurge|WoodHammer,GrassyGlide,FakeOut,Uturn|||F|||50|,,,,,Fire]Incineroar||RockyHelmet|Intimidate|KnockOff,HelpingHand,FakeOut,PartingShot|||F|||50|,,,,,Bug]Urshifu-Rapid-Strike||ChoiceScarf|UnseenFist|CloseCombat,SurgingStrikes,Uturn,AquaJet|||F|||50|,,,,,Water]Ogerpon-Hearthflame||HearthflameMask|MoldBreaker|IvyCudgel,GrassyGlide,FollowMe,SpikyShield|||F|||50|,,,,,Fire\n|showteam|p2|Zamazenta-Crowned||RustedShield|DauntlessShield|WideGuard,HeavySlam,BodyPress,Protect||||||50|,,,,,Dragon]Calyrex-Shadow||LifeOrb|AsOneSpectrier|AstralBarrage,Psychic,PollenPuff,Protect||||||50|,,,,,Dark]Rillaboom||AssaultVest|GrassySurge|FakeOut,Uturn,WoodHammer,GrassyGlide|||M|||50|,,,,,Fire]Tornadus||RockyHelmet|Prankster|BleakwindStorm,RainDance,Tailwind,Protect|||M|||50|,,,,,Normal]Urshifu-Rapid-Strike||FocusSash|UnseenFist|SurgingStrikes,CloseCombat,AquaJet,Protect|||M|||50|,,,,,Stellar]Annihilape||ChoiceScarf|Defiant|FinalGambit,Coaching,Uturn,ShadowClaw|||M|||50|,,,,,Grass\n|\n|t:|1745992701\n|start\n|switch|p1a: Calyrex|Calyrex-Shadow, L50|100/100\n|switch|p1b: Ogerpon|Ogerpon-Hearthflame, L50, F|100/100\n|switch|p2a: Tornadus|Tornadus, L50, M, shiny|100/100\n|switch|p2b: Calyrex|Calyrex-Shadow, L50|100/100\n|-ability|p2b: Calyrex|As One\n|-ability|p2b: Calyrex|Unnerve\n|-ability|p1a: Calyrex|As One\n|-ability|p1a: Calyrex|Unnerve\n|-ability|p1b: Ogerpon|Mold Breaker\n|turn|1\n|\n|t:|1745992726\n|-terastallize|p1a: Calyrex|Ghost\n|-terastallize|p2a: Tornadus|Normal\n|move|p2b: Calyrex|Protect|p2b: Calyrex\n|-singleturn|p2b: Calyrex|Protect\n|move|p1b: Ogerpon|Spiky Shield|p1b: Ogerpon\n|-singleturn|p1b: Ogerpon|move: Protect\n|move|p1a: Calyrex|Astral Barrage|p2a: Tornadus|[spread] \n|-activate|p2b: Calyrex|move: Protect\n|-immune|p2a: Tornadus\n|move|p2a: Tornadus|Bleakwind Storm|p1a: Calyrex|[spread] p1a\n|-activate|p1b: Ogerpon|move: Protect\n|-damage|p1a: Calyrex|71/100\n|\n|upkeep\n|turn|2\n|\n|t:|1745992743\n|switch|p1a: Rillaboom|Rillaboom, L50, F|100/100\n|-fieldstart|move: Grassy Terrain|[from] ability: Grassy Surge|[of] p1a: Rillaboom\n|move|p1b: Ogerpon|Grassy Glide|p2b: Calyrex\n|-damage|p2b: Calyrex|63/100\n|move|p2a: Tornadus|Tailwind|p2a: Tornadus\n|-sidestart|p2: RICHARDHAVOC|move: Tailwind\n|move|p2b: Calyrex|Astral Barrage|p1a: Rillaboom|[spread] p1a,p1b\n|-damage|p1a: Rillaboom|55/100\n|-damage|p1b: Ogerpon|34/100\n|-damage|p2b: Calyrex|53/100|[from] item: Life Orb\n|\n|-heal|p2b: Calyrex|59/100|[from] Grassy Terrain\n|-heal|p1b: Ogerpon|40/100|[from] Grassy Terrain\n|-heal|p1a: Rillaboom|61/100|[from] Grassy Terrain\n|upkeep\n|turn|3\n|\n|t:|1745992761\n|switch|p2b: Zamazenta|Zamazenta-Crowned, L50, shiny|100/100\n|-ability|p2b: Zamazenta|Dauntless Shield|boost\n|-boost|p2b: Zamazenta|def|1\n|move|p1a: Rillaboom|Fake Out|p2a: Tornadus\n|-damage|p2a: Tornadus|87/100\n|-damage|p1a: Rillaboom|44/100|[from] item: Rocky Helmet|[of] p2a: Tornadus\n|move|p1b: Ogerpon|Grassy Glide|p2b: Zamazenta\n|-resisted|p2b: Zamazenta\n|-damage|p2b: Zamazenta|93/100\n|cant|p2a: Tornadus|flinch\n|\n|-heal|p2b: Zamazenta|99/100|[from] Grassy Terrain\n|-heal|p2a: Tornadus|93/100|[from] Grassy Terrain\n|-heal|p1b: Ogerpon|46/100|[from] Grassy Terrain\n|-heal|p1a: Rillaboom|50/100|[from] Grassy Terrain\n|upkeep\n|turn|4\n|\n|t:|1745992771\n|move|p1b: Ogerpon|Grassy Glide|p2a: Tornadus\n|-damage|p2a: Tornadus|58/100\n|-damage|p1b: Ogerpon|29/100|[from] item: Rocky Helmet|[of] p2a: Tornadus\n|move|p1a: Rillaboom|Grassy Glide|p2a: Tornadus\n|-damage|p2a: Tornadus|25/100\n|-damage|p1a: Rillaboom|34/100|[from] item: Rocky Helmet|[of] p2a: Tornadus\n|move|p2b: Zamazenta|Body Press|p1a: Rillaboom\n|-damage|p1a: Rillaboom|0 fnt\n|faint|p1a: Rillaboom\n|move|p2a: Tornadus|Bleakwind Storm|p1b: Ogerpon|[miss]\n|-miss|p2a: Tornadus|p1b: Ogerpon\n|\n|-heal|p2b: Zamazenta|100/100|[from] Grassy Terrain\n|-heal|p2a: Tornadus|31/100|[from] Grassy Terrain\n|-heal|p1b: Ogerpon|35/100|[from] Grassy Terrain\n|upkeep\n|\n|t:|1745992776\n|switch|p1a: Calyrex|Calyrex-Shadow, L50, tera:Ghost|71/100\n|-ability|p1a: Calyrex|As One\n|-ability|p1a: Calyrex|Unnerve\n|turn|5\n|\n|t:|1745992790\n|switch|p2b: Calyrex|Calyrex-Shadow, L50|59/100\n|-ability|p2b: Calyrex|As One\n|-ability|p2b: Calyrex|Unnerve\n|move|p1b: Ogerpon|Grassy Glide|p2a: Tornadus\n|-damage|p2a: Tornadus|0 fnt\n|-damage|p1b: Ogerpon|19/100|[from] item: Rocky Helmet|[of] p2a: Tornadus\n|faint|p2a: Tornadus\n|move|p1a: Calyrex|Astral Barrage|p2b: Calyrex\n|-supereffective|p2b: Calyrex\n|-damage|p2b: Calyrex|0 fnt\n|faint|p2b: Calyrex\n|-ability|p1a: Calyrex|Grim Neigh|boost\n|-boost|p1a: Calyrex|spa|1\n|\n|-heal|p1a: Calyrex|77/100|[from] Grassy Terrain\n|-heal|p1b: Ogerpon|25/100|[from] Grassy Terrain\n|-sideend|p2: RICHARDHAVOC|move: Tailwind\n|upkeep\n|\n|t:|1745992798\n|switch|p2b: Urshifu|Urshifu-Rapid-Strike, L50, M|100/100\n|switch|p2a: Zamazenta|Zamazenta-Crowned, L50, shiny|100/100\n|turn|6\n|\n|t:|1745992807\n|move|p2a: Zamazenta|Wide Guard|p2a: Zamazenta\n|-singleturn|p2a: Zamazenta|Wide Guard\n|move|p1b: Ogerpon|Grassy Glide|p2b: Urshifu\n|-supereffective|p2b: Urshifu\n|-damage|p2b: Urshifu|22/100\n|move|p1a: Calyrex|Astral Barrage|p2b: Urshifu|[spread] \n|-activate|p2a: Zamazenta|move: Wide Guard\n|-activate|p2b: Urshifu|move: Wide Guard\n|move|p2b: Urshifu|Surging Strikes|p1a: Calyrex\n|-crit|p1a: Calyrex\n|-damage|p1a: Calyrex|47/100\n|-crit|p1a: Calyrex\n|-damage|p1a: Calyrex|17/100\n|-crit|p1a: Calyrex\n|-damage|p1a: Calyrex|0 fnt\n|faint|p1a: Calyrex\n|-hitcount|p1: Calyrex|3\n|\n|-heal|p1b: Ogerpon|31/100|[from] Grassy Terrain\n|-heal|p2b: Urshifu|28/100|[from] Grassy Terrain\n|-fieldend|move: Grassy Terrain\n|upkeep\n|\n|t:|1745992810\n|switch|p1a: Urshifu|Urshifu-Rapid-Strike, L50, F|100/100\n|turn|7\n|\n|t:|1745992826\n|move|p1b: Ogerpon|Spiky Shield|p1b: Ogerpon\n|-singleturn|p1b: Ogerpon|move: Protect\n|move|p1a: Urshifu|Surging Strikes|p2a: Zamazenta\n|-crit|p2a: Zamazenta\n|-damage|p2a: Zamazenta|88/100\n|-crit|p2a: Zamazenta\n|-damage|p2a: Zamazenta|77/100\n|-crit|p2a: Zamazenta\n|-damage|p2a: Zamazenta|64/100\n|-hitcount|p2a: Zamazenta|3\n|move|p2a: Zamazenta|Body Press|p1b: Ogerpon\n|-activate|p1b: Ogerpon|move: Protect\n|-damage|p2a: Zamazenta|52/100|[from] Spiky Shield|[of] p1b: Ogerpon\n|move|p2b: Urshifu|Close Combat|p1a: Urshifu\n|-damage|p1a: Urshifu|26/100\n|-unboost|p2b: Urshifu|def|1\n|-unboost|p2b: Urshifu|spd|1\n|\n|upkeep\n|turn|8\n|\n|t:|1745992861\n|move|p1a: Urshifu|Surging Strikes|p2a: Zamazenta\n|-crit|p2a: Zamazenta\n|-damage|p2a: Zamazenta|39/100\n|-crit|p2a: Zamazenta\n|-damage|p2a: Zamazenta|27/100\n|-crit|p2a: Zamazenta\n|-damage|p2a: Zamazenta|14/100\n|-hitcount|p2a: Zamazenta|3\n|move|p2a: Zamazenta|Body Press|p1a: Urshifu\n|-damage|p1a: Urshifu|0 fnt\n|faint|p1a: Urshifu\n|move|p1b: Ogerpon|Grassy Glide|p2b: Urshifu\n|-supereffective|p2b: Urshifu\n|-damage|p2b: Urshifu|0 fnt\n|faint|p2b: Urshifu\n|\n|upkeep\n|turn|9\n|\n|t:|1745992871\n|move|p2a: Zamazenta|Protect|p2a: Zamazenta\n|-singleturn|p2a: Zamazenta|Protect\n|move|p1b: Ogerpon|Ivy Cudgel|p2a: Zamazenta|[anim] Ivy Cudgel Fire\n|-activate|p2a: Zamazenta|move: Protect\n|\n|upkeep\n|turn|10\n|\n|t:|1745992879\n|move|p2a: Zamazenta|Protect|p2a: Zamazenta\n|-singleturn|p2a: Zamazenta|Protect\n|move|p1b: Ogerpon|Ivy Cudgel|p2a: Zamazenta|[anim] Ivy Cudgel Fire\n|-activate|p2a: Zamazenta|move: Protect\n|\n|upkeep\n|turn|11\n|\n|t:|1745992890\n|move|p1b: Ogerpon|Spiky Shield|p1b: Ogerpon\n|-singleturn|p1b: Ogerpon|move: Protect\n|move|p2a: Zamazenta|Body Press|p1b: Ogerpon\n|-activate|p1b: Ogerpon|move: Protect\n|-damage|p2a: Zamazenta|2/100|[from] Spiky Shield|[of] p1b: Ogerpon\n|\n|upkeep\n|turn|12\n|\n|t:|1745992894\n|move|p1b: Ogerpon|Spiky Shield|p1b: Ogerpon\n|-singleturn|p1b: Ogerpon|move: Protect\n|move|p2a: Zamazenta|Body Press|p1b: Ogerpon\n|-activate|p1b: Ogerpon|move: Protect\n|-damage|p2a: Zamazenta|0 fnt|[from] Spiky Shield|[of] p1b: Ogerpon\n|faint|p2a: Zamazenta\n|\n|win|recnacboi\n||recnacboi is ready for game 3.\n||RICHARDHAVOC is ready for game 3.\n|uhtml|next|Next: <a href=\"/battle-gen9vgc2025regibo3-2353746454\"><strong>Game 3 of 3</strong></a>\n|l|\u2606RICHARDHAVOC\n|player|p2|\n|l|\u2606recnacboi\n|player|p1|\n", "uploadtime": 1745993254, "views": 6, "formatid": "gen9vgc2025regibo3", "rating": null, "private": 0, "password": null}