{"id": "gen9vgc2025regibo3-2354485050", "format": "[Gen 9] VGC 2025 Reg I (Bo3)", "players": ["arielrai", "bigj009"], "log": "|j|\u2606arielrai\n|j|\u2606bigj009\n|html|<table width=\"100%\"><tr><td align=\"left\">arielrai</td><td align=\"right\">bigj009</tr><tr><td align=\"left\"><i class=\"fa fa-circle-o\"></i> <i class=\"fa fa-circle-o\"></i> </td><td align=\"right\"><i class=\"fa fa-circle-o\"></i> <i class=\"fa fa-circle-o\"></i> </tr></table>\n|uhtml|bestof|<h2><strong>Game 1</strong> of <a href=\"/game-bestof3-gen9vgc2025regibo3-2354485049\">a best-of-3</a></h2>\n|t:|1746079499\n|gametype|doubles\n|player|p1|arielrai|266|1282\n|player|p2|bigj009|lucas|1130\n|teamsize|p1|6\n|teamsize|p2|6\n|gen|9\n|tier|[Gen 9] VGC 2025 Reg I (Bo3)\n|rated|\n|rule|Species Clause: Limit one of each Pok\u00e9mon\n|rule|Item Clause: Limit 1 of each item\n|clearpoke\n|poke|p1|Miraidon, L50|\n|poke|p1|Tornadus, L50, M|\n|poke|p1|Kyogre, L50|\n|poke|p1|Ludicolo, L50, F|\n|poke|p1|Urshifu-*, L50, M|\n|poke|p1|Clefairy, L50, M|\n|poke|p2|Calyrex-Ice, L50|\n|poke|p2|Kyogre, L50|\n|poke|p2|Smeargle, L50, M|\n|poke|p2|Hatterene, L50, F|\n|poke|p2|Indeedee-F, L50, F|\n|poke|p2|Ursaluna-Bloodmoon, L50, M|\n|teampreview|4\n|showteam|p1|Miraidon||LifeOrb|HadronEngine|Protect,ElectroDrift,VoltSwitch,DracoMeteor||||||50|,,,,,Electric]Tornadus||SitrusBerry|Prankster|Tailwind,Taunt,RainDance,BleakwindStorm|||M|||50|,,,,,Dark]Kyogre||Leftovers|Drizzle|OriginPulse,WaterSpout,IceBeam,Protect||||||50|,,,,,Grass]Ludicolo||FocusSash|SwiftSwim|FakeOut,GigaDrain,Encore,HydroPump|||F|||50|,,,,,Water]Urshifu-Rapid-Strike||ChoiceScarf|UnseenFist|SurgingStrikes,AquaJet,CloseCombat,Uturn|||M|||50|,,,,,Water]Clefairy||Eviolite|FriendGuard|FollowMe,HelpingHand,LifeDew,Protect|||M|||50|,,,,,Grass\n|showteam|p2|Calyrex-Ice||LifeOrb|AsOneGlastrier|GlacialLance,HighHorsepower,Protect,TrickRoom||||||50|,,,,,Normal]Kyogre||ChoiceScarf|Drizzle|WaterSpout,TeraBlast,IceBeam,Thunder||||||50|,,,,,Water]Smeargle||FocusSash|OwnTempo|FakeOut,Spore,Feint,FollowMe|||M|||50|,,,,,Ghost]Hatterene||CovertCloak|MagicBounce|DazzlingGleam,ExpandingForce,TrickRoom,Protect|||F|||50|,,,,,Water]Indeedee-F||SafetyGoggles|PsychicSurge|FollowMe,TrickRoom,HelpingHand,Psychic|||F|||50|,,,,,Water]Ursaluna-Bloodmoon||ThroatSpray|MindsEye|HyperVoice,BloodMoon,Protect,EarthPower|||M|||50|,,,,,Normal\n|inactive|Battle timer is ON: inactive players will automatically lose when time's up. (requested by arielrai)\n|\n|t:|1746079526\n|start\n|switch|p1a: Urshifu|Urshifu-Rapid-Strike, L50, M|100/100\n|switch|p1b: Kyogre|Kyogre, L50|100/100\n|switch|p2a: Indeedee|Indeedee-F, L50, F|100/100\n|switch|p2b: Hatterene|Hatterene, L50, F|100/100\n|-weather|RainDance|[from] ability: Drizzle|[of] p1b: Kyogre\n|-fieldstart|move: Psychic Terrain|[from] ability: Psychic Surge|[of] p2a: Indeedee\n|turn|1\n|\n|t:|1746079543\n|-terastallize|p2b: Hatterene|Water\n|move|p2a: Indeedee|Follow Me|p2a: Indeedee\n|-singleturn|p2a: Indeedee|move: Follow Me\n|move|p1a: Urshifu|U-turn|p2a: Indeedee\n|-supereffective|p2a: Indeedee\n|-damage|p2a: Indeedee|26/100\n|\n|t:|1746079549\n|switch|p1a: Clefairy|Clefairy, L50, M|100/100|[from] U-turn\n|move|p1b: Kyogre|Water Spout|p2a: Indeedee|[spread] p2a,p2b\n|-resisted|p2b: Hatterene\n|-damage|p2a: Indeedee|0 fnt\n|-damage|p2b: Hatterene|46/100\n|faint|p2a: Indeedee\n|move|p2b: Hatterene|Trick Room|p2b: Hatterene\n|-fieldstart|move: Trick Room|[of] p2b: Hatterene\n|\n|-weather|RainDance|[upkeep]\n|upkeep\n|\n|t:|1746079557\n|switch|p2a: Ursaluna|Ursaluna-Bloodmoon, L50, M|100/100\n|turn|2\n|l|\u2606arielrai\n|inactive|arielrai disconnected and has a minute to reconnect!\n|player|p1|\n|j|\u2606arielrai\n|inactive|arielrai reconnected and has 35 seconds left.\n|player|p1|arielrai|266|\n|inactive|arielrai has 30 seconds left.\n|\n|t:|1746079586\n|move|p1a: Clefairy|Protect|p1a: Clefairy\n|-singleturn|p1a: Clefairy|Protect\n|move|p1b: Kyogre|Protect|p1b: Kyogre\n|-singleturn|p1b: Kyogre|Protect\n|move|p2b: Hatterene|Expanding Force|p1b: Kyogre|[spread] \n|-activate|p1a: Clefairy|move: Protect\n|-activate|p1b: Kyogre|move: Protect\n|move|p2a: Ursaluna|Hyper Voice|p1a: Clefairy|[spread] \n|-activate|p1a: Clefairy|move: Protect\n|-activate|p1b: Kyogre|move: Protect\n|\n|-weather|RainDance|[upkeep]\n|upkeep\n|turn|3\n|\n|t:|1746079611\n|move|p2b: Hatterene|Expanding Force|p1b: Kyogre|[spread] p1a,p1b\n|-damage|p1a: Clefairy|51/100\n|-damage|p1b: Kyogre|67/100\n|move|p1a: Clefairy|Life Dew|p1a: Clefairy|[spread] p1a,p1b\n|-heal|p1a: Clefairy|76/100\n|-heal|p1b: Kyogre|92/100\n|move|p2a: Ursaluna|Hyper Voice|p1a: Clefairy|[spread] p1a,p1b\n|-damage|p1a: Clefairy|47/100\n|-damage|p1b: Kyogre|73/100\n|-enditem|p2a: Ursaluna|Throat Spray\n|-boost|p2a: Ursaluna|spa|1|[from] item: Throat Spray\n|move|p1b: Kyogre|Origin Pulse|p2a: Ursaluna|[spread] p2a,p2b\n|-supereffective|p2a: Ursaluna\n|-resisted|p2b: Hatterene\n|-damage|p2a: Ursaluna|0 fnt\n|-damage|p2b: Hatterene|5/100\n|faint|p2a: Ursaluna\n|\n|-weather|RainDance|[upkeep]\n|-heal|p1b: Kyogre|79/100|[from] item: Leftovers\n|upkeep\n|\n|t:|1746079617\n|switch|p2a: Calyrex|Calyrex-Ice, L50|100/100\n|-ability|p2a: Calyrex|As One\n|-ability|p2a: Calyrex|Unnerve\n|turn|4\n|\n|t:|1746079629\n|move|p1a: Clefairy|Protect|p1a: Clefairy\n|-singleturn|p1a: Clefairy|Protect\n|move|p1b: Kyogre|Protect|p1b: Kyogre\n|-singleturn|p1b: Kyogre|Protect\n|move|p2b: Hatterene|Trick Room|p2b: Hatterene\n|-fieldend|move: Trick Room\n|move|p2a: Calyrex|Trick Room|p2a: Calyrex\n|-fieldstart|move: Trick Room|[of] p2a: Calyrex\n|\n|-weather|RainDance|[upkeep]\n|-heal|p1b: Kyogre|85/100|[from] item: Leftovers\n|upkeep\n|turn|5\n|\n|t:|1746079643\n|move|p2b: Hatterene|Expanding Force|p1a: Clefairy|[spread] p1a,p1b\n|-damage|p1a: Clefairy|0 fnt\n|-damage|p1b: Kyogre|48/100\n|faint|p1a: Clefairy\n|move|p2a: Calyrex|Glacial Lance|p1b: Kyogre\n|-resisted|p1b: Kyogre\n|-damage|p1b: Kyogre|0 fnt\n|faint|p1b: Kyogre\n|-ability|p2a: Calyrex|Chilling Neigh|boost\n|-boost|p2a: Calyrex|atk|1\n|-damage|p2a: Calyrex|91/100|[from] item: Life Orb\n|\n|-weather|none\n|-fieldend|move: Psychic Terrain\n|upkeep\n|\n|t:|1746079646\n|switch|p1a: Urshifu|Urshifu-Rapid-Strike, L50, M|100/100\n|switch|p1b: Miraidon|Miraidon, L50|100/100\n|-fieldstart|move: Electric Terrain|[from] ability: Hadron Engine|[of] p1b: Miraidon\n|turn|6\n|\n|t:|1746079664\n|-terastallize|p1b: Miraidon|Electric\n|move|p1a: Urshifu|Aqua Jet|p2b: Hatterene\n|-resisted|p2b: Hatterene\n|-damage|p2b: Hatterene|0 fnt\n|faint|p2b: Hatterene\n|move|p2a: Calyrex|High Horsepower|p1b: Miraidon\n|-supereffective|p1b: Miraidon\n|-damage|p1b: Miraidon|0 fnt\n|faint|p1b: Miraidon\n|-ability|p2a: Calyrex|Chilling Neigh|boost\n|-boost|p2a: Calyrex|atk|1\n|-damage|p2a: Calyrex|81/100|[from] item: Life Orb\n|\n|upkeep\n|turn|7\n|inactive|arielrai has 30 seconds left.\n|inactive|arielrai has 20 seconds left.\n|inactive|arielrai has 15 seconds left.\n|inactive|arielrai has 10 seconds left.\n|inactive|arielrai has 5 seconds left.\n|\n|t:|1746079719\n|move|p1a: Urshifu|Aqua Jet|p2a: Calyrex\n|-damage|p2a: Calyrex|68/100\n|move|p2a: Calyrex|Glacial Lance|p1a: Urshifu\n|-resisted|p1a: Urshifu\n|-damage|p1a: Urshifu|0 fnt\n|faint|p1a: Urshifu\n|-damage|p2a: Calyrex|58/100|[from] item: Life Orb\n|\n|win|bigj009\n||bigj009 is ready for game 2.\n||arielrai is ready for game 2.\n|uhtml|next|Next: <a href=\"/battle-gen9vgc2025regibo3-2354486186\"><strong>Game 2 of 3</strong></a>\n|l|\u2606arielrai\n|player|p1|\n", "uploadtime": 1746080099, "views": 8, "formatid": "gen9vgc2025regibo3", "rating": null, "private": 0, "password": null}