{"id": "gen9vgc2025regibo3-2353540699", "format": "[Gen 9] VGC 2025 Reg I (Bo3)", "players": ["Skydago", "MangoFurret"], "log": "|j|\u2606Skydago\n|j|\u2606MangoFurret\n|html|<table width=\"100%\"><tr><td align=\"left\">Skydago</td><td align=\"right\">MangoFurret</tr><tr><td align=\"left\"><i class=\"fa fa-circle\"></i> <i class=\"fa fa-circle-o\"></i> </td><td align=\"right\"><i class=\"fa fa-circle-o\"></i> <i class=\"fa fa-circle\"></i> </tr></table>\n|uhtml|bestof|<h2><strong>Game 3</strong> of <a href=\"/game-bestof3-gen9vgc2025regibo3-2353535831\">a best-of-3</a></h2>\n|t:|1745966154\n|gametype|doubles\n|player|p1|Skydago|lusamine|1248\n|player|p2|MangoFurret|unknown|1278\n|teamsize|p1|6\n|teamsize|p2|6\n|gen|9\n|tier|[Gen 9] VGC 2025 Reg I (Bo3)\n|rated|\n|rule|Species Clause: Limit one of each Pok\u00e9mon\n|rule|Item Clause: Limit 1 of each item\n|clearpoke\n|poke|p1|Lunala, L50|\n|poke|p1|Zamazenta-*, L50|\n|poke|p1|Urshifu-*, L50, F|\n|poke|p1|Incineroar, L50, M|\n|poke|p1|Rillaboom, L50, M|\n|poke|p1|Tornadus, L50, M|\n|poke|p2|Kyogre, L50|\n|poke|p2|Zamazenta-*, L50|\n|poke|p2|Amoonguss, L50, F|\n|poke|p2|Chien-Pao, L50|\n|poke|p2|Urshifu-*, L50, M|\n|poke|p2|Roaring Moon, L50|\n|teampreview|4\n|showteam|p1|Lunala||PowerHerb|ShadowShield|MeteorBeam,Protect,Moonblast,MoongeistBeam||||||50|,,,,,Fairy]Zamazenta-Crowned||RustedShield|DauntlessShield|BodyPress,Protect,WideGuard,HeavySlam||||||50|,,,,,Dragon]Urshifu-Rapid-Strike||FocusSash|UnseenFist|SurgingStrikes,AquaJet,CloseCombat,Detect|||F|||50|,,,,,Water]Incineroar||SafetyGoggles|Intimidate|FakeOut,PartingShot,Taunt,KnockOff|||M|||50|,,,,,Ghost]Rillaboom||AssaultVest|GrassySurge|GrassyGlide,FakeOut,Uturn,WoodHammer|||M|||50|,,,,,Fire]Tornadus||CovertCloak|Prankster|Tailwind,BleakwindStorm,RainDance,Protect|||M|||50|,,,,,Steel\n|showteam|p2|Kyogre||MysticWater|Drizzle|WaterSpout,HydroPump,IceBeam,Protect||||||50|,,,,,Grass]Zamazenta-Crowned||RustedShield|DauntlessShield|behemothbash,BodyPress,WideGuard,Protect||||||50|,,,,,Grass]Amoonguss||RockyHelmet|Regenerator|RagePowder,Spore,SludgeBomb,Protect|||F|||50|,,,,,Fairy]Chien-Pao||FocusSash|SwordofRuin|IceSpinner,SuckerPunch,ThroatChop,Protect||||||50|,,,,,Ghost]Urshifu-Rapid-Strike||ChoiceScarf|UnseenFist|SurgingStrikes,CloseCombat,Uturn,Coaching|||M|||50|,,,,,Ghost]Roaring Moon||BoosterEnergy|Protosynthesis|KnockOff,Acrobatics,Tailwind,Protect||||||50|,,,,,Flying\n|inactive|Battle timer is ON: inactive players will automatically lose when time's up. (requested by Skydago)\n|\n|t:|1745966176\n|start\n|switch|p1a: Tornadus|Tornadus, L50, M|100/100\n|switch|p1b: Urshifu|Urshifu-Rapid-Strike, L50, F|100/100\n|switch|p2a: IlDoggo|Zamazenta-Crowned, L50|100/100\n|switch|p2b: Ilgattopardo|Chien-Pao, L50|100/100\n|-ability|p2b: Ilgattopardo|Sword of Ruin\n|-ability|p2a: IlDoggo|Dauntless Shield|boost\n|-boost|p2a: IlDoggo|def|1\n|turn|1\n|inactive|MangoFurret has 30 seconds left.\n|inactive|MangoFurret has 20 seconds left.\n|inactive|MangoFurret has 15 seconds left.\n|inactive|MangoFurret has 10 seconds left.\n|\n|t:|1745966224\n|-terastallize|p2a: IlDoggo|Grass\n|move|p2b: Ilgattopardo|Sucker Punch|p1b: Urshifu\n|-resisted|p1b: Urshifu\n|-damage|p1b: Urshifu|77/100\n|move|p1a: Tornadus|Tailwind|p1a: Tornadus\n|-sidestart|p1: Skydago|move: Tailwind\n|move|p1b: Urshifu|Close Combat|p2a: IlDoggo\n|-damage|p2a: IlDoggo|66/100\n|-unboost|p1b: Urshifu|def|1\n|-unboost|p1b: Urshifu|spd|1\n|move|p2a: IlDoggo|Body Press|p1b: Urshifu\n|-damage|p1b: Urshifu|0 fnt\n|faint|p1b: Urshifu\n|\n|upkeep\n|\n|t:|1745966230\n|switch|p1b: Lunala|Lunala, L50|100/100\n|turn|2\n|inactive|MangoFurret has 30 seconds left.\n|inactive|MangoFurret has 20 seconds left.\n|\n|t:|1745966269\n|-terastallize|p1b: Lunala|Fairy\n|move|p2a: IlDoggo|Wide Guard|p2a: IlDoggo\n|-singleturn|p2a: IlDoggo|Wide Guard\n|move|p2b: Ilgattopardo|Sucker Punch|p1a: Tornadus\n|-damage|p1a: Tornadus|44/100\n|move|p1a: Tornadus|Bleakwind Storm|p2a: IlDoggo|[spread] \n|-activate|p2a: IlDoggo|move: Wide Guard\n|-activate|p2b: Ilgattopardo|move: Wide Guard\n|move|p1b: Lunala|Meteor Beam||[still]\n|-prepare|p1b: Lunala|Meteor Beam\n|-boost|p1b: Lunala|spa|1\n|-enditem|p1b: Lunala|Power Herb\n|-anim|p1b: Lunala|Meteor Beam|p2b: Ilgattopardo|[miss]\n|-miss|p1b: Lunala|p2b: Ilgattopardo\n|\n|upkeep\n|turn|3\n|inactive|MangoFurret has 30 seconds left.\n|inactive|MangoFurret has 20 seconds left.\n|inactive|MangoFurret has 15 seconds left.\n|\n|t:|1745966309\n|move|p1a: Tornadus|Bleakwind Storm|p2a: IlDoggo|[spread] p2a,p2b\n|-supereffective|p2a: IlDoggo\n|-damage|p2a: IlDoggo|23/100\n|-damage|p2b: Ilgattopardo|50/100\n|-unboost|p2b: Ilgattopardo|spe|1\n|move|p1b: Lunala|Moonblast|p2b: Ilgattopardo\n|-supereffective|p2b: Ilgattopardo\n|-damage|p2b: Ilgattopardo|0 fnt\n|faint|p2b: Ilgattopardo\n|move|p2a: IlDoggo|Behemoth Bash|p1b: Lunala\n|-supereffective|p1b: Lunala\n|-damage|p1b: Lunala|63/100\n|\n|upkeep\n|\n|t:|1745966323\n|switch|p2b: Storm|Roaring Moon, L50|100/100\n|-enditem|p2b: Storm|Booster Energy\n|-activate|p2b: Storm|ability: Protosynthesis|[fromitem]\n|-start|p2b: Storm|protosynthesisspe\n|turn|4\n|\n|t:|1745966342\n|move|p2b: Storm|Protect|p2b: Storm\n|-singleturn|p2b: Storm|Protect\n|move|p2a: IlDoggo|Protect|p2a: IlDoggo\n|-singleturn|p2a: IlDoggo|Protect\n|move|p1a: Tornadus|Bleakwind Storm|p2b: Storm|[spread] \n|-activate|p2a: IlDoggo|move: Protect\n|-activate|p2b: Storm|move: Protect\n|move|p1b: Lunala|Moonblast|p2b: Storm\n|-activate|p2b: Storm|move: Protect\n|\n|-sideend|p1: Skydago|move: Tailwind\n|upkeep\n|turn|5\n|inactive|MangoFurret has 30 seconds left.\n|inactive|MangoFurret has 20 seconds left.\n|\n|t:|1745966381\n|move|p1a: Tornadus|Tailwind|p1a: Tornadus\n|-sidestart|p1: Skydago|move: Tailwind\n|move|p1b: Lunala|Moonblast|p2b: Storm\n|-supereffective|p2b: Storm\n|-damage|p2b: Storm|0 fnt\n|faint|p2b: Storm\n|-end|p2b: Storm|Protosynthesis|[silent]\n|move|p2a: IlDoggo|Behemoth Bash|p1b: Lunala\n|-supereffective|p1b: Lunala\n|-damage|p1b: Lunala|0 fnt\n|faint|p1b: Lunala\n|\n|upkeep\n|\n|t:|1745966390\n|switch|p2b: Waloatzu|Urshifu-Rapid-Strike, L50, M|100/100\n|switch|p1b: Zamazenta|Zamazenta-Crowned, L50|100/100\n|-ability|p1b: Zamazenta|Dauntless Shield|boost\n|-boost|p1b: Zamazenta|def|1\n|turn|6\n|\n|t:|1745966409\n|move|p2a: IlDoggo|Wide Guard|p2a: IlDoggo\n|-singleturn|p2a: IlDoggo|Wide Guard\n|move|p1b: Zamazenta|Body Press|p2a: IlDoggo\n|-damage|p2a: IlDoggo|0 fnt\n|faint|p2a: IlDoggo\n|move|p1a: Tornadus|Bleakwind Storm|p2b: Waloatzu\n|-activate|p2b: Waloatzu|move: Wide Guard\n|move|p2b: Waloatzu|Surging Strikes|p1a: Tornadus\n|-crit|p1a: Tornadus\n|-damage|p1a: Tornadus|14/100\n|-crit|p1a: Tornadus\n|-damage|p1a: Tornadus|0 fnt\n|faint|p1a: Tornadus\n|-hitcount|p1: Tornadus|2\n|\n|upkeep\n|turn|7\n|\n|t:|1745966423\n|move|p1b: Zamazenta|Body Press|p2b: Waloatzu\n|-damage|p2b: Waloatzu|29/100\n|move|p2b: Waloatzu|Surging Strikes|p1b: Zamazenta\n|-crit|p1b: Zamazenta\n|-damage|p1b: Zamazenta|86/100\n|-crit|p1b: Zamazenta\n|-damage|p1b: Zamazenta|72/100\n|-crit|p1b: Zamazenta\n|-damage|p1b: Zamazenta|58/100\n|-hitcount|p1b: Zamazenta|3\n|\n|upkeep\n|turn|8\n|\n|t:|1745966433\n|move|p1b: Zamazenta|Body Press|p2b: Waloatzu\n|-damage|p2b: Waloatzu|0 fnt\n|faint|p2b: Waloatzu\n|\n|win|Skydago\n|raw|Skydago's rating: 1248 &rarr; <strong>1275</strong><br />(+27 for winning)\n|raw|MangoFurret's rating: 1278 &rarr; <strong>1251</strong><br />(-27 for losing)\n|l|\u2606MangoFurret\n|player|p2|\n|l|\u2606Skydago\n|player|p1|\n|j|\u2606MangoFurret\n|player|p2|MangoFurret|unknown|\n", "uploadtime": 1745966474, "views": 17, "formatid": "gen9vgc2025regibo3", "rating": 1251, "private": 0, "password": null}