{"id": "gen9vgc2025regibo3-2354570800", "format": "[Gen 9] VGC 2025 Reg I (Bo3)", "players": ["DrXJ13", "waz00"], "log": "|j|\u2606DrXJ13\n|j|\u2606waz00\n|html|<table width=\"100%\"><tr><td align=\"left\">DrXJ13</td><td align=\"right\">waz00</tr><tr><td align=\"left\"><i class=\"fa fa-circle\"></i> <i class=\"fa fa-circle-o\"></i> </td><td align=\"right\"><i class=\"fa fa-circle-o\"></i> <i class=\"fa fa-circle\"></i> </tr></table>\n|uhtml|bestof|<h2><strong>Game 3</strong> of <a href=\"/game-bestof3-gen9vgc2025regibo3-2354567699\">a best-of-3</a></h2>\n|t:|1746096398\n|gametype|doubles\n|player|p1|DrXJ13|clair|1092\n|player|p2|waz00|nate|1017\n|teamsize|p1|6\n|teamsize|p2|6\n|gen|9\n|tier|[Gen 9] VGC 2025 Reg I (Bo3)\n|rated|\n|rule|Species Clause: Limit one of each Pok\u00e9mon\n|rule|Item Clause: Limit 1 of each item\n|clearpoke\n|poke|p1|Calyrex-Shadow, L50|\n|poke|p1|Terapagos, L50, M|\n|poke|p1|Tornadus, L50, M|\n|poke|p1|Urshifu-*, L50, F|\n|poke|p1|Incineroar, L50, F|\n|poke|p1|Ogerpon-Cornerstone, L50, F|\n|poke|p2|Miraidon, L50|\n|poke|p2|Lunala, L50|\n|poke|p2|Whimsicott, L50, M|\n|poke|p2|Chi-Yu, L50|\n|poke|p2|Urshifu-*, L50, M|\n|poke|p2|Iron Hands, L50|\n|teampreview|4\n|showteam|p1|Calyrex-Shadow||LifeOrb|AsOneSpectrier|AstralBarrage,DrainingKiss,NastyPlot,Protect||||||50|,,,,,Fairy]Terapagos||ChoiceSpecs|TeraShift|TeraStarstorm,HyperBeam,EarthPower,IceBeam|||M|||50|,,,,,Stellar]Tornadus||CovertCloak|Prankster|Tailwind,BleakwindStorm,Taunt,RainDance|||M|||50|,,,,,Dark]Urshifu-Rapid-Strike||MysticWater|UnseenFist|SurgingStrikes,CloseCombat,AquaJet,Detect|||F|||50|,,,,,Grass]Incineroar||RockyHelmet|Intimidate|FakeOut,FlareBlitz,KnockOff,PartingShot|||F|||50|,,,,,Ghost]Ogerpon-Cornerstone||CornerstoneMask|Sturdy|IvyCudgel,WoodHammer,FollowMe,SpikyShield|||F|||50|,,,,,Rock\n|showteam|p2|Miraidon||ChoiceSpecs|HadronEngine|ElectroDrift,VoltSwitch,DazzlingGleam,DracoMeteor||||||50|,,,,,Fairy]Lunala||PowerHerb|ShadowShield|MoongeistBeam,Moonblast,WideGuard,TrickRoom||||||50|,,,,,Fairy]Whimsicott||CovertCloak|Prankster|Moonblast,Tailwind,LightScreen,Encore|||M|||50|,,,,,Dark]Chi-Yu||ChoiceScarf|BeadsofRuin|Snarl,Overheat,DarkPulse,HeatWave||||||50|,,,,,Ghost]Urshifu-Rapid-Strike||FocusSash|UnseenFist|SurgingStrikes,CloseCombat,AquaJet,Protect|||M|||50|,,,,,Stellar]Iron Hands||AssaultVest|QuarkDrive|FakeOut,DrainPunch,LowKick,WildCharge||||||50|,,,,,Water\n|inactive|Battle timer is ON: inactive players will automatically lose when time's up. (requested by DrXJ13)\n|\n|t:|1746096416\n|start\n|switch|p1a: Bragulat|Calyrex-Shadow, L50|100/100\n|switch|p1b: LuixenNoSkills|Terapagos, L50, M|100/100\n|switch|p2a: Whimsicott|Whimsicott, L50, M|100/100\n|switch|p2b: Urshifu|Urshifu-Rapid-Strike, L50, M|100/100\n|-activate|p1b: LuixenNoSkills|ability: Tera Shift\n|detailschange|p1b: LuixenNoSkills|Terapagos-Terastal, L50, M\n|-heal|p1b: LuixenNoSkills|100/100|[silent]\n|-ability|p1a: Bragulat|As One\n|-ability|p1a: Bragulat|Unnerve\n|turn|1\n|\n|t:|1746096437\n|switch|p1b: Maximiliano|Tornadus, L50, M|100/100\n|-terastallize|p2b: Urshifu|Stellar\n|move|p2a: Whimsicott|Tailwind|p2a: Whimsicott\n|-sidestart|p2: waz00|move: Tailwind\n|move|p2b: Urshifu|Surging Strikes|p1a: Bragulat\n|-crit|p1a: Bragulat\n|-damage|p1a: Bragulat|76/100\n|-crit|p1a: Bragulat\n|-damage|p1a: Bragulat|51/100\n|-crit|p1a: Bragulat\n|-damage|p1a: Bragulat|24/100\n|-hitcount|p1a: Bragulat|3\n|move|p1a: Bragulat|Astral Barrage|p2a: Whimsicott|[spread] p2a,p2b\n|-damage|p2a: Whimsicott|15/100\n|-damage|p2b: Urshifu|4/100\n|-damage|p1a: Bragulat|15/100|[from] item: Life Orb\n|\n|upkeep\n|turn|2\n|inactive|waz00 has 30 seconds left.\n|\n|t:|1746096464\n|switch|p1a: Sigmashio|Urshifu-Rapid-Strike, L50, F|100/100\n|move|p2a: Whimsicott|Encore||[still]\n|-fail|p2a: Whimsicott\n|move|p2b: Urshifu|Aqua Jet|p1a: Sigmashio\n|-resisted|p1a: Sigmashio\n|-damage|p1a: Sigmashio|91/100\n|move|p1b: Maximiliano|Bleakwind Storm|p2a: Whimsicott|[spread] p2a,p2b\n|-supereffective|p2a: Whimsicott\n|-supereffective|p2b: Urshifu\n|-crit|p2b: Urshifu\n|-damage|p2a: Whimsicott|0 fnt\n|-damage|p2b: Urshifu|0 fnt\n|faint|p2a: Whimsicott\n|faint|p2b: Urshifu\n|\n|upkeep\n|\n|t:|1746096473\n|switch|p2a: Iron Hands|Iron Hands, L50|100/100\n|switch|p2b: AfreakingFox|Miraidon, L50|100/100\n|-fieldstart|move: Electric Terrain|[from] ability: Hadron Engine|[of] p2b: AfreakingFox\n|-activate|p2a: Iron Hands|ability: Quark Drive\n|-start|p2a: Iron Hands|quarkdriveatk\n|turn|3\n|\n|t:|1746096490\n|move|p1b: Maximiliano|Tailwind|p1b: Maximiliano\n|-sidestart|p1: DrXJ13|move: Tailwind\n|move|p2b: AfreakingFox|Dazzling Gleam|p1a: Sigmashio|[spread] p1a,p1b\n|-supereffective|p1a: Sigmashio\n|-damage|p1a: Sigmashio|3/100\n|-damage|p1b: Maximiliano|52/100\n|move|p1a: Sigmashio|Close Combat|p2b: AfreakingFox\n|-damage|p2b: AfreakingFox|46/100\n|-unboost|p1a: Sigmashio|def|1\n|-unboost|p1a: Sigmashio|spd|1\n|move|p2a: Iron Hands|Wild Charge|p1a: Sigmashio\n|-supereffective|p1a: Sigmashio\n|-damage|p1a: Sigmashio|0 fnt\n|faint|p1a: Sigmashio\n|-damage|p2a: Iron Hands|99/100|[from] Recoil\n|\n|upkeep\n|\n|t:|1746096494\n|switch|p1a: Bragulat|Calyrex-Shadow, L50|15/100\n|-ability|p1a: Bragulat|As One\n|-ability|p1a: Bragulat|Unnerve\n|turn|4\n|\n|t:|1746096511\n|move|p1a: Bragulat|Astral Barrage|p2a: Iron Hands|[spread] p2a,p2b\n|-damage|p2a: Iron Hands|68/100\n|-damage|p2b: AfreakingFox|0 fnt\n|faint|p2b: AfreakingFox\n|-ability|p1a: Bragulat|Grim Neigh|boost\n|-boost|p1a: Bragulat|spa|1\n|-damage|p1a: Bragulat|5/100|[from] item: Life Orb\n|move|p1b: Maximiliano|Bleakwind Storm|p2a: Iron Hands\n|-damage|p2a: Iron Hands|47/100\n|-unboost|p2a: Iron Hands|spe|1\n|move|p2a: Iron Hands|Wild Charge|p1b: Maximiliano\n|-supereffective|p1b: Maximiliano\n|-damage|p1b: Maximiliano|0 fnt\n|faint|p1b: Maximiliano\n|-damage|p2a: Iron Hands|37/100|[from] Recoil\n|\n|-sideend|p2: waz00|move: Tailwind\n|upkeep\n|\n|t:|1746096517\n|switch|p1b: LuixenNoSkills|Terapagos-Terastal, L50, M|100/100\n|turn|5\n|\n|t:|1746096530\n|-terastallize|p1b: LuixenNoSkills|Stellar\n|detailschange|p1b: LuixenNoSkills|Terapagos-Stellar, L50, M, tera:Stellar\n|-heal|p1b: LuixenNoSkills|100/100|[silent]\n|-ability|p1b: LuixenNoSkills|Teraform Zero\n|-fieldend|move: Electric Terrain\n|-end|p2a: Iron Hands|Quark Drive\n|move|p1a: Bragulat|Astral Barrage|p2a: Iron Hands\n|-damage|p2a: Iron Hands|0 fnt\n|faint|p2a: Iron Hands\n|-end|p2a: Iron Hands|Quark Drive|[silent]\n|-damage|p1a: Bragulat|0 fnt|[from] item: Life Orb\n|faint|p1a: Bragulat\n|\n|win|DrXJ13\n|raw|DrXJ13's rating: 1092 &rarr; <strong>1113</strong><br />(+21 for winning)\n|raw|waz00's rating: 1017 &rarr; <strong>1007</strong><br />(-10 for losing)\n|l|\u2606DrXJ13\n|player|p1|\n", "uploadtime": 1746096553, "views": 10, "formatid": "gen9vgc2025regibo3", "rating": 1007, "private": 0, "password": null}