{"id": "gen9vgc2025regibo3-2354953019", "format": "[Gen 9] VGC 2025 Reg I (Bo3)", "players": ["WithoutHands", "TheMochiMan"], "log": "|j|\u2606WithoutHands\n|j|\u2606TheMochiMan\n|html|<table width=\"100%\"><tr><td align=\"left\">WithoutHands</td><td align=\"right\">TheMochiMan</tr><tr><td align=\"left\"><i class=\"fa fa-circle-o\"></i> <i class=\"fa fa-circle-o\"></i> </td><td align=\"right\"><i class=\"fa fa-circle-o\"></i> <i class=\"fa fa-circle-o\"></i> </tr></table>\n|uhtml|bestof|<h2><strong>Game 1</strong> of <a href=\"/game-bestof3-gen9vgc2025regibo3-2354953018\">a best-of-3</a></h2>\n|t:|1746135198\n|gametype|doubles\n|player|p1|WithoutHands|169|1384\n|player|p2|TheMochiMan|worker|1322\n|teamsize|p1|6\n|teamsize|p2|6\n|gen|9\n|tier|[Gen 9] VGC 2025 Reg I (Bo3)\n|rated|\n|rule|Species Clause: Limit one of each Pok\u00e9mon\n|rule|Item Clause: Limit 1 of each item\n|clearpoke\n|poke|p1|Calyrex-Shadow, L50|\n|poke|p1|Zamazenta-*, L50|\n|poke|p1|Amoonguss, L50, M|\n|poke|p1|Chien-Pao, L50|\n|poke|p1|Urshifu-*, L50, M|\n|poke|p1|Pelipper, L50, M|\n|poke|p2|Eternatus, L50|\n|poke|p2|Ho-Oh, L50|\n|poke|p2|Rillaboom, L50, M|\n|poke|p2|Urshifu-*, L50, M|\n|poke|p2|Grimmsnarl, L50, M|\n|poke|p2|Ting-Lu, L50|\n|teampreview|4\n|showteam|p1|Calyrex-Shadow||LifeOrb|AsOneSpectrier|Protect,Imprison,Psychic,AstralBarrage||||||50|,,,,,Water]Zamazenta-Crowned||RustedShield|DauntlessShield|BodyPress,behemothbash,WideGuard,Protect||||||50|,,,,,Dragon]Amoonguss||RockyHelmet|Regenerator|Spore,SludgeBomb,RagePowder,Protect|||M|||50|,,,,,Water]Chien-Pao||FocusSash|SwordofRuin|IceSpinner,SuckerPunch,ThroatChop,Protect||||||50|,,,,,Stellar]Urshifu-Rapid-Strike||MysticWater|UnseenFist|SurgingStrikes,CloseCombat,AquaJet,Detect|||M|||50|,,,,,Grass]Pelipper||CovertCloak|Drizzle|WeatherBall,Hurricane,WideGuard,Tailwind|||M|||50|,,,,,Grass\n|showteam|p2|Eternatus||Leftovers|Pressure|Protect,Flamethrower,Toxic,CosmicPower||||||50|,,,,,Dark]Ho-Oh||ClearAmulet|Regenerator|Protect,SacredFire,BraveBird,Recover||||||50|,,,,,Grass]Rillaboom||AssaultVest|GrassySurge|WoodHammer,GrassyGlide,Uturn,FakeOut|||M|||50|,,,,,Fire]Urshifu-Rapid-Strike||ChoiceScarf|UnseenFist|SurgingStrikes,CloseCombat,Coaching,Uturn|||M|||50|,,,,,Water]Grimmsnarl||LightClay|Prankster|FoulPlay,Reflect,LightScreen,FakeOut|||M|||50|,,,,,Ghost]Ting-Lu||RockyHelmet|VesselofRuin|Protect,Ruination,StealthRock,Taunt||||||50|,,,,,Poison\n|inactive|Battle timer is ON: inactive players will automatically lose when time's up. (requested by WithoutHands)\n|inactive|WithoutHands has 60 seconds left.\n|inactive|TheMochiMan has 60 seconds left.\n|inactive|WithoutHands has 30 seconds left.\n|inactive|TheMochiMan has 30 seconds left.\n|inactive|WithoutHands has 20 seconds left.\n|inactive|WithoutHands has 15 seconds left.\n|inactive|WithoutHands has 10 seconds left.\n|\n|t:|1746135286\n|start\n|switch|p1a: Amoonguss|Amoonguss, L50, M|100/100\n|switch|p1b: Pelipper|Pelipper, L50, M|100/100\n|switch|p2a: Eternatus|Eternatus, L50|100/100\n|switch|p2b: Grimmsnarl|Grimmsnarl, L50, M|100/100\n|-ability|p2a: Eternatus|Pressure\n|-weather|RainDance|[from] ability: Drizzle|[of] p1b: Pelipper\n|turn|1\n|\n|t:|1746135299\n|move|p2b: Grimmsnarl|Fake Out|p1a: Amoonguss\n|-damage|p1a: Amoonguss|93/100\n|-damage|p2b: Grimmsnarl|84/100|[from] item: Rocky Helmet|[of] p1a: Amoonguss\n|move|p2a: Eternatus|Cosmic Power|p2a: Eternatus\n|-boost|p2a: Eternatus|def|1\n|-boost|p2a: Eternatus|spd|1\n|move|p1b: Pelipper|Tailwind|p1b: Pelipper\n|-sidestart|p1: WithoutHands|move: Tailwind\n|cant|p1a: Amoonguss|flinch\n|\n|-weather|RainDance|[upkeep]\n|upkeep\n|turn|2\n|\n|t:|1746135311\n|move|p2b: Grimmsnarl|Light Screen|p2b: Grimmsnarl\n|-sidestart|p2: TheMochiMan|move: Light Screen\n|move|p1b: Pelipper|Weather Ball|p2b: Grimmsnarl\n|-damage|p2b: Grimmsnarl|43/100\n|move|p2a: Eternatus|Cosmic Power|p2a: Eternatus\n|-boost|p2a: Eternatus|def|1\n|-boost|p2a: Eternatus|spd|1\n|move|p1a: Amoonguss|Spore|p2a: Eternatus\n|-status|p2a: Eternatus|slp|[from] move: Spore\n|\n|-weather|RainDance|[upkeep]\n|upkeep\n|turn|3\n|\n|t:|1746135333\n|switch|p1a: Chien-Pao|Chien-Pao, L50|100/100\n|-ability|p1a: Chien-Pao|Sword of Ruin\n|move|p2b: Grimmsnarl|Reflect|p2b: Grimmsnarl\n|-sidestart|p2: TheMochiMan|Reflect\n|move|p1b: Pelipper|Hurricane|p2a: Eternatus\n|-damage|p2a: Eternatus|91/100 slp\n|cant|p2a: Eternatus|slp\n|\n|-weather|RainDance|[upkeep]\n|-heal|p2a: Eternatus|97/100 slp|[from] item: Leftovers\n|upkeep\n|turn|4\n|\n|t:|1746135355\n|switch|p1b: Amoonguss|Amoonguss, L50, M|100/100\n|move|p1a: Chien-Pao|Ice Spinner|p2a: Eternatus\n|-supereffective|p2a: Eternatus\n|-damage|p2a: Eternatus|75/100 slp\n|-curestatus|p2a: Eternatus|slp|[msg]\n|move|p2a: Eternatus|Cosmic Power|p2a: Eternatus\n|-boost|p2a: Eternatus|def|1\n|-boost|p2a: Eternatus|spd|1\n|move|p2b: Grimmsnarl|Foul Play|p1a: Chien-Pao\n|-resisted|p1a: Chien-Pao\n|-damage|p1a: Chien-Pao|68/100\n|\n|-weather|RainDance|[upkeep]\n|-heal|p2a: Eternatus|82/100|[from] item: Leftovers\n|-sideend|p1: WithoutHands|move: Tailwind\n|upkeep\n|turn|5\n|inactive|TheMochiMan has 30 seconds left.\n|\n|t:|1746135380\n|switch|p2b: Urshifu|Urshifu-Rapid-Strike, L50, M|100/100\n|move|p1a: Chien-Pao|Protect|p1a: Chien-Pao\n|-singleturn|p1a: Chien-Pao|Protect\n|move|p2a: Eternatus|Protect|p2a: Eternatus\n|-singleturn|p2a: Eternatus|Protect\n|move|p1b: Amoonguss|Spore|p2a: Eternatus\n|-activate|p2a: Eternatus|move: Protect\n|\n|-weather|none\n|-heal|p2a: Eternatus|88/100|[from] item: Leftovers\n|upkeep\n|turn|6\n|inactive|TheMochiMan has 30 seconds left.\n|\n|t:|1746135413\n|switch|p1a: Pelipper|Pelipper, L50, M|100/100\n|-weather|RainDance|[from] ability: Drizzle|[of] p1a: Pelipper\n|move|p2b: Urshifu|U-turn|p1a: Pelipper\n|-resisted|p1a: Pelipper\n|-damage|p1a: Pelipper|86/100\n|\n|t:|1746135432\n|switch|p2b: Ho-Oh|Ho-Oh, L50|100/100|[from] U-turn\n|move|p2a: Eternatus|Cosmic Power|p2a: Eternatus\n|-boost|p2a: Eternatus|def|1\n|-boost|p2a: Eternatus|spd|1\n|move|p1b: Amoonguss|Spore|p2a: Eternatus\n|-status|p2a: Eternatus|slp|[from] move: Spore\n|\n|-weather|RainDance|[upkeep]\n|-heal|p2a: Eternatus|94/100 slp|[from] item: Leftovers\n|upkeep\n|turn|7\n|\n|t:|1746135451\n|-terastallize|p1b: Amoonguss|Water\n|move|p2b: Ho-Oh|Protect|p2b: Ho-Oh\n|-singleturn|p2b: Ho-Oh|Protect\n|cant|p2a: Eternatus|slp\n|move|p1a: Pelipper|Tailwind|p1a: Pelipper\n|-sidestart|p1: WithoutHands|move: Tailwind\n|move|p1b: Amoonguss|Spore|p2b: Ho-Oh\n|-activate|p2b: Ho-Oh|move: Protect\n|\n|-weather|RainDance|[upkeep]\n|-heal|p2a: Eternatus|100/100 slp|[from] item: Leftovers\n|upkeep\n|turn|8\n|\n|t:|1746135469\n|switch|p1b: Chien-Pao|Chien-Pao, L50|68/100\n|-ability|p1b: Chien-Pao|Sword of Ruin\n|move|p1a: Pelipper|Weather Ball|p2b: Ho-Oh\n|-supereffective|p2b: Ho-Oh\n|-damage|p2b: Ho-Oh|54/100\n|cant|p2a: Eternatus|slp\n|move|p2b: Ho-Oh|Brave Bird|p1a: Pelipper\n|-damage|p1a: Pelipper|0 fnt\n|faint|p1a: Pelipper\n|-damage|p2b: Ho-Oh|31/100|[from] Recoil\n|\n|-weather|RainDance|[upkeep]\n|upkeep\n|\n|t:|1746135483\n|switch|p1a: Amoonguss|Amoonguss, L50, M, tera:Water|100/100\n|turn|9\n|\n|t:|1746135494\n|move|p1b: Chien-Pao|Protect|p1b: Chien-Pao\n|-singleturn|p1b: Chien-Pao|Protect\n|move|p2b: Ho-Oh|Protect|p2b: Ho-Oh\n|-singleturn|p2b: Ho-Oh|Protect\n|-curestatus|p2a: Eternatus|slp|[msg]\n|move|p2a: Eternatus|Toxic|p1a: Amoonguss\n|-status|p1a: Amoonguss|tox\n|move|p1a: Amoonguss|Sludge Bomb|p2b: Ho-Oh\n|-activate|p2b: Ho-Oh|move: Protect\n|\n|-weather|RainDance|[upkeep]\n|-damage|p1a: Amoonguss|95/100 tox|[from] psn\n|-sideend|p2: TheMochiMan|move: Light Screen\n|upkeep\n|turn|10\n|\n|t:|1746135515\n|switch|p2b: Urshifu|Urshifu-Rapid-Strike, L50, M|100/100\n|move|p1b: Chien-Pao|Ice Spinner|p2a: Eternatus\n|-supereffective|p2a: Eternatus\n|-damage|p2a: Eternatus|86/100\n|move|p2a: Eternatus|Toxic|p1b: Chien-Pao\n|-status|p1b: Chien-Pao|tox\n|move|p1a: Amoonguss|Spore|p2b: Urshifu\n|-status|p2b: Urshifu|slp|[from] move: Spore\n|\n|-weather|none\n|-heal|p2a: Eternatus|92/100|[from] item: Leftovers\n|-damage|p1b: Chien-Pao|62/100 tox|[from] psn\n|-damage|p1a: Amoonguss|83/100 tox|[from] psn\n|-sideend|p2: TheMochiMan|Reflect\n|-sideend|p1: WithoutHands|move: Tailwind\n|upkeep\n|turn|11\n|inactive|WithoutHands has 30 seconds left.\n|inactive|TheMochiMan has 30 seconds left.\n|\n|t:|1746135548\n|switch|p1b: Zamazenta|Zamazenta-Crowned, L50|100/100\n|-ability|p1b: Zamazenta|Dauntless Shield|boost\n|-boost|p1b: Zamazenta|def|1\n|cant|p2b: Urshifu|slp\n|move|p2a: Eternatus|Flamethrower|p1b: Zamazenta\n|-supereffective|p1b: Zamazenta\n|-damage|p1b: Zamazenta|61/100\n|move|p1a: Amoonguss|Spore|p2a: Eternatus\n|-status|p2a: Eternatus|slp|[from] move: Spore\n|\n|-heal|p2a: Eternatus|99/100 slp|[from] item: Leftovers\n|-damage|p1a: Amoonguss|65/100 tox|[from] psn\n|upkeep\n|turn|12\n|\n|t:|1746135569\n|switch|p1a: Chien-Pao|Chien-Pao, L50|62/100 tox\n|-ability|p1a: Chien-Pao|Sword of Ruin\n|-curestatus|p2b: Urshifu|slp|[msg]\n|move|p2b: Urshifu|Close Combat|p1b: Zamazenta\n|-supereffective|p1b: Zamazenta\n|-damage|p1b: Zamazenta|0 fnt\n|-unboost|p2b: Urshifu|def|1\n|-unboost|p2b: Urshifu|spd|1\n|faint|p1b: Zamazenta\n|cant|p2a: Eternatus|slp\n|\n|-heal|p2a: Eternatus|100/100 slp|[from] item: Leftovers\n|-damage|p1a: Chien-Pao|56/100 tox|[from] psn\n|upkeep\n|\n|t:|1746135572\n|switch|p1b: Amoonguss|Amoonguss, L50, M, tera:Water|98/100 tox\n|turn|13\n|-message|WithoutHands forfeited.\n|\n|win|TheMochiMan\n||WithoutHands is ready for game 2.\n||TheMochiMan is ready for game 2.\n|uhtml|next|Next: <a href=\"/battle-gen9vgc2025regibo3-2354956610\"><strong>Game 2 of 3</strong></a>\n|l|\u2606TheMochiMan\n|player|p2|\n", "uploadtime": 1746135890, "views": 7, "formatid": "gen9vgc2025regibo3", "rating": null, "private": 0, "password": null}