{"id": "gen9vgc2025regibo3-2354342508", "format": "[Gen 9] VGC 2025 Reg I (Bo3)", "players": ["Shiftyeyes", "KingNeptuno"], "log": "|j|\u2606Shiftyeyes\n|j|\u2606KingNeptuno\n|html|<table width=\"100%\"><tr><td align=\"left\">Shiftyeyes</td><td align=\"right\">KingNeptuno</tr><tr><td align=\"left\"><i class=\"fa fa-circle-o\"></i> <i class=\"fa fa-circle-o\"></i> </td><td align=\"right\"><i class=\"fa fa-circle-o\"></i> <i class=\"fa fa-circle-o\"></i> </tr></table>\n|uhtml|bestof|<h2><strong>Game 1</strong> of <a href=\"/game-bestof3-gen9vgc2025regibo3-2354342507\">a best-of-3</a></h2>\n|t:|1746059636\n|gametype|doubles\n|player|p1|Shiftyeyes|265|1195\n|player|p2|KingNeptuno|silver|1176\n|teamsize|p1|6\n|teamsize|p2|6\n|gen|9\n|tier|[Gen 9] VGC 2025 Reg I (Bo3)\n|rated|\n|rule|Species Clause: Limit one of each Pok\u00e9mon\n|rule|Item Clause: Limit 1 of each item\n|clearpoke\n|poke|p1|Zacian-*, L50|\n|poke|p1|Chien-Pao, L50|\n|poke|p1|Miraidon, L50|\n|poke|p1|Farigiraf, L50, M|\n|poke|p1|Ogerpon-Cornerstone, L50, F|\n|poke|p1|Tornadus, L50, M|\n|poke|p2|Calyrex-Shadow, L50|\n|poke|p2|Lunala, L50|\n|poke|p2|Ogerpon-Cornerstone, L50, F|\n|poke|p2|Rillaboom, L50, M|\n|poke|p2|Incineroar, L50, F|\n|poke|p2|Okidogi, L50, M|\n|teampreview|4\n|showteam|p1|Zacian-Crowned||RustedSword|IntrepidSword|behemothblade,PlayRough,Protect,SacredSword||||||50|,,,,,Stellar]Chien-Pao||FocusSash|SwordofRuin|IceSpinner,SuckerPunch,SacredSword,Protect||||||50|,,,,,Ghost]Miraidon||Magnet|HadronEngine|ElectroDrift,DazzlingGleam,Protect,VoltSwitch||||||50|,,,,,Electric]Farigiraf||ElectricSeed|ArmorTail|HelpingHand,PsychicNoise,TrickRoom,Imprison|||M|||50|,,,,,Grass]Ogerpon-Cornerstone||CornerstoneMask|Sturdy|IvyCudgel,SpikyShield,PowerWhip,FollowMe|||F|||50|,,,,,Rock]Tornadus||CovertCloak|Prankster|Tailwind,IcyWind,BleakwindStorm,Taunt|||M|||50|,,,,,Dark\n|showteam|p2|Calyrex-Shadow||LifeOrb|AsOneSpectrier|AstralBarrage,Psyshock,NastyPlot,Protect||||||50|,,,,,Water]Lunala||Leftovers|ShadowShield|MoongeistBeam,Moonblast,CalmMind,TrickRoom||||||50|,,,,,Fairy]Ogerpon-Cornerstone||CornerstoneMask|Sturdy|IvyCudgel,FollowMe,HornLeech,SpikyShield|||F|||50|,,,,,Rock]Rillaboom||ChoiceBand|GrassySurge|WoodHammer,GrassyGlide,HighHorsepower,Uturn|||M|||50|,,,,,Fire]Incineroar||SafetyGoggles|Intimidate|FakeOut,FlareBlitz,WillOWisp,KnockOff|||F|||50|,,,,,Ghost]Okidogi||AssaultVest|GuardDog|CloseCombat,PoisonJab,KnockOff,UpperHand|||M|||50|,,,,,Dark\n|\n|t:|1746059678\n|start\n|switch|p1a: Farigiraf|Farigiraf, L50, M|100/100\n|switch|p1b: Miraidon|Miraidon, L50|100/100\n|switch|p2a: Calyrex|Calyrex-Shadow, L50|100/100\n|switch|p2b: Lunala|Lunala, L50|100/100\n|-ability|p2a: Calyrex|As One\n|-ability|p2a: Calyrex|Unnerve\n|-fieldstart|move: Electric Terrain|[from] ability: Hadron Engine|[of] p1b: Miraidon\n|-enditem|p1a: Farigiraf|Electric Seed\n|-boost|p1a: Farigiraf|def|1|[from] item: Electric Seed\n|turn|1\n|inactive|Battle timer is ON: inactive players will automatically lose when time's up. (requested by KingNeptuno)\n|\n|t:|1746059694\n|switch|p2a: Rillaboom|Rillaboom, L50, M|100/100\n|-fieldstart|move: Grassy Terrain|[from] ability: Grassy Surge|[of] p2a: Rillaboom\n|move|p1b: Miraidon|Electro Drift|p2a: Rillaboom\n|-resisted|p2a: Rillaboom\n|-damage|p2a: Rillaboom|70/100\n|move|p2b: Lunala|Calm Mind|p2b: Lunala\n|-boost|p2b: Lunala|spa|1\n|-boost|p2b: Lunala|spd|1\n|move|p1a: Farigiraf|Imprison|p1a: Farigiraf\n|-start|p1a: Farigiraf|move: Imprison\n|\n|-heal|p2a: Rillaboom|76/100|[from] Grassy Terrain\n|upkeep\n|turn|2\n|inactive|KingNeptuno has 30 seconds left.\n|inactive|KingNeptuno has 20 seconds left.\n|\n|t:|1746059730\n|switch|p1b: Tornadus|Tornadus, L50, M|100/100\n|move|p2b: Lunala|Calm Mind|p2b: Lunala\n|-boost|p2b: Lunala|spa|1\n|-boost|p2b: Lunala|spd|1\n|move|p2a: Rillaboom|U-turn|p1a: Farigiraf\n|-supereffective|p1a: Farigiraf\n|-damage|p1a: Farigiraf|52/100\n|\n|t:|1746059741\n|switch|p2a: Calyrex|Calyrex-Shadow, L50|100/100|[from] U-turn\n|-ability|p2a: Calyrex|As One\n|-ability|p2a: Calyrex|Unnerve\n|move|p1a: Farigiraf|Psychic Noise|p2a: Calyrex\n|-resisted|p2a: Calyrex\n|-damage|p2a: Calyrex|88/100\n|-start|p2a: Calyrex|move: Heal Block\n|\n|-heal|p1a: Farigiraf|58/100|[from] Grassy Terrain\n|upkeep\n|turn|3\n|\n|t:|1746059757\n|move|p2a: Calyrex|Astral Barrage|p1a: Farigiraf|[spread] p1b\n|-immune|p1a: Farigiraf\n|-damage|p1b: Tornadus|34/100\n|-damage|p2a: Calyrex|78/100|[from] item: Life Orb\n|move|p1b: Tornadus|Bleakwind Storm|p2b: Lunala|[spread] p2a,p2b\n|-damage|p2a: Calyrex|47/100\n|-damage|p2b: Lunala|95/100\n|-unboost|p2b: Lunala|spe|1\n|move|p2b: Lunala|Moonblast|p1a: Farigiraf\n|-damage|p1a: Farigiraf|5/100\n|-unboost|p1a: Farigiraf|spa|1\n|move|p1a: Farigiraf|Psychic Noise|p2b: Lunala\n|-resisted|p2b: Lunala\n|-damage|p2b: Lunala|92/100\n|-start|p2b: Lunala|move: Heal Block\n|\n|-heal|p1a: Farigiraf|11/100|[from] Grassy Terrain\n|-end|p2a: Calyrex|move: Heal Block\n|upkeep\n|turn|4\n|\n|t:|1746059784\n|move|p1b: Tornadus|Taunt|p2b: Lunala\n|-start|p2b: Lunala|move: Taunt\n|move|p2a: Calyrex|Astral Barrage|p1b: Tornadus|[spread] p1b\n|-immune|p1a: Farigiraf\n|-damage|p1b: Tornadus|0 fnt\n|faint|p1b: Tornadus\n|-ability|p2a: Calyrex|Grim Neigh|boost\n|-boost|p2a: Calyrex|spa|1\n|-damage|p2a: Calyrex|38/100|[from] item: Life Orb\n|move|p2b: Lunala|Moonblast|p1a: Farigiraf\n|-damage|p1a: Farigiraf|0 fnt\n|faint|p1a: Farigiraf\n|\n|-heal|p2a: Calyrex|44/100|[from] Grassy Terrain\n|-end|p2b: Lunala|move: Heal Block\n|upkeep\n|\n|t:|1746059786\n|switch|p1b: Miraidon|Miraidon, L50|100/100\n|switch|p1a: Zacian|Zacian-Crowned, L50|100/100\n|-ability|p1a: Zacian|Intrepid Sword|boost\n|-boost|p1a: Zacian|atk|1\n|-fieldstart|move: Electric Terrain|[from] ability: Hadron Engine|[of] p1b: Miraidon\n|turn|5\n|inactive|KingNeptuno has 30 seconds left.\n|inactive|KingNeptuno has 20 seconds left.\n|inactive|KingNeptuno has 15 seconds left.\n|inactive|KingNeptuno has 10 seconds left.\n|\n|t:|1746059836\n|switch|p2a: Incineroar|Incineroar, L50, F|100/100\n|-ability|p2a: Incineroar|Intimidate|boost\n|-unboost|p1a: Zacian|atk|1\n|-unboost|p1b: Miraidon|atk|1\n|-terastallize|p1a: Zacian|Stellar\n|move|p1a: Zacian|Behemoth Blade|p2b: Lunala\n|-damage|p2b: Lunala|26/100\n|move|p1b: Miraidon|Electro Drift|p2a: Incineroar\n|-damage|p2a: Incineroar|0 fnt\n|faint|p2a: Incineroar\n|move|p2b: Lunala|Moonblast|p1b: Miraidon\n|-supereffective|p1b: Miraidon\n|-damage|p1b: Miraidon|0 fnt\n|faint|p1b: Miraidon\n|\n|-heal|p2b: Lunala|32/100|[from] item: Leftovers\n|upkeep\n|-message|Shiftyeyes forfeited.\n|\n|win|KingNeptuno\n|l|\u2606Shiftyeyes\n|player|p1|\n||KingNeptuno is ready for game 2.\n||Shiftyeyes is ready for game 2.\n|uhtml|next|Next: <a href=\"/battle-gen9vgc2025regibo3-2354344308\"><strong>Game 2 of 3</strong></a>\n", "uploadtime": 1746060186, "views": 11, "formatid": "gen9vgc2025regibo3", "rating": null, "private": 0, "password": null}