{"id": "gen9vgc2025regibo3-2354418772", "format": "[Gen 9] VGC 2025 Reg I (Bo3)", "players": ["AUBrigade", "Joemomma17"], "log": "|j|\u2606AUBrigade\n|j|\u2606Joemomma17\n|html|<table width=\"100%\"><tr><td align=\"left\">AUBrigade</td><td align=\"right\">Joemomma17</tr><tr><td align=\"left\"><i class=\"fa fa-circle-o\"></i> <i class=\"fa fa-circle-o\"></i> </td><td align=\"right\"><i class=\"fa fa-circle-o\"></i> <i class=\"fa fa-circle-o\"></i> </tr></table>\n|uhtml|bestof|<h2><strong>Game 1</strong> of <a href=\"/game-bestof3-gen9vgc2025regibo3-2354418771\">a best-of-3</a></h2>\n|t:|1746069046\n|gametype|doubles\n|player|p1|AUBrigade|102|1177\n|player|p2|Joemomma17|steven|1355\n|teamsize|p1|6\n|teamsize|p2|6\n|gen|9\n|tier|[Gen 9] VGC 2025 Reg I (Bo3)\n|rated|\n|rule|Species Clause: Limit one of each Pok\u00e9mon\n|rule|Item Clause: Limit 1 of each item\n|clearpoke\n|poke|p1|Koraidon, L50|\n|poke|p1|Ho-Oh, L50|\n|poke|p1|Flutter Mane, L50|\n|poke|p1|Incineroar, L50, F|\n|poke|p1|Rillaboom, L50, M|\n|poke|p1|Toxapex, L50, M|\n|poke|p2|Calyrex-Shadow, L50|\n|poke|p2|Zamazenta-*, L50|\n|poke|p2|Chien-Pao, L50|\n|poke|p2|Urshifu-*, L50, F|\n|poke|p2|Incineroar, L50, M|\n|poke|p2|Amoonguss, L50, F|\n|teampreview|4\n|showteam|p1|Koraidon||LoadedDice|OrichalcumPulse|ScaleShot,CollisionCourse,FlareBlitz,Protect||||||50|,,,,,Fire]Ho-Oh||ClearAmulet|Regenerator|SacredFire,BraveBird,Tailwind,Protect||||||50|,,,,,Grass]Flutter Mane||FocusSash|Protosynthesis|Moonblast,IcyWind,DazzlingGleam,Protect||||||50|,,,,,Fairy]Incineroar||SafetyGoggles|Intimidate|PartingShot,FakeOut,KnockOff,Taunt|||F|||50|,,,,,Bug]Rillaboom||AssaultVest|GrassySurge|Uturn,FakeOut,GrassyGlide,WoodHammer|||M|||50|,,,,,Fire]Toxapex||Leftovers|Regenerator|Infestation,BanefulBunker,ToxicSpikes,WideGuard|||M|||50|,,,,,Grass\n|showteam|p2|Calyrex-Shadow||SpellTag|AsOneSpectrier|AstralBarrage,Psychic,NastyPlot,Protect||||||50|,,,,,Normal]Zamazenta-Crowned||RustedShield|DauntlessShield|BodyPress,HeavySlam,WideGuard,Protect||||||50|,,,,,Fighting]Chien-Pao||FocusSash|SwordofRuin|IceSpinner,Crunch,SuckerPunch,Protect||||||50|,,,,,Ghost]Urshifu-Rapid-Strike||ChoiceScarf|UnseenFist|SurgingStrikes,CloseCombat,AquaJet,Uturn|||F|||50|,,,,,Water]Incineroar||SitrusBerry|Intimidate|HelpingHand,PartingShot,KnockOff,FakeOut|||M|||50|,,,,,Ghost]Amoonguss||RockyHelmet|Regenerator|Protect,Spore,PollenPuff,RagePowder|||F|||50|,,,,,Water\n|inactive|Battle timer is ON: inactive players will automatically lose when time's up. (requested by Joemomma17)\n|inactive|Joemomma17 has 60 seconds left.\n|\n|t:|1746069104\n|start\n|switch|p1a: Koraidon|Koraidon, L50|100/100\n|switch|p1b: Flutter Mane|Flutter Mane, L50, shiny|100/100\n|switch|p2a: Incineroar|Incineroar, L50, M|100/100\n|switch|p2b: Zamazenta|Zamazenta-Crowned, L50|100/100\n|-weather|SunnyDay|[from] ability: Orichalcum Pulse|[of] p1a: Koraidon\n|-activate|p1b: Flutter Mane|ability: Protosynthesis\n|-start|p1b: Flutter Mane|protosynthesisspe\n|-activate|p1a: Koraidon|Orichalcum Pulse|[source]\n|-ability|p2b: Zamazenta|Dauntless Shield|boost\n|-boost|p2b: Zamazenta|def|1\n|-ability|p2a: Incineroar|Intimidate|boost\n|-unboost|p1a: Koraidon|atk|1\n|-unboost|p1b: Flutter Mane|atk|1\n|turn|1\n|inactive|AUBrigade has 30 seconds left.\n|inactive|AUBrigade has 20 seconds left.\n|\n|t:|1746069139\n|-end|p1b: Flutter Mane|Protosynthesis|[silent]\n|switch|p1b: Toxapex|Toxapex, L50, M|100/100\n|switch|p1a: Ho-Oh|Ho-Oh, L50|100/100\n|move|p2a: Incineroar|Fake Out|p1a: Ho-Oh\n|-damage|p1a: Ho-Oh|92/100\n|move|p2b: Zamazenta|Heavy Slam|p1b: Toxapex\n|-resisted|p1b: Toxapex\n|-crit|p1b: Toxapex\n|-damage|p1b: Toxapex|72/100\n|\n|-weather|SunnyDay|[upkeep]\n|-heal|p1b: Toxapex|78/100|[from] item: Leftovers\n|upkeep\n|turn|2\n|inactive|Joemomma17 has 30 seconds left.\n|inactive|Joemomma17 has 20 seconds left.\n|inactive|Joemomma17 has 15 seconds left.\n|inactive|Joemomma17 has 10 seconds left.\n|\n|t:|1746069186\n|switch|p2a: Chien-Pao|Chien-Pao, L50|100/100\n|-ability|p2a: Chien-Pao|Sword of Ruin\n|-terastallize|p2b: Zamazenta|Fighting\n|move|p2b: Zamazenta|Body Press|p1a: Ho-Oh\n|-resisted|p1a: Ho-Oh\n|-damage|p1a: Ho-Oh|42/100\n|move|p1a: Ho-Oh|Tailwind|p1a: Ho-Oh\n|-sidestart|p1: AUBrigade|move: Tailwind\n|move|p1b: Toxapex|Infestation|p2a: Chien-Pao\n|-supereffective|p2a: Chien-Pao\n|-damage|p2a: Chien-Pao|90/100\n|-activate|p2a: Chien-Pao|move: Infestation|[of] p1b: Toxapex\n|\n|-weather|SunnyDay|[upkeep]\n|-heal|p1b: Toxapex|84/100|[from] item: Leftovers\n|-damage|p2a: Chien-Pao|78/100|[from] move: Infestation|[partiallytrapped]\n|upkeep\n|turn|3\n|inactive|AUBrigade has 30 seconds left.\n|inactive|Joemomma17 has 30 seconds left.\n|\n|t:|1746069221\n|move|p1a: Ho-Oh|Protect|p1a: Ho-Oh\n|-singleturn|p1a: Ho-Oh|Protect\n|move|p2a: Chien-Pao|Protect|p2a: Chien-Pao\n|-singleturn|p2a: Chien-Pao|Protect\n|move|p2b: Zamazenta|Body Press|p1a: Ho-Oh\n|-activate|p1a: Ho-Oh|move: Protect\n|move|p1b: Toxapex|Infestation|p2b: Zamazenta\n|-resisted|p2b: Zamazenta\n|-damage|p2b: Zamazenta|99/100\n|-activate|p2b: Zamazenta|move: Infestation|[of] p1b: Toxapex\n|\n|-weather|SunnyDay|[upkeep]\n|-heal|p1b: Toxapex|90/100|[from] item: Leftovers\n|-damage|p2a: Chien-Pao|66/100|[from] move: Infestation|[partiallytrapped]\n|-damage|p2b: Zamazenta|87/100|[from] move: Infestation|[partiallytrapped]\n|upkeep\n|turn|4\n|inactive|AUBrigade has 30 seconds left.\n|\n|t:|1746069248\n|move|p1a: Ho-Oh|Sacred Fire|p2a: Chien-Pao\n|-supereffective|p2a: Chien-Pao\n|-damage|p2a: Chien-Pao|0 fnt\n|faint|p2a: Chien-Pao\n|move|p2b: Zamazenta|Body Press|p1a: Ho-Oh\n|-resisted|p1a: Ho-Oh\n|-damage|p1a: Ho-Oh|6/100\n|move|p1b: Toxapex|Toxic Spikes|p2b: Zamazenta\n|-sidestart|p2: Joemomma17|move: Toxic Spikes\n|\n|-weather|SunnyDay|[upkeep]\n|-heal|p1b: Toxapex|95/100|[from] item: Leftovers\n|-damage|p2b: Zamazenta|75/100|[from] move: Infestation|[partiallytrapped]\n|upkeep\n|inactive|Joemomma17 has 30 seconds left.\n|\n|t:|1746069281\n|switch|p2a: Incineroar|Incineroar, L50, M|100/100\n|-status|p2a: Incineroar|psn\n|-ability|p2a: Incineroar|Intimidate|boost\n|-fail|p1a: Ho-Oh|unboost|[from] item: Clear Amulet|[of] p1a: Ho-Oh\n|-unboost|p1b: Toxapex|atk|1\n|turn|5\n|inactive|AUBrigade has 30 seconds left.\n|\n|t:|1746069314\n|switch|p1a: Flutter Mane|Flutter Mane, L50, shiny|100/100\n|-activate|p1a: Flutter Mane|ability: Protosynthesis\n|-start|p1a: Flutter Mane|protosynthesisspe\n|move|p1b: Toxapex|Baneful Bunker|p1b: Toxapex\n|-singleturn|p1b: Toxapex|move: Protect\n|move|p2a: Incineroar|Fake Out|p1a: Flutter Mane\n|-immune|p1a: Flutter Mane\n|move|p2b: Zamazenta|Body Press|p1b: Toxapex\n|-activate|p1b: Toxapex|move: Protect\n|-status|p2b: Zamazenta|psn\n|\n|-weather|none\n|-end|p1a: Flutter Mane|Protosynthesis\n|-heal|p1b: Toxapex|100/100|[from] item: Leftovers\n|-damage|p2b: Zamazenta|63/100 psn|[from] psn\n|-damage|p2a: Incineroar|88/100 psn|[from] psn\n|-damage|p2b: Zamazenta|51/100 psn|[from] move: Infestation|[partiallytrapped]\n|-sideend|p1: AUBrigade|move: Tailwind\n|upkeep\n|turn|6\n|inactive|AUBrigade has 30 seconds left.\n|inactive|Joemomma17 has 30 seconds left.\n|\n|t:|1746069344\n|move|p1a: Flutter Mane|Moonblast|p2b: Zamazenta\n|-supereffective|p2b: Zamazenta\n|-damage|p2b: Zamazenta|0 fnt\n|faint|p2b: Zamazenta\n|move|p2a: Incineroar|Knock Off|p1a: Flutter Mane\n|-damage|p1a: Flutter Mane|24/100\n|-enditem|p1a: Flutter Mane|Focus Sash|[from] move: Knock Off|[of] p2a: Incineroar\n|move|p1b: Toxapex|Toxic Spikes|p2a: Incineroar\n|-sidestart|p2: Joemomma17|move: Toxic Spikes\n|\n|-damage|p2a: Incineroar|76/100 psn|[from] psn\n|upkeep\n|\n|t:|1746069354\n|switch|p2b: Calyrex|Calyrex-Shadow, L50|100/100\n|-ability|p2b: Calyrex|As One\n|-ability|p2b: Calyrex|Unnerve\n|-status|p2b: Calyrex|tox\n|turn|7\n|inactive|Joemomma17 has 30 seconds left.\n|\n|t:|1746069384\n|-end|p1a: Flutter Mane|Protosynthesis|[silent]\n|switch|p1a: Ho-Oh|Ho-Oh, L50|39/100\n|-terastallize|p1b: Toxapex|Grass\n|move|p1b: Toxapex|Wide Guard|p1b: Toxapex\n|-singleturn|p1b: Toxapex|Wide Guard\n|move|p2b: Calyrex|Psychic|p1a: Ho-Oh\n|-damage|p1a: Ho-Oh|8/100\n|move|p2a: Incineroar|Knock Off|p1b: Toxapex\n|-damage|p1b: Toxapex|75/100\n|-enditem|p1b: Toxapex|Leftovers|[from] move: Knock Off|[of] p2a: Incineroar\n|\n|-damage|p2b: Calyrex|94/100 tox|[from] psn\n|-damage|p2a: Incineroar|63/100 psn|[from] psn\n|upkeep\n|turn|8\n|inactive|AUBrigade has 30 seconds left.\n|inactive|Joemomma17 has 30 seconds left.\n|\n|t:|1746069413\n|move|p1b: Toxapex|Wide Guard|p1b: Toxapex\n|-singleturn|p1b: Toxapex|Wide Guard\n|move|p2b: Calyrex|Psychic|p1a: Ho-Oh\n|-damage|p1a: Ho-Oh|0 fnt\n|faint|p1a: Ho-Oh\n|-ability|p2b: Calyrex|Grim Neigh|boost\n|-boost|p2b: Calyrex|spa|1\n|move|p2a: Incineroar|Knock Off|p1b: Toxapex\n|-crit|p1b: Toxapex\n|-damage|p1b: Toxapex|44/100\n|\n|-damage|p2b: Calyrex|82/100 tox|[from] psn\n|-damage|p2a: Incineroar|51/100 psn|[from] psn\n|upkeep\n|\n|t:|1746069425\n|switch|p1a: Koraidon|Koraidon, L50|100/100\n|-weather|SunnyDay|[from] ability: Orichalcum Pulse|[of] p1a: Koraidon\n|-activate|p1a: Koraidon|Orichalcum Pulse|[source]\n|turn|9\n|inactive|Joemomma17 has 30 seconds left.\n|inactive|Joemomma17 has 20 seconds left.\n|\n|t:|1746069463\n|move|p2a: Incineroar|Helping Hand|p2b: Calyrex\n|-singleturn|p2b: Calyrex|Helping Hand|[of] p2a: Incineroar\n|move|p1a: Koraidon|Protect|p1a: Koraidon\n|-singleturn|p1a: Koraidon|Protect\n|move|p1b: Toxapex|Wide Guard|p1b: Toxapex\n|-singleturn|p1b: Toxapex|Wide Guard\n|move|p2b: Calyrex|Psychic|p1a: Koraidon\n|-activate|p1a: Koraidon|move: Protect\n|\n|-weather|SunnyDay|[upkeep]\n|-damage|p2b: Calyrex|64/100 tox|[from] psn\n|-damage|p2a: Incineroar|38/100 psn|[from] psn\n|upkeep\n|-enditem|p2a: Incineroar|Sitrus Berry|[eat]\n|-heal|p2a: Incineroar|63/100 psn|[from] item: Sitrus Berry\n|turn|10\n|inactive|AUBrigade has 30 seconds left.\n|\n|t:|1746069495\n|move|p2a: Incineroar|Helping Hand|p2b: Calyrex\n|-singleturn|p2b: Calyrex|Helping Hand|[of] p2a: Incineroar\n|move|p1b: Toxapex|Wide Guard|p1b: Toxapex\n|-singleturn|p1b: Toxapex|Wide Guard\n|move|p2b: Calyrex|Psychic|p1a: Koraidon\n|-supereffective|p1a: Koraidon\n|-damage|p1a: Koraidon|0 fnt\n|faint|p1a: Koraidon\n|-ability|p2b: Calyrex|Grim Neigh|boost\n|-boost|p2b: Calyrex|spa|1\n|\n|-weather|SunnyDay|[upkeep]\n|-damage|p2b: Calyrex|39/100 tox|[from] psn\n|-damage|p2a: Incineroar|51/100 psn|[from] psn\n|upkeep\n|\n|t:|1746069506\n|switch|p1a: Flutter Mane|Flutter Mane, L50, shiny|24/100\n|-activate|p1a: Flutter Mane|ability: Protosynthesis\n|-start|p1a: Flutter Mane|protosynthesisspe\n|turn|11\n|\n|t:|1746069527\n|move|p2b: Calyrex|Protect|p2b: Calyrex\n|-singleturn|p2b: Calyrex|Protect\n|move|p1a: Flutter Mane|Moonblast|p2b: Calyrex\n|-activate|p2b: Calyrex|move: Protect\n|move|p2a: Incineroar|Knock Off|p1a: Flutter Mane\n|-damage|p1a: Flutter Mane|0 fnt\n|faint|p1a: Flutter Mane\n|-end|p1a: Flutter Mane|Protosynthesis|[silent]\n|move|p1b: Toxapex|Infestation|p2a: Incineroar\n|-damage|p2a: Incineroar|48/100 psn\n|-activate|p2a: Incineroar|move: Infestation|[of] p1b: Toxapex\n|\n|-weather|SunnyDay|[upkeep]\n|-damage|p2b: Calyrex|8/100 tox|[from] psn\n|-damage|p2a: Incineroar|35/100 psn|[from] psn\n|-damage|p2a: Incineroar|23/100 psn|[from] move: Infestation|[partiallytrapped]\n|upkeep\n|turn|12\n|\n|t:|1746069547\n|move|p1b: Toxapex|Baneful Bunker|p1b: Toxapex\n|-singleturn|p1b: Toxapex|move: Protect\n|move|p2b: Calyrex|Psychic|p1b: Toxapex\n|-activate|p1b: Toxapex|move: Protect\n|move|p2a: Incineroar|Knock Off|p1b: Toxapex\n|-activate|p1b: Toxapex|move: Protect\n|\n|-weather|SunnyDay|[upkeep]\n|-damage|p2b: Calyrex|0 fnt|[from] psn\n|faint|p2b: Calyrex\n|-damage|p2a: Incineroar|10/100 psn|[from] psn\n|-damage|p2a: Incineroar|0 fnt|[from] move: Infestation|[partiallytrapped]\n|faint|p2a: Incineroar\n|\n|win|AUBrigade\n||Joemomma17 is ready for game 2.\n|inactive|AUBrigade has 30 seconds to confirm battle start!\n||AUBrigade is ready for game 2.\n|uhtml|next|Next: <a href=\"/battle-gen9vgc2025regibo3-2354422653\"><strong>Game 2 of 3</strong></a>\n|l|\u2606Joemomma17\n|player|p2|\n|l|\u2606AUBrigade\n|player|p1|\n", "uploadtime": 1746069858, "views": 7, "formatid": "gen9vgc2025regibo3", "rating": null, "private": 0, "password": null}