{"id": "gen9vgc2025regibo3-2354005830", "format": "[Gen 9] VGC 2025 Reg I (Bo3)", "players": ["MarceloCe13", "Uahhhh"], "log": "|j|\u2606MarceloCe13\n|j|\u203dUahhhh\n|html|<table width=\"100%\"><tr><td align=\"left\">MarceloCe13</td><td align=\"right\">Uahhhh</tr><tr><td align=\"left\"><i class=\"fa fa-circle\"></i> <i class=\"fa fa-circle-o\"></i> </td><td align=\"right\"><i class=\"fa fa-circle-o\"></i> <i class=\"fa fa-circle\"></i> </tr></table>\n|uhtml|bestof|<h2><strong>Game 3</strong> of <a href=\"/game-bestof3-gen9vgc2025regibo3-2353999887\">a best-of-3</a></h2>\n|t:|1746026833\n|gametype|doubles\n|player|p1|MarceloCe13|265|1179\n|player|p2|Uahhhh|266|1174\n|teamsize|p1|6\n|teamsize|p2|6\n|gen|9\n|tier|[Gen 9] VGC 2025 Reg I (Bo3)\n|rated|\n|rule|Species Clause: Limit one of each Pok\u00e9mon\n|rule|Item Clause: Limit 1 of each item\n|clearpoke\n|poke|p1|Miraidon, L50|\n|poke|p1|Calyrex-Ice, L50|\n|poke|p1|Iron Hands, L50|\n|poke|p1|Farigiraf, L50, M|\n|poke|p1|Ogerpon-Cornerstone, L50, F|\n|poke|p1|Incineroar, L50, F|\n|poke|p2|Iron Bundle, L50|\n|poke|p2|Farigiraf, L50, F|\n|poke|p2|Landorus, L50, M|\n|poke|p2|Urshifu-*, L50, F|\n|poke|p2|Miraidon, L50|\n|poke|p2|Calyrex-Ice, L50|\n|teampreview|4\n|showteam|p1|Miraidon||ChoiceSpecs|HadronEngine|ElectroDrift,DracoMeteor,VoltSwitch,DazzlingGleam||||||50|,,,,,Fairy]Calyrex-Ice||ClearAmulet|AsOneGlastrier|GlacialLance,HighHorsepower,TrickRoom,Protect||||||50|,,,,,Water]Iron Hands||AssaultVest|QuarkDrive|DrainPunch,LowKick,WildCharge,FakeOut||||||50|,,,,,Bug]Farigiraf||ElectricSeed|ArmorTail|FoulPlay,PsychicNoise,TrickRoom,HelpingHand|||M|||50|,,,,,Water]Ogerpon-Cornerstone||CornerstoneMask|Sturdy|IvyCudgel,Encore,FollowMe,SpikyShield|||F|||50|,,,,,Rock]Incineroar||RockyHelmet|Intimidate|KnockOff,FakeOut,WillOWisp,PartingShot|||F|||50|,,,,,Bug\n|showteam|p2|Iron Bundle||FocusSash|QuarkDrive|HydroPump,FreezeDry,IcyWind,Protect||||||50|,,,,,Grass]Farigiraf||ElectricSeed|ArmorTail|FoulPlay,HyperVoice,HelpingHand,TrickRoom|||F|||50|,,,,,Fire]Landorus||LifeOrb|SheerForce|SandsearStorm,EarthPower,SludgeBomb,Protect|||M|||50|,,,,,Water]Urshifu||ChoiceBand|UnseenFist|WickedBlow,SuckerPunch,CloseCombat,Uturn|||F|||50|,,,,,Fire]Miraidon||ChoiceSpecs|HadronEngine|ElectroDrift,DracoMeteor,DazzlingGleam,VoltSwitch||||||50|,,,,,Fairy]Calyrex-Ice||ClearAmulet|AsOneGlastrier|GlacialLance,HighHorsepower,TrickRoom,Protect||||||50|,,,,,Water\n|inactive|Battle timer is ON: inactive players will automatically lose when time's up. (requested by Uahhhh)\n|inactive|Uahhhh has 60 seconds left.\n|inactive|Uahhhh has 30 seconds left.\n|\n|t:|1746026901\n|start\n|switch|p1a: Miraidon|Miraidon, L50|100/100\n|switch|p1b: Calyrex|Calyrex-Ice, L50|100/100\n|switch|p2a: Iron Bundle|Iron Bundle, L50|100/100\n|switch|p2b: Calyrex|Calyrex-Ice, L50|100/100\n|-ability|p1b: Calyrex|As One\n|-ability|p1b: Calyrex|Unnerve\n|-ability|p2b: Calyrex|As One\n|-ability|p2b: Calyrex|Unnerve\n|-fieldstart|move: Electric Terrain|[from] ability: Hadron Engine|[of] p1a: Miraidon\n|-activate|p2a: Iron Bundle|ability: Quark Drive\n|-start|p2a: Iron Bundle|quarkdrivespe\n|turn|1\n|inactive|MarceloCe13 has 30 seconds left.\n|inactive|MarceloCe13 has 20 seconds left.\n|inactive|MarceloCe13 has 15 seconds left.\n|inactive|MarceloCe13 has 10 seconds left.\n|inactive|MarceloCe13 has 5 seconds left.\n|\n|t:|1746026953\n|-terastallize|p1a: Miraidon|Fairy\n|move|p2a: Iron Bundle|Protect|p2a: Iron Bundle\n|-singleturn|p2a: Iron Bundle|Protect\n|move|p2b: Calyrex|Protect|p2b: Calyrex\n|-singleturn|p2b: Calyrex|Protect\n|move|p1a: Miraidon|Volt Switch|p2b: Calyrex\n|-activate|p2b: Calyrex|move: Protect\n|move|p1b: Calyrex|Trick Room|p1b: Calyrex\n|-fieldstart|move: Trick Room|[of] p1b: Calyrex\n|\n|upkeep\n|turn|2\n|inactive|Uahhhh has 30 seconds left.\n|\n|t:|1746026979\n|switch|p1a: Iron Hands|Iron Hands, L50|100/100\n|-activate|p1a: Iron Hands|ability: Quark Drive\n|-start|p1a: Iron Hands|quarkdriveatk\n|move|p2b: Calyrex|Glacial Lance|p1b: Calyrex|[spread] p1a,p1b\n|-resisted|p1b: Calyrex\n|-damage|p1a: Iron Hands|60/100\n|-damage|p1b: Calyrex|83/100\n|move|p1b: Calyrex|Glacial Lance|p2b: Calyrex|[spread] p2a,p2b\n|-resisted|p2a: Iron Bundle\n|-resisted|p2b: Calyrex\n|-damage|p2a: Iron Bundle|82/100\n|-damage|p2b: Calyrex|82/100\n|move|p2a: Iron Bundle|Hydro Pump|p1b: Calyrex\n|-damage|p1b: Calyrex|44/100\n|\n|upkeep\n|turn|3\n|inactive|MarceloCe13 has 30 seconds left.\n|inactive|MarceloCe13 has 20 seconds left.\n|\n|t:|1746027016\n|move|p2b: Calyrex|Protect|p2b: Calyrex\n|-singleturn|p2b: Calyrex|Protect\n|move|p2a: Iron Bundle|Protect|p2a: Iron Bundle\n|-singleturn|p2a: Iron Bundle|Protect\n|move|p1a: Iron Hands|Fake Out|p2b: Calyrex\n|-activate|p2b: Calyrex|move: Protect\n|move|p1b: Calyrex|Glacial Lance|p2a: Iron Bundle|[spread] \n|-activate|p2a: Iron Bundle|move: Protect\n|-activate|p2b: Calyrex|move: Protect\n|\n|upkeep\n|turn|4\n|\n|t:|1746027030\n|move|p1a: Iron Hands|Drain Punch|p2a: Iron Bundle\n|-supereffective|p2a: Iron Bundle\n|-damage|p2a: Iron Bundle|0 fnt\n|-heal|p1a: Iron Hands|83/100|[from] drain|[of] p2a: Iron Bundle\n|faint|p2a: Iron Bundle\n|-end|p2a: Iron Bundle|Quark Drive|[silent]\n|move|p1b: Calyrex|Glacial Lance|p2b: Calyrex\n|-resisted|p2b: Calyrex\n|-damage|p2b: Calyrex|56/100\n|move|p2b: Calyrex|High Horsepower|p1a: Iron Hands\n|-supereffective|p1a: Iron Hands\n|-damage|p1a: Iron Hands|17/100\n|\n|upkeep\n|\n|t:|1746027041\n|switch|p2a: Landorus|Landorus, L50, M|100/100\n|turn|5\n|inactive|Uahhhh has 30 seconds left.\n|\n|t:|1746027069\n|-end|p1a: Iron Hands|Quark Drive|[silent]\n|switch|p1a: Miraidon|Miraidon, L50, tera:Fairy|100/100\n|-activate|p1a: Miraidon|ability: Hadron Engine\n|move|p2a: Landorus|Protect|p2a: Landorus\n|-singleturn|p2a: Landorus|Protect\n|move|p2b: Calyrex|Glacial Lance|p1a: Miraidon|[spread] p1a,p1b\n|-resisted|p1b: Calyrex\n|-damage|p1a: Miraidon|37/100\n|-damage|p1b: Calyrex|27/100\n|move|p1b: Calyrex|Glacial Lance|p2b: Calyrex|[spread] p2b\n|-activate|p2a: Landorus|move: Protect\n|-resisted|p2b: Calyrex\n|-damage|p2b: Calyrex|36/100\n|\n|-fieldend|move: Trick Room\n|-fieldend|move: Electric Terrain\n|upkeep\n|turn|6\n|inactive|MarceloCe13 has 30 seconds left.\n|inactive|Uahhhh has 30 seconds left.\n|inactive|MarceloCe13 has 20 seconds left.\n|inactive|MarceloCe13 has 15 seconds left.\n|\n|t:|1746027110\n|move|p2b: Calyrex|Protect|p2b: Calyrex\n|-singleturn|p2b: Calyrex|Protect\n|move|p1a: Miraidon|Draco Meteor|p2a: Landorus\n|-damage|p2a: Landorus|0 fnt\n|-unboost|p1a: Miraidon|spa|2\n|faint|p2a: Landorus\n|move|p1b: Calyrex|Trick Room|p1b: Calyrex\n|-fieldstart|move: Trick Room|[of] p1b: Calyrex\n|\n|upkeep\n|\n|t:|1746027115\n|switch|p2a: Miraidon|Miraidon, L50|100/100\n|-fieldstart|move: Electric Terrain|[from] ability: Hadron Engine|[of] p2a: Miraidon\n|turn|7\n|inactive|MarceloCe13 has 30 seconds left.\n|\n|t:|1746027141\n|-terastallize|p2a: Miraidon|Fairy\n|move|p1b: Calyrex|Glacial Lance|p2b: Calyrex|[spread] p2a,p2b\n|-resisted|p2b: Calyrex\n|-damage|p2a: Miraidon|41/100\n|-damage|p2b: Calyrex|19/100\n|move|p2b: Calyrex|Glacial Lance|p1a: Miraidon|[spread] p1a,p1b\n|-resisted|p1b: Calyrex\n|-damage|p1a: Miraidon|0 fnt\n|-damage|p1b: Calyrex|8/100\n|faint|p1a: Miraidon\n|-ability|p2b: Calyrex|Chilling Neigh|boost\n|-boost|p2b: Calyrex|atk|1\n|move|p2a: Miraidon|Dazzling Gleam|p1b: Calyrex\n|-damage|p1b: Calyrex|0 fnt\n|faint|p1b: Calyrex\n|\n|upkeep\n|\n|t:|1746027149\n|switch|p1b: Ogerpon|Ogerpon-Cornerstone, L50, F|100/100\n|switch|p1a: Iron Hands|Iron Hands, L50|17/100\n|-activate|p1a: Iron Hands|ability: Quark Drive\n|-start|p1a: Iron Hands|quarkdriveatk\n|turn|8\n|inactive|Uahhhh has 30 seconds left.\n|inactive|Uahhhh has 20 seconds left.\n|\n|t:|1746027187\n|move|p1a: Iron Hands|Low Kick|p2b: Calyrex\n|-damage|p2b: Calyrex|0 fnt\n|faint|p2b: Calyrex\n|move|p1b: Ogerpon|Ivy Cudgel|p2a: Miraidon|[anim] Ivy Cudgel Rock\n|-damage|p2a: Miraidon|0 fnt\n|faint|p2a: Miraidon\n|\n|win|MarceloCe13\n|raw|MarceloCe13's rating: 1179 &rarr; <strong>1204</strong><br />(+25 for winning)\n|raw|Uahhhh's rating: 1174 &rarr; <strong>1149</strong><br />(-25 for losing)\n|l|\u203dUahhhh\n|player|p2|\n", "uploadtime": 1746027195, "views": 24, "formatid": "gen9vgc2025regibo3", "rating": 1149, "private": 0, "password": null}