{"id": "gen9vgc2025regibo3-2353977898", "format": "[Gen 9] VGC 2025 Reg I (Bo3)", "players": ["campbel", "guerravictor"], "log": "|j|\u2606campbel\n|j|\u2606guerravictor\n|html|<table width=\"100%\"><tr><td align=\"left\">campbel</td><td align=\"right\">guerravictor</tr><tr><td align=\"left\"><i class=\"fa fa-circle-o\"></i> <i class=\"fa fa-circle-o\"></i> </td><td align=\"right\"><i class=\"fa fa-circle-o\"></i> <i class=\"fa fa-circle-o\"></i> </tr></table>\n|uhtml|bestof|<h2><strong>Game 1</strong> of <a href=\"/game-bestof3-gen9vgc2025regibo3-2353977897\">a best-of-3</a></h2>\n|t:|1746024382\n|gametype|doubles\n|player|p1|campbel|ghetsis|1062\n|player|p2|guerravictor|supernerd|1084\n|teamsize|p1|6\n|teamsize|p2|6\n|gen|9\n|tier|[Gen 9] VGC 2025 Reg I (Bo3)\n|rated|\n|rule|Species Clause: Limit one of each Pok\u00e9mon\n|rule|Item Clause: Limit 1 of each item\n|clearpoke\n|poke|p1|Giratina-Origin, L50|\n|poke|p1|Zamazenta-*, L50|\n|poke|p1|Ting-Lu, L50|\n|poke|p1|Dondozo, L50, M|\n|poke|p1|Raging Bolt, L50|\n|poke|p1|Volcarona, L50, F|\n|poke|p2|Terapagos, L50, M|\n|poke|p2|Lugia, L50|\n|poke|p2|Comfey, L50, M|\n|poke|p2|Rillaboom, L50, M|\n|poke|p2|Grimmsnarl, L50, M|\n|poke|p2|Muk-Alola, L50, M|\n|teampreview|4\n|showteam|p1|Giratina-Origin||GriseousCore|Levitate|ShadowSneak,Poltergeist,DragonClaw,Protect||||||50|,,,,,Fire]Zamazenta-Crowned||RustedShield|DauntlessShield|BodyPress,behemothbash,Protect,WideGuard||||||50|,,,,,Dragon]Ting-Lu||RockyHelmet|VesselofRuin|SandTomb,Ruination,Taunt,Protect||||||50|,,,,,Poison]Dondozo||Leftovers|Unaware|WaveCrash,Fissure,Yawn,Protect|||M|||50|,,,,,Poison]Raging Bolt||AssaultVest|Protosynthesis|Electroweb,Thunderclap,DracoMeteor,VoltSwitch||||||50|,,,,,Electric]Volcarona||SitrusBerry|FlameBody|FieryDance,QuiverDance,GigaDrain,Protect|||F|||50|,,,,,Grass\n|showteam|p2|Terapagos||Leftovers|TeraShift|TeraStarstorm,EarthPower,CalmMind,Protect|||M|||50|,,,,,Stellar]Lugia||CovertCloak|Multiscale|Aeroblast,EarthPower,PsychUp,Protect||||||50|,,,,,Fairy]Comfey||SitrusBerry|Triage|FloralHealing,TrickRoom,DrainingKiss,PsychUp|||M|||50|,,,,,Water]Rillaboom||AssaultVest|GrassySurge|WoodHammer,GrassyGlide,FakeOut,Uturn|||M|||50|,,,,,Fire]Grimmsnarl||LightClay|Prankster|Reflect,LightScreen,FoulPlay,ThunderWave|||M|||50|,,,,,Ghost]Muk-Alola||FigyBerry|PowerofAlchemy|KnockOff,Toxic,Minimize,Recycle|||M|||50|,,,,,Poison\n|inactive|Battle timer is ON: inactive players will automatically lose when time's up. (requested by guerravictor)\n|inactive|campbel has 60 seconds left.\n|inactive|guerravictor has 60 seconds left.\n|\n|t:|1746024425\n|start\n|switch|p1a: Ting-Lu|Ting-Lu, L50|100/100\n|switch|p1b: Dondozo|Dondozo, L50, M|100/100\n|switch|p2a: Grimmsnarl|Grimmsnarl, L50, M, shiny|100/100\n|switch|p2b: Muk|Muk-Alola, L50, M, shiny|100/100\n|-ability|p1a: Ting-Lu|Vessel of Ruin\n|turn|1\n|\n|t:|1746024445\n|move|p2a: Grimmsnarl|Reflect|p2a: Grimmsnarl\n|-sidestart|p2: guerravictor|Reflect\n|move|p2b: Muk|Minimize|p2b: Muk\n|-boost|p2b: Muk|evasion|2\n|move|p1a: Ting-Lu|Taunt|p2a: Grimmsnarl\n|-start|p2a: Grimmsnarl|move: Taunt\n|move|p1b: Dondozo|Yawn|p2b: Muk\n|-start|p2b: Muk|move: Yawn|[of] p1b: Dondozo\n|\n|upkeep\n|turn|2\n|inactive|campbel has 30 seconds left.\n|inactive|guerravictor has 30 seconds left.\n|inactive|campbel has 20 seconds left.\n|inactive|campbel has 15 seconds left.\n|\n|t:|1746024487\n|move|p2a: Grimmsnarl|Foul Play|p1b: Dondozo\n|-damage|p1b: Dondozo|84/100\n|move|p2b: Muk|Minimize|p2b: Muk\n|-boost|p2b: Muk|evasion|2\n|move|p1a: Ting-Lu|Sand Tomb|p2b: Muk|[miss]\n|-miss|p1a: Ting-Lu|p2b: Muk\n|move|p1b: Dondozo|Yawn|p2a: Grimmsnarl\n|-start|p2a: Grimmsnarl|move: Yawn|[of] p1b: Dondozo\n|\n|-heal|p1b: Dondozo|90/100|[from] item: Leftovers\n|-end|p2b: Muk|move: Yawn|[silent]\n|-status|p2b: Muk|slp\n|upkeep\n|turn|3\n|inactive|campbel has 30 seconds left.\n|inactive|guerravictor has 30 seconds left.\n|inactive|guerravictor has 20 seconds left.\n|inactive|guerravictor has 15 seconds left.\n|inactive|guerravictor has 10 seconds left.\n|inactive|guerravictor has 5 seconds left.\n|\n|t:|1746024539\n|switch|p1b: Zamazenta|Zamazenta-Crowned, L50|100/100\n|-ability|p1b: Zamazenta|Dauntless Shield|boost\n|-boost|p1b: Zamazenta|def|1\n|move|p2a: Grimmsnarl|Foul Play|p1b: Zamazenta\n|-resisted|p1b: Zamazenta\n|-damage|p1b: Zamazenta|93/100\n|cant|p2b: Muk|slp\n|move|p1a: Ting-Lu|Sand Tomb|p2b: Muk\n|-supereffective|p2b: Muk\n|-damage|p2b: Muk|85/100 slp\n|-activate|p2b: Muk|move: Sand Tomb|[of] p1a: Ting-Lu\n|\n|-damage|p2b: Muk|73/100 slp|[from] move: Sand Tomb|[partiallytrapped]\n|-end|p2a: Grimmsnarl|move: Yawn|[silent]\n|-status|p2a: Grimmsnarl|slp\n|upkeep\n|turn|4\n|inactive|campbel has 30 seconds left.\n|inactive|guerravictor has 30 seconds left.\n|inactive|guerravictor has 20 seconds left.\n|inactive|guerravictor has 15 seconds left.\n|inactive|guerravictor has 10 seconds left.\n|inactive|guerravictor has 5 seconds left.\n|\n|t:|1746024590\n|move|p1b: Zamazenta|Body Press|p2b: Muk\n|-damage|p2b: Muk|37/100 slp\n|cant|p2a: Grimmsnarl|slp\n|cant|p2b: Muk|slp\n|move|p1a: Ting-Lu|Ruination|p2a: Grimmsnarl\n|-damage|p2a: Grimmsnarl|50/100 slp\n|\n|-damage|p2b: Muk|25/100 slp|[from] move: Sand Tomb|[partiallytrapped]\n|-end|p2a: Grimmsnarl|move: Taunt\n|upkeep\n|-enditem|p2b: Muk|Figy Berry|[eat]\n|-heal|p2b: Muk|58/100 slp|[from] item: Figy Berry\n|turn|5\n|inactive|campbel has 30 seconds left.\n|inactive|guerravictor has 30 seconds left.\n|\n|t:|1746024622\n|cant|p2a: Grimmsnarl|slp\n|move|p1b: Zamazenta|Body Press|p2b: Muk\n|-damage|p2b: Muk|18/100 slp\n|-curestatus|p2b: Muk|slp|[msg]\n|move|p2b: Muk|Recycle|p2b: Muk\n|-item|p2b: Muk|Figy Berry|[from] move: Recycle\n|-enditem|p2b: Muk|Figy Berry|[eat]\n|-heal|p2b: Muk|51/100|[from] item: Figy Berry\n|move|p1a: Ting-Lu|Ruination|p2b: Muk|[miss]\n|-miss|p1a: Ting-Lu|p2b: Muk\n|\n|-damage|p2b: Muk|39/100|[from] move: Sand Tomb|[partiallytrapped]\n|upkeep\n|turn|6\n|inactive|guerravictor has 30 seconds left.\n|inactive|guerravictor has 20 seconds left.\n|inactive|guerravictor has 15 seconds left.\n|inactive|guerravictor has 10 seconds left.\n|inactive|guerravictor has 5 seconds left.\n|\n|t:|1746024678\n|cant|p2a: Grimmsnarl|slp\n|move|p1b: Zamazenta|Body Press|p2b: Muk|[miss]\n|-miss|p1b: Zamazenta|p2b: Muk\n|move|p2b: Muk|Knock Off|p1b: Zamazenta\n|-resisted|p1b: Zamazenta\n|-damage|p1b: Zamazenta|88/100\n|move|p1a: Ting-Lu|Taunt|p2b: Muk|[miss]\n|-miss|p1a: Ting-Lu|p2b: Muk\n|\n|-damage|p2b: Muk|26/100|[from] move: Sand Tomb|[partiallytrapped]\n|upkeep\n|turn|7\n|inactive|guerravictor has 30 seconds left.\n|inactive|guerravictor has 20 seconds left.\n|inactive|guerravictor has 15 seconds left.\n|inactive|guerravictor has 10 seconds left.\n|\n|t:|1746024723\n|-curestatus|p2a: Grimmsnarl|slp|[msg]\n|move|p2a: Grimmsnarl|Thunder Wave|p1b: Zamazenta\n|-status|p1b: Zamazenta|par\n|move|p1b: Zamazenta|Body Press|p2b: Muk|[miss]\n|-miss|p1b: Zamazenta|p2b: Muk\n|move|p2b: Muk|Recycle|p2b: Muk\n|-item|p2b: Muk|Figy Berry|[from] move: Recycle\n|move|p1a: Ting-Lu|Taunt|p2b: Muk|[miss]\n|-miss|p1a: Ting-Lu|p2b: Muk\n|\n|-end|p2b: Muk|Sand Tomb|[partiallytrapped]\n|upkeep\n|turn|8\n|inactive|campbel has 30 seconds left.\n|inactive|guerravictor has 30 seconds left.\n|inactive|guerravictor has 20 seconds left.\n|\n|t:|1746024758\n|switch|p2a: Rillaboom|Rillaboom, L50, M|100/100\n|-fieldstart|move: Grassy Terrain|[from] ability: Grassy Surge|[of] p2a: Rillaboom\n|-terastallize|p2b: Muk|Poison\n|cant|p1b: Zamazenta|par\n|move|p2b: Muk|Toxic|p1a: Ting-Lu\n|-status|p1a: Ting-Lu|tox\n|move|p1a: Ting-Lu|Taunt|p2b: Muk|[miss]\n|-miss|p1a: Ting-Lu|p2b: Muk\n|\n|-heal|p1b: Zamazenta|94/100 par|[from] Grassy Terrain\n|-heal|p2b: Muk|33/100|[from] Grassy Terrain\n|-damage|p1a: Ting-Lu|94/100 tox|[from] psn\n|-sideend|p2: guerravictor|Reflect\n|upkeep\n|turn|9\n|inactive|guerravictor has 30 seconds left.\n|inactive|campbel has 30 seconds left.\n|\n|t:|1746024794\n|move|p2a: Rillaboom|Fake Out|p1b: Zamazenta\n|-resisted|p1b: Zamazenta\n|-damage|p1b: Zamazenta|91/100 par\n|cant|p1b: Zamazenta|flinch\n|move|p2b: Muk|Minimize|p2b: Muk\n|-boost|p2b: Muk|evasion|2\n|move|p1a: Ting-Lu|Ruination|p2a: Rillaboom|[miss]\n|-miss|p1a: Ting-Lu|p2a: Rillaboom\n|\n|-heal|p1b: Zamazenta|98/100 par|[from] Grassy Terrain\n|-heal|p2b: Muk|39/100|[from] Grassy Terrain\n|-heal|p1a: Ting-Lu|100/100 tox|[from] Grassy Terrain\n|-damage|p1a: Ting-Lu|88/100 tox|[from] psn\n|upkeep\n|turn|10\n|inactive|guerravictor has 30 seconds left.\n|inactive|guerravictor has 20 seconds left.\n|inactive|guerravictor has 15 seconds left.\n|inactive|guerravictor has 10 seconds left.\n|inactive|guerravictor has 5 seconds left.\n|\n|t:|1746024844\n|move|p2a: Rillaboom|U-turn|p1a: Ting-Lu\n|-supereffective|p1a: Ting-Lu\n|-damage|p1a: Ting-Lu|62/100 tox\n|-damage|p2a: Rillaboom|84/100|[from] item: Rocky Helmet|[of] p1a: Ting-Lu\n|\n|t:|1746024848\n|switch|p2a: Comfey|Comfey, L50, M, shiny|100/100|[from] U-turn\n|move|p1b: Zamazenta|Body Press|p2b: Muk|[miss]\n|-miss|p1b: Zamazenta|p2b: Muk\n|move|p2b: Muk|Knock Off|p1a: Ting-Lu\n|-resisted|p1a: Ting-Lu\n|-damage|p1a: Ting-Lu|54/100 tox\n|-damage|p2b: Muk|22/100|[from] item: Rocky Helmet|[of] p1a: Ting-Lu\n|-enditem|p1a: Ting-Lu|Rocky Helmet|[from] move: Knock Off|[of] p2b: Muk\n|-enditem|p2b: Muk|Figy Berry|[eat]\n|-heal|p2b: Muk|55/100|[from] item: Figy Berry\n|move|p1a: Ting-Lu|Ruination|p2a: Comfey\n|-damage|p2a: Comfey|50/100\n|-enditem|p2a: Comfey|Sitrus Berry|[eat]\n|-heal|p2a: Comfey|75/100|[from] item: Sitrus Berry\n|\n|-heal|p2a: Comfey|81/100|[from] Grassy Terrain\n|-heal|p1b: Zamazenta|100/100 par|[from] Grassy Terrain\n|-heal|p2b: Muk|61/100|[from] Grassy Terrain\n|-heal|p1a: Ting-Lu|60/100 tox|[from] Grassy Terrain\n|-damage|p1a: Ting-Lu|42/100 tox|[from] psn\n|upkeep\n|turn|11\n|inactive|guerravictor has 30 seconds left.\n|inactive|guerravictor has 20 seconds left.\n|-message|campbel forfeited.\n|\n|win|guerravictor\n|inactive|guerravictor has 20 seconds left this turn.\n|l|\u2606campbel\n|player|p1|\n||guerravictor is ready for game 2.\n||campbel is ready for game 2.\n|uhtml|next|Next: <a href=\"/battle-gen9vgc2025regibo3-2353983558\"><strong>Game 2 of 3</strong></a>\n", "uploadtime": 1746025027, "views": 6, "formatid": "gen9vgc2025regibo3", "rating": null, "private": 0, "password": null}