{"id": "gen9vgc2025regibo3-2353346288", "format": "[Gen 9] VGC 2025 Reg I (Bo3)", "players": ["sdb203", "dambro222"], "log": "|j|\u2606sdb203\n|j|\u2606dambro222\n|html|<table width=\"100%\"><tr><td align=\"left\">sdb203</td><td align=\"right\">dambro222</tr><tr><td align=\"left\"><i class=\"fa fa-circle-o\"></i> <i class=\"fa fa-circle-o\"></i> </td><td align=\"right\"><i class=\"fa fa-circle-o\"></i> <i class=\"fa fa-circle-o\"></i> </tr></table>\n|uhtml|bestof|<h2><strong>Game 1</strong> of <a href=\"/game-bestof3-gen9vgc2025regibo3-2353346287\">a best-of-3</a></h2>\n|t:|1745948209\n|gametype|doubles\n|player|p1|sdb203|koga|1136\n|player|p2|dambro222|1|1164\n|teamsize|p1|6\n|teamsize|p2|6\n|gen|9\n|tier|[Gen 9] VGC 2025 Reg I (Bo3)\n|rated|\n|rule|Species Clause: Limit one of each Pok\u00e9mon\n|rule|Item Clause: Limit 1 of each item\n|clearpoke\n|poke|p1|Koraidon, L50|\n|poke|p1|Terapagos, L50, M|\n|poke|p1|Ogerpon-Cornerstone, L50, F|\n|poke|p1|Flutter Mane, L50|\n|poke|p1|Incineroar, L50, F|\n|poke|p1|Rillaboom, L50, M|\n|poke|p2|Ho-Oh, L50|\n|poke|p2|Miraidon, L50|\n|poke|p2|Flutter Mane, L50|\n|poke|p2|Iron Hands, L50|\n|poke|p2|Urshifu-*, L50, F|\n|poke|p2|Iron Treads, L50|\n|teampreview|4\n|showteam|p1|Koraidon||LifeOrb|OrichalcumPulse|FlareBlitz,FlameCharge,CloseCombat,Protect||||||50|,,,,,Fire]Terapagos||Leftovers|TeraShift|TeraStarstorm,EarthPower,CalmMind,Protect|||M|||50|,,,,,Stellar]Ogerpon-Cornerstone||CornerstoneMask|Sturdy|IvyCudgel,Taunt,FollowMe,SpikyShield|||F|||50|,,,,,Rock]Flutter Mane||FocusSash|Protosynthesis|Moonblast,ShadowBall,IcyWind,Protect||||||50|,,,,,Stellar]Incineroar||RockyHelmet|Intimidate|FlareBlitz,KnockOff,FakeOut,PartingShot|||F|||50|,,,,,Bug]Rillaboom||AssaultVest|GrassySurge|FakeOut,WoodHammer,GrassyGlide,Uturn|||M|||50|,,,,,Water\n|showteam|p2|Ho-Oh||ClearAmulet|Regenerator|SacredFire,BraveBird,Tailwind,Protect||||||50|,,,,,Dragon]Miraidon||CovertCloak|HadronEngine|ElectroDrift,VoltSwitch,DracoMeteor,Protect||||||50|,,,,,Electric]Flutter Mane||BoosterEnergy|Protosynthesis|Moonblast,ShadowBall,IcyWind,Protect||||||50|,,,,,Fairy]Iron Hands||AssaultVest|QuarkDrive|FakeOut,DrainPunch,WildCharge,LowKick||||||50|,,,,,Water]Urshifu||FocusSash|UnseenFist|WickedBlow,CloseCombat,SuckerPunch,Detect|||F|||50|,,,,,Poison]Iron Treads||ChoiceBand|QuarkDrive|IronHead,HighHorsepower,KnockOff,SteelRoller||||||50|,,,,,Water\n|inactive|Battle timer is ON: inactive players will automatically lose when time's up. (requested by sdb203)\n|\n|t:|1745948240\n|start\n|switch|p1a: Koraidon|Koraidon, L50|100/100\n|switch|p1b: Incineroar|Incineroar, L50, F|100/100\n|switch|p2a: Miraidon|Miraidon, L50|100/100\n|switch|p2b: Iron Treads|Iron Treads, L50|100/100\n|-weather|SunnyDay|[from] ability: Orichalcum Pulse|[of] p1a: Koraidon\n|-activate|p1a: Koraidon|Orichalcum Pulse|[source]\n|-fieldstart|move: Electric Terrain|[from] ability: Hadron Engine|[of] p2a: Miraidon\n|-activate|p2b: Iron Treads|ability: Quark Drive\n|-start|p2b: Iron Treads|quarkdrivespe\n|-ability|p1b: Incineroar|Intimidate|boost\n|-unboost|p2a: Miraidon|atk|1\n|-unboost|p2b: Iron Treads|atk|1\n|turn|1\n|inactive|dambro222 has 30 seconds left.\n|inactive|dambro222 has 20 seconds left.\n|\n|t:|1745948276\n|-end|p2b: Iron Treads|Quark Drive|[silent]\n|switch|p2b: Flutter Mane|Flutter Mane, L50|100/100\n|-activate|p2b: Flutter Mane|ability: Protosynthesis\n|-start|p2b: Flutter Mane|protosynthesisspe\n|switch|p1b: Rillaboom|Rillaboom, L50, M|100/100\n|-fieldstart|move: Grassy Terrain|[from] ability: Grassy Surge|[of] p1b: Rillaboom\n|move|p1a: Koraidon|Protect|p1a: Koraidon\n|-singleturn|p1a: Koraidon|Protect\n|move|p2a: Miraidon|Protect||[still]\n|-fail|p2a: Miraidon\n|\n|-weather|SunnyDay|[upkeep]\n|upkeep\n|turn|2\n|inactive|dambro222 has 30 seconds left.\n|\n|t:|1745948304\n|-terastallize|p1a: Koraidon|Fire\n|move|p2b: Flutter Mane|Icy Wind|p1a: Koraidon|[spread] p1b\n|-miss|p2b: Flutter Mane|p1a: Koraidon\n|-supereffective|p1b: Rillaboom\n|-damage|p1b: Rillaboom|86/100\n|-unboost|p1b: Rillaboom|spe|1\n|move|p1a: Koraidon|Flame Charge|p2b: Flutter Mane\n|-damage|p2b: Flutter Mane|0 fnt\n|-boost|p1a: Koraidon|spe|1\n|faint|p2b: Flutter Mane\n|-end|p2b: Flutter Mane|Protosynthesis|[silent]\n|-damage|p1a: Koraidon|91/100|[from] item: Life Orb\n|move|p2a: Miraidon|Volt Switch|p1a: Koraidon\n|-damage|p1a: Koraidon|48/100\n|\n|t:|1745948322\n|switch|p2a: Iron Treads|Iron Treads, L50|100/100|[from] Volt Switch\n|move|p1b: Rillaboom|U-turn|p2a: Iron Treads\n|-resisted|p2a: Iron Treads\n|-damage|p2a: Iron Treads|91/100\n|\n|t:|1745948328\n|switch|p1b: Incineroar|Incineroar, L50, F|100/100|[from] U-turn\n|-ability|p1b: Incineroar|Intimidate|boost\n|-unboost|p2a: Iron Treads|atk|1\n|\n|-weather|SunnyDay|[upkeep]\n|-heal|p1a: Koraidon|54/100|[from] Grassy Terrain\n|-heal|p2a: Iron Treads|97/100|[from] Grassy Terrain\n|upkeep\n|\n|t:|1745948334\n|switch|p2b: Ho-Oh|Ho-Oh, L50|100/100\n|turn|3\n|\n|t:|1745948352\n|-terastallize|p2a: Iron Treads|Water\n|move|p1a: Koraidon|Close Combat|p2a: Iron Treads\n|-damage|p2a: Iron Treads|0 fnt\n|-unboost|p1a: Koraidon|def|1\n|-unboost|p1a: Koraidon|spd|1\n|faint|p2a: Iron Treads\n|-end|p2a: Iron Treads|Quark Drive|[silent]\n|-damage|p1a: Koraidon|45/100|[from] item: Life Orb\n|move|p2b: Ho-Oh|Brave Bird|p1a: Koraidon\n|-damage|p1a: Koraidon|0 fnt\n|faint|p1a: Koraidon\n|-damage|p2b: Ho-Oh|87/100|[from] Recoil\n|move|p1b: Incineroar|Knock Off|p2b: Ho-Oh\n|-damage|p2b: Ho-Oh|56/100\n|-enditem|p2b: Ho-Oh|Clear Amulet|[from] move: Knock Off|[of] p1b: Incineroar\n|\n|-weather|SunnyDay|[upkeep]\n|upkeep\n|\n|t:|1745948368\n|switch|p1a: Rillaboom|Rillaboom, L50, M|86/100\n|switch|p2a: Miraidon|Miraidon, L50|100/100\n|-fieldstart|move: Electric Terrain|[from] ability: Hadron Engine|[of] p2a: Miraidon\n|-fieldstart|move: Grassy Terrain|[from] ability: Grassy Surge|[of] p1a: Rillaboom\n|turn|4\n|\n|t:|1745948389\n|move|p2b: Ho-Oh|Protect|p2b: Ho-Oh\n|-singleturn|p2b: Ho-Oh|Protect\n|move|p1a: Rillaboom|Fake Out|p2b: Ho-Oh\n|-activate|p2b: Ho-Oh|move: Protect\n|move|p2a: Miraidon|Electro Drift|p1b: Incineroar\n|-damage|p1b: Incineroar|40/100\n|-damage|p2a: Miraidon|84/100|[from] item: Rocky Helmet|[of] p1b: Incineroar\n|move|p1b: Incineroar|Parting Shot|p2b: Ho-Oh\n|-activate|p2b: Ho-Oh|move: Protect\n|\n|-weather|SunnyDay|[upkeep]\n|-heal|p2a: Miraidon|90/100|[from] Grassy Terrain\n|-heal|p1a: Rillaboom|92/100|[from] Grassy Terrain\n|-heal|p1b: Incineroar|46/100|[from] Grassy Terrain\n|upkeep\n|turn|5\n|\n|t:|1745948413\n|switch|p1a: Terapagos|Terapagos, L50, M|100/100\n|-activate|p1a: Terapagos|ability: Tera Shift\n|detailschange|p1a: Terapagos|Terapagos-Terastal, L50, M\n|-heal|p1a: Terapagos|100/100|[silent]\n|move|p2a: Miraidon|Electro Drift|p1b: Incineroar\n|-damage|p1b: Incineroar|0 fnt\n|-damage|p2a: Miraidon|74/100|[from] item: Rocky Helmet|[of] p1b: Incineroar\n|faint|p1b: Incineroar\n|move|p2b: Ho-Oh|Brave Bird|p1a: Terapagos\n|-activate|p1a: Terapagos|ability: Tera Shell\n|-resisted|p1a: Terapagos\n|-damage|p1a: Terapagos|77/100\n|-damage|p2b: Ho-Oh|49/100|[from] Recoil\n|\n|-weather|none\n|-heal|p2a: Miraidon|80/100|[from] Grassy Terrain\n|-heal|p1a: Terapagos|83/100|[from] Grassy Terrain\n|-heal|p1a: Terapagos|90/100|[from] item: Leftovers\n|upkeep\n|\n|t:|1745948423\n|switch|p1b: Rillaboom|Rillaboom, L50, M|92/100\n|turn|6\n|\n|t:|1745948441\n|move|p1b: Rillaboom|Fake Out|p2b: Ho-Oh\n|-damage|p2b: Ho-Oh|37/100\n|move|p2a: Miraidon|Electro Drift|p1a: Terapagos\n|-damage|p1a: Terapagos|39/100\n|move|p1a: Terapagos|Calm Mind|p1a: Terapagos\n|-boost|p1a: Terapagos|spa|1\n|-boost|p1a: Terapagos|spd|1\n|cant|p2b: Ho-Oh|flinch\n|\n|-heal|p2a: Miraidon|86/100|[from] Grassy Terrain\n|-heal|p1a: Terapagos|45/100|[from] Grassy Terrain\n|-heal|p1a: Terapagos|52/100|[from] item: Leftovers\n|-heal|p1b: Rillaboom|98/100|[from] Grassy Terrain\n|upkeep\n|turn|7\n|\n|t:|1745948462\n|move|p1b: Rillaboom|Grassy Glide|p2b: Ho-Oh\n|-resisted|p2b: Ho-Oh\n|-damage|p2b: Ho-Oh|30/100\n|move|p2a: Miraidon|Electro Drift|p1a: Terapagos\n|-damage|p1a: Terapagos|19/100\n|move|p1a: Terapagos|Tera Starstorm|p2b: Ho-Oh\n|-damage|p2b: Ho-Oh|0 fnt\n|faint|p2b: Ho-Oh\n|\n|-heal|p2a: Miraidon|92/100|[from] Grassy Terrain\n|-heal|p1a: Terapagos|25/100|[from] Grassy Terrain\n|-heal|p1a: Terapagos|31/100|[from] item: Leftovers\n|-heal|p1b: Rillaboom|100/100|[from] Grassy Terrain\n|upkeep\n|turn|8\n|\n|t:|1745948480\n|move|p1a: Terapagos|Protect|p1a: Terapagos\n|-singleturn|p1a: Terapagos|Protect\n|move|p2a: Miraidon|Electro Drift|p1a: Terapagos\n|-activate|p1a: Terapagos|move: Protect\n|move|p1b: Rillaboom|Wood Hammer|p2a: Miraidon\n|-resisted|p2a: Miraidon\n|-damage|p2a: Miraidon|60/100\n|-damage|p1b: Rillaboom|90/100|[from] Recoil\n|\n|-heal|p2a: Miraidon|66/100|[from] Grassy Terrain\n|-heal|p1a: Terapagos|37/100|[from] Grassy Terrain\n|-heal|p1a: Terapagos|44/100|[from] item: Leftovers\n|-heal|p1b: Rillaboom|96/100|[from] Grassy Terrain\n|-fieldend|move: Grassy Terrain\n|upkeep\n|turn|9\n|\n|t:|1745948498\n|move|p2a: Miraidon|Electro Drift|p1a: Terapagos\n|-damage|p1a: Terapagos|11/100\n|move|p1a: Terapagos|Earth Power|p2a: Miraidon\n|-supereffective|p2a: Miraidon\n|-damage|p2a: Miraidon|9/100\n|move|p1b: Rillaboom|Wood Hammer|p2a: Miraidon\n|-resisted|p2a: Miraidon\n|-crit|p2a: Miraidon\n|-damage|p2a: Miraidon|0 fnt\n|faint|p2a: Miraidon\n|-damage|p1b: Rillaboom|94/100|[from] Recoil\n|\n|win|sdb203\n||dambro222 is ready for game 2.\n|inactive|sdb203 has 30 seconds to confirm battle start!\n||sdb203 is ready for game 2.\n|uhtml|next|Next: <a href=\"/battle-gen9vgc2025regibo3-2353350166\"><strong>Game 2 of 3</strong></a>\n|l|\u2606sdb203\n|player|p1|\n", "uploadtime": 1745949007, "views": 19, "formatid": "gen9vgc2025regibo3", "rating": null, "private": 0, "password": null}