{"id": "gen9vgc2025regibo3-2354528193", "format": "[Gen 9] VGC 2025 Reg I (Bo3)", "players": ["swayernewb", "melodyrawr"], "log": "|j|\u2606swayernewb\n|j|\u2606melodyrawr\n|html|<table width=\"100%\"><tr><td align=\"left\">swayernewb</td><td align=\"right\">melodyrawr</tr><tr><td align=\"left\"><i class=\"fa fa-circle-o\"></i> <i class=\"fa fa-circle-o\"></i> </td><td align=\"right\"><i class=\"fa fa-circle-o\"></i> <i class=\"fa fa-circle-o\"></i> </tr></table>\n|uhtml|bestof|<h2><strong>Game 1</strong> of <a href=\"/game-bestof3-gen9vgc2025regibo3-2354528192\">a best-of-3</a></h2>\n|t:|1746088354\n|gametype|doubles\n|player|p1|swayernewb|266|1150\n|player|p2|melodyrawr|guitarist|1052\n|teamsize|p1|6\n|teamsize|p2|6\n|gen|9\n|tier|[Gen 9] VGC 2025 Reg I (Bo3)\n|rated|\n|rule|Species Clause: Limit one of each Pok\u00e9mon\n|rule|Item Clause: Limit 1 of each item\n|clearpoke\n|poke|p1|Lunala, L50|\n|poke|p1|Koraidon, L50|\n|poke|p1|Chi-Yu, L50|\n|poke|p1|Ursaluna, L50, F|\n|poke|p1|Brute Bonnet, L50|\n|poke|p1|Flutter Mane, L50|\n|poke|p2|Koraidon, L50|\n|poke|p2|Lunala, L50|\n|poke|p2|Ursaluna, L50, M|\n|poke|p2|Chi-Yu, L50|\n|poke|p2|Flutter Mane, L50|\n|poke|p2|Brute Bonnet, L50|\n|teampreview|4\n|showteam|p1|Lunala||PowerHerb|ShadowShield|MoongeistBeam,MeteorBeam,WideGuard,TrickRoom||||||50|,,,,,Water]Koraidon||LifeOrb|OrichalcumPulse|FlameCharge,FlareBlitz,CloseCombat,Protect||||||50|,,,,,Fire]Chi-Yu||ChoiceScarf|BeadsofRuin|Snarl,HeatWave,DarkPulse,Overheat||||||50|,,,,,Ghost]Ursaluna||FlameOrb|Guts|Facade,HeadlongRush,Earthquake,Protect|||F|||50|,,,,,Ghost]Brute Bonnet||CovertCloak|Protosynthesis|SeedBomb,SuckerPunch,Spore,RagePowder||||||50|,,,,,Water]Flutter Mane||FocusSash|Protosynthesis|Moonblast,IcyWind,ShadowBall,Protect||||||50|,,,,,Normal\n|showteam|p2|Koraidon||LifeOrb|OrichalcumPulse|FlareBlitz,CloseCombat,FlameCharge,Protect||||||50|,,,,,Fire]Lunala||PowerHerb|ShadowShield|MoongeistBeam,MeteorBeam,TrickRoom,WideGuard||||||50|,,,,,Water]Ursaluna||FlameOrb|Guts|Facade,HeadlongRush,Earthquake,Protect|||M|||50|,,,,,Ghost]Chi-Yu||ChoiceScarf|BeadsofRuin|HeatWave,DarkPulse,Snarl,Overheat||||||50|,,,,,Ghost]Flutter Mane||FocusSash|Protosynthesis|Moonblast,ShadowBall,IcyWind,Protect||||||50|,,,,,Normal]Brute Bonnet||CovertCloak|Protosynthesis|Spore,RagePowder,SuckerPunch,SeedBomb||||||50|,,,,,Water\n|j| Nocturne1023\n|\n|t:|1746088408\n|start\n|switch|p1a: Koraidon|Koraidon, L50|100/100\n|switch|p1b: Flutter Mane|Flutter Mane, L50|100/100\n|switch|p2a: Helios|Koraidon, L50|100/100\n|switch|p2b: Hecate|Flutter Mane, L50|100/100\n|-weather|SunnyDay|[from] ability: Orichalcum Pulse|[of] p2a: Helios\n|-activate|p2b: Hecate|ability: Protosynthesis\n|-start|p2b: Hecate|protosynthesisspe\n|-activate|p1b: Flutter Mane|ability: Protosynthesis\n|-start|p1b: Flutter Mane|protosynthesisspe\n|-activate|p2a: Helios|Orichalcum Pulse|[source]\n|-activate|p1a: Koraidon|ability: Orichalcum Pulse\n|turn|1\n|\n|t:|1746088428\n|-terastallize|p1a: Koraidon|Fire\n|move|p2b: Hecate|Protect|p2b: Hecate\n|-singleturn|p2b: Hecate|Protect\n|move|p2a: Helios|Protect|p2a: Helios\n|-singleturn|p2a: Helios|Protect\n|move|p1b: Flutter Mane|Icy Wind|p2a: Helios|[spread] \n|-activate|p2a: Helios|move: Protect\n|-activate|p2b: Hecate|move: Protect\n|move|p1a: Koraidon|Flame Charge|p2b: Hecate\n|-activate|p2b: Hecate|move: Protect\n|\n|-weather|SunnyDay|[upkeep]\n|upkeep\n|turn|2\n|\n|t:|1746088475\n|-terastallize|p2a: Helios|Fire\n|move|p2b: Hecate|Icy Wind|p1b: Flutter Mane|[spread] p1a,p1b\n|-resisted|p1a: Koraidon\n|-damage|p1a: Koraidon|93/100\n|-damage|p1b: Flutter Mane|85/100\n|-unboost|p1a: Koraidon|spe|1\n|-unboost|p1b: Flutter Mane|spe|1\n|move|p2a: Helios|Flame Charge|p1b: Flutter Mane\n|-damage|p1b: Flutter Mane|0 fnt\n|-boost|p2a: Helios|spe|1\n|faint|p1b: Flutter Mane\n|-end|p1b: Flutter Mane|Protosynthesis|[silent]\n|-damage|p2a: Helios|91/100|[from] item: Life Orb\n|move|p1a: Koraidon|Close Combat|p2a: Helios\n|-damage|p2a: Helios|0 fnt\n|-unboost|p1a: Koraidon|def|1\n|-unboost|p1a: Koraidon|spd|1\n|faint|p2a: Helios\n|-damage|p1a: Koraidon|83/100|[from] item: Life Orb\n|\n|-weather|SunnyDay|[upkeep]\n|upkeep\n|\n|t:|1746088499\n|switch|p2a: Selene|Lunala, L50|100/100\n|switch|p1b: Chi-Yu|Chi-Yu, L50|100/100\n|-ability|p1b: Chi-Yu|Beads of Ruin\n|turn|3\n|\n|t:|1746088555\n|move|p2b: Hecate|Icy Wind|p1b: Chi-Yu|[spread] p1a,p1b\n|-resisted|p1a: Koraidon\n|-resisted|p1b: Chi-Yu\n|-damage|p1a: Koraidon|69/100\n|-damage|p1b: Chi-Yu|92/100\n|-unboost|p1a: Koraidon|spe|1\n|-unboost|p1b: Chi-Yu|spe|1\n|move|p1b: Chi-Yu|Dark Pulse|p2a: Selene\n|-supereffective|p2a: Selene\n|-damage|p2a: Selene|2/100\n|move|p2a: Selene|Meteor Beam||[still]\n|-prepare|p2a: Selene|Meteor Beam\n|-boost|p2a: Selene|spa|1\n|-enditem|p2a: Selene|Power Herb\n|-anim|p2a: Selene|Meteor Beam|p1b: Chi-Yu\n|-supereffective|p1b: Chi-Yu\n|-damage|p1b: Chi-Yu|0 fnt\n|faint|p1b: Chi-Yu\n|move|p1a: Koraidon|Flame Charge|p2b: Hecate\n|-enditem|p2b: Hecate|Focus Sash\n|-damage|p2b: Hecate|1/100\n|-boost|p1a: Koraidon|spe|1\n|-damage|p1a: Koraidon|60/100|[from] item: Life Orb\n|\n|-weather|SunnyDay|[upkeep]\n|upkeep\n|\n|t:|1746088569\n|switch|p1b: Lunala|Lunala, L50|100/100\n|turn|4\n|\n|t:|1746088599\n|move|p2b: Hecate|Icy Wind|p1a: Koraidon|[spread] p1a,p1b\n|-resisted|p1a: Koraidon\n|-damage|p1a: Koraidon|49/100\n|-damage|p1b: Lunala|95/100\n|-unboost|p1a: Koraidon|spe|1\n|-unboost|p1b: Lunala|spe|1\n|move|p2a: Selene|Moongeist Beam|p1b: Lunala\n|-supereffective|p1b: Lunala\n|-damage|p1b: Lunala|0 fnt\n|faint|p1b: Lunala\n|move|p1a: Koraidon|Flame Charge|p2b: Hecate\n|-damage|p2b: Hecate|0 fnt\n|-boost|p1a: Koraidon|spe|1\n|faint|p2b: Hecate\n|-end|p2b: Hecate|Protosynthesis|[silent]\n|-damage|p1a: Koraidon|39/100|[from] item: Life Orb\n|\n|-weather|SunnyDay|[upkeep]\n|upkeep\n|\n|t:|1746088614\n|switch|p2b: Ares|Chi-Yu, L50|100/100\n|-ability|p2b: Ares|Beads of Ruin\n|turn|5\n|-message|swayernewb forfeited.\n|\n|win|melodyrawr\n|l|\u2606swayernewb\n|player|p1|\n||swayernewb is ready for game 2.\n||melodyrawr is ready for game 2.\n|uhtml|next|Next: <a href=\"/battle-gen9vgc2025regibo3-2354529528\"><strong>Game 2 of 3</strong></a>\n", "uploadtime": 1746088984, "views": 19, "formatid": "gen9vgc2025regibo3", "rating": null, "private": 0, "password": null}