{"id": "gen9vgc2025regibo3-2354433658", "format": "[Gen 9] VGC 2025 Reg I (Bo3)", "players": ["PurelyCynical", "springsky98"], "log": "|j|\u2606PurelyCynical\n|j|\u2606springsky98\n|html|<table width=\"100%\"><tr><td align=\"left\">PurelyCynical</td><td align=\"right\">springsky98</tr><tr><td align=\"left\"><i class=\"fa fa-circle-o\"></i> <i class=\"fa fa-circle-o\"></i> </td><td align=\"right\"><i class=\"fa fa-circle-o\"></i> <i class=\"fa fa-circle-o\"></i> </tr></table>\n|uhtml|bestof|<h2><strong>Game 1</strong> of <a href=\"/game-bestof3-gen9vgc2025regibo3-2354433657\">a best-of-3</a></h2>\n|t:|1746071030\n|gametype|doubles\n|player|p1|PurelyCynical|unknown|1059\n|player|p2|springsky98|101|1036\n|teamsize|p1|6\n|teamsize|p2|6\n|gen|9\n|tier|[Gen 9] VGC 2025 Reg I (Bo3)\n|rated|\n|rule|Species Clause: Limit one of each Pok\u00e9mon\n|rule|Item Clause: Limit 1 of each item\n|clearpoke\n|poke|p1|Koraidon, L50|\n|poke|p1|Terapagos, L50, M|\n|poke|p1|Ogerpon-Hearthflame, L50, F|\n|poke|p1|Rillaboom, L50, M|\n|poke|p1|Flutter Mane, L50|\n|poke|p1|Roaring Moon, L50|\n|poke|p2|Indeedee-F, L50, F|\n|poke|p2|Calyrex-Ice, L50|\n|poke|p2|Smeargle, L50, M|\n|poke|p2|Lunala, L50|\n|poke|p2|Landorus, L50, M|\n|poke|p2|Pelipper, L50, M|\n|teampreview|4\n|showteam|p1|Koraidon||LifeOrb|OrichalcumPulse|FlareBlitz,CollisionCourse,Protect,FlameCharge||||||50|,,,,,Fire]Terapagos||Leftovers|TeraShift|TeraStarstorm,CalmMind,Protect,EarthPower|||M|||50|,,,,,Stellar]Ogerpon-Hearthflame||HearthflameMask|MoldBreaker|IvyCudgel,SpikyShield,FollowMe,Uturn|||F|||50|,,,,,Fire]Rillaboom||AssaultVest|GrassySurge|FakeOut,GrassyGlide,Uturn,WoodHammer|||M|||50|,,,,,Fire]Flutter Mane||FocusSash|Protosynthesis|Moonblast,ShadowBall,Protect,IcyWind||||||50|,,,,,Fairy]Roaring Moon||BoosterEnergy|Protosynthesis|KnockOff,Tailwind,Protect,Acrobatics||||||50|,,,,,Flying\n|showteam|p2|Indeedee-F||RockyHelmet|PsychicSurge|Psychic,FollowMe,HealPulse,TrickRoom|||F|||50|,,,,,Fairy]Calyrex-Ice||ClearAmulet|AsOneGlastrier|GlacialLance,TrickRoom,Protect,HighHorsepower||||||50|,,,,,Water]Smeargle||FocusSash|Moody|FollowMe,Decorate,Spore,FakeOut|||M|||50|,,,,,Grass]Lunala||FistPlate|ShadowShield|ExpandingForce,MoongeistBeam,TeraBlast,Protect||||||50|,,,,,Fighting]Landorus||ChoiceScarf|SheerForce|EarthPower,SandsearStorm,SludgeBomb,Uturn|||M|||50|,,,,,Water]Pelipper||CovertCloak|Drizzle|WideGuard,Tailwind,Hurricane,WeatherBall|||M|||50|,,,,,Grass\n|\n|t:|1746071076\n|start\n|switch|p1a: Terapagos|Terapagos, L50, M|100/100\n|switch|p1b: Roaring Moon|Roaring Moon, L50|100/100\n|switch|p2a: Smeargle|Smeargle, L50, M|100/100\n|switch|p2b: Calyrex|Calyrex-Ice, L50|100/100\n|-activate|p1a: Terapagos|ability: Tera Shift\n|detailschange|p1a: Terapagos|Terapagos-Terastal, L50, M\n|-heal|p1a: Terapagos|100/100|[silent]\n|-ability|p2b: Calyrex|As One\n|-ability|p2b: Calyrex|Unnerve\n|-enditem|p1b: Roaring Moon|Booster Energy\n|-activate|p1b: Roaring Moon|ability: Protosynthesis|[fromitem]\n|-start|p1b: Roaring Moon|protosynthesisspe\n|turn|1\n|\n|t:|1746071098\n|move|p2a: Smeargle|Fake Out|p1b: Roaring Moon\n|-damage|p1b: Roaring Moon|95/100\n|cant|p1b: Roaring Moon|flinch\n|move|p1a: Terapagos|Calm Mind|p1a: Terapagos\n|-boost|p1a: Terapagos|spa|1\n|-boost|p1a: Terapagos|spd|1\n|move|p2b: Calyrex|Trick Room|p2b: Calyrex\n|-fieldstart|move: Trick Room|[of] p2b: Calyrex\n|\n|-ability|p2a: Smeargle|Moody|boost\n|-boost|p2a: Smeargle|atk|2\n|-unboost|p2a: Smeargle|spa|1\n|upkeep\n|turn|2\n|\n|t:|1746071114\n|-end|p1b: Roaring Moon|Protosynthesis|[silent]\n|switch|p1b: Rillaboom|Rillaboom, L50, M, shiny|100/100\n|-fieldstart|move: Grassy Terrain|[from] ability: Grassy Surge|[of] p1b: Rillaboom\n|move|p1a: Terapagos|Protect|p1a: Terapagos\n|-singleturn|p1a: Terapagos|Protect\n|move|p2b: Calyrex|Glacial Lance|p1a: Terapagos|[spread] p1b\n|-activate|p1a: Terapagos|move: Protect\n|-supereffective|p1b: Rillaboom\n|-damage|p1b: Rillaboom|0 fnt\n|faint|p1b: Rillaboom\n|-ability|p2b: Calyrex|Chilling Neigh|boost\n|-boost|p2b: Calyrex|atk|1\n|move|p2a: Smeargle|Spore|p1a: Terapagos\n|-activate|p1a: Terapagos|move: Protect\n|\n|-ability|p2a: Smeargle|Moody|boost\n|-boost|p2a: Smeargle|def|2\n|-unboost|p2a: Smeargle|spa|1\n|upkeep\n|\n|t:|1746071130\n|switch|p1b: Ogerpon|Ogerpon-Hearthflame, L50, F|100/100\n|-ability|p1b: Ogerpon|Mold Breaker\n|turn|3\n|\n|t:|1746071150\n|move|p2b: Calyrex|Protect|p2b: Calyrex\n|-singleturn|p2b: Calyrex|Protect\n|move|p1b: Ogerpon|Follow Me|p1b: Ogerpon\n|-singleturn|p1b: Ogerpon|move: Follow Me\n|move|p1a: Terapagos|Calm Mind|p1a: Terapagos\n|-boost|p1a: Terapagos|spa|1\n|-boost|p1a: Terapagos|spd|1\n|move|p2a: Smeargle|Decorate|p1b: Ogerpon\n|-boost|p1b: Ogerpon|atk|2\n|-boost|p1b: Ogerpon|spa|2\n|\n|-ability|p2a: Smeargle|Moody|boost\n|-boost|p2a: Smeargle|spa|2\n|-unboost|p2a: Smeargle|spe|1\n|upkeep\n|turn|4\n|\n|t:|1746071178\n|-terastallize|p1b: Ogerpon|Fire\n|detailschange|p1b: Ogerpon|Ogerpon-Hearthflame-Tera, L50, F, tera:Fire\n|-ability|p1b: Ogerpon|Embody Aspect (Hearthflame)|boost\n|-boost|p1b: Ogerpon|atk|1\n|move|p1a: Terapagos|Protect|p1a: Terapagos\n|-singleturn|p1a: Terapagos|Protect\n|move|p2a: Smeargle|Follow Me|p2a: Smeargle\n|-singleturn|p2a: Smeargle|move: Follow Me\n|move|p2b: Calyrex|Glacial Lance|p1b: Ogerpon|[spread] p1b\n|-activate|p1a: Terapagos|move: Protect\n|-resisted|p1b: Ogerpon\n|-damage|p1b: Ogerpon|50/100\n|move|p1b: Ogerpon|Ivy Cudgel|p2a: Smeargle|[anim] Ivy Cudgel Fire\n|-enditem|p2a: Smeargle|Focus Sash\n|-damage|p2a: Smeargle|1/100\n|\n|-heal|p2a: Smeargle|7/100|[from] Grassy Terrain\n|-heal|p1b: Ogerpon|56/100|[from] Grassy Terrain\n|-ability|p2a: Smeargle|Moody|boost\n|-boost|p2a: Smeargle|atk|2\n|-unboost|p2a: Smeargle|spd|1\n|upkeep\n|turn|5\n|\n|t:|1746071200\n|switch|p2a: Pelipper|Pelipper, L50, M|100/100\n|-weather|RainDance|[from] ability: Drizzle|[of] p2a: Pelipper\n|move|p1b: Ogerpon|Spiky Shield|p1b: Ogerpon\n|-singleturn|p1b: Ogerpon|move: Protect\n|move|p2b: Calyrex|Glacial Lance|p1a: Terapagos|[spread] p1a\n|-activate|p1b: Ogerpon|move: Protect\n|-activate|p1a: Terapagos|ability: Tera Shell\n|-resisted|p1a: Terapagos\n|-damage|p1a: Terapagos|65/100\n|move|p1a: Terapagos|Tera Starstorm|p2b: Calyrex\n|-damage|p2b: Calyrex|32/100\n|\n|-weather|RainDance|[upkeep]\n|-heal|p2b: Calyrex|38/100|[from] Grassy Terrain\n|-heal|p1a: Terapagos|71/100|[from] Grassy Terrain\n|-heal|p1a: Terapagos|76/100|[from] item: Leftovers\n|-heal|p1b: Ogerpon|63/100|[from] Grassy Terrain\n|-fieldend|move: Trick Room\n|upkeep\n|turn|6\n|\n|t:|1746071236\n|move|p2b: Calyrex|Protect|p2b: Calyrex\n|-singleturn|p2b: Calyrex|Protect\n|move|p1b: Ogerpon|Ivy Cudgel|p2b: Calyrex|[anim] Ivy Cudgel Fire\n|-activate|p2b: Calyrex|move: Protect\n|move|p1a: Terapagos|Tera Starstorm|p2a: Pelipper\n|-damage|p2a: Pelipper|0 fnt\n|faint|p2a: Pelipper\n|\n|-weather|RainDance|[upkeep]\n|-heal|p1b: Ogerpon|69/100|[from] Grassy Terrain\n|-heal|p1a: Terapagos|82/100|[from] Grassy Terrain\n|-heal|p1a: Terapagos|88/100|[from] item: Leftovers\n|-heal|p2b: Calyrex|43/100|[from] Grassy Terrain\n|-fieldend|move: Grassy Terrain\n|upkeep\n|\n|t:|1746071243\n|switch|p2a: Smeargle|Smeargle, L50, M|7/100\n|turn|7\n|\n|t:|1746071276\n|move|p1b: Ogerpon|Ivy Cudgel|p2b: Calyrex|[anim] Ivy Cudgel Fire\n|-supereffective|p2b: Calyrex\n|-damage|p2b: Calyrex|0 fnt\n|faint|p2b: Calyrex\n|move|p2a: Smeargle|Spore|p1b: Ogerpon\n|-status|p1b: Ogerpon|slp|[from] move: Spore\n|move|p1a: Terapagos|Tera Starstorm|p2a: Smeargle\n|-damage|p2a: Smeargle|0 fnt\n|faint|p2a: Smeargle\n|\n|-weather|RainDance|[upkeep]\n|-heal|p1a: Terapagos|94/100|[from] item: Leftovers\n|upkeep\n|\n|t:|1746071284\n|switch|p2b: Lunala|Lunala, L50|100/100\n|turn|8\n|-message|springsky98 forfeited.\n|\n|win|PurelyCynical\n|l|\u2606springsky98\n|player|p2|\n", "uploadtime": 1746071301, "views": 7, "formatid": "gen9vgc2025regibo3", "rating": null, "private": 0, "password": null}