{"id": "gen9vgc2025regibo3-2353793764", "format": "[Gen 9] VGC 2025 Reg I (Bo3)", "players": ["tata_oao_ra", "Jimmy 0610"], "log": "|j|\u2606tata_oao_ra\n|j|\u2606Jimmy 0610\n|html|<table width=\"100%\"><tr><td align=\"left\">tata_oao_ra</td><td align=\"right\">Jimmy 0610</tr><tr><td align=\"left\"><i class=\"fa fa-circle-o\"></i> <i class=\"fa fa-circle-o\"></i> </td><td align=\"right\"><i class=\"fa fa-circle-o\"></i> <i class=\"fa fa-circle\"></i> </tr></table>\n|uhtml|bestof|<h2><strong>Game 2</strong> of <a href=\"/game-bestof3-gen9vgc2025regibo3-2353791557\">a best-of-3</a></h2>\n|t:|1746000982\n|gametype|doubles\n|player|p1|tata_oao_ra|265|\n|player|p2|Jimmy 0610|emmet|\n|teamsize|p1|6\n|teamsize|p2|6\n|gen|9\n|tier|[Gen 9] VGC 2025 Reg I (Bo3)\n|rule|Species Clause: Limit one of each Pok\u00e9mon\n|rule|Item Clause: Limit 1 of each item\n|clearpoke\n|poke|p1|Calyrex-Ice, L50|\n|poke|p1|Lunala, L50|\n|poke|p1|Amoonguss, L50, M|\n|poke|p1|Incineroar, L50, M|\n|poke|p1|Ogerpon-Cornerstone, L50, F|\n|poke|p1|Raging Bolt, L50|\n|poke|p2|Calyrex-Ice, L50|\n|poke|p2|Necrozma-Dawn-Wings, L50|\n|poke|p2|Ursaluna-Bloodmoon, L50, M|\n|poke|p2|Raging Bolt, L50|\n|poke|p2|Tsareena, L50, F|\n|poke|p2|Hatterene, L50, F|\n|teampreview|4\n|showteam|p1|Calyrex-Ice||CovertCloak|AsOneGlastrier|GlacialLance,HighHorsepower,TrickRoom,Protect||||||50|,,,,,Dragon]Lunala||Leftovers|ShadowShield|WideGuard,Moonblast,MoongeistBeam,TrickRoom||||||50|,,,,,Water]Amoonguss||RockyHelmet|Regenerator|Spore,RagePowder,PollenPuff,Protect|||M|||50|,,,,,Water]Incineroar||SafetyGoggles|Intimidate|KnockOff,Protect,PartingShot,FakeOut|||M|||50|,,,,,Water]Ogerpon-Cornerstone||CornerstoneMask|Sturdy|IvyCudgel,HornLeech,FollowMe,SpikyShield|||F|||50|,,,,,Rock]Raging Bolt||AssaultVest|Protosynthesis|Thunderclap,DragonPulse,Electroweb,DracoMeteor||||||50|,,,,,Fairy\n|showteam|p2|Calyrex-Ice||ClearAmulet|AsOneGlastrier|GlacialLance,HighHorsepower,TrickRoom,Protect||||||50|,,,,,Dragon]Necrozma-Dawn-Wings||PowerHerb|PrismArmor|MoongeistBeam,MeteorBeam,PhotonGeyser,Protect||||||50|,,,,,Fairy]Ursaluna-Bloodmoon||SilkScarf|MindsEye|BloodMoon,EarthPower,HyperVoice,Protect|||M|||50|,,,,,Normal]Raging Bolt||AssaultVest|Protosynthesis|Thunderbolt,DragonPulse,ElectroBall,SolarBeam||||||50|,,,,,Fairy]Tsareena||WideLens|QueenlyMajesty|TripleAxel,PowerWhip,Protect,HelpingHand|||F|||50|,,,,,Ice]Hatterene||RockyHelmet|MagicBounce|MysticalFire,TrickRoom,Protect,HealPulse|||F|||50|,,,,,Dark\n|\n|t:|1746001018\n|start\n|switch|p1a: Calyrex|Calyrex-Ice, L50|100/100\n|switch|p1b: Incineroar|Incineroar, L50, M|100/100\n|switch|p2a: Necrozma|Necrozma-Dawn-Wings, L50, shiny|100/100\n|switch|p2b: Tsareena|Tsareena, L50, F, shiny|100/100\n|-ability|p1a: Calyrex|As One\n|-ability|p1a: Calyrex|Unnerve\n|-ability|p1b: Incineroar|Intimidate|boost\n|-unboost|p2a: Necrozma|atk|1\n|-unboost|p2b: Tsareena|atk|1\n|turn|1\n|\n|t:|1746001043\n|move|p2b: Tsareena|Protect|p2b: Tsareena\n|-singleturn|p2b: Tsareena|Protect\n|move|p1b: Incineroar|Knock Off|p2a: Necrozma\n|-supereffective|p2a: Necrozma\n|-damage|p2a: Necrozma|0 fnt\n|-enditem|p2a: Necrozma|Power Herb|[from] move: Knock Off|[of] p1b: Incineroar\n|faint|p2a: Necrozma\n|move|p1a: Calyrex|Glacial Lance|p2b: Tsareena\n|-activate|p2b: Tsareena|move: Protect\n|\n|upkeep\n|\n|t:|1746001056\n|switch|p2a: Ursaluna|Ursaluna-Bloodmoon, L50, M|100/100\n|turn|2\n|\n|t:|1746001089\n|switch|p2b: Calyrex|Calyrex-Ice, L50|100/100\n|-ability|p2b: Calyrex|As One\n|-ability|p2b: Calyrex|Unnerve\n|move|p1a: Calyrex|Protect|p1a: Calyrex\n|-singleturn|p1a: Calyrex|Protect\n|move|p1b: Incineroar|Parting Shot|p2a: Ursaluna\n|-unboost|p2a: Ursaluna|atk|1\n|-unboost|p2a: Ursaluna|spa|1\n|\n|t:|1746001099\n|switch|p1b: Amoonguss|Amoonguss, L50, M|100/100|[from] Parting Shot\n|move|p2a: Ursaluna|Blood Moon|p1a: Calyrex\n|-activate|p1a: Calyrex|move: Protect\n|\n|upkeep\n|turn|3\n|\n|t:|1746001112\n|switch|p1a: Incineroar|Incineroar, L50, M|100/100\n|-ability|p1a: Incineroar|Intimidate|boost\n|-unboost|p2a: Ursaluna|atk|1\n|-fail|p2b: Calyrex|unboost|[from] item: Clear Amulet|[of] p2b: Calyrex\n|move|p1b: Amoonguss|Protect|p1b: Amoonguss\n|-singleturn|p1b: Amoonguss|Protect\n|move|p2b: Calyrex|Glacial Lance|p1a: Incineroar|[spread] p1a\n|-activate|p1b: Amoonguss|move: Protect\n|-resisted|p1a: Incineroar\n|-damage|p1a: Incineroar|79/100\n|move|p2a: Ursaluna|Hyper Voice|p1a: Incineroar|[spread] p1a\n|-activate|p1b: Amoonguss|move: Protect\n|-damage|p1a: Incineroar|50/100\n|\n|upkeep\n|turn|4\n|\n|t:|1746001149\n|move|p1a: Incineroar|Fake Out|p2b: Calyrex\n|-damage|p2b: Calyrex|94/100\n|move|p1b: Amoonguss|Rage Powder|p1b: Amoonguss\n|-singleturn|p1b: Amoonguss|move: Rage Powder\n|cant|p2b: Calyrex|flinch\n|move|p2a: Ursaluna|Hyper Voice|p1b: Amoonguss|[spread] p1a,p1b\n|-damage|p1a: Incineroar|21/100\n|-damage|p1b: Amoonguss|80/100\n|\n|upkeep\n|turn|5\n|\n|t:|1746001170\n|switch|p2b: Tsareena|Tsareena, L50, F, shiny|100/100\n|move|p1a: Incineroar|Knock Off|p2b: Tsareena\n|-damage|p2b: Tsareena|63/100\n|-enditem|p2b: Tsareena|Wide Lens|[from] move: Knock Off|[of] p1a: Incineroar\n|move|p2a: Ursaluna|Blood Moon|p1b: Amoonguss\n|-damage|p1b: Amoonguss|34/100\n|move|p1b: Amoonguss|Pollen Puff|p1a: Incineroar\n|-heal|p1a: Incineroar|71/100\n|\n|upkeep\n|turn|6\n|\n|t:|1746001210\n|switch|p1b: Calyrex|Calyrex-Ice, L50|100/100\n|-ability|p1b: Calyrex|As One\n|-ability|p1b: Calyrex|Unnerve\n|move|p2b: Tsareena|Helping Hand|p2a: Ursaluna\n|-singleturn|p2a: Ursaluna|Helping Hand|[of] p2b: Tsareena\n|move|p1a: Incineroar|Parting Shot|p2a: Ursaluna\n|-unboost|p2a: Ursaluna|atk|1\n|-unboost|p2a: Ursaluna|spa|1\n|\n|t:|1746001224\n|switch|p1a: Amoonguss|Amoonguss, L50, M|67/100|[from] Parting Shot\n|move|p2a: Ursaluna|Earth Power|p1a: Amoonguss\n|-damage|p1a: Amoonguss|36/100\n|\n|upkeep\n|turn|7\n|\n|t:|1746001248\n|switch|p2a: Calyrex|Calyrex-Ice, L50|94/100\n|-ability|p2a: Calyrex|As One\n|-ability|p2a: Calyrex|Unnerve\n|switch|p1a: Incineroar|Incineroar, L50, M|71/100\n|-ability|p1a: Incineroar|Intimidate|boost\n|-fail|p2a: Calyrex|unboost|[from] item: Clear Amulet|[of] p2a: Calyrex\n|-unboost|p2b: Tsareena|atk|1\n|move|p2b: Tsareena|Triple Axel|p1a: Incineroar\n|-resisted|p1a: Incineroar\n|-crit|p1a: Incineroar\n|-damage|p1a: Incineroar|66/100\n|-resisted|p1a: Incineroar\n|-damage|p1a: Incineroar|63/100\n|-resisted|p1a: Incineroar\n|-damage|p1a: Incineroar|57/100\n|-hitcount|p1a: Incineroar|3\n|move|p1b: Calyrex|Trick Room|p1b: Calyrex\n|-fieldstart|move: Trick Room|[of] p1b: Calyrex\n|\n|upkeep\n|turn|8\n|\n|t:|1746001271\n|switch|p2b: Ursaluna|Ursaluna-Bloodmoon, L50, M|100/100\n|move|p1a: Incineroar|Fake Out|p2a: Calyrex\n|-damage|p2a: Calyrex|87/100\n|move|p1b: Calyrex|Glacial Lance|p2b: Ursaluna|[spread] p2a,p2b\n|-resisted|p2a: Calyrex\n|-supereffective|p2b: Ursaluna\n|-damage|p2a: Calyrex|68/100\n|-damage|p2b: Ursaluna|8/100\n|cant|p2a: Calyrex|flinch\n|\n|upkeep\n|turn|9\n|\n|t:|1746001291\n|move|p1b: Calyrex|Glacial Lance|p2b: Ursaluna|[spread] p2a,p2b\n|-resisted|p2a: Calyrex\n|-supereffective|p2b: Ursaluna\n|-damage|p2a: Calyrex|49/100\n|-damage|p2b: Ursaluna|0 fnt\n|faint|p2b: Ursaluna\n|-ability|p1b: Calyrex|Chilling Neigh|boost\n|-boost|p1b: Calyrex|atk|1\n|move|p2a: Calyrex|High Horsepower|p1a: Incineroar\n|-supereffective|p1a: Incineroar\n|-damage|p1a: Incineroar|0 fnt\n|faint|p1a: Incineroar\n|-ability|p2a: Calyrex|Chilling Neigh|boost\n|-boost|p2a: Calyrex|atk|1\n|\n|upkeep\n|\n|t:|1746001306\n|switch|p2b: Tsareena|Tsareena, L50, F, shiny|63/100\n|switch|p1a: Amoonguss|Amoonguss, L50, M|69/100\n|turn|10\n|\n|t:|1746001323\n|-terastallize|p2b: Tsareena|Ice\n|move|p1a: Amoonguss|Spore|p2a: Calyrex\n|-status|p2a: Calyrex|slp|[from] move: Spore\n|move|p1b: Calyrex|Glacial Lance|p2a: Calyrex|[spread] p2a,p2b\n|-resisted|p2a: Calyrex\n|-resisted|p2b: Tsareena\n|-damage|p2a: Calyrex|22/100 slp\n|-damage|p2b: Tsareena|13/100\n|cant|p2a: Calyrex|slp\n|move|p2b: Tsareena|Triple Axel|p1a: Amoonguss\n|-supereffective|p1a: Amoonguss\n|-damage|p1a: Amoonguss|47/100\n|-damage|p2b: Tsareena|0 fnt|[from] item: Rocky Helmet|[of] p1a: Amoonguss\n|faint|p2b: Tsareena\n|-hitcount|p1a: Amoonguss|1\n|\n|upkeep\n|turn|11\n|-message|Jimmy 0610 forfeited.\n|\n|win|tata_oao_ra\n|l|\u2606Jimmy 0610\n|player|p2|\n|l|\u2606tata_oao_ra\n|player|p1|\n|inactive|tata_oao_ra has 30 seconds to confirm battle start!\n|inactive|Jimmy 0610 has 30 seconds to confirm battle start!\n", "uploadtime": 1746001718, "views": 9, "formatid": "gen9vgc2025regibo3", "rating": null, "private": 0, "password": null}