{"id": "gen9vgc2025regibo3-2353614490", "format": "[Gen 9] VGC 2025 Reg I (Bo3)", "players": ["bfwpikadrew", "AquamarineVGC"], "log": "|j|\u2606bfwpikadrew\n|j|\u2606AquamarineVGC\n|html|<table width=\"100%\"><tr><td align=\"left\">bfwpikadrew</td><td align=\"right\">AquamarineVGC</tr><tr><td align=\"left\"><i class=\"fa fa-circle-o\"></i> <i class=\"fa fa-circle-o\"></i> </td><td align=\"right\"><i class=\"fa fa-circle-o\"></i> <i class=\"fa fa-circle\"></i> </tr></table>\n|uhtml|bestof|<h2><strong>Game 2</strong> of <a href=\"/game-bestof3-gen9vgc2025regibo3-2353612169\">a best-of-3</a></h2>\n|t:|1745974750\n|gametype|doubles\n|player|p1|bfwpikadrew|falkner|1124\n|player|p2|AquamarineVGC|lucas-gen4pt|1040\n|teamsize|p1|6\n|teamsize|p2|6\n|gen|9\n|tier|[Gen 9] VGC 2025 Reg I (Bo3)\n|rated|\n|rule|Species Clause: Limit one of each Pok\u00e9mon\n|rule|Item Clause: Limit 1 of each item\n|clearpoke\n|poke|p1|Dialga-Origin, L50|\n|poke|p1|Calyrex-Ice, L50|\n|poke|p1|Oranguru, L50, M|\n|poke|p1|Incineroar, L50, M|\n|poke|p1|Iron Hands, L50|\n|poke|p1|Volcarona, L50, F|\n|poke|p2|Miraidon, L50|\n|poke|p2|Calyrex-Ice, L50|\n|poke|p2|Farigiraf, L50, F|\n|poke|p2|Ninetales-Alola, L50, F|\n|poke|p2|Urshifu-*, L50, F|\n|poke|p2|Ogerpon-Hearthflame, L50, F|\n|teampreview|4\n|showteam|p1|Dialga-Origin||AdamantCrystal|Pressure|DracoMeteor,FlashCannon,EarthPower,Protect||||||50|,,,,,Ghost]Calyrex-Ice||ClearAmulet|AsOneGlastrier|GlacialLance,HighHorsepower,TrickRoom,Protect||||||50|,,,,,Dragon]Oranguru||MentalHerb|InnerFocus|TrickRoom,Instruct,Protect,Psychic|||M|||50|,,,,,Grass]Incineroar||SitrusBerry|Intimidate|FakeOut,KnockOff,Taunt,PartingShot|||M|||50|,,,,,Ghost]Iron Hands||AssaultVest|QuarkDrive|FakeOut,LowKick,WildCharge,HeavySlam||||||50|,,,,,Grass]Volcarona||SafetyGoggles|FlameBody|StruggleBug,Protect,RagePowder,FieryDance|||F|||50|,,,,,Water\n|showteam|p2|Miraidon||ChoiceSpecs|HadronEngine|ElectroDrift,DracoMeteor,Discharge,VoltSwitch||||||50|,,,,,Electric]Calyrex-Ice||NeverMeltIce|AsOneGlastrier|GlacialLance,HighHorsepower,TrickRoom,Protect||||||50|,,,,,Water]Farigiraf||ThroatSpray|ArmorTail|HyperVoice,Psychic,HelpingHand,TrickRoom|||F|||50|,,,,,Ground]Ninetales-Alola||CovertCloak|SnowWarning|Moonblast,IcyWind,AuroraVeil,Encore|||F|||50|,,,,,Water]Urshifu-Rapid-Strike||FocusSash|UnseenFist|SurgingStrikes,CloseCombat,AquaJet,Detect|||F|||50|,,,,,Stellar]Ogerpon-Hearthflame||HearthflameMask|MoldBreaker|IvyCudgel,HornLeech,FollowMe,SpikyShield|||F|||50|,,,,,Fire\n|\n|t:|1745974838\n|start\n|switch|p1a: Incineroar|Incineroar, L50, M, shiny|100/100\n|switch|p1b: Calyrex|Calyrex-Ice, L50|100/100\n|switch|p2a: Farigiraf|Farigiraf, L50, F|100/100\n|switch|p2b: Miraidon|Miraidon, L50|100/100\n|-ability|p1b: Calyrex|As One\n|-ability|p1b: Calyrex|Unnerve\n|-fieldstart|move: Electric Terrain|[from] ability: Hadron Engine|[of] p2b: Miraidon\n|-ability|p1a: Incineroar|Intimidate|boost\n|-unboost|p2a: Farigiraf|atk|1\n|-unboost|p2b: Miraidon|atk|1\n|turn|1\n|\n|t:|1745974873\n|move|p2b: Miraidon|Draco Meteor|p1b: Calyrex\n|-damage|p1b: Calyrex|10/100\n|-unboost|p2b: Miraidon|spa|2\n|move|p2a: Farigiraf|Hyper Voice|p1b: Calyrex|[spread] p1a,p1b\n|-damage|p1a: Incineroar|78/100\n|-damage|p1b: Calyrex|0 fnt\n|faint|p1b: Calyrex\n|-enditem|p2a: Farigiraf|Throat Spray\n|-boost|p2a: Farigiraf|spa|1|[from] item: Throat Spray\n|move|p1a: Incineroar|Taunt|p2a: Farigiraf\n|-start|p2a: Farigiraf|move: Taunt\n|\n|upkeep\n|\n|t:|1745974895\n|switch|p1b: Iron Hands|Iron Hands, L50, shiny|100/100\n|-activate|p1b: Iron Hands|ability: Quark Drive\n|-start|p1b: Iron Hands|quarkdriveatk\n|turn|2\n|\n|t:|1745974938\n|switch|p2b: Ogerpon|Ogerpon-Hearthflame, L50, F|100/100\n|-ability|p2b: Ogerpon|Mold Breaker\n|move|p2a: Farigiraf|Psychic|p1b: Iron Hands\n|-supereffective|p1b: Iron Hands\n|-damage|p1b: Iron Hands|34/100\n|move|p1a: Incineroar|Parting Shot|p2b: Ogerpon\n|-unboost|p2b: Ogerpon|atk|1\n|-unboost|p2b: Ogerpon|spa|1\n|\n|t:|1745974948\n|switch|p1a: Gus|Oranguru, L50, M, shiny|100/100|[from] Parting Shot\n|move|p1b: Iron Hands|Low Kick|p2b: Ogerpon\n|-damage|p2b: Ogerpon|51/100\n|\n|upkeep\n|turn|3\n|\n|t:|1745974985\n|switch|p2b: Calyrex|Calyrex-Ice, L50|100/100\n|-ability|p2b: Calyrex|As One\n|-ability|p2b: Calyrex|Unnerve\n|-end|p1b: Iron Hands|Quark Drive|[silent]\n|switch|p1b: Incineroar|Incineroar, L50, M, shiny|78/100\n|-ability|p1b: Incineroar|Intimidate|boost\n|-unboost|p2a: Farigiraf|atk|1\n|-unboost|p2b: Calyrex|atk|1\n|move|p2a: Farigiraf|Hyper Voice|p1a: Gus|[spread] p1a,p1b\n|-damage|p1a: Gus|71/100\n|-damage|p1b: Incineroar|46/100\n|move|p1a: Gus|Trick Room|p1a: Gus\n|-fieldstart|move: Trick Room|[of] p1a: Gus\n|\n|upkeep\n|turn|4\n|\n|t:|1745975037\n|-terastallize|p2b: Calyrex|Water\n|move|p1b: Incineroar|Knock Off|p2a: Farigiraf\n|-supereffective|p2a: Farigiraf\n|-damage|p2a: Farigiraf|60/100\n|move|p1a: Gus|Instruct|p1b: Incineroar\n|-singleturn|p1b: Incineroar|move: Instruct|[of] p1a: Gus\n|move|p1b: Incineroar|Knock Off|p2a: Farigiraf\n|-supereffective|p2a: Farigiraf\n|-damage|p2a: Farigiraf|12/100\n|move|p2a: Farigiraf|Hyper Voice|p1b: Incineroar|[spread] p1a,p1b\n|-damage|p1a: Gus|44/100\n|-damage|p1b: Incineroar|16/100\n|move|p2b: Calyrex|Glacial Lance|p1b: Incineroar|[spread] p1a,p1b\n|-resisted|p1b: Incineroar\n|-damage|p1a: Gus|0 fnt\n|-damage|p1b: Incineroar|0 fnt\n|faint|p1a: Gus\n|faint|p1b: Incineroar\n|-ability|p2b: Calyrex|Chilling Neigh|boost\n|-boost|p2b: Calyrex|atk|2\n|\n|-end|p2a: Farigiraf|move: Taunt\n|upkeep\n|\n|t:|1745975056\n|switch|p1b: Iron Hands|Iron Hands, L50, shiny|34/100\n|-activate|p1b: Iron Hands|ability: Quark Drive\n|-start|p1b: Iron Hands|quarkdriveatk\n|turn|5\n|-message|bfwpikadrew forfeited.\n|\n|win|AquamarineVGC\n|raw|bfwpikadrew's rating: 1124 &rarr; <strong>1093</strong><br />(-31 for losing)\n|raw|AquamarineVGC's rating: 1040 &rarr; <strong>1082</strong><br />(+42 for winning)\n|c|\u2606AquamarineVGC|GG\n", "uploadtime": 1745975061, "views": 6, "formatid": "gen9vgc2025regibo3", "rating": 1082, "private": 0, "password": null}