{"id": "gen9vgc2025regibo3-2354077226", "format": "[Gen 9] VGC 2025 Reg I (Bo3)", "players": ["Slackermaru", "yung elmers glue"], "log": "|j|\u2606Slackermaru\n|j|\u2606yung elmers glue\n|html|<table width=\"100%\"><tr><td align=\"left\">Slackermaru</td><td align=\"right\">yung elmers glue</tr><tr><td align=\"left\"><i class=\"fa fa-circle-o\"></i> <i class=\"fa fa-circle-o\"></i> </td><td align=\"right\"><i class=\"fa fa-circle-o\"></i> <i class=\"fa fa-circle-o\"></i> </tr></table>\n|uhtml|bestof|<h2><strong>Game 1</strong> of <a href=\"/game-bestof3-gen9vgc2025regibo3-2354077225\">a best-of-3</a></h2>\n|t:|1746032889\n|gametype|doubles\n|player|p1|Slackermaru|workerice|1447\n|player|p2|yung elmers glue|juan|1378\n|teamsize|p1|6\n|teamsize|p2|6\n|gen|9\n|tier|[Gen 9] VGC 2025 Reg I (Bo3)\n|rated|\n|rule|Species Clause: Limit one of each Pok\u00e9mon\n|rule|Item Clause: Limit 1 of each item\n|clearpoke\n|poke|p1|Calyrex-Ice, L50|\n|poke|p1|Miraidon, L50|\n|poke|p1|Farigiraf, L50, M|\n|poke|p1|Incineroar, L50, M|\n|poke|p1|Landorus, L50, M|\n|poke|p1|Urshifu-*, L50, M|\n|poke|p2|Calyrex-Ice, L50|\n|poke|p2|Miraidon, L50|\n|poke|p2|Farigiraf, L50, F|\n|poke|p2|Incineroar, L50, F|\n|poke|p2|Urshifu-*, L50, M|\n|poke|p2|Ditto, L50|\n|teampreview|4\n|showteam|p1|Calyrex-Ice||ClearAmulet|AsOneGlastrier|Protect,GlacialLance,HighHorsepower,TrickRoom||||||50|,,,,,Water]Miraidon||ChoiceSpecs|HadronEngine|ElectroDrift,VoltSwitch,DazzlingGleam,DracoMeteor||||||50|,,,,,Fairy]Farigiraf||ElectricSeed|ArmorTail|FoulPlay,Psychic,HelpingHand,TrickRoom|||M|||50|,,,,,Water]Incineroar||AssaultVest|Intimidate|FlareBlitz,Uturn,FakeOut,KnockOff|||M|||50|,,,,,Water]Landorus||ChoiceScarf|SheerForce|EarthPower,SandsearStorm,SludgeBomb,Psychic|||M|||50|,,,,,Water]Urshifu-Rapid-Strike||FocusSash|UnseenFist|SurgingStrikes,AquaJet,CloseCombat,Detect|||M|||50|,,,,,Stellar\n|showteam|p2|Calyrex-Ice||ClearAmulet|AsOneGlastrier|GlacialLance,HighHorsepower,TrickRoom,Protect||||||50|,,,,,Water]Miraidon||ChoiceSpecs|HadronEngine|DazzlingGleam,VoltSwitch,ElectroDrift,DracoMeteor||||||50|,,,,,Fairy]Farigiraf||ElectricSeed|ArmorTail|Psychic,TrickRoom,FoulPlay,HelpingHand|||F|||50|,,,,,Water]Incineroar||AssaultVest|Intimidate|FlareBlitz,FakeOut,KnockOff,Uturn|||F|||50|,,,,,Water]Urshifu-Rapid-Strike||ChoiceScarf|UnseenFist|CloseCombat,SurgingStrikes,Uturn,Coaching|||M|||50|,,,,,Water]Ditto||FocusSash|Imposter|Transform||||||50|,,,,,Ghost\n|\n|t:|1746032912\n|start\n|switch|p1a: Miraidon|Miraidon, L50|100/100\n|switch|p1b: Farigiraf|Farigiraf, L50, M|100/100\n|switch|p2a: Miraidon|Miraidon, L50|100/100\n|switch|p2b: Calyrex|Calyrex-Ice, L50|100/100\n|-ability|p2b: Calyrex|As One\n|-ability|p2b: Calyrex|Unnerve\n|-fieldstart|move: Electric Terrain|[from] ability: Hadron Engine|[of] p2a: Miraidon\n|-enditem|p1b: Farigiraf|Electric Seed\n|-boost|p1b: Farigiraf|def|1|[from] item: Electric Seed\n|-activate|p1a: Miraidon|ability: Hadron Engine\n|turn|1\n|\n|t:|1746032927\n|-terastallize|p1a: Miraidon|Fairy\n|move|p1b: Farigiraf|Helping Hand|p1a: Miraidon\n|-singleturn|p1a: Miraidon|Helping Hand|[of] p1b: Farigiraf\n|move|p2a: Miraidon|Electro Drift|p1b: Farigiraf\n|-damage|p1b: Farigiraf|0 fnt\n|faint|p1b: Farigiraf\n|move|p1a: Miraidon|Dazzling Gleam|p2b: Calyrex|[spread] p2a,p2b\n|-supereffective|p2a: Miraidon\n|-damage|p2a: Miraidon|0 fnt\n|-damage|p2b: Calyrex|34/100\n|faint|p2a: Miraidon\n|move|p2b: Calyrex|Glacial Lance|p1a: Miraidon\n|-damage|p1a: Miraidon|39/100\n|\n|upkeep\n|\n|t:|1746032942\n|switch|p2a: Urshifu|Urshifu-Rapid-Strike, L50, M|100/100\n|switch|p1b: Incineroar|Incineroar, L50, M|100/100\n|-ability|p1b: Incineroar|Intimidate|boost\n|-unboost|p2a: Urshifu|atk|1\n|-fail|p2b: Calyrex|unboost|[from] item: Clear Amulet|[of] p2b: Calyrex\n|turn|2\n|\n|t:|1746032964\n|switch|p1a: Calyrex|Calyrex-Ice, L50|100/100\n|-ability|p1a: Calyrex|As One\n|-ability|p1a: Calyrex|Unnerve\n|-terastallize|p2a: Urshifu|Water\n|move|p2b: Calyrex|Protect|p2b: Calyrex\n|-singleturn|p2b: Calyrex|Protect\n|move|p2a: Urshifu|Surging Strikes|p1a: Calyrex\n|-crit|p1a: Calyrex\n|-damage|p1a: Calyrex|81/100\n|-crit|p1a: Calyrex\n|-damage|p1a: Calyrex|63/100\n|-crit|p1a: Calyrex\n|-damage|p1a: Calyrex|45/100\n|-hitcount|p1a: Calyrex|3\n|move|p1b: Incineroar|Knock Off|p2a: Urshifu\n|-damage|p2a: Urshifu|64/100\n|-enditem|p2a: Urshifu|Choice Scarf|[from] move: Knock Off|[of] p1b: Incineroar\n|\n|upkeep\n|turn|3\n|\n|t:|1746033000\n|move|p2a: Urshifu|Surging Strikes|p1a: Calyrex\n|-crit|p1a: Calyrex\n|-damage|p1a: Calyrex|29/100\n|-crit|p1a: Calyrex\n|-damage|p1a: Calyrex|11/100\n|-crit|p1a: Calyrex\n|-damage|p1a: Calyrex|0 fnt\n|faint|p1a: Calyrex\n|-hitcount|p1: Calyrex|3\n|move|p1b: Incineroar|U-turn|p2a: Urshifu\n|-damage|p2a: Urshifu|44/100\n|\n|t:|1746033008\n|switch|p1b: Miraidon|Miraidon, L50, tera:Fairy|39/100|[from] U-turn\n|-activate|p1b: Miraidon|ability: Hadron Engine\n|move|p2b: Calyrex|High Horsepower|p1b: Miraidon\n|-damage|p1b: Miraidon|5/100\n|\n|upkeep\n|\n|t:|1746033015\n|switch|p1a: Incineroar|Incineroar, L50, M|100/100\n|-ability|p1a: Incineroar|Intimidate|boost\n|-unboost|p2a: Urshifu|atk|1\n|-fail|p2b: Calyrex|unboost|[from] item: Clear Amulet|[of] p2b: Calyrex\n|turn|4\n|\n|t:|1746033023\n|move|p2b: Calyrex|Protect|p2b: Calyrex\n|-singleturn|p2b: Calyrex|Protect\n|move|p1a: Incineroar|Fake Out|p2a: Urshifu\n|-damage|p2a: Urshifu|33/100\n|move|p1b: Miraidon|Dazzling Gleam|p2b: Calyrex|[spread] p2a\n|-activate|p2b: Calyrex|move: Protect\n|-damage|p2a: Urshifu|0 fnt\n|faint|p2a: Urshifu\n|\n|upkeep\n|\n|t:|1746033028\n|switch|p2a: Ditto|Ditto, L50|100/100\n|-transform|p2a: Ditto|p1b: Miraidon|[from] ability: Imposter\n|-activate|p2a: Ditto|ability: Hadron Engine\n|turn|5\n|\n|t:|1746033040\n|move|p2a: Ditto|Dazzling Gleam|p1b: Miraidon|[spread] p1a,p1b\n|-damage|p1a: Incineroar|82/100\n|-damage|p1b: Miraidon|0 fnt\n|faint|p1b: Miraidon\n|move|p1a: Incineroar|Knock Off|p2a: Ditto\n|-damage|p2a: Ditto|54/100\n|-enditem|p2a: Ditto|Focus Sash|[from] move: Knock Off|[of] p1a: Incineroar\n|move|p2b: Calyrex|High Horsepower|p1a: Incineroar\n|-supereffective|p1a: Incineroar\n|-damage|p1a: Incineroar|20/100\n|\n|-fieldend|move: Electric Terrain\n|upkeep\n|turn|6\n|-message|Slackermaru forfeited.\n|\n|win|yung elmers glue\n|l|\u2606Slackermaru\n|player|p1|\n||Slackermaru is ready for game 2.\n||yung elmers glue is ready for game 2.\n|uhtml|next|Next: <a href=\"/battle-gen9vgc2025regibo3-2354079224\"><strong>Game 2 of 3</strong></a>\n|l|\u2606yung elmers glue\n|player|p2|\n", "uploadtime": 1746033408, "views": 6, "formatid": "gen9vgc2025regibo3", "rating": null, "private": 0, "password": null}