{"id": "gen9vgc2025regibo3-2353799423", "format": "[Gen 9] VGC 2025 Reg I (Bo3)", "players": ["Porohobot42", "bigkingrollo"], "log": "|j|\u2606Porohobot42\n|j|\u2606bigkingrollo\n|html|<table width=\"100%\"><tr><td align=\"left\">Porohobot42</td><td align=\"right\">bigkingrollo</tr><tr><td align=\"left\"><i class=\"fa fa-circle-o\"></i> <i class=\"fa fa-circle-o\"></i> </td><td align=\"right\"><i class=\"fa fa-circle-o\"></i> <i class=\"fa fa-circle-o\"></i> </tr></table>\n|uhtml|bestof|<h2><strong>Game 1</strong> of <a href=\"/game-bestof3-gen9vgc2025regibo3-2353799422\">a best-of-3</a></h2>\n|t:|1746001949\n|gametype|doubles\n|player|p1|Porohobot42|pokefan-gen4|1047\n|player|p2|bigkingrollo|265|1042\n|teamsize|p1|6\n|teamsize|p2|6\n|gen|9\n|tier|[Gen 9] VGC 2025 Reg I (Bo3)\n|rated|\n|rule|Species Clause: Limit one of each Pok\u00e9mon\n|rule|Item Clause: Limit 1 of each item\n|clearpoke\n|poke|p1|Chien-Pao, L50|\n|poke|p1|Ting-Lu, L50|\n|poke|p1|Zamazenta-*, L50|\n|poke|p1|Kyogre, L50|\n|poke|p1|Tornadus, L50, M|\n|poke|p1|Incineroar, L50, F|\n|poke|p2|Lunala, L50|\n|poke|p2|Ninetales-Alola, L50, M|\n|poke|p2|Amoonguss, L50, M|\n|poke|p2|Incineroar, L50, M|\n|poke|p2|Raging Bolt, L50|\n|poke|p2|Kyurem-White, L50|\n|teampreview|4\n|showteam|p1|Chien-Pao||FocusSash|SwordofRuin|Protect,IceSpinner,SuckerPunch,ThroatChop||||||50|,,,,,Ghost]Ting-Lu||RockyHelmet|VesselofRuin|Protect,ZenHeadbutt,Ruination,Earthquake||||||50|,,,,,Poison]Zamazenta-Crowned||RustedShield|DauntlessShield|BodyPress,WideGuard,behemothbash,Protect||||||50|,,,,,Dragon]Kyogre||MysticWater|Drizzle|WaterSpout,OriginPulse,IceBeam,Protect||||||50|,,,,,Grass]Tornadus||CovertCloak|Prankster|BleakwindStorm,RainDance,Tailwind,Taunt|||M|||50|,,,,,Steel]Incineroar||SafetyGoggles|Intimidate|FakeOut,KnockOff,HelpingHand,PartingShot|||F|||50|,,,,,Water\n|showteam|p2|Lunala||PowerHerb|ShadowShield|MoongeistBeam,MeteorBeam,ExpandingForce,Tailwind||||||50|,,,,,Water]Ninetales-Alola||LightClay|SnowWarning|Blizzard,AuroraVeil,Encore,IcyWind|||M|||50|,,,,,Water]Amoonguss||SitrusBerry|Regenerator|PollenPuff,Spore,RagePowder,Protect|||M|||50|,,,,,Water]Incineroar||SafetyGoggles|Intimidate|FakeOut,KnockOff,FlareBlitz,PartingShot|||M|||50|,,,,,Ghost]Raging Bolt||AssaultVest|Protosynthesis|Thunderclap,Electroweb,DracoMeteor,VoltSwitch||||||50|,,,,,Electric]Kyurem-White||ChoiceSpecs|Turboblaze|Blizzard,FreezeDry,IcyWind,FusionFlare||||||50|,,,,,Ice\n|\n|t:|1746001986\n|start\n|switch|p1a: Chien-Pao|Chien-Pao, L50|100/100\n|switch|p1b: Zamazenta|Zamazenta-Crowned, L50|100/100\n|switch|p2a: Raging Bolt|Raging Bolt, L50|100/100\n|switch|p2b: Lunala|Lunala, L50|100/100\n|-ability|p1a: Chien-Pao|Sword of Ruin\n|-ability|p1b: Zamazenta|Dauntless Shield|boost\n|-boost|p1b: Zamazenta|def|1\n|turn|1\n|\n|t:|1746002009\n|-terastallize|p2b: Lunala|Water\n|move|p1a: Chien-Pao|Sucker Punch||[still]\n|-fail|p1a: Chien-Pao\n|move|p1b: Zamazenta|Body Press|p2a: Raging Bolt\n|-damage|p2a: Raging Bolt|34/100\n|move|p2b: Lunala|Tailwind|p2b: Lunala\n|-sidestart|p2: bigkingrollo|move: Tailwind\n|move|p2a: Raging Bolt|Electroweb|p1b: Zamazenta|[spread] p1a,p1b\n|-damage|p1a: Chien-Pao|61/100\n|-damage|p1b: Zamazenta|85/100\n|-unboost|p1a: Chien-Pao|spe|1\n|-unboost|p1b: Zamazenta|spe|1\n|\n|upkeep\n|turn|2\n|\n|t:|1746002049\n|move|p2a: Raging Bolt|Thunderclap|p1b: Zamazenta\n|-damage|p1b: Zamazenta|56/100\n|move|p2b: Lunala|Meteor Beam||[still]\n|-prepare|p2b: Lunala|Meteor Beam\n|-boost|p2b: Lunala|spa|1\n|-enditem|p2b: Lunala|Power Herb\n|-anim|p2b: Lunala|Meteor Beam|p1a: Chien-Pao\n|-supereffective|p1a: Chien-Pao\n|-damage|p1a: Chien-Pao|0 fnt\n|faint|p1a: Chien-Pao\n|move|p1b: Zamazenta|Body Press|p2b: Lunala\n|-damage|p2b: Lunala|73/100\n|\n|upkeep\n|\n|t:|1746002062\n|switch|p1a: Kyogre|Kyogre, L50|100/100\n|-weather|RainDance|[from] ability: Drizzle|[of] p1a: Kyogre\n|turn|3\n|\n|t:|1746002093\n|-terastallize|p1a: Kyogre|Grass\n|move|p2b: Lunala|Moongeist Beam|p1b: Zamazenta\n|-damage|p1b: Zamazenta|0 fnt\n|faint|p1b: Zamazenta\n|move|p2a: Raging Bolt|Electroweb|p1a: Kyogre\n|-resisted|p1a: Kyogre\n|-damage|p1a: Kyogre|91/100\n|-unboost|p1a: Kyogre|spe|1\n|move|p1a: Kyogre|Water Spout|p2b: Lunala|[spread] p2a,p2b\n|-resisted|p2a: Raging Bolt\n|-resisted|p2b: Lunala\n|-damage|p2a: Raging Bolt|2/100\n|-damage|p2b: Lunala|35/100\n|\n|-weather|RainDance|[upkeep]\n|upkeep\n|\n|t:|1746002107\n|switch|p1b: Tornadus|Tornadus, L50, M|100/100\n|turn|4\n|\n|t:|1746002117\n|-end|p2a: Raging Bolt|Protosynthesis|[silent]\n|switch|p2a: Ninetales|Ninetales-Alola, L50, M|100/100\n|-weather|Snowscape|[from] ability: Snow Warning|[of] p2a: Ninetales\n|move|p1b: Tornadus|Tailwind|p1b: Tornadus\n|-sidestart|p1: Porohobot42|move: Tailwind\n|move|p2b: Lunala|Moongeist Beam|p1a: Kyogre\n|-damage|p1a: Kyogre|38/100\n|move|p1a: Kyogre|Water Spout|p2b: Lunala|[spread] p2a,p2b\n|-resisted|p2b: Lunala\n|-damage|p2a: Ninetales|75/100\n|-damage|p2b: Lunala|24/100\n|\n|-weather|Snowscape|[upkeep]\n|-sideend|p2: bigkingrollo|move: Tailwind\n|upkeep\n|turn|5\n|\n|t:|1746002134\n|move|p1a: Kyogre|Protect|p1a: Kyogre\n|-singleturn|p1a: Kyogre|Protect\n|move|p1b: Tornadus|Rain Dance|p1b: Tornadus\n|-weather|RainDance\n|move|p2a: Ninetales|Aurora Veil||[still]\n|-fail|p2a: Ninetales\n|move|p2b: Lunala|Moongeist Beam|p1a: Kyogre\n|-activate|p1a: Kyogre|move: Protect\n|\n|-weather|RainDance|[upkeep]\n|upkeep\n|turn|6\n|\n|t:|1746002158\n|move|p1b: Tornadus|Bleakwind Storm|p2b: Lunala|[spread] p2a,p2b\n|-damage|p2a: Ninetales|42/100\n|-damage|p2b: Lunala|0 fnt\n|-unboost|p2a: Ninetales|spe|1\n|faint|p2b: Lunala\n|move|p1a: Kyogre|Origin Pulse|p2a: Ninetales\n|-damage|p2a: Ninetales|0 fnt\n|faint|p2a: Ninetales\n|\n|-weather|RainDance|[upkeep]\n|upkeep\n|\n|t:|1746002162\n|switch|p2a: Raging Bolt|Raging Bolt, L50|2/100\n|switch|p2b: Kyurem|Kyurem-White, L50|100/100\n|-ability|p2b: Kyurem|Turboblaze\n|turn|7\n|\n|t:|1746002180\n|move|p2a: Raging Bolt|Thunderclap|p1b: Tornadus\n|-supereffective|p1b: Tornadus\n|-damage|p1b: Tornadus|12/100\n|move|p1b: Tornadus|Bleakwind Storm|p2b: Kyurem|[spread] p2a,p2b\n|-resisted|p2a: Raging Bolt\n|-damage|p2a: Raging Bolt|0 fnt\n|-damage|p2b: Kyurem|71/100\n|faint|p2a: Raging Bolt\n|-end|p2a: Raging Bolt|Protosynthesis|[silent]\n|move|p2b: Kyurem|Freeze-Dry|p1a: Kyogre\n|-supereffective|p1a: Kyogre\n|-damage|p1a: Kyogre|0 fnt\n|faint|p1a: Kyogre\n|\n|-weather|RainDance|[upkeep]\n|-sideend|p1: Porohobot42|move: Tailwind\n|upkeep\n|turn|8\n|\n|t:|1746002187\n|move|p2b: Kyurem|Freeze-Dry|p1b: Tornadus\n|-supereffective|p1b: Tornadus\n|-damage|p1b: Tornadus|0 fnt\n|faint|p1b: Tornadus\n|\n|win|bigkingrollo\n|l|\u2606bigkingrollo\n|player|p2|\n||Porohobot42 is ready for game 2.\n||bigkingrollo is ready for game 2.\n|uhtml|next|Next: <a href=\"/battle-gen9vgc2025regibo3-2353800863\"><strong>Game 2 of 3</strong></a>\n", "uploadtime": 1746002546, "views": 9, "formatid": "gen9vgc2025regibo3", "rating": null, "private": 0, "password": null}