{"id": "gen9vgc2025regibo3-2354022511", "format": "[Gen 9] VGC 2025 Reg I (Bo3)", "players": ["TheGameInvasion", "frncee"], "log": "|j|\u2606TheGameInvasion\n|j|\u2606frncee\n|html|<table width=\"100%\"><tr><td align=\"left\">TheGameInvasion</td><td align=\"right\">frncee</tr><tr><td align=\"left\"><i class=\"fa fa-circle-o\"></i> <i class=\"fa fa-circle-o\"></i> </td><td align=\"right\"><i class=\"fa fa-circle-o\"></i> <i class=\"fa fa-circle-o\"></i> </tr></table>\n|uhtml|bestof|<h2><strong>Game 1</strong> of <a href=\"/game-bestof3-gen9vgc2025regibo3-2354022509\">a best-of-3</a></h2>\n|t:|1746028242\n|gametype|doubles\n|player|p1|TheGameInvasion|266|1054\n|player|p2|frncee|swimmerf|1088\n|teamsize|p1|6\n|teamsize|p2|6\n|gen|9\n|tier|[Gen 9] VGC 2025 Reg I (Bo3)\n|rated|\n|rule|Species Clause: Limit one of each Pok\u00e9mon\n|rule|Item Clause: Limit 1 of each item\n|clearpoke\n|poke|p1|Koraidon, L50|\n|poke|p1|Lunala, L50|\n|poke|p1|Chi-Yu, L50|\n|poke|p1|Flutter Mane, L50|\n|poke|p1|Rillaboom, L50, M|\n|poke|p1|Umbreon, L50, F|\n|poke|p2|Terapagos, L50, M|\n|poke|p2|Calyrex-Shadow, L50|\n|poke|p2|Grimmsnarl, L50, M|\n|poke|p2|Incineroar, L50, F|\n|poke|p2|Amoonguss, L50, M|\n|poke|p2|Raging Bolt, L50|\n|teampreview|4\n|showteam|p1|Koraidon||LifeOrb|OrichalcumPulse|CloseCombat,FlameCharge,FlareBlitz,Protect||||||50|,,,,,Fire]Lunala||Leftovers|ShadowShield|TrickRoom,WideGuard,MoongeistBeam,Tailwind||||||50|,,,,,Water]Chi-Yu||ChoiceScarf|BeadsofRuin|HeatWave,Overheat,DarkPulse,Snarl||||||50|,,,,,Ghost]Flutter Mane||FocusSash|Protosynthesis|IcyWind,Moonblast,ShadowBall,Protect||||||50|,,,,,Normal]Rillaboom||AssaultVest|GrassySurge|GrassyGlide,DrumBeating,Uturn,FakeOut|||M|||50|,,,,,Water]Umbreon||SafetyGoggles|InnerFocus|HelpingHand,Snarl,Yawn,Protect|||F|||50|,,,,,Poison\n|showteam|p2|Terapagos||Leftovers|TeraShift|TeraStarstorm,EarthPower,CalmMind,Protect|||M|||50|,,,,,Stellar]Calyrex-Shadow||FocusSash|AsOneSpectrier|AstralBarrage,Disable,Encore,Protect||||||50|,,,,,Ghost]Grimmsnarl||LightClay|Prankster|LightScreen,Reflect,ThunderWave,SpiritBreak|||M|||50|,,,,,Ghost]Incineroar||SafetyGoggles|Intimidate|FakeOut,KnockOff,WillOWisp,PartingShot|||F|||50|,,,,,Bug]Amoonguss||RockyHelmet|Regenerator|RagePowder,Spore,PollenPuff,Protect|||M|||50|,,,,,Water]Raging Bolt||AssaultVest|Protosynthesis|Electroweb,Thunderclap,Snarl,VoltSwitch||||||50|,,,,,Fairy\n|inactive|Battle timer is ON: inactive players will automatically lose when time's up. (requested by frncee)\n|inactive|TheGameInvasion has 60 seconds left.\n|inactive|frncee has 60 seconds left.\n|inactive|TheGameInvasion has 30 seconds left.\n|inactive|TheGameInvasion has 20 seconds left.\n|inactive|TheGameInvasion has 15 seconds left.\n|\n|t:|1746028321\n|start\n|switch|p1a: Chi-Yu|Chi-Yu, L50|100/100\n|switch|p1b: Lunala|Lunala, L50|100/100\n|switch|p2a: Terapagos|Terapagos, L50, M|100/100\n|switch|p2b: Grimmsnarl|Grimmsnarl, L50, M|100/100\n|-activate|p2a: Terapagos|ability: Tera Shift\n|detailschange|p2a: Terapagos|Terapagos-Terastal, L50, M\n|-heal|p2a: Terapagos|100/100|[silent]\n|-ability|p1a: Chi-Yu|Beads of Ruin\n|turn|1\n|inactive|TheGameInvasion has 30 seconds left.\n|inactive|TheGameInvasion has 20 seconds left.\n|\n|t:|1746028360\n|switch|p1b: Umbreon|Umbreon, L50, F|100/100\n|move|p2b: Grimmsnarl|Light Screen|p2b: Grimmsnarl\n|-sidestart|p2: frncee|move: Light Screen\n|move|p1a: Chi-Yu|Snarl|p2a: Terapagos|[spread] p2a\n|-miss|p1a: Chi-Yu|p2b: Grimmsnarl\n|-activate|p2a: Terapagos|ability: Tera Shell\n|-resisted|p2a: Terapagos\n|-crit|p2a: Terapagos\n|-damage|p2a: Terapagos|82/100\n|-unboost|p2a: Terapagos|spa|1\n|move|p2a: Terapagos|Calm Mind|p2a: Terapagos\n|-boost|p2a: Terapagos|spa|1\n|-boost|p2a: Terapagos|spd|1\n|\n|-heal|p2a: Terapagos|88/100|[from] item: Leftovers\n|upkeep\n|turn|2\n|inactive|TheGameInvasion has 30 seconds left.\n|\n|t:|1746028386\n|move|p2a: Terapagos|Protect|p2a: Terapagos\n|-singleturn|p2a: Terapagos|Protect\n|move|p1a: Chi-Yu|Snarl|p2b: Grimmsnarl|[spread] p2b\n|-activate|p2a: Terapagos|move: Protect\n|-resisted|p2b: Grimmsnarl\n|-damage|p2b: Grimmsnarl|96/100\n|-unboost|p2b: Grimmsnarl|spa|1\n|move|p2b: Grimmsnarl|Spirit Break|p1a: Chi-Yu\n|-damage|p1a: Chi-Yu|47/100\n|-unboost|p1a: Chi-Yu|spa|1\n|move|p1b: Umbreon|Yawn|p2b: Grimmsnarl\n|-start|p2b: Grimmsnarl|move: Yawn|[of] p1b: Umbreon\n|\n|-heal|p2a: Terapagos|94/100|[from] item: Leftovers\n|upkeep\n|turn|3\n|inactive|TheGameInvasion has 30 seconds left.\n|inactive|frncee has 30 seconds left.\n|\n|t:|1746028411\n|move|p1a: Chi-Yu|Snarl|p2b: Grimmsnarl|[spread] p2a,p2b\n|-resisted|p2b: Grimmsnarl\n|-damage|p2a: Terapagos|86/100\n|-damage|p2b: Grimmsnarl|94/100\n|-unboost|p2a: Terapagos|spa|1\n|-unboost|p2b: Grimmsnarl|spa|1\n|move|p2a: Terapagos|Earth Power|p1b: Umbreon\n|-damage|p1b: Umbreon|85/100\n|-unboost|p1b: Umbreon|spd|1\n|move|p2b: Grimmsnarl|Spirit Break|p1a: Chi-Yu\n|-damage|p1a: Chi-Yu|0 fnt\n|faint|p1a: Chi-Yu\n|move|p1b: Umbreon|Snarl|p2b: Grimmsnarl|[spread] p2a,p2b\n|-resisted|p2b: Grimmsnarl\n|-damage|p2a: Terapagos|83/100\n|-damage|p2b: Grimmsnarl|92/100\n|-unboost|p2a: Terapagos|spa|1\n|-unboost|p2b: Grimmsnarl|spa|1\n|\n|-heal|p2a: Terapagos|90/100|[from] item: Leftovers\n|-end|p2b: Grimmsnarl|move: Yawn|[silent]\n|-status|p2b: Grimmsnarl|slp\n|upkeep\n|inactive|TheGameInvasion has 30 seconds left.\n|\n|t:|1746028439\n|switch|p1a: Koraidon|Koraidon, L50|100/100\n|-weather|SunnyDay|[from] ability: Orichalcum Pulse|[of] p1a: Koraidon\n|-activate|p1a: Koraidon|Orichalcum Pulse|[source]\n|turn|4\n|\n|t:|1746028451\n|move|p1b: Umbreon|Helping Hand|p1a: Koraidon\n|-singleturn|p1a: Koraidon|Helping Hand|[of] p1b: Umbreon\n|move|p2a: Terapagos|Protect|p2a: Terapagos\n|-singleturn|p2a: Terapagos|Protect\n|cant|p2b: Grimmsnarl|slp\n|move|p1a: Koraidon|Close Combat|p2a: Terapagos\n|-activate|p2a: Terapagos|move: Protect\n|\n|-weather|SunnyDay|[upkeep]\n|-heal|p2a: Terapagos|96/100|[from] item: Leftovers\n|upkeep\n|turn|5\n|\n|t:|1746028469\n|switch|p2a: Calyrex|Calyrex-Shadow, L50|100/100\n|-ability|p2a: Calyrex|As One\n|-ability|p2a: Calyrex|Unnerve\n|move|p1b: Umbreon|Helping Hand|p1a: Koraidon\n|-singleturn|p1a: Koraidon|Helping Hand|[of] p1b: Umbreon\n|-curestatus|p2b: Grimmsnarl|slp|[msg]\n|move|p2b: Grimmsnarl|Reflect|p2b: Grimmsnarl\n|-sidestart|p2: frncee|Reflect\n|move|p1a: Koraidon|Close Combat|p2a: Calyrex\n|-immune|p2a: Calyrex\n|\n|-weather|SunnyDay|[upkeep]\n|upkeep\n|turn|6\n|\n|t:|1746028493\n|switch|p1a: Lunala|Lunala, L50|100/100\n|move|p2a: Calyrex|Encore||[still]\n|-fail|p2a: Calyrex\n|move|p2b: Grimmsnarl|Spirit Break|p1b: Umbreon\n|-supereffective|p1b: Umbreon\n|-damage|p1b: Umbreon|44/100\n|-unboost|p1b: Umbreon|spa|1\n|move|p1b: Umbreon|Snarl|p2a: Calyrex|[spread] p2a,p2b\n|-supereffective|p2a: Calyrex\n|-resisted|p2b: Grimmsnarl\n|-damage|p2a: Calyrex|85/100\n|-damage|p2b: Grimmsnarl|91/100\n|-unboost|p2a: Calyrex|spa|1\n|-unboost|p2b: Grimmsnarl|spa|1\n|\n|-weather|SunnyDay|[upkeep]\n|upkeep\n|turn|7\n|inactive|TheGameInvasion has 30 seconds left.\n|inactive|TheGameInvasion has 20 seconds left.\n|inactive|TheGameInvasion has 15 seconds left.\n|inactive|TheGameInvasion has 10 seconds left.\n|inactive|frncee has 30 seconds left.\n|inactive|TheGameInvasion has 5 seconds left.\n|\n|t:|1746028548\n|switch|p2a: Terapagos|Terapagos-Terastal, L50, M|96/100\n|-terastallize|p1a: Lunala|Water\n|move|p1a: Lunala|Moongeist Beam|p2a: Terapagos\n|-immune|p2a: Terapagos\n|move|p2b: Grimmsnarl|Spirit Break|p1b: Umbreon\n|-supereffective|p1b: Umbreon\n|-damage|p1b: Umbreon|0 fnt\n|faint|p1b: Umbreon\n|\n|-weather|SunnyDay|[upkeep]\n|-heal|p2a: Terapagos|100/100|[from] item: Leftovers\n|upkeep\n|\n|t:|1746028565\n|switch|p1b: Koraidon|Koraidon, L50|100/100\n|-activate|p1b: Koraidon|ability: Orichalcum Pulse\n|turn|8\n|inactive|TheGameInvasion has 30 seconds left.\n|\n|t:|1746028590\n|move|p2b: Grimmsnarl|Thunder Wave|p1b: Koraidon\n|-status|p1b: Koraidon|par\n|move|p1a: Lunala|Moongeist Beam|p2b: Grimmsnarl\n|-resisted|p2b: Grimmsnarl\n|-damage|p2b: Grimmsnarl|77/100\n|move|p2a: Terapagos|Calm Mind|p2a: Terapagos\n|-boost|p2a: Terapagos|spa|1\n|-boost|p2a: Terapagos|spd|1\n|move|p1b: Koraidon|Close Combat|p2a: Terapagos\n|-activate|p2a: Terapagos|ability: Tera Shell\n|-resisted|p2a: Terapagos\n|-damage|p2a: Terapagos|73/100\n|-unboost|p1b: Koraidon|def|1\n|-unboost|p1b: Koraidon|spd|1\n|-damage|p1b: Koraidon|91/100 par|[from] item: Life Orb\n|\n|-weather|none\n|-heal|p2a: Terapagos|79/100|[from] item: Leftovers\n|-sideend|p2: frncee|move: Light Screen\n|upkeep\n|turn|9\n|-message|TheGameInvasion forfeited.\n|\n|win|frncee\n|l|\u2606TheGameInvasion\n|player|p1|\n|raw|TheGameInvasion's rating: 1054 &rarr; <strong>1038</strong><br />(-16 for losing)\n|raw|frncee's rating: 1088 &rarr; <strong>1112</strong><br />(+24 for winning)\n", "uploadtime": 1746028612, "views": 6, "formatid": "gen9vgc2025regibo3", "rating": 1038, "private": 0, "password": null}