{"id": "gen9vgc2025regibo3-2354218460", "format": "[Gen 9] VGC 2025 Reg I (Bo3)", "players": ["Sticky Glob", "choosenickname123"], "log": "|j|\u2606Sticky Glob\n|j|\u2606choosenickname123\n|html|<table width=\"100%\"><tr><td align=\"left\">Sticky Glob</td><td align=\"right\">choosenickname123</tr><tr><td align=\"left\"><i class=\"fa fa-circle\"></i> <i class=\"fa fa-circle-o\"></i> </td><td align=\"right\"><i class=\"fa fa-circle-o\"></i> <i class=\"fa fa-circle\"></i> </tr></table>\n|uhtml|bestof|<h2><strong>Game 3</strong> of <a href=\"/game-bestof3-gen9vgc2025regibo3-2354214600\">a best-of-3</a></h2>\n|t:|1746045805\n|gametype|doubles\n|player|p1|Sticky Glob|clown|1356\n|player|p2|choosenickname123|265|1291\n|teamsize|p1|6\n|teamsize|p2|6\n|gen|9\n|tier|[Gen 9] VGC 2025 Reg I (Bo3)\n|rated|\n|rule|Species Clause: Limit one of each Pok\u00e9mon\n|rule|Item Clause: Limit 1 of each item\n|clearpoke\n|poke|p1|Calyrex-Shadow, L50|\n|poke|p1|Tornadus, L50, M|\n|poke|p1|Urshifu-*, L50, F|\n|poke|p1|Zamazenta-*, L50|\n|poke|p1|Rillaboom, L50, M|\n|poke|p1|Chien-Pao, L50|\n|poke|p2|Calyrex-Shadow, L50|\n|poke|p2|Zamazenta-*, L50|\n|poke|p2|Chi-Yu, L50|\n|poke|p2|Indeedee-F, L50, F|\n|poke|p2|Tornadus, L50, M|\n|poke|p2|Urshifu-*, L50, M|\n|teampreview|4\n|showteam|p1|Calyrex-Shadow||FocusSash|AsOneSpectrier|AstralBarrage,Psychic,Encore,Protect||||||50|,,,,,Ghost]Tornadus||RockyHelmet|Prankster|Tailwind,RainDance,BleakwindStorm,Protect|||M|||50|,,,,,Dark]Urshifu-Rapid-Strike||MysticWater|UnseenFist|SurgingStrikes,CloseCombat,AquaJet,Detect|||F|||50|,,,,,Water]Zamazenta-Crowned||RustedShield|DauntlessShield|BodyPress,HeavySlam,WideGuard,Protect||||||50|,,,,,Ghost]Rillaboom||AssaultVest|GrassySurge|WoodHammer,Uturn,GrassyGlide,FakeOut|||M|||50|,,,,,Fire]Chien-Pao||LifeOrb|SwordofRuin|IcicleCrash,IceShard,SuckerPunch,Protect||||||50|,,,,,Stellar\n|showteam|p2|Calyrex-Shadow||LifeOrb|AsOneSpectrier|AstralBarrage,Psychic,NastyPlot,Protect||||||50|,,,,,Dark]Zamazenta-Crowned||RustedShield|DauntlessShield|BodyPress,behemothbash,WideGuard,Protect||||||50|,,,,,Water]Chi-Yu||ChoiceScarf|BeadsofRuin|HeatWave,Overheat,DarkPulse,Snarl||||||50|,,,,,Ghost]Indeedee-F||RockyHelmet|PsychicSurge|FollowMe,HelpingHand,Psychic,Protect|||F|||50|,,,,,Water]Tornadus||CovertCloak|Prankster|Tailwind,RainDance,BleakwindStorm,Protect|||M|||50|,,,,,Dark]Urshifu-Rapid-Strike||FocusSash|UnseenFist|SurgingStrikes,CloseCombat,AquaJet,Protect|||M|||50|,,,,,Stellar\n|inactive|Battle timer is ON: inactive players will automatically lose when time's up. (requested by choosenickname123)\n|inactive|Sticky Glob also wants the timer to be on.\n|\n|t:|1746045818\n|start\n|switch|p1a: Calyrex|Calyrex-Shadow, L50|100/100\n|switch|p1b: Tornadus|Tornadus, L50, M|100/100\n|switch|p2a: Calyrex|Calyrex-Shadow, L50|100/100\n|switch|p2b: Chi-Yu|Chi-Yu, L50|100/100\n|-ability|p2a: Calyrex|As One\n|-ability|p2a: Calyrex|Unnerve\n|-ability|p1a: Calyrex|As One\n|-ability|p1a: Calyrex|Unnerve\n|-ability|p2b: Chi-Yu|Beads of Ruin\n|turn|1\n|\n|t:|1746045835\n|-terastallize|p2a: Calyrex|Dark\n|move|p1a: Calyrex|Protect|p1a: Calyrex\n|-singleturn|p1a: Calyrex|Protect\n|move|p1b: Tornadus|Tailwind|p1b: Tornadus\n|-sidestart|p1: Sticky Glob|move: Tailwind\n|move|p2b: Chi-Yu|Heat Wave|p1b: Tornadus|[spread] p1b\n|-activate|p1a: Calyrex|move: Protect\n|-damage|p1b: Tornadus|26/100\n|move|p2a: Calyrex|Astral Barrage|p1b: Tornadus|[spread] p1b\n|-activate|p1a: Calyrex|move: Protect\n|-damage|p1b: Tornadus|0 fnt\n|faint|p1b: Tornadus\n|-ability|p2a: Calyrex|Grim Neigh|boost\n|-boost|p2a: Calyrex|spa|1\n|-damage|p2a: Calyrex|91/100|[from] item: Life Orb\n|\n|upkeep\n|\n|t:|1746045848\n|switch|p1b: Urshifu|Urshifu-Rapid-Strike, L50, F|100/100\n|turn|2\n|\n|t:|1746045859\n|-terastallize|p1b: Urshifu|Water\n|move|p1a: Calyrex|Astral Barrage|p2b: Chi-Yu|[spread] p2a,p2b\n|-resisted|p2a: Calyrex\n|-resisted|p2b: Chi-Yu\n|-damage|p2a: Calyrex|54/100\n|-damage|p2b: Chi-Yu|67/100\n|move|p1b: Urshifu|Surging Strikes|p2a: Calyrex\n|-crit|p2a: Calyrex\n|-damage|p2a: Calyrex|9/100\n|-crit|p2a: Calyrex\n|-damage|p2a: Calyrex|0 fnt\n|faint|p2a: Calyrex\n|-hitcount|p2: Calyrex|2\n|move|p2b: Chi-Yu|Heat Wave|p1b: Urshifu|[spread] p1a,p1b\n|-resisted|p1b: Urshifu\n|-damage|p1a: Calyrex|48/100\n|-damage|p1b: Urshifu|66/100\n|-status|p1b: Urshifu|brn\n|\n|-damage|p1b: Urshifu|60/100 brn|[from] brn\n|upkeep\n|\n|t:|1746045869\n|switch|p2a: Indeedee|Indeedee-F, L50, F|100/100\n|-fieldstart|move: Psychic Terrain|[from] ability: Psychic Surge|[of] p2a: Indeedee\n|turn|3\n|\n|t:|1746045874\n|move|p2a: Indeedee|Follow Me|p2a: Indeedee\n|-singleturn|p2a: Indeedee|move: Follow Me\n|move|p1a: Calyrex|Astral Barrage|p2b: Chi-Yu|[spread] p2b\n|-immune|p2a: Indeedee\n|-resisted|p2b: Chi-Yu\n|-damage|p2b: Chi-Yu|34/100\n|move|p1b: Urshifu|Surging Strikes|p2a: Indeedee\n|-crit|p2a: Indeedee\n|-damage|p2a: Indeedee|85/100\n|-damage|p1b: Urshifu|43/100 brn|[from] item: Rocky Helmet|[of] p2a: Indeedee\n|-crit|p2a: Indeedee\n|-damage|p2a: Indeedee|68/100\n|-damage|p1b: Urshifu|26/100 brn|[from] item: Rocky Helmet|[of] p2a: Indeedee\n|-crit|p2a: Indeedee\n|-damage|p2a: Indeedee|52/100\n|-damage|p1b: Urshifu|10/100 brn|[from] item: Rocky Helmet|[of] p2a: Indeedee\n|-hitcount|p2a: Indeedee|3\n|move|p2b: Chi-Yu|Heat Wave|p1a: Calyrex|[spread] p1a,p1b\n|-crit|p1a: Calyrex\n|-resisted|p1b: Urshifu\n|-crit|p1b: Urshifu\n|-damage|p1a: Calyrex|0 fnt\n|-damage|p1b: Urshifu|0 fnt\n|faint|p1a: Calyrex\n|faint|p1b: Urshifu\n|\n|upkeep\n|\n|t:|1746045888\n|switch|p1b: Rillaboom|Rillaboom, L50, M|100/100\n|-fieldstart|move: Grassy Terrain|[from] ability: Grassy Surge|[of] p1b: Rillaboom\n|turn|4\n|\n|t:|1746045899\n|switch|p2b: Zamazenta|Zamazenta-Crowned, L50|100/100\n|-ability|p2b: Zamazenta|Dauntless Shield|boost\n|-boost|p2b: Zamazenta|def|1\n|move|p1b: Rillaboom|Fake Out|p2b: Zamazenta\n|-resisted|p2b: Zamazenta\n|-damage|p2b: Zamazenta|98/100\n|move|p2a: Indeedee|Psychic|p1b: Rillaboom\n|-damage|p1b: Rillaboom|84/100\n|\n|-heal|p1b: Rillaboom|90/100|[from] Grassy Terrain\n|-heal|p2b: Zamazenta|100/100|[from] Grassy Terrain\n|-heal|p2a: Indeedee|59/100|[from] Grassy Terrain\n|-sideend|p1: Sticky Glob|move: Tailwind\n|upkeep\n|turn|5\n|c|\u2606choosenickname123|gg\n|inactive|Sticky Glob has 30 seconds left.\n|\n|t:|1746045924\n|move|p2a: Indeedee|Helping Hand|p2b: Zamazenta\n|-singleturn|p2b: Zamazenta|Helping Hand|[of] p2a: Indeedee\n|move|p2b: Zamazenta|Body Press|p1b: Rillaboom\n|-damage|p1b: Rillaboom|0 fnt\n|faint|p1b: Rillaboom\n|\n|win|choosenickname123\n|raw|Sticky Glob's rating: 1356 &rarr; <strong>1332</strong><br />(-24 for losing)\n|raw|choosenickname123's rating: 1291 &rarr; <strong>1321</strong><br />(+30 for winning)\n|l|\u2606Sticky Glob\n|player|p1|\n", "uploadtime": 1746045951, "views": 15, "formatid": "gen9vgc2025regibo3", "rating": 1321, "private": 0, "password": null}