{"id": "gen9vgc2025regibo3-2354613050", "format": "[Gen 9] VGC 2025 Reg I (Bo3)", "players": ["ArcignoVGC", "carrotbeafsteak"], "log": "|j|\u2606ArcignoVGC\n|j|\u2606carrotbeafsteak\n|html|<table width=\"100%\"><tr><td align=\"left\">ArcignoVGC</td><td align=\"right\">carrotbeafsteak</tr><tr><td align=\"left\"><i class=\"fa fa-circle-o\"></i> <i class=\"fa fa-circle-o\"></i> </td><td align=\"right\"><i class=\"fa fa-circle-o\"></i> <i class=\"fa fa-circle\"></i> </tr></table>\n|uhtml|bestof|<h2><strong>Game 2</strong> of <a href=\"/game-bestof3-gen9vgc2025regibo3-2354611140\">a best-of-3</a></h2>\n|t:|1746102848\n|gametype|doubles\n|player|p1|ArcignoVGC|steven|1314\n|player|p2|carrotbeafsteak|lady-gen4|1268\n|teamsize|p1|6\n|teamsize|p2|6\n|gen|9\n|tier|[Gen 9] VGC 2025 Reg I (Bo3)\n|rated|\n|rule|Species Clause: Limit one of each Pok\u00e9mon\n|rule|Item Clause: Limit 1 of each item\n|clearpoke\n|poke|p1|Miraidon, L50|\n|poke|p1|Lunala, L50|\n|poke|p1|Whimsicott, L50, F|\n|poke|p1|Chi-Yu, L50|\n|poke|p1|Urshifu-*, L50, F|\n|poke|p1|Iron Hands, L50|\n|poke|p2|Miraidon, L50|\n|poke|p2|Zamazenta-*, L50|\n|poke|p2|Murkrow, L50, F|\n|poke|p2|Bruxish, L50, M|\n|poke|p2|Avalugg-Hisui, L50, M|\n|poke|p2|Maushold-Four, L50|\n|teampreview|4\n|showteam|p1|Miraidon||ChoiceSpecs|HadronEngine|ElectroDrift,VoltSwitch,DracoMeteor,DazzlingGleam||||||50|,,,,,Fairy]Lunala||ElectricSeed|ShadowShield|MoongeistBeam,Psyshock,TrickRoom,WideGuard||||||50|,,,,,Water]Whimsicott||CovertCloak|Prankster|Moonblast,Tailwind,Encore,LightScreen|||F|||50|,,,,,Dark]Chi-Yu||ChoiceScarf|BeadsofRuin|HeatWave,DarkPulse,Overheat,Snarl||||||50|,,,,,Ghost]Urshifu-Rapid-Strike||FocusSash|UnseenFist|SurgingStrikes,CloseCombat,AquaJet,Detect|||F|||50|,,,,,Stellar]Iron Hands||AssaultVest|QuarkDrive|DrainPunch,LowKick,WildCharge,FakeOut||||||50|,,,,,Water\n|showteam|p2|Miraidon||LifeOrb|HadronEngine|Protect,ElectroDrift,DazzlingGleam,DracoMeteor||||||50|,,,,,Stellar]Zamazenta-Crowned||RustedShield|DauntlessShield|Protect,BodyPress,behemothbash,WideGuard||||||50|,,,,,Ghost]Murkrow||FocusSash|Prankster|Tailwind,Haze,Torment,DarkPulse|||F|||50|,,,,,Ghost]Bruxish||ChoiceScarf|Dazzling|WaveCrash,PsychicFangs,IcyWind,FlipTurn|||M|||50|,,,,,Normal]Avalugg-Hisui||LoadedDice|Sturdy|Protect,RockBlast,IcicleSpear,WideGuard|||M|||50|,,,,,Ghost]Maushold-Four||WideLens|Technician|FollowMe,ThunderWave,Bite,PopulationBomb||||||50|,,,,,Normal\n|\n|t:|1746102913\n|start\n|switch|p1a: Whimsicott|Whimsicott, L50, F|100/100\n|switch|p1b: Urshifu|Urshifu-Rapid-Strike, L50, F|100/100\n|switch|p2a: Murkrow|Murkrow, L50, F|100/100\n|switch|p2b: Miraidon|Miraidon, L50|100/100\n|-fieldstart|move: Electric Terrain|[from] ability: Hadron Engine|[of] p2b: Miraidon\n|turn|1\n|\n|t:|1746102932\n|switch|p2a: Bruxish|Bruxish, L50, M|100/100\n|move|p1a: Whimsicott|Tailwind|p1a: Whimsicott\n|-sidestart|p1: ArcignoVGC|move: Tailwind\n|move|p1b: Urshifu|Surging Strikes|p2a: Bruxish\n|-resisted|p2a: Bruxish\n|-crit|p2a: Bruxish\n|-damage|p2a: Bruxish|82/100\n|-resisted|p2a: Bruxish\n|-crit|p2a: Bruxish\n|-damage|p2a: Bruxish|64/100\n|-resisted|p2a: Bruxish\n|-crit|p2a: Bruxish\n|-damage|p2a: Bruxish|46/100\n|-hitcount|p2a: Bruxish|3\n|move|p2b: Miraidon|Electro Drift|p1b: Urshifu\n|-supereffective|p1b: Urshifu\n|-enditem|p1b: Urshifu|Focus Sash\n|-damage|p1b: Urshifu|1/100\n|-damage|p2b: Miraidon|91/100|[from] item: Life Orb\n|\n|upkeep\n|turn|2\n|\n|t:|1746102965\n|move|p1b: Urshifu|Close Combat|p2b: Miraidon\n|-damage|p2b: Miraidon|21/100\n|-unboost|p1b: Urshifu|def|1\n|-unboost|p1b: Urshifu|spd|1\n|move|p1a: Whimsicott|Moonblast|p2b: Miraidon\n|-supereffective|p2b: Miraidon\n|-damage|p2b: Miraidon|0 fnt\n|faint|p2b: Miraidon\n|move|p2a: Bruxish|Psychic Fangs|p1a: Whimsicott\n|-damage|p1a: Whimsicott|65/100\n|\n|upkeep\n|\n|t:|1746102976\n|switch|p2b: Murkrow|Murkrow, L50, F|100/100\n|turn|3\n|\n|t:|1746102989\n|move|p2b: Murkrow|Tailwind|p2b: Murkrow\n|-sidestart|p2: carrotbeafsteak|move: Tailwind\n|move|p2a: Bruxish|Psychic Fangs|p1b: Urshifu\n|-supereffective|p1b: Urshifu\n|-damage|p1b: Urshifu|0 fnt\n|faint|p1b: Urshifu\n|move|p1a: Whimsicott|Moonblast|p2b: Murkrow\n|-supereffective|p2b: Murkrow\n|-enditem|p2b: Murkrow|Focus Sash\n|-damage|p2b: Murkrow|1/100\n|\n|upkeep\n|\n|t:|1746103003\n|switch|p1b: Lunala|Lunala, L50|100/100\n|-enditem|p1b: Lunala|Electric Seed\n|-boost|p1b: Lunala|def|1|[from] item: Electric Seed\n|turn|4\n|\n|t:|1746103015\n|move|p2a: Bruxish|Psychic Fangs|p1b: Lunala\n|-resisted|p1b: Lunala\n|-damage|p1b: Lunala|95/100\n|move|p2b: Murkrow|Dark Pulse|p1b: Lunala\n|-supereffective|p1b: Lunala\n|-damage|p1b: Lunala|14/100\n|move|p1a: Whimsicott|Moonblast|p2b: Murkrow\n|-supereffective|p2b: Murkrow\n|-damage|p2b: Murkrow|0 fnt\n|faint|p2b: Murkrow\n|move|p1b: Lunala|Moongeist Beam|p2a: Bruxish\n|-supereffective|p2a: Bruxish\n|-damage|p2a: Bruxish|0 fnt\n|faint|p2a: Bruxish\n|\n|-sideend|p1: ArcignoVGC|move: Tailwind\n|upkeep\n|\n|t:|1746103025\n|switch|p2a: Zamazenta|Zamazenta-Crowned, L50|100/100\n|-ability|p2a: Zamazenta|Dauntless Shield|boost\n|-boost|p2a: Zamazenta|def|1\n|turn|5\n|\n|t:|1746103050\n|move|p1a: Whimsicott|Tailwind|p1a: Whimsicott\n|-sidestart|p1: ArcignoVGC|move: Tailwind\n|move|p2a: Zamazenta|Behemoth Bash|p1a: Whimsicott\n|-supereffective|p1a: Whimsicott\n|-damage|p1a: Whimsicott|0 fnt\n|faint|p1a: Whimsicott\n|move|p1b: Lunala|Moongeist Beam|p2a: Zamazenta\n|-damage|p2a: Zamazenta|66/100\n|\n|-fieldend|move: Electric Terrain\n|upkeep\n|\n|t:|1746103055\n|switch|p1a: Miraidon|Miraidon, L50|100/100\n|-fieldstart|move: Electric Terrain|[from] ability: Hadron Engine|[of] p1a: Miraidon\n|turn|6\n|\n|t:|1746103063\n|-terastallize|p1a: Miraidon|Fairy\n|move|p1a: Miraidon|Electro Drift|p2a: Zamazenta\n|-damage|p2a: Zamazenta|0 fnt\n|faint|p2a: Zamazenta\n|\n|win|ArcignoVGC\n||carrotbeafsteak is ready for game 3.\n||ArcignoVGC is ready for game 3.\n|uhtml|next|Next: <a href=\"/battle-gen9vgc2025regibo3-2354614772\"><strong>Game 3 of 3</strong></a>\n|l|\u2606carrotbeafsteak\n|player|p2|\n|l|\u2606ArcignoVGC\n|player|p1|\n", "uploadtime": 1746103425, "views": 7, "formatid": "gen9vgc2025regibo3", "rating": null, "private": 0, "password": null}