{"id": "gen9vgc2025regibo3-2354915887", "format": "[Gen 9] VGC 2025 Reg I (Bo3)", "players": ["Monsteralover", "albospada"], "log": "|j|\u2606Monsteralover\n|j|\u2606albospada\n|html|<table width=\"100%\"><tr><td align=\"left\">Monsteralover</td><td align=\"right\">albospada</tr><tr><td align=\"left\"><i class=\"fa fa-circle-o\"></i> <i class=\"fa fa-circle-o\"></i> </td><td align=\"right\"><i class=\"fa fa-circle-o\"></i> <i class=\"fa fa-circle-o\"></i> </tr></table>\n|uhtml|bestof|<h2><strong>Game 1</strong> of <a href=\"/game-bestof3-gen9vgc2025regibo3-2354915886\">a best-of-3</a></h2>\n|t:|1746131398\n|gametype|doubles\n|player|p1|Monsteralover|baker|1321\n|player|p2|albospada|colress|1320\n|teamsize|p1|6\n|teamsize|p2|6\n|gen|9\n|tier|[Gen 9] VGC 2025 Reg I (Bo3)\n|rated|\n|rule|Species Clause: Limit one of each Pok\u00e9mon\n|rule|Item Clause: Limit 1 of each item\n|clearpoke\n|poke|p1|Terapagos, L50, M|\n|poke|p1|Incineroar, L50, F|\n|poke|p1|Rillaboom, L50, F|\n|poke|p1|Ogerpon-Cornerstone, L50, F|\n|poke|p1|Grimmsnarl, L50, M|\n|poke|p1|Calyrex-Shadow, L50|\n|poke|p2|Calyrex-Shadow, L50|\n|poke|p2|Zamazenta-*, L50|\n|poke|p2|Tornadus, L50, M|\n|poke|p2|Rillaboom, L50, F|\n|poke|p2|Chien-Pao, L50|\n|poke|p2|Urshifu-*, L50, F|\n|teampreview|4\n|showteam|p1|Terapagos||Leftovers|TeraShift|TeraStarstorm,EarthPower,Protect,CalmMind|||M|||50|,,,,,Stellar]Incineroar||RockyHelmet|Intimidate|KnockOff,FakeOut,WillOWisp,PartingShot|||F|||50|,,,,,Water]Rillaboom||AssaultVest|GrassySurge|FakeOut,DrumBeating,Uturn,GrassyGlide|||F|||50|,,,,,Fire]Ogerpon-Cornerstone||CornerstoneMask|Sturdy|IvyCudgel,SpikyShield,FollowMe,Encore|||F|||50|,,,,,Rock]Grimmsnarl||LightClay|Prankster|SpiritBreak,Reflect,ThunderWave,LightScreen|||M|||50|,,,,,Ghost]Calyrex-Shadow||FocusSash|AsOneSpectrier|AstralBarrage,Psychic,NastyPlot,Protect||||||50|,,,,,Ghost\n|showteam|p2|Calyrex-Shadow||FocusSash|AsOneSpectrier|AstralBarrage,Encore,Protect,Psychic||||||50|,,,,,Ghost]Zamazenta-Crowned||RustedShield|DauntlessShield|BodyPress,HeavySlam,WideGuard,Protect||||||50|,,,,,Dragon]Tornadus||RockyHelmet|Prankster|Tailwind,BleakwindStorm,RainDance,Protect|||M|||50|,,,,,Normal]Rillaboom||AssaultVest|GrassySurge|WoodHammer,GrassyGlide,FakeOut,KnockOff|||F|||50|,,,,,Fire]Chien-Pao||LifeOrb|SwordofRuin|IcicleCrash,Crunch,SuckerPunch,Protect||||||50|,,,,,Ghost]Urshifu-Rapid-Strike||MysticWater|UnseenFist|SurgingStrikes,Taunt,Protect,AquaJet|||F|||50|,,,,,Water\n|\n|t:|1746131447\n|start\n|switch|p1a: Terapagos|Terapagos, L50, M|100/100\n|switch|p1b: Grimmsnarl|Grimmsnarl, L50, M|100/100\n|switch|p2a: Zamazenta|Zamazenta-Crowned, L50|100/100\n|switch|p2b: Chien-Pao|Chien-Pao, L50|100/100\n|-activate|p1a: Terapagos|ability: Tera Shift\n|detailschange|p1a: Terapagos|Terapagos-Terastal, L50, M\n|-heal|p1a: Terapagos|100/100|[silent]\n|-ability|p2b: Chien-Pao|Sword of Ruin\n|-ability|p2a: Zamazenta|Dauntless Shield|boost\n|-boost|p2a: Zamazenta|def|1\n|turn|1\n|\n|t:|1746131502\n|move|p1b: Grimmsnarl|Reflect|p1b: Grimmsnarl\n|-sidestart|p1: Monsteralover|Reflect\n|move|p2b: Chien-Pao|Icicle Crash|p1a: Terapagos\n|-activate|p1a: Terapagos|ability: Tera Shell\n|-resisted|p1a: Terapagos\n|-damage|p1a: Terapagos|86/100\n|-damage|p2b: Chien-Pao|91/100|[from] item: Life Orb\n|move|p2a: Zamazenta|Heavy Slam|p1b: Grimmsnarl\n|-supereffective|p1b: Grimmsnarl\n|-damage|p1b: Grimmsnarl|18/100\n|move|p1a: Terapagos|Calm Mind|p1a: Terapagos\n|-boost|p1a: Terapagos|spa|1\n|-boost|p1a: Terapagos|spd|1\n|\n|-heal|p1a: Terapagos|92/100|[from] item: Leftovers\n|upkeep\n|turn|2\n|\n|t:|1746131528\n|move|p1a: Terapagos|Protect|p1a: Terapagos\n|-singleturn|p1a: Terapagos|Protect\n|move|p1b: Grimmsnarl|Thunder Wave|p2a: Zamazenta\n|-status|p2a: Zamazenta|par\n|move|p2b: Chien-Pao|Icicle Crash|p1b: Grimmsnarl|[miss]\n|-miss|p2b: Chien-Pao|p1b: Grimmsnarl\n|move|p2a: Zamazenta|Body Press|p1a: Terapagos\n|-activate|p1a: Terapagos|move: Protect\n|\n|-heal|p1a: Terapagos|98/100|[from] item: Leftovers\n|upkeep\n|turn|3\n|\n|t:|1746131550\n|-terastallize|p1a: Terapagos|Stellar\n|detailschange|p1a: Terapagos|Terapagos-Stellar, L50, M, tera:Stellar\n|-heal|p1a: Terapagos|99/100|[silent]\n|move|p2b: Chien-Pao|Icicle Crash|p1a: Terapagos|[miss]\n|-miss|p2b: Chien-Pao|p1a: Terapagos\n|move|p1a: Terapagos|Tera Starstorm|p2b: Chien-Pao|[spread] p2a,p2b\n|-damage|p2a: Zamazenta|69/100 par\n|-damage|p2b: Chien-Pao|17/100\n|move|p1b: Grimmsnarl|Spirit Break|p2b: Chien-Pao\n|-supereffective|p2b: Chien-Pao\n|-damage|p2b: Chien-Pao|0 fnt\n|faint|p2b: Chien-Pao\n|move|p2a: Zamazenta|Body Press|p1a: Terapagos\n|-supereffective|p1a: Terapagos\n|-damage|p1a: Terapagos|51/100\n|\n|-heal|p1a: Terapagos|57/100|[from] item: Leftovers\n|upkeep\n|\n|t:|1746131558\n|switch|p2b: Rillaboom|Rillaboom, L50, F|100/100\n|-fieldstart|move: Grassy Terrain|[from] ability: Grassy Surge|[of] p2b: Rillaboom\n|turn|4\n|\n|t:|1746131598\n|move|p1a: Terapagos|Protect|p1a: Terapagos\n|-singleturn|p1a: Terapagos|Protect\n|move|p2b: Rillaboom|Grassy Glide|p1b: Grimmsnarl\n|-damage|p1b: Grimmsnarl|0 fnt\n|faint|p1b: Grimmsnarl\n|move|p2a: Zamazenta|Body Press|p1a: Terapagos\n|-activate|p1a: Terapagos|move: Protect\n|\n|-heal|p1a: Terapagos|63/100|[from] Grassy Terrain\n|-heal|p1a: Terapagos|69/100|[from] item: Leftovers\n|-heal|p2a: Zamazenta|74/100 par|[from] Grassy Terrain\n|upkeep\n|\n|t:|1746131620\n|switch|p1b: Calyrex|Calyrex-Shadow, L50|100/100\n|-ability|p1b: Calyrex|As One\n|-ability|p1b: Calyrex|Unnerve\n|turn|5\n|\n|t:|1746131643\n|move|p2a: Zamazenta|Protect|p2a: Zamazenta\n|-singleturn|p2a: Zamazenta|Protect\n|move|p1b: Calyrex|Psychic|p2a: Zamazenta\n|-activate|p2a: Zamazenta|move: Protect\n|move|p1a: Terapagos|Tera Starstorm|p2b: Rillaboom|[spread] p2b\n|-activate|p2a: Zamazenta|move: Protect\n|-damage|p2b: Rillaboom|64/100\n|move|p2b: Rillaboom|Wood Hammer|p1b: Calyrex\n|-damage|p1b: Calyrex|38/100\n|-damage|p2b: Rillaboom|46/100|[from] Recoil\n|\n|-heal|p1b: Calyrex|45/100|[from] Grassy Terrain\n|-heal|p2b: Rillaboom|52/100|[from] Grassy Terrain\n|-heal|p1a: Terapagos|75/100|[from] Grassy Terrain\n|-heal|p1a: Terapagos|81/100|[from] item: Leftovers\n|-heal|p2a: Zamazenta|80/100 par|[from] Grassy Terrain\n|upkeep\n|turn|6\n|\n|t:|1746131673\n|move|p2a: Zamazenta|Wide Guard|p2a: Zamazenta\n|-singleturn|p2a: Zamazenta|Wide Guard\n|move|p1b: Calyrex|Psychic|p2a: Zamazenta\n|-damage|p2a: Zamazenta|45/100 par\n|-unboost|p2a: Zamazenta|spd|1\n|move|p1a: Terapagos|Earth Power|p2a: Zamazenta\n|-supereffective|p2a: Zamazenta\n|-damage|p2a: Zamazenta|0 fnt\n|faint|p2a: Zamazenta\n|move|p2b: Rillaboom|Wood Hammer|p1b: Calyrex\n|-damage|p1b: Calyrex|0 fnt\n|faint|p1b: Calyrex\n|-damage|p2b: Rillaboom|38/100|[from] Recoil\n|\n|-heal|p1a: Terapagos|87/100|[from] Grassy Terrain\n|-heal|p2b: Rillaboom|45/100|[from] Grassy Terrain\n|-heal|p1a: Terapagos|93/100|[from] item: Leftovers\n|upkeep\n|\n|t:|1746131680\n|switch|p1b: Ogerpon|Ogerpon-Cornerstone, L50, F|100/100\n|switch|p2a: Calyrex|Calyrex-Shadow, L50|100/100\n|-ability|p2a: Calyrex|As One\n|-ability|p2a: Calyrex|Unnerve\n|turn|7\n|\n|t:|1746131714\n|move|p1b: Ogerpon|Spiky Shield|p1b: Ogerpon\n|-singleturn|p1b: Ogerpon|move: Protect\n|move|p2a: Calyrex|Encore|p1a: Terapagos\n|-start|p1a: Terapagos|Encore\n|move|p1a: Terapagos|Earth Power|p2a: Calyrex\n|-damage|p2a: Calyrex|52/100\n|move|p2b: Rillaboom|Wood Hammer|p1b: Ogerpon\n|-activate|p1b: Ogerpon|move: Protect\n|-damage|p2b: Rillaboom|32/100|[from] Spiky Shield|[of] p1b: Ogerpon\n|\n|-heal|p2a: Calyrex|58/100|[from] Grassy Terrain\n|-heal|p1a: Terapagos|99/100|[from] Grassy Terrain\n|-heal|p2b: Rillaboom|38/100|[from] Grassy Terrain\n|-heal|p1a: Terapagos|100/100|[from] item: Leftovers\n|upkeep\n|turn|8\n|\n|t:|1746131748\n|move|p2b: Rillaboom|Grassy Glide|p1b: Ogerpon\n|-damage|p1b: Ogerpon|61/100\n|move|p2a: Calyrex|Astral Barrage|p1a: Terapagos|[spread] p1b\n|-immune|p1a: Terapagos\n|-damage|p1b: Ogerpon|0 fnt\n|faint|p1b: Ogerpon\n|-ability|p2a: Calyrex|Grim Neigh|boost\n|-boost|p2a: Calyrex|spa|1\n|move|p1a: Terapagos|Earth Power|p2a: Calyrex\n|-damage|p2a: Calyrex|10/100\n|\n|-heal|p2a: Calyrex|16/100|[from] Grassy Terrain\n|-heal|p2b: Rillaboom|45/100|[from] Grassy Terrain\n|-sideend|p1: Monsteralover|Reflect\n|-fieldend|move: Grassy Terrain\n|upkeep\n|turn|9\n|\n|t:|1746131761\n|move|p2a: Calyrex|Protect|p2a: Calyrex\n|-singleturn|p2a: Calyrex|Protect\n|move|p2b: Rillaboom|Knock Off|p1a: Terapagos\n|-damage|p1a: Terapagos|85/100\n|-enditem|p1a: Terapagos|Leftovers|[from] move: Knock Off|[of] p2b: Rillaboom\n|move|p1a: Terapagos|Earth Power|p2b: Rillaboom\n|-resisted|p2b: Rillaboom\n|-damage|p2b: Rillaboom|28/100\n|\n|-end|p1a: Terapagos|Encore\n|upkeep\n|turn|10\n|\n|t:|1746131773\n|move|p2a: Calyrex|Encore|p1a: Terapagos\n|-start|p1a: Terapagos|Encore\n|move|p1a: Terapagos|Earth Power|p2a: Calyrex\n|-crit|p2a: Calyrex\n|-damage|p2a: Calyrex|0 fnt\n|faint|p2a: Calyrex\n|move|p2b: Rillaboom|Wood Hammer|p1a: Terapagos\n|-damage|p1a: Terapagos|52/100\n|-damage|p2b: Rillaboom|13/100|[from] Recoil\n|\n|upkeep\n|turn|11\n|\n|t:|1746131783\n|move|p1a: Terapagos|Earth Power|p2b: Rillaboom\n|-resisted|p2b: Rillaboom\n|-damage|p2b: Rillaboom|0 fnt\n|faint|p2b: Rillaboom\n|\n|win|Monsteralover\n", "uploadtime": 1746131784, "views": 7, "formatid": "gen9vgc2025regibo3", "rating": null, "private": 0, "password": null}