{"id": "gen9vgc2025regibo3-2354072813", "format": "[Gen 9] VGC 2025 Reg I (Bo3)", "players": ["Mufti06", "Ziik"], "log": "|j|\u2606Mufti06\n|j|\u2606Ziik\n|html|<table width=\"100%\"><tr><td align=\"left\">Mufti06</td><td align=\"right\">Ziik</tr><tr><td align=\"left\"><i class=\"fa fa-circle\"></i> <i class=\"fa fa-circle-o\"></i> </td><td align=\"right\"><i class=\"fa fa-circle-o\"></i> <i class=\"fa fa-circle\"></i> </tr></table>\n|uhtml|bestof|<h2><strong>Game 3</strong> of <a href=\"/game-bestof3-gen9vgc2025regibo3-2354067238\">a best-of-3</a></h2>\n|t:|1746032519\n|gametype|doubles\n|player|p1|Mufti06|nate|1017\n|player|p2|Ziik|psychic|1117\n|teamsize|p1|6\n|teamsize|p2|6\n|gen|9\n|tier|[Gen 9] VGC 2025 Reg I (Bo3)\n|rated|\n|rule|Species Clause: Limit one of each Pok\u00e9mon\n|rule|Item Clause: Limit 1 of each item\n|clearpoke\n|poke|p1|Groudon, L50|\n|poke|p1|Gouging Fire, L50|\n|poke|p1|Chien-Pao, L50|\n|poke|p1|Urshifu-*, L50, M|\n|poke|p1|Volcarona, L50, M|\n|poke|p1|Raging Bolt, L50|\n|poke|p2|Archaludon, L50, M|\n|poke|p2|Groudon, L50|\n|poke|p2|Miraidon, L50|\n|poke|p2|Raging Bolt, L50|\n|poke|p2|Raichu-Alola, L50, F|\n|poke|p2|Roaring Moon, L50|\n|teampreview|4\n|showteam|p1|Groudon||AssaultVest|Drought|PrecipiceBlades,HeatCrash,ThunderPunch,HighHorsepower||||||50|,,,,,Fire]Gouging Fire||ClearAmulet|Protosynthesis|FlareBlitz,Howl,BurningBulwark,BreakingSwipe||||||50|,,,,,Normal]Chien-Pao||FocusSash|SwordofRuin|IcicleCrash,SuckerPunch,SacredSword,Protect||||||50|,,,,,Ghost]Urshifu||ChoiceBand|UnseenFist|WickedBlow,CloseCombat,Uturn,SuckerPunch|||M|||50|,,,,,Dark]Volcarona||RockyHelmet|FlameBody|HeatWave,WillOWisp,Tailwind,RagePowder|||M|||50|,,,,,Water]Raging Bolt||LifeOrb|Protosynthesis|Thunderbolt,Thunderclap,DracoMeteor,Protect||||||50|,,,,,Electric\n|showteam|p2|Archaludon||PowerHerb|Stalwart|Protect,ElectroShot,FlashCannon,Roar|||M|||50|,,,,,Water]Groudon||ClearAmulet|Drought|Protect,PrecipiceBlades,StompingTantrum,HelpingHand||||||50|,,,,,Water]Miraidon||LifeOrb|HadronEngine|Protect,ParabolicCharge,DracoMeteor,DazzlingGleam||||||50|,,,,,Electric]Raging Bolt||AssaultVest|Protosynthesis|Thunderclap,RisingVoltage,DracoMeteor,TeraBlast||||||50|,,,,,Ice]Raichu-Alola||FocusSash|SurgeSurfer|FakeOut,Electroweb,VoltSwitch,Endeavor|||F|||50|,,,,,Dark]Roaring Moon||BoosterEnergy|Protosynthesis|Protect,Tailwind,Acrobatics,KnockOff||||||50|,,,,,Flying\n|inactive|Battle timer is ON: inactive players will automatically lose when time's up. (requested by Ziik)\n|\n|t:|1746032550\n|start\n|switch|p1a: Chien-Pao|Chien-Pao, L50|100/100\n|switch|p1b: Volcarona|Volcarona, L50, M, shiny|100/100\n|switch|p2a: Raichu|Raichu-Alola, L50, F|100/100\n|switch|p2b: Roaring Moon|Roaring Moon, L50|100/100\n|-ability|p1a: Chien-Pao|Sword of Ruin\n|-enditem|p2b: Roaring Moon|Booster Energy\n|-activate|p2b: Roaring Moon|ability: Protosynthesis|[fromitem]\n|-start|p2b: Roaring Moon|protosynthesisspe\n|turn|1\n|inactive|Mufti06 has 30 seconds left.\n|inactive|Ziik has 30 seconds left.\n|\n|t:|1746032583\n|move|p2a: Raichu|Fake Out|p1a: Chien-Pao\n|-damage|p1a: Chien-Pao|90/100\n|move|p2b: Roaring Moon|Tailwind|p2b: Roaring Moon\n|-sidestart|p2: Ziik|move: Tailwind\n|cant|p1a: Chien-Pao|flinch\n|move|p1b: Volcarona|Tailwind|p1b: Volcarona\n|-sidestart|p1: Mufti06|move: Tailwind\n|\n|upkeep\n|turn|2\n|inactive|Mufti06 has 30 seconds left.\n|\n|t:|1746032611\n|move|p2b: Roaring Moon|Acrobatics|p1b: Volcarona\n|-supereffective|p1b: Volcarona\n|-damage|p1b: Volcarona|7/100\n|-damage|p2b: Roaring Moon|84/100|[from] item: Rocky Helmet|[of] p1b: Volcarona\n|move|p1a: Chien-Pao|Icicle Crash|p2b: Roaring Moon\n|-supereffective|p2b: Roaring Moon\n|-damage|p2b: Roaring Moon|0 fnt\n|faint|p2b: Roaring Moon\n|-end|p2b: Roaring Moon|Protosynthesis|[silent]\n|move|p2a: Raichu|Electroweb|p1b: Volcarona|[spread] p1a,p1b\n|-damage|p1a: Chien-Pao|61/100\n|-damage|p1b: Volcarona|0 fnt\n|-unboost|p1a: Chien-Pao|spe|1\n|faint|p1b: Volcarona\n|\n|upkeep\n|\n|t:|1746032630\n|switch|p2b: Miraidon|Miraidon, L50|100/100\n|switch|p1b: Groudon|Groudon, L50, shiny|100/100\n|-fieldstart|move: Electric Terrain|[from] ability: Hadron Engine|[of] p2b: Miraidon\n|-weather|SunnyDay|[from] ability: Drought|[of] p1b: Groudon\n|turn|3\n|\n|t:|1746032649\n|switch|p1a: Gouging Fire|Gouging Fire, L50|100/100\n|-activate|p1a: Gouging Fire|ability: Protosynthesis\n|-start|p1a: Gouging Fire|protosynthesisspe\n|move|p2b: Miraidon|Protect|p2b: Miraidon\n|-singleturn|p2b: Miraidon|Protect\n|move|p2a: Raichu|Electroweb|p1a: Gouging Fire|[spread] p1a\n|-immune|p1b: Groudon\n|-resisted|p1a: Gouging Fire\n|-damage|p1a: Gouging Fire|90/100\n|move|p1b: Groudon|Precipice Blades|p2a: Raichu|[spread] p2a\n|-activate|p2b: Miraidon|move: Protect\n|-supereffective|p2a: Raichu\n|-enditem|p2a: Raichu|Focus Sash\n|-damage|p2a: Raichu|1/100\n|\n|-weather|SunnyDay|[upkeep]\n|upkeep\n|turn|4\n|inactive|Mufti06 has 30 seconds left.\n|\n|t:|1746032682\n|-terastallize|p2b: Miraidon|Electric\n|move|p2a: Raichu|Endeavor|p1b: Groudon\n|-damage|p1b: Groudon|1/100\n|move|p1a: Gouging Fire|Breaking Swipe|p2b: Miraidon|[spread] p2a,p2b\n|-damage|p2a: Raichu|0 fnt\n|-damage|p2b: Miraidon|82/100\n|-unboost|p2b: Miraidon|atk|1\n|faint|p2a: Raichu\n|move|p2b: Miraidon|Dazzling Gleam|p1b: Groudon|[spread] p1a,p1b\n|-damage|p1a: Gouging Fire|51/100\n|-damage|p1b: Groudon|0 fnt\n|faint|p1b: Groudon\n|-damage|p2b: Miraidon|73/100|[from] item: Life Orb\n|\n|-weather|SunnyDay|[upkeep]\n|-sideend|p1: Mufti06|move: Tailwind\n|-sideend|p2: Ziik|move: Tailwind\n|upkeep\n|\n|t:|1746032697\n|switch|p2a: Groudon|Groudon, L50|100/100\n|switch|p1b: Chien-Pao|Chien-Pao, L50|61/100\n|-ability|p1b: Chien-Pao|Sword of Ruin\n|turn|5\n|inactive|Mufti06 has 30 seconds left.\n|\n|t:|1746032729\n|-terastallize|p1a: Gouging Fire|Normal\n|move|p1b: Chien-Pao|Sucker Punch|p2b: Miraidon\n|-damage|p2b: Miraidon|32/100\n|move|p1a: Gouging Fire|Howl|p1a: Gouging Fire|[spread] p1a,p1b\n|-boost|p1a: Gouging Fire|atk|1\n|-boost|p1b: Chien-Pao|atk|1\n|move|p2b: Miraidon|Draco Meteor|p1b: Chien-Pao\n|-damage|p1b: Chien-Pao|0 fnt\n|-unboost|p2b: Miraidon|spa|2\n|faint|p1b: Chien-Pao\n|-damage|p2b: Miraidon|23/100|[from] item: Life Orb\n|move|p2a: Groudon|Precipice Blades|p1a: Gouging Fire\n|-damage|p1a: Gouging Fire|1/100\n|\n|-weather|SunnyDay|[upkeep]\n|upkeep\n|turn|6\n|-message|Mufti06 forfeited.\n|raw|Mufti06's rating: 1017 &rarr; <strong>1008</strong><br />(-9 for losing)\n|raw|Ziik's rating: 1117 &rarr; <strong>1135</strong><br />(+18 for winning)\n|\n|win|Ziik\n|l|\u2606Mufti06\n|player|p1|\n", "uploadtime": 1746032748, "views": 11, "formatid": "gen9vgc2025regibo3", "rating": 1008, "private": 0, "password": null}