{"id": "gen9vgc2025regibo3-2354165961", "format": "[Gen 9] VGC 2025 Reg I (Bo3)", "players": ["poeyeyeyeye", "Kyooby"], "log": "|j|\u2606poeyeyeyeye\n|j|\u2606Kyooby\n|html|<table width=\"100%\"><tr><td align=\"left\">poeyeyeyeye</td><td align=\"right\">Kyooby</tr><tr><td align=\"left\"><i class=\"fa fa-circle\"></i> <i class=\"fa fa-circle-o\"></i> </td><td align=\"right\"><i class=\"fa fa-circle-o\"></i> <i class=\"fa fa-circle-o\"></i> </tr></table>\n|uhtml|bestof|<h2><strong>Game 2</strong> of <a href=\"/game-bestof3-gen9vgc2025regibo3-2354163317\">a best-of-3</a></h2>\n|t:|1746040657\n|gametype|doubles\n|player|p1|poeyeyeyeye|169|1076\n|player|p2|Kyooby|volkner|1083\n|teamsize|p1|6\n|teamsize|p2|6\n|gen|9\n|tier|[Gen 9] VGC 2025 Reg I (Bo3)\n|rated|\n|rule|Species Clause: Limit one of each Pok\u00e9mon\n|rule|Item Clause: Limit 1 of each item\n|clearpoke\n|poke|p1|Calyrex-Shadow, L50|\n|poke|p1|Salamence, L50, M|\n|poke|p1|Talonflame, L50, F|\n|poke|p1|Cresselia, L50, F|\n|poke|p1|Zamazenta-*, L50|\n|poke|p1|Indeedee-F, L50, F|\n|poke|p2|Groudon, L50|\n|poke|p2|Miraidon, L50|\n|poke|p2|Tropius, L50, M|\n|poke|p2|Chi-Yu, L50|\n|poke|p2|Iron Hands, L50|\n|poke|p2|Farigiraf, L50, M|\n|teampreview|4\n|showteam|p1|Calyrex-Shadow||LifeOrb|AsOneSpectrier|AstralBarrage,Protect,ExpandingForce,PollenPuff||||||50|,,,,,Normal]Salamence||ChoiceScarf|Moxie|Earthquake,IronHead,Crunch,Outrage|||M|||50|,,,,,Ground]Talonflame||FocusSash|GaleWings|Tailwind,Uturn,UpperHand,BraveBird|||F|||50|,,,,,Flying]Cresselia||Leftovers|Levitate|HelpingHand,LunarBlessing,TrickRoom,DazzlingGleam|||F|||50|,,,,,Fairy]Zamazenta-Crowned||RustedShield|DauntlessShield|WideGuard,behemothbash,BodyPress,IronDefense||||||50|,,,,,Fighting]Indeedee-F||RockyHelmet|PsychicSurge|HelpingHand,FollowMe,TrickRoom,Imprison|||F|||50|,,,,,Fairy\n|showteam|p2|Groudon||ClearAmulet|Drought|PrecipiceBlades,FirePunch,BulkUp,Protect||||||50|,,,,,Fire]Miraidon||ChoiceSpecs|HadronEngine|VoltSwitch,ElectroDrift,DracoMeteor,DazzlingGleam||||||50|,,,,,Fairy]Tropius||CovertCloak|Chlorophyll|Tailwind,HelpingHand,SweetScent,WideGuard|||M|||50|,,,,,Dark]Chi-Yu||ChoiceScarf|BeadsofRuin|Flamethrower,DarkPulse,Snarl,Overheat||||||50|,,,,,Ghost]Iron Hands||AssaultVest|QuarkDrive|DrainPunch,LowKick,FakeOut,HeavySlam||||||50|,,,,,Grass]Farigiraf||SitrusBerry|ArmorTail|Psychic,FoulPlay,HelpingHand,TrickRoom|||M|||50|,,,,,Grass\n|inactive|Battle timer is ON: inactive players will automatically lose when time's up. (requested by Kyooby)\n|\n|t:|1746040684\n|start\n|switch|p1a: Talonflame|Talonflame, L50, F|100/100\n|switch|p1b: Salamence|Salamence, L50, M|100/100\n|switch|p2a: Groudon|Groudon, L50|100/100\n|switch|p2b: Tropius|Tropius, L50, M|100/100\n|-weather|SunnyDay|[from] ability: Drought|[of] p2a: Groudon\n|turn|1\n|inactive|Kyooby has 30 seconds left.\n|\n|t:|1746040712\n|-terastallize|p2b: Tropius|Dark\n|move|p1a: Talonflame|Tailwind|p1a: Talonflame\n|-sidestart|p1: poeyeyeyeye|move: Tailwind\n|move|p1b: Salamence|Outrage|p2b: Tropius\n|-damage|p2b: Tropius|24/100\n|move|p2b: Tropius|Tailwind|p2b: Tropius\n|-sidestart|p2: Kyooby|move: Tailwind\n|move|p2a: Groudon|Bulk Up|p2a: Groudon\n|-boost|p2a: Groudon|atk|1\n|-boost|p2a: Groudon|def|1\n|\n|-weather|SunnyDay|[upkeep]\n|upkeep\n|turn|2\n|inactive|Kyooby has 30 seconds left.\n|\n|t:|1746040739\n|switch|p2b: Farigiraf|Farigiraf, L50, M, shiny|100/100\n|move|p1a: Talonflame|Brave Bird||[still]\n|cant|p2b: Farigiraf|ability: Armor Tail|Brave Bird|[of] p1a: Talonflame\n|move|p1b: Salamence|Outrage|p2a: Groudon|[from] lockedmove\n|-damage|p2a: Groudon|66/100\n|move|p2a: Groudon|Bulk Up|p2a: Groudon\n|-boost|p2a: Groudon|atk|1\n|-boost|p2a: Groudon|def|1\n|\n|-weather|SunnyDay|[upkeep]\n|upkeep\n|turn|3\n|inactive|Kyooby has 30 seconds left.\n|inactive|Kyooby has 20 seconds left.\n|\n|t:|1746040779\n|move|p1b: Salamence|Outrage|p2a: Groudon|[from] lockedmove\n|-damage|p2a: Groudon|40/100\n|-start|p1b: Salamence|confusion|[fatigue]\n|move|p1a: Talonflame|U-turn|p2b: Farigiraf\n|-supereffective|p2b: Farigiraf\n|-damage|p2b: Farigiraf|68/100\n|\n|t:|1746040786\n|switch|p1a: Zamazenta|Zamazenta-Crowned, L50|100/100|[from] U-turn\n|-ability|p1a: Zamazenta|Dauntless Shield|boost\n|-boost|p1a: Zamazenta|def|1\n|move|p2a: Groudon|Fire Punch|p1b: Salamence\n|-resisted|p1b: Salamence\n|-damage|p1b: Salamence|46/100\n|move|p2b: Farigiraf|Psychic|p1b: Salamence\n|-damage|p1b: Salamence|2/100\n|\n|-weather|SunnyDay|[upkeep]\n|upkeep\n|turn|4\n|\n|t:|1746040806\n|switch|p1b: Talonflame|Talonflame, L50, F|100/100\n|move|p2b: Farigiraf|Helping Hand|p2a: Groudon\n|-singleturn|p2a: Groudon|Helping Hand|[of] p2b: Farigiraf\n|move|p1a: Zamazenta|Wide Guard|p1a: Zamazenta\n|-singleturn|p1a: Zamazenta|Wide Guard\n|move|p2a: Groudon|Precipice Blades|p1b: Talonflame|[spread] \n|-activate|p1a: Zamazenta|move: Wide Guard\n|-activate|p1b: Talonflame|move: Wide Guard\n|\n|-weather|SunnyDay|[upkeep]\n|-sideend|p2: Kyooby|move: Tailwind\n|-sideend|p1: poeyeyeyeye|move: Tailwind\n|upkeep\n|turn|5\n|\n|t:|1746040830\n|move|p2b: Farigiraf|Helping Hand|p2a: Groudon\n|-singleturn|p2a: Groudon|Helping Hand|[of] p2b: Farigiraf\n|move|p1b: Talonflame|Tailwind|p1b: Talonflame\n|-sidestart|p1: poeyeyeyeye|move: Tailwind\n|move|p1a: Zamazenta|Body Press|p2a: Groudon\n|-damage|p2a: Groudon|15/100\n|move|p2a: Groudon|Fire Punch|p1a: Zamazenta\n|-supereffective|p1a: Zamazenta\n|-damage|p1a: Zamazenta|0 fnt\n|faint|p1a: Zamazenta\n|\n|-weather|none\n|upkeep\n|\n|t:|1746040842\n|switch|p1a: Salamence|Salamence, L50, M|2/100\n|turn|6\n|inactive|Kyooby has 30 seconds left.\n|inactive|Kyooby has 20 seconds left.\n|inactive|Kyooby has 15 seconds left.\n|\n|t:|1746040882\n|move|p1a: Salamence|Earthquake|p2b: Farigiraf|[spread] p2a,p2b\n|-immune|p1b: Talonflame\n|-damage|p2a: Groudon|5/100\n|-damage|p2b: Farigiraf|44/100\n|-enditem|p2b: Farigiraf|Sitrus Berry|[eat]\n|-heal|p2b: Farigiraf|68/100|[from] item: Sitrus Berry\n|move|p1b: Talonflame|U-turn|p2a: Groudon\n|-damage|p2a: Groudon|0 fnt\n|faint|p2a: Groudon\n|\n|t:|1746040892\n|switch|p1b: Calyrex|Calyrex-Shadow, L50|100/100|[from] U-turn\n|-ability|p1b: Calyrex|As One\n|-ability|p1b: Calyrex|Unnerve\n|move|p2b: Farigiraf|Trick Room|p2b: Farigiraf\n|-fieldstart|move: Trick Room|[of] p2b: Farigiraf\n|\n|upkeep\n|\n|t:|1746040902\n|switch|p2a: Miraidon|Miraidon, L50|100/100\n|-fieldstart|move: Electric Terrain|[from] ability: Hadron Engine|[of] p2a: Miraidon\n|turn|7\n|\n|t:|1746040914\n|move|p1b: Calyrex|Protect|p1b: Calyrex\n|-singleturn|p1b: Calyrex|Protect\n|move|p2b: Farigiraf|Psychic|p1a: Salamence\n|-damage|p1a: Salamence|0 fnt\n|faint|p1a: Salamence\n|move|p2a: Miraidon|Electro Drift|p1b: Calyrex\n|-activate|p1b: Calyrex|move: Protect\n|\n|upkeep\n|\n|t:|1746040924\n|switch|p1a: Talonflame|Talonflame, L50, F|100/100\n|turn|8\n|\n|t:|1746040945\n|move|p2b: Farigiraf|Foul Play|p1a: Talonflame\n|-damage|p1a: Talonflame|58/100\n|move|p2a: Miraidon|Electro Drift|p1b: Calyrex\n|-damage|p1b: Calyrex|0 fnt\n|faint|p1b: Calyrex\n|move|p1a: Talonflame|U-turn|p2b: Farigiraf\n|-supereffective|p2b: Farigiraf\n|-damage|p2b: Farigiraf|36/100\n|\n|-sideend|p1: poeyeyeyeye|move: Tailwind\n|upkeep\n|turn|9\n|-message|poeyeyeyeye forfeited.\n|\n|win|Kyooby\n|l|\u2606poeyeyeyeye\n|player|p1|\n||poeyeyeyeye is ready for game 3.\n||Kyooby is ready for game 3.\n|uhtml|next|Next: <a href=\"/battle-gen9vgc2025regibo3-2354169160\"><strong>Game 3 of 3</strong></a>\n|l|\u2606Kyooby\n|player|p2|\n", "uploadtime": 1746041316, "views": 6, "formatid": "gen9vgc2025regibo3", "rating": null, "private": 0, "password": null}