{"id": "gen9vgc2025regibo3-2354137154", "format": "[Gen 9] VGC 2025 Reg I (Bo3)", "players": ["FosaNando", "reggo pegoo123"], "log": "|j|\u2606FosaNando\n|j|\u2606reggo pegoo123\n|html|<table width=\"100%\"><tr><td align=\"left\">FosaNando</td><td align=\"right\">reggo pegoo123</tr><tr><td align=\"left\"><i class=\"fa fa-circle-o\"></i> <i class=\"fa fa-circle-o\"></i> </td><td align=\"right\"><i class=\"fa fa-circle-o\"></i> <i class=\"fa fa-circle-o\"></i> </tr></table>\n|uhtml|bestof|<h2><strong>Game 1</strong> of <a href=\"/game-bestof3-gen9vgc2025regibo3-2354137150\">a best-of-3</a></h2>\n|t:|1746038047\n|gametype|doubles\n|player|p1|FosaNando|2|1117\n|player|p2|reggo pegoo123|ethan|1079\n|teamsize|p1|6\n|teamsize|p2|6\n|gen|9\n|tier|[Gen 9] VGC 2025 Reg I (Bo3)\n|rated|\n|rule|Species Clause: Limit one of each Pok\u00e9mon\n|rule|Item Clause: Limit 1 of each item\n|clearpoke\n|poke|p1|Calyrex-Ice, L50|\n|poke|p1|Miraidon, L50|\n|poke|p1|Iron Hands, L50|\n|poke|p1|Farigiraf, L50, M|\n|poke|p1|Urshifu-*, L50, F|\n|poke|p1|Ditto, L50|\n|poke|p2|Lunala, L50|\n|poke|p2|Koraidon, L50|\n|poke|p2|Flutter Mane, L50|\n|poke|p2|Wo-Chien, L50|\n|poke|p2|Incineroar, L50, M|\n|poke|p2|Iron Hands, L50|\n|teampreview|4\n|showteam|p1|Calyrex-Ice||ClearAmulet|AsOneGlastrier|GlacialLance,HighHorsepower,Protect,TrickRoom||||||50|,,,,,Fire]Miraidon||ChoiceSpecs|HadronEngine|ElectroDrift,DazzlingGleam,VoltSwitch,DracoMeteor||||||50|,,,,,Fairy]Iron Hands||AssaultVest|QuarkDrive|FakeOut,LowKick,DrainPunch,WildCharge||||||50|,,,,,Bug]Farigiraf||ElectricSeed|ArmorTail|PsychicNoise,FoulPlay,HelpingHand,TrickRoom|||M|||50|,,,,,Grass]Urshifu||FocusSash|UnseenFist|WickedBlow,Detect,SuckerPunch,CloseCombat|||F|||50|,,,,,Stellar]Ditto||ChoiceScarf|Imposter|Transform||||||50|,,,,,Ghost\n|showteam|p2|Lunala||PowerHerb|ShadowShield|MeteorBeam,MoongeistBeam,Tailwind,WideGuard||||||50|,,,,,Dark]Koraidon||ClearAmulet|OrichalcumPulse|FlareBlitz,Protect,CollisionCourse,SwordsDance||||||50|,,,,,Fire]Flutter Mane||FairyFeather|Protosynthesis|Moonblast,Protect,IcyWind,ShadowBall||||||50|,,,,,Fairy]Wo-Chien||Leftovers|TabletsofRuin|LeechSeed,Protect,DarkPulse,PollenPuff||||||50|,,,,,Water]Incineroar||SafetyGoggles|Intimidate|PartingShot,FakeOut,WillOWisp,KnockOff|||M|||50|,,,,,Water]Iron Hands||BoosterEnergy|QuarkDrive|FakeOut,Protect,WildCharge,CloseCombat||||||50|,,,,,Fighting\n|\n|t:|1746038077\n|start\n|switch|p1a: Miraidon|Miraidon, L50|100/100\n|switch|p1b: Farigiraf|Farigiraf, L50, M|100/100\n|switch|p2a: Koraidon|Koraidon, L50|100/100\n|switch|p2b: Lunala|Lunala, L50|100/100\n|-fieldstart|move: Electric Terrain|[from] ability: Hadron Engine|[of] p1a: Miraidon\n|-enditem|p1b: Farigiraf|Electric Seed\n|-boost|p1b: Farigiraf|def|1|[from] item: Electric Seed\n|-weather|SunnyDay|[from] ability: Orichalcum Pulse|[of] p2a: Koraidon\n|-activate|p2a: Koraidon|Orichalcum Pulse|[source]\n|turn|1\n|\n|t:|1746038124\n|move|p2a: Koraidon|Protect|p2a: Koraidon\n|-singleturn|p2a: Koraidon|Protect\n|move|p1a: Miraidon|Electro Drift|p2b: Lunala\n|-damage|p2b: Lunala|60/100\n|move|p2b: Lunala|Tailwind|p2b: Lunala\n|-sidestart|p2: reggo pegoo123|move: Tailwind\n|move|p1b: Farigiraf|Trick Room|p1b: Farigiraf\n|-fieldstart|move: Trick Room|[of] p1b: Farigiraf\n|\n|-weather|SunnyDay|[upkeep]\n|upkeep\n|turn|2\n|\n|t:|1746038150\n|switch|p2a: Incineroar|Incineroar, L50, M|100/100\n|-ability|p2a: Incineroar|Intimidate|boost\n|-unboost|p1a: Miraidon|atk|1\n|-unboost|p1b: Farigiraf|atk|1\n|-terastallize|p1a: Miraidon|Fairy\n|move|p1b: Farigiraf|Psychic Noise|p2a: Incineroar\n|-immune|p2a: Incineroar\n|move|p1a: Miraidon|Electro Drift|p2b: Lunala\n|-damage|p2b: Lunala|0 fnt\n|faint|p2b: Lunala\n|\n|-weather|SunnyDay|[upkeep]\n|upkeep\n|\n|t:|1746038162\n|switch|p2b: Wo-Chien|Wo-Chien, L50|100/100\n|-ability|p2b: Wo-Chien|Tablets of Ruin\n|turn|3\n|\n|t:|1746038190\n|move|p1b: Farigiraf|Helping Hand|p1a: Miraidon\n|-singleturn|p1a: Miraidon|Helping Hand|[of] p1b: Farigiraf\n|move|p2a: Incineroar|Knock Off|p1b: Farigiraf\n|-supereffective|p1b: Farigiraf\n|-damage|p1b: Farigiraf|66/100\n|move|p2b: Wo-Chien|Leech Seed|p1a: Miraidon\n|-start|p1a: Miraidon|move: Leech Seed\n|move|p1a: Miraidon|Electro Drift|p2a: Incineroar\n|-damage|p2a: Incineroar|0 fnt\n|faint|p2a: Incineroar\n|\n|-weather|SunnyDay|[upkeep]\n|-damage|p1a: Miraidon|88/100|[from] Leech Seed|[of] p2b: Wo-Chien\n|upkeep\n|\n|t:|1746038200\n|switch|p2a: Koraidon|Koraidon, L50|100/100\n|-activate|p2a: Koraidon|ability: Orichalcum Pulse\n|turn|4\n|\n|t:|1746038216\n|switch|p1a: Iron Hands|Iron Hands, L50|100/100\n|-activate|p1a: Iron Hands|ability: Quark Drive\n|-start|p1a: Iron Hands|quarkdriveatk\n|move|p2b: Wo-Chien|Protect|p2b: Wo-Chien\n|-singleturn|p2b: Wo-Chien|Protect\n|move|p2a: Koraidon|Protect|p2a: Koraidon\n|-singleturn|p2a: Koraidon|Protect\n|move|p1b: Farigiraf|Foul Play|p2b: Wo-Chien\n|-activate|p2b: Wo-Chien|move: Protect\n|\n|-weather|SunnyDay|[upkeep]\n|-sideend|p2: reggo pegoo123|move: Tailwind\n|upkeep\n|turn|5\n|\n|t:|1746038239\n|-terastallize|p2a: Koraidon|Fire\n|move|p1a: Iron Hands|Drain Punch|p2b: Wo-Chien\n|-supereffective|p2b: Wo-Chien\n|-damage|p2b: Wo-Chien|19/100\n|move|p1b: Farigiraf|Psychic Noise|p2a: Koraidon\n|-damage|p2a: Koraidon|74/100\n|-start|p2a: Koraidon|move: Heal Block\n|move|p2b: Wo-Chien|Leech Seed|p1a: Iron Hands\n|-start|p1a: Iron Hands|move: Leech Seed\n|move|p2a: Koraidon|Flare Blitz|p1b: Farigiraf\n|-damage|p1b: Farigiraf|0 fnt\n|faint|p1b: Farigiraf\n|-damage|p2a: Koraidon|46/100|[from] Recoil\n|\n|-weather|none\n|-heal|p2b: Wo-Chien|25/100|[from] item: Leftovers\n|-damage|p1a: Iron Hands|88/100|[from] Leech Seed|[of] p2b: Wo-Chien\n|-heal|p2b: Wo-Chien|43/100|[silent]\n|-fieldend|move: Trick Room\n|-fieldend|move: Electric Terrain\n|-end|p1a: Iron Hands|Quark Drive\n|upkeep\n|\n|t:|1746038261\n|switch|p1b: Miraidon|Miraidon, L50, tera:Fairy|88/100\n|-fieldstart|move: Electric Terrain|[from] ability: Hadron Engine|[of] p1b: Miraidon\n|-activate|p1a: Iron Hands|ability: Quark Drive\n|-start|p1a: Iron Hands|quarkdriveatk\n|turn|6\n|\n|t:|1746038270\n|move|p2b: Wo-Chien|Protect|p2b: Wo-Chien\n|-singleturn|p2b: Wo-Chien|Protect\n|move|p2a: Koraidon|Flare Blitz|p1b: Miraidon\n|-damage|p1b: Miraidon|40/100\n|-damage|p2a: Koraidon|30/100|[from] Recoil\n|move|p1b: Miraidon|Dazzling Gleam|p2a: Koraidon|[spread] p2a\n|-activate|p2b: Wo-Chien|move: Protect\n|-resisted|p2a: Koraidon\n|-damage|p2a: Koraidon|0 fnt\n|faint|p2a: Koraidon\n|move|p1a: Iron Hands|Drain Punch|p2b: Wo-Chien\n|-activate|p2b: Wo-Chien|move: Protect\n|\n|-heal|p2b: Wo-Chien|49/100|[from] item: Leftovers\n|-damage|p1a: Iron Hands|76/100|[from] Leech Seed|[of] p2b: Wo-Chien\n|-heal|p2b: Wo-Chien|66/100|[silent]\n|upkeep\n|turn|7\n|\n|t:|1746038290\n|move|p1b: Miraidon|Dazzling Gleam|p2b: Wo-Chien\n|-supereffective|p2b: Wo-Chien\n|-damage|p2b: Wo-Chien|0 fnt\n|faint|p2b: Wo-Chien\n|\n|win|FosaNando\n||FosaNando is ready for game 2.\n|l|\u2606reggo pegoo123\n|player|p2|\n", "uploadtime": 1746038300, "views": 22, "formatid": "gen9vgc2025regibo3", "rating": null, "private": 0, "password": null}