{"id": "gen9vgc2025regibo3-2355038442", "format": "[Gen 9] VGC 2025 Reg I (Bo3)", "players": ["sillE roverT", "8bitbidoof"], "log": "|j|\u2606sillE roverT\n|j|\u26068bitbidoof\n|html|<table width=\"100%\"><tr><td align=\"left\">sillE roverT</td><td align=\"right\">8bitbidoof</tr><tr><td align=\"left\"><i class=\"fa fa-circle\"></i> <i class=\"fa fa-circle-o\"></i> </td><td align=\"right\"><i class=\"fa fa-circle-o\"></i> <i class=\"fa fa-circle\"></i> </tr></table>\n|uhtml|bestof|<h2><strong>Game 3</strong> of <a href=\"/game-bestof3-gen9vgc2025regibo3-2355032660\">a best-of-3</a></h2>\n|t:|1746144974\n|gametype|doubles\n|player|p1|sillE roverT|trevor|1334\n|player|p2|8bitbidoof|hilbert|1285\n|teamsize|p1|6\n|teamsize|p2|6\n|gen|9\n|tier|[Gen 9] VGC 2025 Reg I (Bo3)\n|rated|\n|rule|Species Clause: Limit one of each Pok\u00e9mon\n|rule|Item Clause: Limit 1 of each item\n|clearpoke\n|poke|p1|Iron Hands, L50|\n|poke|p1|Calyrex-Ice, L50|\n|poke|p1|Grimmsnarl, L50, M|\n|poke|p1|Volcarona, L50, F|\n|poke|p1|Miraidon, L50|\n|poke|p1|Ogerpon-Cornerstone, L50, F|\n|poke|p2|Koraidon, L50|\n|poke|p2|Flutter Mane, L50|\n|poke|p2|Brute Bonnet, L50|\n|poke|p2|Chi-Yu, L50|\n|poke|p2|Lunala, L50|\n|poke|p2|Ursaluna, L50, F|\n|teampreview|4\n|showteam|p1|Iron Hands||AssaultVest|QuarkDrive|DrainPunch,LowKick,WildCharge,FakeOut||||||50|,,,,,Water]Calyrex-Ice||ClearAmulet|AsOneGlastrier|GlacialLance,HighHorsepower,Protect,TrickRoom||||||50|,,,,,Fire]Grimmsnarl||LightClay|Prankster|Reflect,LightScreen,SpiritBreak,ThunderWave|||M|||50|,,,,,Ghost]Volcarona||CovertCloak|FlameBody|RagePowder,Overheat,Tailwind,StruggleBug|||F|||50|,,,,,Water]Miraidon||ChoiceSpecs|HadronEngine|DazzlingGleam,ElectroDrift,DracoMeteor,VoltSwitch||||||50|,,,,,Fairy]Ogerpon-Cornerstone||CornerstoneMask|Sturdy|IvyCudgel,Taunt,SpikyShield,FollowMe|||F|||50|,,,,,Rock\n|showteam|p2|Koraidon||ClearAmulet|OrichalcumPulse|FlareBlitz,CollisionCourse,FlameCharge,Protect||||||50|,,,,,Fire]Flutter Mane||FocusSash|Protosynthesis|Moonblast,ShadowBall,IcyWind,Protect||||||50|,,,,,Normal]Brute Bonnet||CovertCloak|Protosynthesis|SeedBomb,SuckerPunch,Spore,RagePowder||||||50|,,,,,Water]Chi-Yu||ChoiceScarf|BeadsofRuin|HeatWave,DarkPulse,Overheat,Snarl||||||50|,,,,,Ghost]Lunala||PowerHerb|ShadowShield|MoongeistBeam,MeteorBeam,WideGuard,TrickRoom||||||50|,,,,,Normal]Ursaluna||FlameOrb|Guts|Facade,HeadlongRush,Earthquake,Protect|||F|||50|,,,,,Water\n|inactive|Battle timer is ON: inactive players will automatically lose when time's up. (requested by 8bitbidoof)\n|inactive|8bitbidoof has 60 seconds left.\n|\n|t:|1746145017\n|start\n|switch|p1a: Ogerpon|Ogerpon-Cornerstone, L50, F|100/100\n|switch|p1b: Calyrex|Calyrex-Ice, L50|100/100\n|switch|p2a: Koraidon|Koraidon, L50|100/100\n|switch|p2b: Flutter Mane|Flutter Mane, L50|100/100\n|-ability|p1b: Calyrex|As One\n|-ability|p1b: Calyrex|Unnerve\n|-weather|SunnyDay|[from] ability: Orichalcum Pulse|[of] p2a: Koraidon\n|-activate|p2b: Flutter Mane|ability: Protosynthesis\n|-start|p2b: Flutter Mane|protosynthesisspe\n|-activate|p2a: Koraidon|Orichalcum Pulse|[source]\n|turn|1\n|inactive|8bitbidoof has 30 seconds left.\n|inactive|8bitbidoof has 20 seconds left.\n|inactive|8bitbidoof has 15 seconds left.\n|inactive|8bitbidoof has 10 seconds left.\n|\n|t:|1746145066\n|move|p2b: Flutter Mane|Protect|p2b: Flutter Mane\n|-singleturn|p2b: Flutter Mane|Protect\n|move|p1a: Ogerpon|Spiky Shield|p1a: Ogerpon\n|-singleturn|p1a: Ogerpon|move: Protect\n|move|p1b: Calyrex|Protect|p1b: Calyrex\n|-singleturn|p1b: Calyrex|Protect\n|move|p2a: Koraidon|Flare Blitz|p1b: Calyrex\n|-activate|p1b: Calyrex|move: Protect\n|\n|-weather|SunnyDay|[upkeep]\n|upkeep\n|turn|2\n|inactive|8bitbidoof has 30 seconds left.\n|inactive|8bitbidoof has 20 seconds left.\n|inactive|8bitbidoof has 15 seconds left.\n|\n|t:|1746145107\n|-terastallize|p2a: Koraidon|Fire\n|move|p1a: Ogerpon|Follow Me|p1a: Ogerpon\n|-singleturn|p1a: Ogerpon|move: Follow Me\n|move|p2b: Flutter Mane|Moonblast|p1a: Ogerpon\n|-damage|p1a: Ogerpon|52/100\n|move|p2a: Koraidon|Flame Charge|p1a: Ogerpon\n|-damage|p1a: Ogerpon|0 fnt\n|-boost|p2a: Koraidon|spe|1\n|faint|p1a: Ogerpon\n|move|p1b: Calyrex|Glacial Lance|p2b: Flutter Mane|[spread] p2a,p2b\n|-resisted|p2a: Koraidon\n|-damage|p2a: Koraidon|74/100\n|-enditem|p2b: Flutter Mane|Focus Sash\n|-damage|p2b: Flutter Mane|1/100\n|\n|-weather|SunnyDay|[upkeep]\n|upkeep\n|\n|t:|1746145111\n|switch|p1a: Grimmsnarl|Grimmsnarl, L50, M|100/100\n|turn|3\n|inactive|sillE roverT has 30 seconds left.\n|inactive|8bitbidoof has 30 seconds left.\n|\n|t:|1746145142\n|-terastallize|p1b: Calyrex|Fire\n|move|p2a: Koraidon|Protect|p2a: Koraidon\n|-singleturn|p2a: Koraidon|Protect\n|move|p1a: Grimmsnarl|Reflect|p1a: Grimmsnarl\n|-sidestart|p1: sillE roverT|Reflect\n|move|p2b: Flutter Mane|Moonblast|p1a: Grimmsnarl\n|-supereffective|p1a: Grimmsnarl\n|-damage|p1a: Grimmsnarl|13/100\n|move|p1b: Calyrex|Glacial Lance|p2a: Koraidon|[spread] p2b\n|-activate|p2a: Koraidon|move: Protect\n|-crit|p2b: Flutter Mane\n|-damage|p2b: Flutter Mane|0 fnt\n|faint|p2b: Flutter Mane\n|-end|p2b: Flutter Mane|Protosynthesis|[silent]\n|-ability|p1b: Calyrex|Chilling Neigh|boost\n|-boost|p1b: Calyrex|atk|1\n|\n|-weather|SunnyDay|[upkeep]\n|upkeep\n|\n|t:|1746145155\n|switch|p2b: Lunala|Lunala, L50|100/100\n|turn|4\n|\n|t:|1746145176\n|move|p1a: Grimmsnarl|Thunder Wave|p2a: Koraidon\n|-status|p2a: Koraidon|par\n|move|p2a: Koraidon|Collision Course|p1a: Grimmsnarl\n|-damage|p1a: Grimmsnarl|0 fnt\n|faint|p1a: Grimmsnarl\n|move|p2b: Lunala|Meteor Beam||[still]\n|-prepare|p2b: Lunala|Meteor Beam\n|-boost|p2b: Lunala|spa|1\n|-enditem|p2b: Lunala|Power Herb\n|-anim|p2b: Lunala|Meteor Beam|p1b: Calyrex\n|-supereffective|p1b: Calyrex\n|-damage|p1b: Calyrex|17/100\n|move|p1b: Calyrex|High Horsepower|p2a: Koraidon\n|-supereffective|p2a: Koraidon\n|-damage|p2a: Koraidon|0 fnt\n|faint|p2a: Koraidon\n|-ability|p1b: Calyrex|Chilling Neigh|boost\n|-boost|p1b: Calyrex|atk|1\n|\n|-weather|SunnyDay|[upkeep]\n|upkeep\n|\n|t:|1746145188\n|switch|p2a: Ursaluna|Ursaluna, L50, F|100/100\n|switch|p1a: Miraidon|Miraidon, L50|100/100\n|-fieldstart|move: Electric Terrain|[from] ability: Hadron Engine|[of] p1a: Miraidon\n|turn|5\n|inactive|sillE roverT has 30 seconds left.\n|inactive|8bitbidoof has 30 seconds left.\n|inactive|8bitbidoof has 20 seconds left.\n|inactive|8bitbidoof has 15 seconds left.\n|inactive|sillE roverT has 20 seconds left.\n|inactive|8bitbidoof has 10 seconds left.\n|inactive|sillE roverT has 15 seconds left.\n|inactive|8bitbidoof has 5 seconds left.\n|\n|t:|1746145242\n|move|p1b: Calyrex|Protect|p1b: Calyrex\n|-singleturn|p1b: Calyrex|Protect\n|move|p2b: Lunala|Wide Guard|p2b: Lunala\n|-singleturn|p2b: Lunala|Wide Guard\n|move|p1a: Miraidon|Electro Drift|p2b: Lunala\n|-damage|p2b: Lunala|52/100\n|move|p2a: Ursaluna|Earthquake|p1a: Miraidon|[spread] p1a\n|-activate|p2b: Lunala|move: Wide Guard\n|-activate|p1b: Calyrex|move: Protect\n|-supereffective|p1a: Miraidon\n|-damage|p1a: Miraidon|52/100\n|\n|-weather|none\n|-status|p2a: Ursaluna|brn|[from] item: Flame Orb\n|upkeep\n|turn|6\n|inactive|8bitbidoof has 30 seconds left.\n|inactive|8bitbidoof has 20 seconds left.\n|inactive|8bitbidoof has 15 seconds left.\n|inactive|8bitbidoof has 10 seconds left.\n|inactive|8bitbidoof has 5 seconds left.\n|\n|t:|1746145292\n|move|p1b: Calyrex|Protect|p1b: Calyrex\n|-singleturn|p1b: Calyrex|Protect\n|move|p1a: Miraidon|Electro Drift|p2b: Lunala\n|-damage|p2b: Lunala|0 fnt\n|faint|p2b: Lunala\n|move|p2a: Ursaluna|Headlong Rush|p1a: Miraidon\n|-supereffective|p1a: Miraidon\n|-damage|p1a: Miraidon|0 fnt\n|-unboost|p2a: Ursaluna|def|1\n|-unboost|p2a: Ursaluna|spd|1\n|faint|p1a: Miraidon\n|\n|-damage|p2a: Ursaluna|95/100 brn|[from] brn\n|upkeep\n|turn|7\n|inactive|8bitbidoof has 30 seconds left.\n|\n|t:|1746145325\n|move|p1b: Calyrex|Glacial Lance|p2a: Ursaluna\n|-supereffective|p2a: Ursaluna\n|-damage|p2a: Ursaluna|0 fnt\n|faint|p2a: Ursaluna\n|\n|win|sillE roverT\n|raw|sillE roverT's rating: 1334 &rarr; <strong>1351</strong><br />(+17 for winning)\n|raw|8bitbidoof's rating: 1285 &rarr; <strong>1264</strong><br />(-21 for losing)\n", "uploadtime": 1746145340, "views": 26, "formatid": "gen9vgc2025regibo3", "rating": 1264, "private": 0, "password": null}