{"id": "gen9vgc2025regibo3-2354542364", "format": "[Gen 9] VGC 2025 Reg I (Bo3)", "players": ["carrotbeafsteak", "killfery"], "log": "|j|\u2606carrotbeafsteak\n|j|\u2606killfery\n|html|<table width=\"100%\"><tr><td align=\"left\">carrotbeafsteak</td><td align=\"right\">killfery</tr><tr><td align=\"left\"><i class=\"fa fa-circle-o\"></i> <i class=\"fa fa-circle-o\"></i> </td><td align=\"right\"><i class=\"fa fa-circle-o\"></i> <i class=\"fa fa-circle-o\"></i> </tr></table>\n|uhtml|bestof|<h2><strong>Game 1</strong> of <a href=\"/game-bestof3-gen9vgc2025regibo3-2354542361\">a best-of-3</a></h2>\n|t:|1746091148\n|gametype|doubles\n|player|p1|carrotbeafsteak|lady-gen4|1233\n|player|p2|killfery|harlequin|1107\n|teamsize|p1|6\n|teamsize|p2|6\n|gen|9\n|tier|[Gen 9] VGC 2025 Reg I (Bo3)\n|rated|\n|rule|Species Clause: Limit one of each Pok\u00e9mon\n|rule|Item Clause: Limit 1 of each item\n|clearpoke\n|poke|p1|Miraidon, L50|\n|poke|p1|Zamazenta-*, L50|\n|poke|p1|Bruxish, L50, F|\n|poke|p1|Gholdengo, L50|\n|poke|p1|Murkrow, L50, F|\n|poke|p1|Avalugg-Hisui, L50, M|\n|poke|p2|Zamazenta-*, L50|\n|poke|p2|Ting-Lu, L50|\n|poke|p2|Goodra-Hisui, L50, F|\n|poke|p2|Calyrex-Shadow, L50|\n|poke|p2|Chi-Yu, L50|\n|poke|p2|Whimsicott, L50, F|\n|teampreview|4\n|showteam|p1|Miraidon||LifeOrb|HadronEngine|Protect,ElectroDrift,DazzlingGleam,DracoMeteor||||||50|,,,,,Stellar]Zamazenta-Crowned||RustedShield|DauntlessShield|Protect,BodyPress,behemothbash,WideGuard||||||50|,,,,,Ghost]Bruxish||ChoiceScarf|Dazzling|WaveCrash,PsychicFangs,IcyWind,FlipTurn|||F|||50|,,,,,Normal]Gholdengo||ChoiceSpecs|GoodasGold|MakeItRain,SteelBeam,ShadowBall,PowerGem||||||50|,,,,,Steel]Murkrow||FocusSash|Prankster|Tailwind,Haze,Torment,DarkPulse|||F|||50|,,,,,Ghost]Avalugg-Hisui||LoadedDice|Sturdy|RockBlast,IcicleSpear,MirrorCoat,WideGuard|||M|||50|,,,,,Ghost\n|showteam|p2|Zamazenta-Crowned||RustedShield|DauntlessShield|Protect,behemothbash,WideGuard,BodyPress||||||50|,,,,,Fire]Ting-Lu||RockyHelmet|VesselofRuin|Fissure,Taunt,SandTomb,Ruination||||||50|,,,,,Dark]Goodra-Hisui||Leftovers|Gooey|Protect,BreakingSwipe,Shelter,BodyPress|||F|||50|,,,,,Bug]Calyrex-Shadow||FocusSash|AsOneSpectrier|Protect,AstralBarrage,Disable,WillOWisp||||||50|,,,,,Ghost]Chi-Yu||ChoiceScarf|BeadsofRuin|DarkPulse,HeatWave,Snarl,Overheat||||||50|,,,,,Ghost]Whimsicott||CovertCloak|Prankster|Moonblast,Taunt,Tailwind,Encore|||F|||50|,,,,,Dark\n|\n|t:|1746091181\n|start\n|switch|p1a: Murkrow|Murkrow, L50, F|100/100\n|switch|p1b: Miraidon|Miraidon, L50|100/100\n|switch|p2a: Ting-Lu|Ting-Lu, L50|100/100\n|switch|p2b: Zamazenta|Zamazenta-Crowned, L50|100/100\n|-fieldstart|move: Electric Terrain|[from] ability: Hadron Engine|[of] p1b: Miraidon\n|-ability|p2b: Zamazenta|Dauntless Shield|boost\n|-boost|p2b: Zamazenta|def|1\n|-ability|p2a: Ting-Lu|Vessel of Ruin\n|turn|1\n|\n|t:|1746091204\n|move|p1b: Miraidon|Protect|p1b: Miraidon\n|-singleturn|p1b: Miraidon|Protect\n|move|p2b: Zamazenta|Wide Guard|p2b: Zamazenta\n|-singleturn|p2b: Zamazenta|Wide Guard\n|move|p1a: Murkrow|Torment|p2b: Zamazenta\n|-start|p2b: Zamazenta|Torment\n|move|p2a: Ting-Lu|Ruination|p1b: Miraidon\n|-activate|p1b: Miraidon|move: Protect\n|\n|upkeep\n|turn|2\n|\n|t:|1746091232\n|-terastallize|p1b: Miraidon|Stellar\n|move|p1a: Murkrow|Tailwind|p1a: Murkrow\n|-sidestart|p1: carrotbeafsteak|move: Tailwind\n|move|p1b: Miraidon|Electro Drift|p2b: Zamazenta\n|-damage|p2b: Zamazenta|19/100\n|-damage|p1b: Miraidon|91/100|[from] item: Life Orb\n|move|p2b: Zamazenta|Body Press|p1b: Miraidon\n|-crit|p1b: Miraidon\n|-damage|p1b: Miraidon|0 fnt\n|faint|p1b: Miraidon\n|move|p2a: Ting-Lu|Ruination|p1a: Murkrow\n|-damage|p1a: Murkrow|50/100\n|\n|upkeep\n|\n|t:|1746091248\n|switch|p1b: Zamazenta|Zamazenta-Crowned, L50|100/100\n|-ability|p1b: Zamazenta|Dauntless Shield|boost\n|-boost|p1b: Zamazenta|def|1\n|turn|3\n|\n|t:|1746091257\n|switch|p2a: Calyrex|Calyrex-Shadow, L50|100/100\n|-ability|p2a: Calyrex|As One\n|-ability|p2a: Calyrex|Unnerve\n|move|p2b: Zamazenta|Protect|p2b: Zamazenta\n|-singleturn|p2b: Zamazenta|Protect\n|move|p1b: Zamazenta|Body Press|p2a: Calyrex\n|-immune|p2a: Calyrex\n|move|p1a: Murkrow|Dark Pulse|p2b: Zamazenta\n|-activate|p2b: Zamazenta|move: Protect\n|\n|upkeep\n|turn|4\n|\n|t:|1746091273\n|move|p1b: Zamazenta|Body Press|p2b: Zamazenta\n|-supereffective|p2b: Zamazenta\n|-damage|p2b: Zamazenta|0 fnt\n|faint|p2b: Zamazenta\n|move|p1a: Murkrow|Dark Pulse|p2a: Calyrex\n|-supereffective|p2a: Calyrex\n|-enditem|p2a: Calyrex|Focus Sash\n|-damage|p2a: Calyrex|1/100\n|move|p2a: Calyrex|Will-O-Wisp|p1b: Zamazenta|[miss]\n|-miss|p2a: Calyrex|p1b: Zamazenta\n|\n|upkeep\n|\n|t:|1746091278\n|switch|p2b: Whimsicott|Whimsicott, L50, F|100/100\n|turn|5\n|\n|t:|1746091303\n|move|p2b: Whimsicott|Tailwind|p2b: Whimsicott\n|-sidestart|p2: killfery|move: Tailwind\n|move|p2a: Calyrex|Astral Barrage|p1b: Zamazenta|[spread] p1a,p1b\n|-resisted|p1a: Murkrow\n|-damage|p1a: Murkrow|0 fnt\n|-damage|p1b: Zamazenta|69/100\n|faint|p1a: Murkrow\n|-ability|p2a: Calyrex|Grim Neigh|boost\n|-boost|p2a: Calyrex|spa|1\n|move|p1b: Zamazenta|Behemoth Bash|p2b: Whimsicott\n|-supereffective|p2b: Whimsicott\n|-damage|p2b: Whimsicott|0 fnt\n|faint|p2b: Whimsicott\n|\n|-sideend|p1: carrotbeafsteak|move: Tailwind\n|-fieldend|move: Electric Terrain\n|upkeep\n|\n|t:|1746091309\n|switch|p2b: Ting-Lu|Ting-Lu, L50|100/100\n|switch|p1a: Avalugg|Avalugg-Hisui, L50, M|100/100\n|-ability|p2b: Ting-Lu|Vessel of Ruin\n|turn|6\n|inactive|Battle timer is ON: inactive players will automatically lose when time's up. (requested by killfery)\n|\n|t:|1746091334\n|move|p2a: Calyrex|Protect|p2a: Calyrex\n|-singleturn|p2a: Calyrex|Protect\n|move|p1b: Zamazenta|Body Press|p2b: Ting-Lu\n|-supereffective|p2b: Ting-Lu\n|-damage|p2b: Ting-Lu|43/100\n|-damage|p1b: Zamazenta|52/100|[from] item: Rocky Helmet|[of] p2b: Ting-Lu\n|move|p2b: Ting-Lu|Ruination|p1b: Zamazenta|[miss]\n|-miss|p2b: Ting-Lu|p1b: Zamazenta\n|move|p1a: Avalugg|Icicle Spear|p2a: Calyrex\n|-activate|p2a: Calyrex|move: Protect\n|\n|upkeep\n|turn|7\n|\n|t:|1746091353\n|move|p1a: Avalugg|Wide Guard|p1a: Avalugg\n|-singleturn|p1a: Avalugg|Wide Guard\n|move|p2a: Calyrex|Astral Barrage|p1b: Zamazenta|[spread] \n|-activate|p1a: Avalugg|move: Wide Guard\n|-activate|p1b: Zamazenta|move: Wide Guard\n|move|p1b: Zamazenta|Behemoth Bash|p2a: Calyrex\n|-damage|p2a: Calyrex|0 fnt\n|faint|p2a: Calyrex\n|move|p2b: Ting-Lu|Sand Tomb|p1a: Avalugg\n|-supereffective|p1a: Avalugg\n|-damage|p1a: Avalugg|88/100\n|-activate|p1a: Avalugg|move: Sand Tomb|[of] p2b: Ting-Lu\n|\n|-damage|p1a: Avalugg|75/100|[from] move: Sand Tomb|[partiallytrapped]\n|upkeep\n|turn|8\n|-message|killfery forfeited.\n|\n|win|carrotbeafsteak\n|l|\u2606killfery\n|player|p2|\n||carrotbeafsteak is ready for game 2.\n||killfery is ready for game 2.\n|uhtml|next|Next: <a href=\"/battle-gen9vgc2025regibo3-2354543469\"><strong>Game 2 of 3</strong></a>\n", "uploadtime": 1746091679, "views": 7, "formatid": "gen9vgc2025regibo3", "rating": null, "private": 0, "password": null}