{"id": "gen9vgc2025regibo3-2354602665", "format": "[Gen 9] VGC 2025 Reg I (Bo3)", "players": ["Drogaplut003", "susmongus123"], "log": "|j|\u2606Drogaplut003\n|j|\u2606susmongus123\n|html|<table width=\"100%\"><tr><td align=\"left\">Drogaplut003</td><td align=\"right\">susmongus123</tr><tr><td align=\"left\"><i class=\"fa fa-circle-o\"></i> <i class=\"fa fa-circle-o\"></i> </td><td align=\"right\"><i class=\"fa fa-circle-o\"></i> <i class=\"fa fa-circle-o\"></i> </tr></table>\n|uhtml|bestof|<h2><strong>Game 1</strong> of <a href=\"/game-bestof3-gen9vgc2025regibo3-2354602664\">a best-of-3</a></h2>\n|t:|1746101443\n|gametype|doubles\n|player|p1|Drogaplut003|clown|1137\n|player|p2|susmongus123|101|1081\n|teamsize|p1|6\n|teamsize|p2|6\n|gen|9\n|tier|[Gen 9] VGC 2025 Reg I (Bo3)\n|rated|\n|rule|Species Clause: Limit one of each Pok\u00e9mon\n|rule|Item Clause: Limit 1 of each item\n|clearpoke\n|poke|p1|Koraidon, L50|\n|poke|p1|Reshiram, L50|\n|poke|p1|Tornadus, L50, M|\n|poke|p1|Flutter Mane, L50|\n|poke|p1|Rillaboom, L50, M|\n|poke|p1|Ditto, L50|\n|poke|p2|Zamazenta-*, L50|\n|poke|p2|Calyrex-Shadow, L50|\n|poke|p2|Incineroar, L50, M|\n|poke|p2|Latias, L50, F|\n|poke|p2|Urshifu-*, L50, M|\n|poke|p2|Amoonguss, L50, M|\n|teampreview|4\n|showteam|p1|Koraidon||LifeOrb|OrichalcumPulse|FlareBlitz,FlameCharge,CloseCombat,Protect||||||50|,,,,,Fire]Reshiram||ChoiceSpecs|Turboblaze|BlueFlare,HeatWave,DracoMeteor,EarthPower||||||50|,,,,,Fire]Tornadus||FocusSash|Prankster|Tailwind,Taunt,BleakwindStorm,SunnyDay|||M|||50|,,,,,Ghost]Flutter Mane||FairyFeather|Protosynthesis|ShadowBall,IcyWind,Moonblast,Protect||||||50|,,,,,Normal]Rillaboom||AssaultVest|GrassySurge|FakeOut,Uturn,GrassyGlide,WoodHammer|||M|||50|,,,,,Poison]Ditto||ChoiceScarf|Imposter|Transform||||||50|,,,,,Ghost\n|showteam|p2|Zamazenta-Crowned||RustedShield|DauntlessShield|BodyPress,IronDefense,WideGuard,HeavySlam||||||50|,,,,,Grass]Calyrex-Shadow||LifeOrb|AsOneSpectrier|AstralBarrage,NastyPlot,Protect,Psyshock||||||50|,,,,,Fairy]Incineroar||SafetyGoggles|Intimidate|FakeOut,FlareBlitz,KnockOff,Protect|||M|||50|,,,,,Ghost]Latias||CovertCloak|Levitate|DracoMeteor,LightScreen,IcyWind,Protect|||F|||50|,,,,,Fairy]Urshifu-Rapid-Strike||FocusSash|UnseenFist|Detect,SurgingStrikes,CloseCombat,AquaJet|||M|||50|,,,,,Water]Amoonguss||RockyHelmet|Regenerator|Spore,RagePowder,Protect,SludgeBomb|||M|||50|,,,,,Water\n|\n|t:|1746101467\n|start\n|switch|p1a: Tornadus|Tornadus, L50, M|100/100\n|switch|p1b: Reshiram|Reshiram, L50|100/100\n|switch|p2a: Calyrex|Calyrex-Shadow, L50|100/100\n|switch|p2b: Latias|Latias, L50, F|100/100\n|-ability|p2a: Calyrex|As One\n|-ability|p2a: Calyrex|Unnerve\n|-ability|p1b: Reshiram|Turboblaze\n|turn|1\n|inactive|Battle timer is ON: inactive players will automatically lose when time's up. (requested by susmongus123)\n|\n|t:|1746101486\n|-terastallize|p1b: Reshiram|Fire\n|move|p1a: Tornadus|Tailwind|p1a: Tornadus\n|-sidestart|p1: Drogaplut003|move: Tailwind\n|move|p1b: Reshiram|Heat Wave|p2a: Calyrex|[spread] p2a,p2b\n|-resisted|p2b: Latias\n|-damage|p2a: Calyrex|24/100\n|-damage|p2b: Latias|63/100\n|-status|p2a: Calyrex|brn\n|move|p2a: Calyrex|Astral Barrage|p1b: Reshiram|[spread] p1a,p1b\n|-damage|p1a: Tornadus|1/100\n|-damage|p1b: Reshiram|35/100\n|-damage|p2a: Calyrex|14/100 brn|[from] item: Life Orb\n|move|p2b: Latias|Draco Meteor|p1b: Reshiram\n|-damage|p1b: Reshiram|0 fnt\n|-unboost|p2b: Latias|spa|2\n|faint|p1b: Reshiram\n|\n|-damage|p2a: Calyrex|8/100 brn|[from] brn\n|upkeep\n|\n|t:|1746101498\n|switch|p1b: Ditto|Ditto, L50|100/100\n|-transform|p1b: Ditto|p2a: Calyrex|[from] ability: Imposter\n|-ability|p1b: Ditto|As One\n|-ability|p1b: Ditto|Unnerve\n|turn|2\n|\n|t:|1746101516\n|switch|p2b: Incineroar|Incineroar, L50, M|100/100\n|-ability|p2b: Incineroar|Intimidate|boost\n|-unboost|p1a: Tornadus|atk|1\n|-unboost|p1b: Ditto|atk|1\n|move|p1a: Tornadus|Taunt|p2b: Incineroar\n|-hint|Since gen 7, Dark is immune to Prankster moves.\n|-immune|p2b: Incineroar\n|move|p1b: Ditto|Astral Barrage|p2b: Incineroar|[spread] p2a,p2b\n|-supereffective|p2a: Calyrex\n|-resisted|p2b: Incineroar\n|-damage|p2a: Calyrex|0 fnt\n|-damage|p2b: Incineroar|73/100\n|faint|p2a: Calyrex\n|-ability|p1b: Ditto|Grim Neigh|boost\n|-boost|p1b: Ditto|spa|1\n|\n|upkeep\n|\n|t:|1746101536\n|switch|p2a: Latias|Latias, L50, F|63/100\n|turn|3\n|\n|t:|1746101548\n|switch|p1b: Koraidon|Koraidon, L50|100/100\n|-weather|SunnyDay|[from] ability: Orichalcum Pulse|[of] p1b: Koraidon\n|-activate|p1b: Koraidon|Orichalcum Pulse|[source]\n|move|p2b: Incineroar|Fake Out|p1a: Tornadus\n|-damage|p1a: Tornadus|0 fnt\n|faint|p1a: Tornadus\n|move|p2a: Latias|Light Screen|p2a: Latias\n|-sidestart|p2: susmongus123|move: Light Screen\n|\n|-weather|SunnyDay|[upkeep]\n|upkeep\n|\n|t:|1746101557\n|switch|p1a: Ditto|Ditto, L50|100/100\n|-transform|p1a: Ditto|p2b: Incineroar|[from] ability: Imposter\n|-ability|p1a: Ditto|Intimidate|boost\n|-unboost|p2a: Latias|atk|1\n|-unboost|p2b: Incineroar|atk|1\n|turn|4\n|\n|t:|1746101568\n|move|p1b: Koraidon|Protect|p1b: Koraidon\n|-singleturn|p1b: Koraidon|Protect\n|move|p1a: Ditto|Knock Off|p2a: Latias\n|-supereffective|p2a: Latias\n|-damage|p2a: Latias|0 fnt\n|-enditem|p2a: Latias|Covert Cloak|[from] move: Knock Off|[of] p1a: Ditto\n|faint|p2a: Latias\n|move|p2b: Incineroar|Knock Off|p1b: Koraidon\n|-activate|p1b: Koraidon|move: Protect\n|\n|-weather|SunnyDay|[upkeep]\n|-sideend|p1: Drogaplut003|move: Tailwind\n|upkeep\n|\n|t:|1746101577\n|switch|p2a: Zamazenta|Zamazenta-Crowned, L50|100/100\n|-ability|p2a: Zamazenta|Dauntless Shield|boost\n|-boost|p2a: Zamazenta|def|1\n|turn|5\n|inactive|Drogaplut003 has 30 seconds left.\n|\n|t:|1746101604\n|move|p2a: Zamazenta|Body Press|p1a: Ditto\n|-supereffective|p1a: Ditto\n|-damage|p1a: Ditto|0 fnt\n|faint|p1a: Ditto\n|move|p1b: Koraidon|Flame Charge|p2a: Zamazenta\n|-supereffective|p2a: Zamazenta\n|-damage|p2a: Zamazenta|57/100\n|-boost|p1b: Koraidon|spe|1\n|-damage|p1b: Koraidon|91/100|[from] item: Life Orb\n|move|p2b: Incineroar|Knock Off|p1b: Koraidon\n|-resisted|p1b: Koraidon\n|-damage|p1b: Koraidon|76/100\n|-enditem|p1b: Koraidon|Life Orb|[from] move: Knock Off|[of] p2b: Incineroar\n|\n|-weather|SunnyDay|[upkeep]\n|upkeep\n|turn|6\n|\n|t:|1746101628\n|move|p1b: Koraidon|Flare Blitz|p2a: Zamazenta\n|-supereffective|p2a: Zamazenta\n|-damage|p2a: Zamazenta|0 fnt\n|faint|p2a: Zamazenta\n|-damage|p1b: Koraidon|59/100|[from] Recoil\n|move|p2b: Incineroar|Flare Blitz|p1b: Koraidon\n|-resisted|p1b: Koraidon\n|-damage|p1b: Koraidon|33/100\n|-status|p1b: Koraidon|brn\n|-damage|p2b: Incineroar|65/100|[from] Recoil\n|\n|-weather|SunnyDay|[upkeep]\n|-damage|p1b: Koraidon|28/100 brn|[from] brn\n|upkeep\n|turn|7\n|\n|t:|1746101643\n|move|p1b: Koraidon|Protect|p1b: Koraidon\n|-singleturn|p1b: Koraidon|Protect\n|move|p2b: Incineroar|Protect||[still]\n|-fail|p2b: Incineroar\n|\n|-weather|none\n|-damage|p1b: Koraidon|22/100 brn|[from] brn\n|-sideend|p2: susmongus123|move: Light Screen\n|upkeep\n|turn|8\n|\n|t:|1746101658\n|-terastallize|p2b: Incineroar|Ghost\n|move|p1b: Koraidon|Flare Blitz|p2b: Incineroar\n|-damage|p2b: Incineroar|46/100\n|-damage|p1b: Koraidon|15/100 brn|[from] Recoil\n|move|p2b: Incineroar|Flare Blitz|p1b: Koraidon\n|-resisted|p1b: Koraidon\n|-damage|p1b: Koraidon|0 fnt\n|faint|p1b: Koraidon\n|-damage|p2b: Incineroar|41/100|[from] Recoil\n|\n|win|susmongus123\n||Drogaplut003 is ready for game 2.\n|inactive|susmongus123 has 30 seconds to confirm battle start!\n|l|\u2606Drogaplut003\n|player|p1|\n||susmongus123 is ready for game 2.\n|uhtml|next|Next: <a href=\"/battle-gen9vgc2025regibo3-2354604321\"><strong>Game 2 of 3</strong></a>\n|l|\u2606susmongus123\n|player|p2|\n", "uploadtime": 1746102046, "views": 7, "formatid": "gen9vgc2025regibo3", "rating": null, "private": 0, "password": null}