{"id": "gen9vgc2025regibo3-2354453409", "format": "[Gen 9] VGC 2025 Reg I (Bo3)", "players": ["juacox300", "papabell"], "log": "|j|\u2606juacox300\n|j|\u2606papabell\n|html|<table width=\"100%\"><tr><td align=\"left\">juacox300</td><td align=\"right\">papabell</tr><tr><td align=\"left\"><i class=\"fa fa-circle\"></i> <i class=\"fa fa-circle-o\"></i> </td><td align=\"right\"><i class=\"fa fa-circle-o\"></i> <i class=\"fa fa-circle\"></i> </tr></table>\n|uhtml|bestof|<h2><strong>Game 3</strong> of <a href=\"/game-bestof3-gen9vgc2025regibo3-2354451133\">a best-of-3</a></h2>\n|t:|1746073896\n|gametype|doubles\n|player|p1|juacox300|unknown|1360\n|player|p2|papabell|acetrainerf-gen4dp|1337\n|teamsize|p1|6\n|teamsize|p2|6\n|gen|9\n|tier|[Gen 9] VGC 2025 Reg I (Bo3)\n|rated|\n|rule|Species Clause: Limit one of each Pok\u00e9mon\n|rule|Item Clause: Limit 1 of each item\n|clearpoke\n|poke|p1|Miraidon, L50|\n|poke|p1|Iron Hands, L50|\n|poke|p1|Calyrex-Ice, L50|\n|poke|p1|Incineroar, L50, M|\n|poke|p1|Chi-Yu, L50|\n|poke|p1|Alcremie-Salted-Cream, L50, F|\n|poke|p2|Koraidon, L50|\n|poke|p2|Calyrex-Shadow, L50|\n|poke|p2|Brute Bonnet, L50|\n|poke|p2|Whimsicott, L50, M|\n|poke|p2|Chi-Yu, L50|\n|poke|p2|Clefairy, L50, F|\n|teampreview|4\n|showteam|p1|Miraidon||LifeOrb|HadronEngine|ElectroDrift,DracoMeteor,Protect,DazzlingGleam||||||50|,,,,,Fairy]Iron Hands||AssaultVest|QuarkDrive|WildCharge,LowKick,FakeOut,HeavySlam||||||50|,,,,,Fire]Calyrex-Ice||ClearAmulet|AsOneGlastrier|GlacialLance,HighHorsepower,Protect,TrickRoom||||||50|,,,,,Dragon]Incineroar||RockyHelmet|Intimidate|KnockOff,FlareBlitz,FakeOut,Taunt|||M|||50|,,,,,Poison]Chi-Yu||ChoiceScarf|BeadsofRuin|HeatWave,Snarl,Overheat,DarkPulse||||||50|,,,,,Ghost]Alcremie-Salted-Cream||CovertCloak|AromaVeil|AlluringVoice,Decorate,Protect,Encore|||F|||50|,,,,,Grass\n|showteam|p2|Koraidon||LifeOrb|OrichalcumPulse|Protect,CloseCombat,FlareBlitz,FlameCharge||||||50|,,,,,Fire]Calyrex-Shadow||FocusSash|AsOneSpectrier|Protect,AstralBarrage,Psychic,Disable||||||50|,,,,,Ghost]Brute Bonnet||RockyHelmet|Protosynthesis|RagePowder,Spore,SuckerPunch,PollenPuff||||||50|,,,,,Water]Whimsicott||CovertCloak|Prankster|Moonblast,Tailwind,Encore,HelpingHand|||M|||50|,,,,,Dark]Chi-Yu||ChoiceScarf|BeadsofRuin|HeatWave,Overheat,Snarl,DarkPulse||||||50|,,,,,Fire]Clefairy||Eviolite|FriendGuard|Protect,FollowMe,AfterYou,HelpingHand|||F|||50|,,,,,Ground\n|inactive|Battle timer is ON: inactive players will automatically lose when time's up. (requested by papabell)\n|\n|t:|1746073917\n|start\n|switch|p1a: Calyrex|Calyrex-Ice, L50|100/100\n|switch|p1b: Incineroar|Incineroar, L50, M|100/100\n|switch|p2a: Chi-Yu|Chi-Yu, L50|100/100\n|switch|p2b: Calyrex|Calyrex-Shadow, L50|100/100\n|-ability|p2b: Calyrex|As One\n|-ability|p2b: Calyrex|Unnerve\n|-ability|p1a: Calyrex|As One\n|-ability|p1a: Calyrex|Unnerve\n|-ability|p2a: Chi-Yu|Beads of Ruin\n|-ability|p1b: Incineroar|Intimidate|boost\n|-unboost|p2a: Chi-Yu|atk|1\n|-unboost|p2b: Calyrex|atk|1\n|turn|1\n|\n|t:|1746073934\n|-terastallize|p2b: Calyrex|Ghost\n|-terastallize|p1a: Calyrex|Dragon\n|move|p2a: Chi-Yu|Dark Pulse|p1a: Calyrex\n|-damage|p1a: Calyrex|61/100\n|move|p2b: Calyrex|Astral Barrage|p1a: Calyrex|[spread] p1a,p1b\n|-resisted|p1b: Incineroar\n|-damage|p1a: Calyrex|0 fnt\n|-damage|p1b: Incineroar|60/100\n|faint|p1a: Calyrex\n|-ability|p2b: Calyrex|Grim Neigh|boost\n|-boost|p2b: Calyrex|spa|1\n|move|p1b: Incineroar|Knock Off|p2b: Calyrex\n|-supereffective|p2b: Calyrex\n|-damage|p2b: Calyrex|4/100\n|-enditem|p2b: Calyrex|Focus Sash|[from] move: Knock Off|[of] p1b: Incineroar\n|\n|upkeep\n|\n|t:|1746073940\n|switch|p1a: Chi-Yu|Chi-Yu, L50|100/100\n|-ability|p1a: Chi-Yu|Beads of Ruin\n|turn|2\n|inactive|papabell has 30 seconds left.\n|\n|t:|1746073967\n|switch|p1b: FerroNalgada|Iron Hands, L50|100/100\n|move|p2b: Calyrex|Protect|p2b: Calyrex\n|-singleturn|p2b: Calyrex|Protect\n|move|p2a: Chi-Yu|Dark Pulse|p1b: FerroNalgada\n|-resisted|p1b: FerroNalgada\n|-damage|p1b: FerroNalgada|84/100\n|move|p1a: Chi-Yu|Snarl|p2a: Chi-Yu|[spread] p2a\n|-activate|p2b: Calyrex|move: Protect\n|-resisted|p2a: Chi-Yu\n|-damage|p2a: Chi-Yu|87/100\n|-unboost|p2a: Chi-Yu|spa|1\n|\n|upkeep\n|turn|3\n|\n|t:|1746073982\n|switch|p2a: Clefairy|Clefairy, L50, F|100/100\n|switch|p2b: Koraidon|Koraidon, L50|100/100\n|-weather|SunnyDay|[from] ability: Orichalcum Pulse|[of] p2b: Koraidon\n|-activate|p2b: Koraidon|Orichalcum Pulse|[source]\n|move|p1a: Chi-Yu|Snarl|p2a: Clefairy|[spread] p2b\n|-miss|p1a: Chi-Yu|p2a: Clefairy\n|-resisted|p2b: Koraidon\n|-damage|p2b: Koraidon|89/100\n|-unboost|p2b: Koraidon|spa|1\n|move|p1b: FerroNalgada|Low Kick|p2b: Koraidon\n|-damage|p2b: Koraidon|44/100\n|\n|-weather|SunnyDay|[upkeep]\n|upkeep\n|turn|4\n|inactive|papabell has 30 seconds left.\n|\n|t:|1746074013\n|switch|p1a: Incineroar|Incineroar, L50, M|60/100\n|-ability|p1a: Incineroar|Intimidate|boost\n|-unboost|p2a: Clefairy|atk|1\n|-unboost|p2b: Koraidon|atk|1\n|move|p2a: Clefairy|Follow Me|p2a: Clefairy\n|-singleturn|p2a: Clefairy|move: Follow Me\n|move|p2b: Koraidon|Close Combat|p1a: Incineroar\n|-supereffective|p1a: Incineroar\n|-damage|p1a: Incineroar|0 fnt\n|-unboost|p2b: Koraidon|def|1\n|-unboost|p2b: Koraidon|spd|1\n|-damage|p2b: Koraidon|28/100|[from] item: Rocky Helmet|[of] p1a: Incineroar\n|faint|p1a: Incineroar\n|-damage|p2b: Koraidon|18/100|[from] item: Life Orb\n|move|p1b: FerroNalgada|Heavy Slam|p2a: Clefairy\n|-supereffective|p2a: Clefairy\n|-damage|p2a: Clefairy|29/100\n|\n|-weather|SunnyDay|[upkeep]\n|upkeep\n|\n|t:|1746074021\n|switch|p1a: Chi-Yu|Chi-Yu, L50|100/100\n|-ability|p1a: Chi-Yu|Beads of Ruin\n|turn|5\n|\n|t:|1746074030\n|switch|p2b: Chi-Yu|Chi-Yu, L50|87/100\n|-ability|p2b: Chi-Yu|Beads of Ruin\n|move|p2a: Clefairy|Protect|p2a: Clefairy\n|-singleturn|p2a: Clefairy|Protect\n|move|p1a: Chi-Yu|Heat Wave|p2b: Chi-Yu|[spread] p2b\n|-activate|p2a: Clefairy|move: Protect\n|-resisted|p2b: Chi-Yu\n|-damage|p2b: Chi-Yu|61/100\n|move|p1b: FerroNalgada|Low Kick|p2b: Chi-Yu\n|-supereffective|p2b: Chi-Yu\n|-damage|p2b: Chi-Yu|37/100\n|\n|-weather|SunnyDay|[upkeep]\n|upkeep\n|turn|6\n|\n|t:|1746074048\n|move|p2a: Clefairy|Helping Hand|p2b: Chi-Yu\n|-singleturn|p2b: Chi-Yu|Helping Hand|[of] p2a: Clefairy\n|move|p2b: Chi-Yu|Overheat|p1b: FerroNalgada\n|-damage|p1b: FerroNalgada|0 fnt\n|-unboost|p2b: Chi-Yu|spa|2\n|faint|p1b: FerroNalgada\n|-end|p1b: FerroNalgada|Quark Drive|[silent]\n|move|p1a: Chi-Yu|Heat Wave|p2a: Clefairy|[spread] p2b\n|-miss|p1a: Chi-Yu|p2a: Clefairy\n|-resisted|p2b: Chi-Yu\n|-damage|p2b: Chi-Yu|9/100\n|\n|-weather|SunnyDay|[upkeep]\n|upkeep\n|turn|7\n|inactive|papabell has 30 seconds left.\n|inactive|papabell has 20 seconds left.\n|inactive|papabell has 15 seconds left.\n|inactive|papabell has 10 seconds left.\n|\n|t:|1746074096\n|move|p2a: Clefairy|Helping Hand|p2b: Chi-Yu\n|-singleturn|p2b: Chi-Yu|Helping Hand|[of] p2a: Clefairy\n|move|p2b: Chi-Yu|Overheat|p1a: Chi-Yu\n|-resisted|p1a: Chi-Yu\n|-damage|p1a: Chi-Yu|54/100\n|-unboost|p2b: Chi-Yu|spa|2\n|move|p1a: Chi-Yu|Heat Wave|p2a: Clefairy|[spread] p2a,p2b\n|-resisted|p2b: Chi-Yu\n|-damage|p2a: Clefairy|0 fnt\n|-damage|p2b: Chi-Yu|0 fnt\n|faint|p2a: Clefairy\n|faint|p2b: Chi-Yu\n|\n|-weather|none\n|upkeep\n|\n|t:|1746074103\n|switch|p2b: Calyrex|Calyrex-Shadow, L50, tera:Ghost|4/100\n|switch|p2a: Koraidon|Koraidon, L50|18/100\n|-ability|p2b: Calyrex|As One\n|-ability|p2b: Calyrex|Unnerve\n|-weather|SunnyDay|[from] ability: Orichalcum Pulse|[of] p2a: Koraidon\n|-activate|p2a: Koraidon|Orichalcum Pulse|[source]\n|turn|8\n|\n|t:|1746074109\n|move|p1a: Chi-Yu|Heat Wave|p2b: Calyrex|[spread] p2a,p2b\n|-resisted|p2a: Koraidon\n|-damage|p2a: Koraidon|0 fnt\n|-damage|p2b: Calyrex|0 fnt\n|faint|p2a: Koraidon\n|faint|p2b: Calyrex\n|\n|win|juacox300\n|raw|juacox300's rating: 1360 &rarr; <strong>1379</strong><br />(+19 for winning)\n|raw|papabell's rating: 1337 &rarr; <strong>1318</strong><br />(-19 for losing)\n|l|\u2606papabell\n|player|p2|\n|l|\u2606juacox300\n|player|p1|\n", "uploadtime": 1746074385, "views": 7, "formatid": "gen9vgc2025regibo3", "rating": 1318, "private": 0, "password": null}