{"id": "gen9vgc2025regibo3-2354227344", "format": "[Gen 9] VGC 2025 Reg I (Bo3)", "players": ["FloH314", "getsigilyph"], "log": "|j|\u2606FloH314\n|j|\u2606getsigilyph\n|html|<table width=\"100%\"><tr><td align=\"left\">FloH314</td><td align=\"right\">getsigilyph</tr><tr><td align=\"left\"><i class=\"fa fa-circle-o\"></i> <i class=\"fa fa-circle-o\"></i> </td><td align=\"right\"><i class=\"fa fa-circle-o\"></i> <i class=\"fa fa-circle\"></i> </tr></table>\n|uhtml|bestof|<h2><strong>Game 2</strong> of <a href=\"/game-bestof3-gen9vgc2025regibo3-2354225059\">a best-of-3</a></h2>\n|t:|1746046727\n|gametype|doubles\n|player|p1|FloH314|102|1120\n|player|p2|getsigilyph|maid|1042\n|teamsize|p1|6\n|teamsize|p2|6\n|gen|9\n|tier|[Gen 9] VGC 2025 Reg I (Bo3)\n|rated|\n|rule|Species Clause: Limit one of each Pok\u00e9mon\n|rule|Item Clause: Limit 1 of each item\n|clearpoke\n|poke|p1|Excadrill, L50, F|\n|poke|p1|Necrozma-Dawn-Wings, L50|\n|poke|p1|Tyranitar, L50, M|\n|poke|p1|Indeedee-F, L50, F|\n|poke|p1|Cresselia, L50, F|\n|poke|p1|Calyrex-Ice, L50|\n|poke|p2|Groudon, L50|\n|poke|p2|Incineroar, L50, F|\n|poke|p2|Jumpluff, L50, M|\n|poke|p2|Raging Bolt, L50|\n|poke|p2|Lunala, L50|\n|poke|p2|Ogerpon-Hearthflame, L50, F|\n|teampreview|4\n|showteam|p1|Excadrill||AssaultVest|SandForce|IronHead,HighHorsepower,Earthquake,RockSlide|||F|||50|,,,,,Water]Necrozma-Dawn-Wings||PsychicSeed|PrismArmor|TrickRoom,PowerGem,ExpandingForce,MoongeistBeam||||||50|,,,,,Rock]Tyranitar||IronBall|SandStream|Fling,Protect,RockSlide,KnockOff|||M|||50|,,,,,Dark]Indeedee-F||SafetyGoggles|PsychicSurge|HelpingHand,TrickRoom,FollowMe,DazzlingGleam|||F|||50|,,,,,Fairy]Cresselia||MentalHerb|Levitate|TrickRoom,HelpingHand,LunarBlessing,Moonblast|||F|||50|,,,,,Dark]Calyrex-Ice||ClearAmulet|AsOneGlastrier|Protect,GlacialLance,HighHorsepower,TrickRoom||||||50|,,,,,Water\n|showteam|p2|Groudon||ClearAmulet|Drought|PrecipiceBlades,SwordsDance,Protect,HeatCrash||||||50|,,,,,Fire]Incineroar||RockyHelmet|Intimidate|FakeOut,KnockOff,FlareBlitz,PartingShot|||F|||50|,,,,,Bug]Jumpluff||CovertCloak|Chlorophyll|Tailwind,Encore,SleepPowder,RagePowder|||M|||50|,,,,,Dark]Raging Bolt||AssaultVest|Protosynthesis|Thunderclap,DracoMeteor,Electroweb,Thunderbolt||||||50|,,,,,Fairy]Lunala||Leftovers|ShadowShield|MoongeistBeam,Moonblast,CalmMind,Protect||||||50|,,,,,Fairy]Ogerpon-Hearthflame||HearthflameMask|MoldBreaker|IvyCudgel,SpikyShield,FollowMe,HornLeech|||F|||50|,,,,,Fire\n|\n|t:|1746046741\n|start\n|switch|p1a: Indeedee|Indeedee-F, L50, F|100/100\n|switch|p1b: Necrozma|Necrozma-Dawn-Wings, L50|100/100\n|switch|p2a: Caldo|Incineroar, L50, F|100/100\n|switch|p2b: Lunala|Lunala, L50|100/100\n|-ability|p2a: Caldo|Intimidate|boost\n|-unboost|p1a: Indeedee|atk|1\n|-unboost|p1b: Necrozma|atk|1\n|-fieldstart|move: Psychic Terrain|[from] ability: Psychic Surge|[of] p1a: Indeedee\n|-enditem|p1b: Necrozma|Psychic Seed\n|-boost|p1b: Necrozma|spd|1|[from] item: Psychic Seed\n|turn|1\n|inactive|Battle timer is ON: inactive players will automatically lose when time's up. (requested by FloH314)\n|\n|t:|1746046760\n|-terastallize|p2b: Lunala|Fairy\n|-terastallize|p1b: Necrozma|Rock\n|move|p2b: Lunala|Moongeist Beam|p1b: Necrozma\n|-damage|p1b: Necrozma|75/100\n|move|p2a: Caldo|Knock Off|p1b: Necrozma\n|-damage|p1b: Necrozma|56/100\n|move|p1b: Necrozma|Power Gem|p2a: Caldo\n|-supereffective|p2a: Caldo\n|-damage|p2a: Caldo|0 fnt\n|faint|p2a: Caldo\n|move|p1a: Indeedee|Trick Room|p1a: Indeedee\n|-fieldstart|move: Trick Room|[of] p1a: Indeedee\n|\n|upkeep\n|\n|t:|1746046772\n|switch|p2a: Gillete|Groudon, L50|100/100\n|-weather|SunnyDay|[from] ability: Drought|[of] p2a: Gillete\n|turn|2\n|\n|t:|1746046782\n|switch|p1a: Tyranitar|Tyranitar, L50, M|100/100\n|-weather|Sandstorm|[from] ability: Sand Stream|[of] p1a: Tyranitar\n|move|p1b: Necrozma|Expanding Force|p2a: Gillete|[spread] p2a,p2b\n|-damage|p2a: Gillete|39/100\n|-damage|p2b: Lunala|71/100\n|move|p2a: Gillete|Precipice Blades|p1a: Tyranitar|[spread] p1a,p1b\n|-supereffective|p1a: Tyranitar\n|-supereffective|p1b: Necrozma\n|-damage|p1a: Tyranitar|24/100\n|-damage|p1b: Necrozma|0 fnt\n|faint|p1b: Necrozma\n|move|p2b: Lunala|Moonblast|p1a: Tyranitar\n|-supereffective|p1a: Tyranitar\n|-damage|p1a: Tyranitar|0 fnt\n|faint|p1a: Tyranitar\n|\n|-weather|Sandstorm|[upkeep]\n|-damage|p2b: Lunala|65/100|[from] Sandstorm\n|-heal|p2b: Lunala|71/100|[from] item: Leftovers\n|upkeep\n|\n|t:|1746046799\n|switch|p1a: Indeedee|Indeedee-F, L50, F|100/100\n|switch|p1b: Calyrex|Calyrex-Ice, L50|100/100\n|-ability|p1b: Calyrex|As One\n|-ability|p1b: Calyrex|Unnerve\n|turn|3\n|\n|t:|1746046807\n|move|p2a: Gillete|Protect|p2a: Gillete\n|-singleturn|p2a: Gillete|Protect\n|move|p2b: Lunala|Protect|p2b: Lunala\n|-singleturn|p2b: Lunala|Protect\n|move|p1a: Indeedee|Follow Me|p1a: Indeedee\n|-singleturn|p1a: Indeedee|move: Follow Me\n|move|p1b: Calyrex|Glacial Lance|p2b: Lunala|[spread] \n|-activate|p2a: Gillete|move: Protect\n|-activate|p2b: Lunala|move: Protect\n|\n|-weather|Sandstorm|[upkeep]\n|-damage|p1b: Calyrex|95/100|[from] Sandstorm\n|-damage|p2b: Lunala|65/100|[from] Sandstorm\n|-heal|p2b: Lunala|71/100|[from] item: Leftovers\n|upkeep\n|turn|4\n|inactive|FloH314 has 30 seconds left.\n|inactive|getsigilyph has 30 seconds left.\n|\n|t:|1746046835\n|move|p1a: Indeedee|Helping Hand|p1b: Calyrex\n|-singleturn|p1b: Calyrex|Helping Hand|[of] p1a: Indeedee\n|move|p1b: Calyrex|Glacial Lance|p2b: Lunala|[spread] p2a,p2b\n|-supereffective|p2a: Gillete\n|-damage|p2a: Gillete|0 fnt\n|-damage|p2b: Lunala|4/100\n|faint|p2a: Gillete\n|-ability|p1b: Calyrex|Chilling Neigh|boost\n|-boost|p1b: Calyrex|atk|1\n|move|p2b: Lunala|Moonblast|p1a: Indeedee\n|-damage|p1a: Indeedee|52/100\n|-unboost|p1a: Indeedee|spa|1\n|\n|-weather|Sandstorm|[upkeep]\n|-damage|p1b: Calyrex|89/100|[from] Sandstorm\n|-damage|p2b: Lunala|0 fnt|[from] Sandstorm\n|faint|p2b: Lunala\n|upkeep\n|\n|t:|1746046843\n|switch|p2b: Raging Bolt|Raging Bolt, L50|100/100\n|turn|5\n|\n|t:|1746046862\n|move|p1a: Indeedee|Follow Me|p1a: Indeedee\n|-singleturn|p1a: Indeedee|move: Follow Me\n|move|p1b: Calyrex|Glacial Lance|p2b: Raging Bolt\n|-supereffective|p2b: Raging Bolt\n|-damage|p2b: Raging Bolt|0 fnt\n|faint|p2b: Raging Bolt\n|-end|p2b: Raging Bolt|Protosynthesis|[silent]\n|\n|win|FloH314\n||getsigilyph is ready for game 3.\n||FloH314 is ready for game 3.\n|uhtml|next|Next: <a href=\"/battle-gen9vgc2025regibo3-2354228676\"><strong>Game 3 of 3</strong></a>\n|l|\u2606FloH314\n|player|p1|\n", "uploadtime": 1746047131, "views": 13, "formatid": "gen9vgc2025regibo3", "rating": null, "private": 0, "password": null}