{"id": "gen9vgc2025regibo3-2353939168", "format": "[Gen 9] VGC 2025 Reg I (Bo3)", "players": ["QUELON", "Alphamag92"], "log": "|j|\u2606QUELON\n|j|\u2606Alphamag92\n|html|<table width=\"100%\"><tr><td align=\"left\">QUELON</td><td align=\"right\">Alphamag92</tr><tr><td align=\"left\"><i class=\"fa fa-circle-o\"></i> <i class=\"fa fa-circle-o\"></i> </td><td align=\"right\"><i class=\"fa fa-circle-o\"></i> <i class=\"fa fa-circle\"></i> </tr></table>\n|uhtml|bestof|<h2><strong>Game 2</strong> of <a href=\"/game-bestof3-gen9vgc2025regibo3-2353933962\">a best-of-3</a></h2>\n|t:|1746020844\n|gametype|doubles\n|player|p1|QUELON|266|1201\n|player|p2|Alphamag92|chuck|1165\n|teamsize|p1|6\n|teamsize|p2|6\n|gen|9\n|tier|[Gen 9] VGC 2025 Reg I (Bo3)\n|rated|\n|rule|Species Clause: Limit one of each Pok\u00e9mon\n|rule|Item Clause: Limit 1 of each item\n|clearpoke\n|poke|p1|Calyrex-Shadow, L50|\n|poke|p1|Zamazenta-*, L50|\n|poke|p1|Incineroar, L50, F|\n|poke|p1|Rillaboom, L50, M|\n|poke|p1|Urshifu-*, L50, M|\n|poke|p1|Ogerpon-Hearthflame, L50, F|\n|poke|p2|Terapagos, L50, M|\n|poke|p2|Calyrex-Shadow, L50|\n|poke|p2|Incineroar, L50, M|\n|poke|p2|Rillaboom, L50, M|\n|poke|p2|Amoonguss, L50, F|\n|poke|p2|Ceruledge, L50, M|\n|teampreview|4\n|showteam|p1|Calyrex-Shadow||LifeOrb|AsOneSpectrier|AstralBarrage,Psychic,NastyPlot,Protect||||||50|,,,,,Dark]Zamazenta-Crowned||RustedShield|DauntlessShield|BodyPress,behemothbash,WideGuard,Protect||||||50|,,,,,Dragon]Incineroar||RockyHelmet|Intimidate|KnockOff,PartingShot,FakeOut,HelpingHand|||F|||50|,,,,,Bug]Rillaboom||AssaultVest|GrassySurge|FakeOut,WoodHammer,GrassyGlide,Uturn|||M|||50|,,,,,Water]Urshifu-Rapid-Strike||ChoiceScarf|UnseenFist|SurgingStrikes,CloseCombat,AquaJet,Uturn|||M|||50|,,,,,Water]Ogerpon-Hearthflame||HearthflameMask|MoldBreaker|IvyCudgel,GrassyGlide,FollowMe,SpikyShield|||F|||50|,,,,,Fire\n|showteam|p2|Terapagos||Leftovers|TeraShift|TeraStarstorm,EarthPower,CalmMind,Protect|||M|||50|,,,,,Stellar]Calyrex-Shadow||FocusSash|AsOneSpectrier|AstralBarrage,WillOWisp,Disable,Protect||||||50|,,,,,Ghost]Incineroar||SafetyGoggles|Intimidate|KnockOff,WillOWisp,PartingShot,FakeOut|||M|||50|,,,,,Water]Rillaboom||AssaultVest|GrassySurge|WoodHammer,GrassyGlide,FakeOut,Uturn|||M|||50|,,,,,Fire]Amoonguss||RockyHelmet|Regenerator|PollenPuff,Spore,RagePowder,Protect|||F|||50|,,,,,Water]Ceruledge||LifeOrb|FlashFire|BitterBlade,Poltergeist,SwordsDance,Protect|||M|||50|,,,,,Dark\n|inactive|Battle timer is ON: inactive players will automatically lose when time's up. (requested by QUELON)\n|inactive|QUELON has 60 seconds left.\n|inactive|Alphamag92 has 60 seconds left.\n|\n|t:|1746020903\n|start\n|switch|p1a: Calyrex|Calyrex-Shadow, L50|100/100\n|switch|p1b: Zamazenta|Zamazenta-Crowned, L50|100/100\n|switch|p2a: Calyrex|Calyrex-Shadow, L50|100/100\n|switch|p2b: Amoonguss|Amoonguss, L50, F, shiny|100/100\n|-ability|p1a: Calyrex|As One\n|-ability|p1a: Calyrex|Unnerve\n|-ability|p2a: Calyrex|As One\n|-ability|p2a: Calyrex|Unnerve\n|-ability|p1b: Zamazenta|Dauntless Shield|boost\n|-boost|p1b: Zamazenta|def|1\n|turn|1\n|inactive|Alphamag92 has 30 seconds left.\n|inactive|QUELON has 30 seconds left.\n|\n|t:|1746020933\n|switch|p1b: Incineroar|Incineroar, L50, F|100/100\n|-ability|p1b: Incineroar|Intimidate|boost\n|-unboost|p2a: Calyrex|atk|1\n|-unboost|p2b: Amoonguss|atk|1\n|-terastallize|p1a: Calyrex|Dark\n|-terastallize|p2b: Amoonguss|Water\n|move|p1a: Calyrex|Psychic|p2b: Amoonguss\n|-damage|p2b: Amoonguss|39/100\n|-unboost|p2b: Amoonguss|spd|1\n|-damage|p1a: Calyrex|91/100|[from] item: Life Orb\n|move|p2a: Calyrex|Will-O-Wisp|p1b: Incineroar\n|-immune|p1b: Incineroar\n|move|p2b: Amoonguss|Spore|p1a: Calyrex\n|-status|p1a: Calyrex|slp|[from] move: Spore\n|\n|upkeep\n|turn|2\n|inactive|QUELON has 30 seconds left.\n|inactive|Alphamag92 has 30 seconds left.\n|inactive|QUELON has 20 seconds left.\n|inactive|Alphamag92 has 20 seconds left.\n|inactive|Alphamag92 has 15 seconds left.\n|inactive|Alphamag92 has 10 seconds left.\n|inactive|Alphamag92 has 5 seconds left.\n|\n|t:|1746020988\n|switch|p2a: Terapagos|Terapagos, L50, M|100/100\n|-activate|p2a: Terapagos|ability: Tera Shift\n|detailschange|p2a: Terapagos|Terapagos-Terastal, L50, M\n|-heal|p2a: Terapagos|100/100|[silent]\n|cant|p1a: Calyrex|slp\n|move|p1b: Incineroar|Knock Off|p2a: Terapagos\n|-activate|p2a: Terapagos|ability: Tera Shell\n|-resisted|p2a: Terapagos\n|-damage|p2a: Terapagos|88/100\n|-enditem|p2a: Terapagos|Leftovers|[from] move: Knock Off|[of] p1b: Incineroar\n|move|p2b: Amoonguss|Spore|p1b: Incineroar\n|-status|p1b: Incineroar|slp|[from] move: Spore\n|\n|upkeep\n|turn|3\n|inactive|QUELON has 30 seconds left.\n|inactive|Alphamag92 has 30 seconds left.\n|\n|t:|1746021018\n|switch|p2b: Ceruledge|Ceruledge, L50, M|100/100\n|cant|p1a: Calyrex|slp\n|move|p2a: Terapagos|Calm Mind|p2a: Terapagos\n|-boost|p2a: Terapagos|spa|1\n|-boost|p2a: Terapagos|spd|1\n|cant|p1b: Incineroar|slp\n|\n|upkeep\n|turn|4\n|\n|t:|1746021033\n|-curestatus|p1a: Calyrex|slp|[msg]\n|move|p1a: Calyrex|Astral Barrage|p2a: Terapagos|[spread] p2b\n|-immune|p2a: Terapagos\n|-supereffective|p2b: Ceruledge\n|-damage|p2b: Ceruledge|0 fnt\n|faint|p2b: Ceruledge\n|-ability|p1a: Calyrex|Grim Neigh|boost\n|-boost|p1a: Calyrex|spa|1\n|-damage|p1a: Calyrex|81/100|[from] item: Life Orb\n|move|p2a: Terapagos|Calm Mind|p2a: Terapagos\n|-boost|p2a: Terapagos|spa|1\n|-boost|p2a: Terapagos|spd|1\n|cant|p1b: Incineroar|slp\n|\n|upkeep\n|\n|t:|1746021044\n|switch|p2b: Amoonguss|Amoonguss, L50, F, shiny, tera:Water|72/100\n|turn|5\n|\n|t:|1746021064\n|move|p1a: Calyrex|Protect|p1a: Calyrex\n|-singleturn|p1a: Calyrex|Protect\n|move|p2b: Amoonguss|Protect|p2b: Amoonguss\n|-singleturn|p2b: Amoonguss|Protect\n|move|p2a: Terapagos|Calm Mind|p2a: Terapagos\n|-boost|p2a: Terapagos|spa|1\n|-boost|p2a: Terapagos|spd|1\n|-curestatus|p1b: Incineroar|slp|[msg]\n|move|p1b: Incineroar|Parting Shot|p2a: Terapagos\n|-unboost|p2a: Terapagos|atk|1\n|-unboost|p2a: Terapagos|spa|1\n|\n|t:|1746021088\n|switch|p1b: Zamazenta|Zamazenta-Crowned, L50|100/100|[from] Parting Shot\n|\n|upkeep\n|turn|6\n|inactive|Alphamag92 has 30 seconds left.\n|inactive|Alphamag92 has 20 seconds left.\n|\n|t:|1746021127\n|move|p1a: Calyrex|Astral Barrage|p2a: Terapagos|[spread] p2b\n|-immune|p2a: Terapagos\n|-damage|p2b: Amoonguss|0 fnt\n|faint|p2b: Amoonguss\n|-ability|p1a: Calyrex|Grim Neigh|boost\n|-boost|p1a: Calyrex|spa|1\n|-damage|p1a: Calyrex|72/100|[from] item: Life Orb\n|move|p1b: Zamazenta|Body Press|p2a: Terapagos\n|-supereffective|p2a: Terapagos\n|-damage|p2a: Terapagos|24/100\n|move|p2a: Terapagos|Tera Starstorm|p1a: Calyrex\n|-damage|p1a: Calyrex|0 fnt\n|faint|p1a: Calyrex\n|\n|upkeep\n|\n|t:|1746021144\n|switch|p1a: Urshifu|Urshifu-Rapid-Strike, L50, M|100/100\n|switch|p2b: Calyrex|Calyrex-Shadow, L50|100/100\n|-ability|p2b: Calyrex|As One\n|-ability|p2b: Calyrex|Unnerve\n|turn|7\n|inactive|QUELON has 30 seconds left.\n|inactive|Alphamag92 has 30 seconds left.\n|inactive|Alphamag92 has 20 seconds left.\n|inactive|Alphamag92 has 15 seconds left.\n|inactive|Alphamag92 has 10 seconds left.\n|inactive|Alphamag92 has 5 seconds left.\n|\n|t:|1746021196\n|move|p1b: Zamazenta|Wide Guard|p1b: Zamazenta\n|-singleturn|p1b: Zamazenta|Wide Guard\n|move|p1a: Urshifu|Surging Strikes|p2a: Terapagos\n|-crit|p2a: Terapagos\n|-damage|p2a: Terapagos|8/100\n|-crit|p2a: Terapagos\n|-damage|p2a: Terapagos|0 fnt\n|faint|p2a: Terapagos\n|-hitcount|p2: Terapagos|2\n|move|p2b: Calyrex|Astral Barrage|p1a: Urshifu|[spread] \n|-activate|p1a: Urshifu|move: Wide Guard\n|-activate|p1b: Zamazenta|move: Wide Guard\n|\n|upkeep\n|turn|8\n|\n|t:|1746021207\n|move|p1b: Zamazenta|Wide Guard|p1b: Zamazenta\n|-singleturn|p1b: Zamazenta|Wide Guard\n|move|p1a: Urshifu|Surging Strikes|p2b: Calyrex\n|-crit|p2b: Calyrex\n|-damage|p2b: Calyrex|73/100\n|-crit|p2b: Calyrex\n|-damage|p2b: Calyrex|47/100\n|-crit|p2b: Calyrex\n|-damage|p2b: Calyrex|19/100\n|-hitcount|p2b: Calyrex|3\n|move|p2b: Calyrex|Disable|p1b: Zamazenta\n|-start|p1b: Zamazenta|Disable|Wide Guard\n|\n|upkeep\n|turn|9\n|\n|t:|1746021217\n|move|p1a: Urshifu|Surging Strikes|p2b: Calyrex\n|-crit|p2b: Calyrex\n|-damage|p2b: Calyrex|0 fnt\n|faint|p2b: Calyrex\n|-hitcount|p2: Calyrex|1\n|\n|win|QUELON\n||QUELON is ready for game 3.\n||Alphamag92 is ready for game 3.\n|uhtml|next|Next: <a href=\"/battle-gen9vgc2025regibo3-2353943087\"><strong>Game 3 of 3</strong></a>\n", "uploadtime": 1746021435, "views": 5, "formatid": "gen9vgc2025regibo3", "rating": null, "private": 0, "password": null}