{"id": "gen9vgc2025regibo3-2355039357", "format": "[Gen 9] VGC 2025 Reg I (Bo3)", "players": ["nathonline", "miardy"], "log": "|j|\u2606nathonline\n|j|\u2606miardy\n|html|<table width=\"100%\"><tr><td align=\"left\">nathonline</td><td align=\"right\">miardy</tr><tr><td align=\"left\"><i class=\"fa fa-circle-o\"></i> <i class=\"fa fa-circle-o\"></i> </td><td align=\"right\"><i class=\"fa fa-circle-o\"></i> <i class=\"fa fa-circle-o\"></i> </tr></table>\n|uhtml|bestof|<h2><strong>Game 1</strong> of <a href=\"/game-bestof3-gen9vgc2025regibo3-2355039356\">a best-of-3</a></h2>\n|t:|1746145083\n|gametype|doubles\n|player|p1|nathonline|nate|1069\n|player|p2|miardy|unknownf|1040\n|teamsize|p1|6\n|teamsize|p2|6\n|gen|9\n|tier|[Gen 9] VGC 2025 Reg I (Bo3)\n|rated|\n|rule|Species Clause: Limit one of each Pok\u00e9mon\n|rule|Item Clause: Limit 1 of each item\n|clearpoke\n|poke|p1|Kyurem-Black, L50|\n|poke|p1|Groudon, L50|\n|poke|p1|Roaring Moon, L50|\n|poke|p1|Indeedee-F, L50, F|\n|poke|p1|Incineroar, L50, M|\n|poke|p1|Urshifu-*, L50, M|\n|poke|p2|Lunala, L50|\n|poke|p2|Groudon, L50|\n|poke|p2|Raging Bolt, L50|\n|poke|p2|Amoonguss, L50, M|\n|poke|p2|Incineroar, L50, F|\n|poke|p2|Ogerpon-Hearthflame, L50, F|\n|teampreview|4\n|showteam|p1|Kyurem-Black||LoadedDice|Teravolt|Protect,FusionBolt,ScaleShot,IcicleSpear||||||50|,,,,,Electric]Groudon||ChoiceScarf|Drought|PrecipiceBlades,HighHorsepower,HeatCrash,HeavySlam||||||50|,,,,,Ground]Roaring Moon||BoosterEnergy|Protosynthesis|Protect,Tailwind,KnockOff,Acrobatics||||||50|,,,,,Poison]Indeedee-F||SitrusBerry|PsychicSurge|Protect,HealPulse,Psychic,FollowMe|||F|||50|,,,,,Dark]Incineroar||RockyHelmet|Intimidate|FakeOut,PartingShot,KnockOff,FlareBlitz|||M|||50|,,,,,Ghost]Urshifu-Rapid-Strike||FocusSash|UnseenFist|Detect,CloseCombat,SurgingStrikes,AquaJet|||M|||50|,,,,,Water\n|showteam|p2|Lunala||PowerHerb|ShadowShield|MoongeistBeam,MeteorBeam,TrickRoom,WideGuard||||||50|,,,,,Fairy]Groudon||ClearAmulet|Drought|PrecipiceBlades,BulkUp,HeatCrash,Protect||||||50|,,,,,Fire]Raging Bolt||AssaultVest|Protosynthesis|Thunderclap,Thunderbolt,DracoMeteor,VoltSwitch||||||50|,,,,,Electric]Amoonguss||RockyHelmet|Regenerator|Spore,PollenPuff,RagePowder,Protect|||M|||50|,,,,,Grass]Incineroar||SafetyGoggles|Intimidate|FakeOut,WillOWisp,KnockOff,PartingShot|||F|||50|,,,,,Fire]Ogerpon-Hearthflame||HearthflameMask|MoldBreaker|IvyCudgel,WoodHammer,FollowMe,SpikyShield|||F|||50|,,,,,Fire\n|inactive|Battle timer is ON: inactive players will automatically lose when time's up. (requested by nathonline)\n|\n|t:|1746145109\n|start\n|switch|p1a: Roaring Moon|Roaring Moon, L50|100/100\n|switch|p1b: Kyurem|Kyurem-Black, L50|100/100\n|switch|p2a: Lunala|Lunala, L50|100/100\n|switch|p2b: Incineroar|Incineroar, L50, F|100/100\n|-ability|p1b: Kyurem|Teravolt\n|-ability|p2b: Incineroar|Intimidate|boost\n|-unboost|p1a: Roaring Moon|atk|1\n|-unboost|p1b: Kyurem|atk|1\n|-enditem|p1a: Roaring Moon|Booster Energy\n|-activate|p1a: Roaring Moon|ability: Protosynthesis|[fromitem]\n|-start|p1a: Roaring Moon|protosynthesisspe\n|turn|1\n|inactive|nathonline has 30 seconds left.\n|inactive|miardy has 30 seconds left.\n|inactive|miardy has 20 seconds left.\n|inactive|nathonline has 20 seconds left.\n|inactive|miardy has 15 seconds left.\n|inactive|nathonline has 15 seconds left.\n|inactive|miardy has 10 seconds left.\n|inactive|nathonline has 10 seconds left.\n|inactive|miardy has 5 seconds left.\n|inactive|nathonline has 5 seconds left.\n|\n|t:|1746145169\n|move|p1a: Roaring Moon|Protect|p1a: Roaring Moon\n|-singleturn|p1a: Roaring Moon|Protect\n|move|p1b: Kyurem|Protect|p1b: Kyurem\n|-singleturn|p1b: Kyurem|Protect\n|move|p2b: Incineroar|Fake Out|p1a: Roaring Moon\n|-activate|p1a: Roaring Moon|move: Protect\n|move|p2a: Lunala|Moongeist Beam|p1b: Kyurem\n|-activate|p1b: Kyurem|move: Protect\n|\n|upkeep\n|turn|2\n|inactive|nathonline has 30 seconds left.\n|inactive|miardy has 30 seconds left.\n|inactive|miardy has 20 seconds left.\n|\n|t:|1746145206\n|switch|p1b: Groudon|Groudon, L50|100/100\n|-weather|SunnyDay|[from] ability: Drought|[of] p1b: Groudon\n|move|p1a: Roaring Moon|Tailwind|p1a: Roaring Moon\n|-sidestart|p1: nathonline|move: Tailwind\n|move|p2a: Lunala|Moongeist Beam|p1a: Roaring Moon\n|-resisted|p1a: Roaring Moon\n|-damage|p1a: Roaring Moon|72/100\n|move|p2b: Incineroar|Knock Off|p1b: Groudon\n|-damage|p1b: Groudon|69/100\n|-enditem|p1b: Groudon|Choice Scarf|[from] move: Knock Off|[of] p2b: Incineroar\n|\n|-weather|SunnyDay|[upkeep]\n|upkeep\n|turn|3\n|inactive|nathonline has 30 seconds left.\n|inactive|miardy has 30 seconds left.\n|inactive|nathonline has 20 seconds left.\n|inactive|miardy has 20 seconds left.\n|inactive|miardy has 15 seconds left.\n|inactive|miardy has 10 seconds left.\n|\n|t:|1746145253\n|-end|p1a: Roaring Moon|Protosynthesis|[silent]\n|switch|p1a: Incineroar|Incineroar, L50, M, shiny|100/100\n|-ability|p1a: Incineroar|Intimidate|boost\n|-unboost|p2a: Lunala|atk|1\n|-unboost|p2b: Incineroar|atk|1\n|move|p1b: Groudon|Precipice Blades|p2b: Incineroar|[spread] p2a,p2b\n|-supereffective|p2b: Incineroar\n|-crit|p2b: Incineroar\n|-damage|p2a: Lunala|76/100\n|-damage|p2b: Incineroar|0 fnt\n|faint|p2b: Incineroar\n|move|p2a: Lunala|Moongeist Beam|p1b: Groudon\n|-crit|p1b: Groudon\n|-damage|p1b: Groudon|0 fnt\n|faint|p1b: Groudon\n|\n|-weather|SunnyDay|[upkeep]\n|upkeep\n|inactive|miardy has 30 seconds left.\n|inactive|miardy has 20 seconds left.\n|inactive|miardy has 15 seconds left.\n|inactive|miardy has 10 seconds left.\n|inactive|miardy has 5 seconds left.\n|\n|t:|1746145308\n|switch|p1b: Roaring Moon|Roaring Moon, L50|72/100\n|switch|p2b: Raging Bolt|Raging Bolt, L50|100/100\n|-activate|p1b: Roaring Moon|ability: Protosynthesis\n|-start|p1b: Roaring Moon|protosynthesisspe\n|-activate|p2b: Raging Bolt|ability: Protosynthesis\n|-start|p2b: Raging Bolt|protosynthesisspa\n|turn|4\n|inactive|miardy has 30 seconds left.\n|inactive|miardy has 20 seconds left.\n|inactive|miardy has 15 seconds left.\n|inactive|miardy has 10 seconds left.\n|inactive|miardy has 5 seconds left.\n|\n|t:|1746145362\n|move|p1a: Incineroar|Fake Out|p2b: Raging Bolt\n|-damage|p2b: Raging Bolt|91/100\n|move|p1b: Roaring Moon|Knock Off|p2a: Lunala\n|-supereffective|p2a: Lunala\n|-damage|p2a: Lunala|0 fnt\n|-enditem|p2a: Lunala|Power Herb|[from] move: Knock Off|[of] p1b: Roaring Moon\n|faint|p2a: Lunala\n|cant|p2b: Raging Bolt|flinch\n|\n|-weather|SunnyDay|[upkeep]\n|upkeep\n|\n|t:|1746145373\n|switch|p2a: Groudon|Groudon, L50|100/100\n|turn|5\n|inactive|nathonline has 30 seconds left.\n|inactive|nathonline has 20 seconds left.\n|inactive|nathonline has 15 seconds left.\n|inactive|nathonline has 10 seconds left.\n|inactive|nathonline has 5 seconds left.\n|\n|t:|1746145428\n|move|p1b: Roaring Moon|Protect|p1b: Roaring Moon\n|-singleturn|p1b: Roaring Moon|Protect\n|move|p1a: Incineroar|Fake Out||[still]\n|-hint|Fake Out only works on your first turn out.\n|-fail|p1a: Incineroar\n|move|p2b: Raging Bolt|Thunderclap||[still]\n|-fail|p2b: Raging Bolt\n|move|p2a: Groudon|Precipice Blades|p1b: Roaring Moon|[spread] p1a\n|-activate|p1b: Roaring Moon|move: Protect\n|-supereffective|p1a: Incineroar\n|-damage|p1a: Incineroar|19/100\n|\n|-weather|SunnyDay|[upkeep]\n|-sideend|p1: nathonline|move: Tailwind\n|upkeep\n|turn|6\n|inactive|nathonline has 30 seconds left.\n|\n|t:|1746145453\n|switch|p1a: Kyurem|Kyurem-Black, L50|100/100\n|-ability|p1a: Kyurem|Teravolt\n|move|p2b: Raging Bolt|Thunderclap||[still]\n|-fail|p2b: Raging Bolt\n|move|p1b: Roaring Moon|Tailwind|p1b: Roaring Moon\n|-sidestart|p1: nathonline|move: Tailwind\n|move|p2a: Groudon|Precipice Blades|p1b: Roaring Moon|[spread] p1a\n|-miss|p2a: Groudon|p1b: Roaring Moon\n|-damage|p1a: Kyurem|54/100\n|\n|-weather|none\n|-end|p1b: Roaring Moon|Protosynthesis\n|-end|p2b: Raging Bolt|Protosynthesis\n|upkeep\n|turn|7\n|inactive|nathonline has 30 seconds left.\n|inactive|miardy has 30 seconds left.\n|inactive|nathonline has 20 seconds left.\n|inactive|nathonline has 15 seconds left.\n|inactive|nathonline has 10 seconds left.\n|\n|t:|1746145502\n|-end|p1b: Roaring Moon|Protosynthesis|[silent]\n|switch|p1b: Incineroar|Incineroar, L50, M, shiny|19/100\n|-ability|p1b: Incineroar|Intimidate|boost\n|-fail|p2a: Groudon|unboost|[from] item: Clear Amulet|[of] p2a: Groudon\n|-unboost|p2b: Raging Bolt|atk|1\n|-terastallize|p2a: Groudon|Fire\n|move|p2b: Raging Bolt|Thunderclap||[still]\n|-fail|p2b: Raging Bolt\n|move|p1a: Kyurem|Scale Shot|p2b: Raging Bolt\n|-supereffective|p2b: Raging Bolt\n|-damage|p2b: Raging Bolt|62/100\n|-supereffective|p2b: Raging Bolt\n|-damage|p2b: Raging Bolt|33/100\n|-supereffective|p2b: Raging Bolt\n|-damage|p2b: Raging Bolt|4/100\n|-supereffective|p2b: Raging Bolt\n|-damage|p2b: Raging Bolt|0 fnt\n|faint|p2b: Raging Bolt\n|-end|p2b: Raging Bolt|Protosynthesis|[silent]\n|-hitcount|p2: Raging Bolt|4\n|-unboost|p1a: Kyurem|def|1\n|-boost|p1a: Kyurem|spe|1\n|move|p2a: Groudon|Precipice Blades|p1a: Kyurem|[spread] p1a,p1b\n|-supereffective|p1b: Incineroar\n|-damage|p1a: Kyurem|0 fnt\n|-damage|p1b: Incineroar|0 fnt\n|faint|p1a: Kyurem\n|faint|p1b: Incineroar\n|\n|upkeep\n|\n|t:|1746145525\n|switch|p1b: Roaring Moon|Roaring Moon, L50|72/100\n|turn|8\n|\n|t:|1746145537\n|move|p1b: Roaring Moon|Knock Off|p2a: Groudon\n|-damage|p2a: Groudon|68/100\n|-enditem|p2a: Groudon|Clear Amulet|[from] move: Knock Off|[of] p1b: Roaring Moon\n|move|p2a: Groudon|Heat Crash|p1b: Roaring Moon\n|-resisted|p1b: Roaring Moon\n|-damage|p1b: Roaring Moon|49/100\n|\n|upkeep\n|turn|9\n|\n|t:|1746145548\n|move|p1b: Roaring Moon|Acrobatics|p2a: Groudon\n|-damage|p2a: Groudon|43/100\n|move|p2a: Groudon|Bulk Up|p2a: Groudon\n|-boost|p2a: Groudon|atk|1\n|-boost|p2a: Groudon|def|1\n|\n|-sideend|p1: nathonline|move: Tailwind\n|upkeep\n|turn|10\n|\n|t:|1746145562\n|move|p1b: Roaring Moon|Acrobatics|p2a: Groudon\n|-damage|p2a: Groudon|27/100\n|move|p2a: Groudon|Bulk Up|p2a: Groudon\n|-boost|p2a: Groudon|atk|1\n|-boost|p2a: Groudon|def|1\n|\n|upkeep\n|turn|11\n|\n|t:|1746145573\n|move|p1b: Roaring Moon|Acrobatics|p2a: Groudon\n|-damage|p2a: Groudon|13/100\n|move|p2a: Groudon|Bulk Up|p2a: Groudon\n|-boost|p2a: Groudon|atk|1\n|-boost|p2a: Groudon|def|1\n|\n|upkeep\n|turn|12\n|\n|t:|1746145590\n|move|p1b: Roaring Moon|Acrobatics|p2a: Groudon\n|-damage|p2a: Groudon|2/100\n|move|p2a: Groudon|Heat Crash|p1b: Roaring Moon\n|-resisted|p1b: Roaring Moon\n|-damage|p1b: Roaring Moon|0 fnt\n|faint|p1b: Roaring Moon\n|-end|p1b: Roaring Moon|Protosynthesis|[silent]\n|\n|win|miardy\n||miardy is ready for game 2.\n|inactive|nathonline has 30 seconds to confirm battle start!\n|inactive|nathonline has 20 seconds to confirm battle start!\n||nathonline is ready for game 2.\n|uhtml|next|Next: <a href=\"/battle-gen9vgc2025regibo3-2355043854\"><strong>Game 2 of 3</strong></a>\n|l|\u2606nathonline\n|player|p1|\n", "uploadtime": 1746146321, "views": 26, "formatid": "gen9vgc2025regibo3", "rating": null, "private": 0, "password": null}