{"id": "gen9vgc2025regibo3-2354619598", "format": "[Gen 9] VGC 2025 Reg I (Bo3)", "players": ["VYSERISTARG", "Jean CHASUBLE 1"], "log": "|j|\u2606VYSERISTARG\n|j|\u2606Jean CHASUBLE 1\n|html|<table width=\"100%\"><tr><td align=\"left\">VYSERISTARG</td><td align=\"right\">Jean CHASUBLE 1</tr><tr><td align=\"left\"><i class=\"fa fa-circle\"></i> <i class=\"fa fa-circle-o\"></i> </td><td align=\"right\"><i class=\"fa fa-circle-o\"></i> <i class=\"fa fa-circle\"></i> </tr></table>\n|uhtml|bestof|<h2><strong>Game 3</strong> of <a href=\"/game-bestof3-gen9vgc2025regibo3-2354615960\">a best-of-3</a></h2>\n|t:|1746103670\n|gametype|doubles\n|player|p1|VYSERISTARG|170|1136\n|player|p2|Jean CHASUBLE 1|cheren-gen5bw2|1157\n|teamsize|p1|6\n|teamsize|p2|6\n|gen|9\n|tier|[Gen 9] VGC 2025 Reg I (Bo3)\n|rated|\n|rule|Species Clause: Limit one of each Pok\u00e9mon\n|rule|Item Clause: Limit 1 of each item\n|clearpoke\n|poke|p1|Rayquaza, L50|\n|poke|p1|Iron Jugulis, L50|\n|poke|p1|Miraidon, L50|\n|poke|p1|Iron Hands, L50|\n|poke|p1|Farigiraf, L50, F|\n|poke|p1|Duraludon, L50, M|\n|poke|p2|Kyogre, L50|\n|poke|p2|Zacian-*, L50|\n|poke|p2|Tornadus, L50, M|\n|poke|p2|Landorus, L50, M|\n|poke|p2|Amoonguss, L50, M|\n|poke|p2|Urshifu-*, L50, M|\n|teampreview|4\n|showteam|p1|Rayquaza||RazorClaw|AirLock|ExtremeSpeed,DragonAscent,SwordsDance,Protect||||||50|,,,,,Normal]Iron Jugulis||BoosterEnergy|QuarkDrive|Snarl,Tailwind,DragonCheer,ElectricTerrain||||||50|,,,,,Ghost]Miraidon||ScopeLens|HadronEngine|DragonCheer,Protect,DracoMeteor,ElectroDrift||||||50|,,,,,Fairy]Iron Hands||AssaultVest|QuarkDrive|DrainPunch,FakeOut,ThunderPunch,LowKick||||||50|,,,,,Water]Farigiraf||ElectricSeed|ArmorTail|Psychic,FoulPlay,TrickRoom,HelpingHand|||F|||50|,,,,,Fairy]Duraludon||Eviolite|HeavyMetal|Protect,DragonCheer,HeavySlam,BodyPress|||M|||50|,,,,,Ghost\n|showteam|p2|Kyogre||AssaultVest|Drizzle|Thunder,WaterSpout,IceBeam,HydroPump||||||50|,,,,,Grass]Zacian-Crowned||RustedSword|IntrepidSword|Protect,PlayRough,behemothblade,SacredSword||||||50|,,,,,Fairy]Tornadus||CovertCloak|Prankster|Tailwind,Taunt,BleakwindStorm,RainDance|||M|||50|,,,,,Dark]Landorus||LifeOrb|SheerForce|EarthPower,SandsearStorm,SludgeBomb,Protect|||M|||50|,,,,,Poison]Amoonguss||RockyHelmet|Regenerator|Spore,PollenPuff,Protect,RagePowder|||M|||50|,,,,,Water]Urshifu-Rapid-Strike||ChoiceScarf|UnseenFist|SurgingStrikes,Uturn,AquaJet,CloseCombat|||M|||50|,,,,,Water\n|\n|t:|1746103698\n|start\n|switch|p1a: Iron Hands|Iron Hands, L50|100/100\n|switch|p1b: Miraidon|Miraidon, L50|100/100\n|switch|p2a: Landorus|Landorus, L50, M|100/100\n|switch|p2b: Kyogre|Kyogre, L50|100/100\n|-fieldstart|move: Electric Terrain|[from] ability: Hadron Engine|[of] p1b: Miraidon\n|-activate|p1a: Iron Hands|ability: Quark Drive\n|-start|p1a: Iron Hands|quarkdriveatk\n|-weather|RainDance|[from] ability: Drizzle|[of] p2b: Kyogre\n|turn|1\n|inactive|Battle timer is ON: inactive players will automatically lose when time's up. (requested by Jean CHASUBLE 1)\n|\n|t:|1746103736\n|switch|p2b: Amoonguss|Amoonguss, L50, M|100/100\n|move|p2a: Landorus|Protect|p2a: Landorus\n|-singleturn|p2a: Landorus|Protect\n|move|p1a: Iron Hands|Fake Out|p2a: Landorus\n|-activate|p2a: Landorus|move: Protect\n|move|p1b: Miraidon|Electro Drift|p2b: Amoonguss\n|-resisted|p2b: Amoonguss\n|-crit|p2b: Amoonguss\n|-damage|p2b: Amoonguss|34/100\n|-damage|p1b: Miraidon|84/100|[from] item: Rocky Helmet|[of] p2b: Amoonguss\n|\n|-weather|RainDance|[upkeep]\n|upkeep\n|turn|2\n|inactive|Jean CHASUBLE 1 has 30 seconds left.\n|\n|t:|1746103766\n|-end|p1a: Iron Hands|Quark Drive|[silent]\n|switch|p1a: Rayquaza|Rayquaza, L50|100/100\n|-ability|p1a: Rayquaza|Air Lock\n|move|p2b: Amoonguss|Rage Powder|p2b: Amoonguss\n|-singleturn|p2b: Amoonguss|move: Rage Powder\n|move|p2a: Landorus|Sandsear Storm|p1b: Miraidon|[spread] p1b\n|-immune|p1a: Rayquaza\n|-supereffective|p1b: Miraidon\n|-damage|p1b: Miraidon|0 fnt\n|faint|p1b: Miraidon\n|\n|-weather|RainDance|[upkeep]\n|upkeep\n|\n|t:|1746103777\n|switch|p1b: Iron Hands|Iron Hands, L50|100/100\n|-activate|p1b: Iron Hands|ability: Quark Drive\n|-start|p1b: Iron Hands|quarkdriveatk\n|turn|3\n|\n|t:|1746103794\n|switch|p2b: Zacian|Zacian-Crowned, L50|100/100\n|-ability|p2b: Zacian|Intrepid Sword|boost\n|-boost|p2b: Zacian|atk|1\n|move|p2a: Landorus|Protect|p2a: Landorus\n|-singleturn|p2a: Landorus|Protect\n|move|p1b: Iron Hands|Fake Out|p2a: Landorus\n|-activate|p2a: Landorus|move: Protect\n|move|p1a: Rayquaza|Swords Dance|p1a: Rayquaza\n|-boost|p1a: Rayquaza|atk|2\n|\n|-weather|RainDance|[upkeep]\n|upkeep\n|turn|4\n|inactive|Jean CHASUBLE 1 has 30 seconds left.\n|inactive|Jean CHASUBLE 1 has 20 seconds left.\n|\n|t:|1746103831\n|-terastallize|p1a: Rayquaza|Normal\n|move|p1a: Rayquaza|Extreme Speed|p2a: Landorus\n|-damage|p2a: Landorus|0 fnt\n|faint|p2a: Landorus\n|move|p2b: Zacian|Play Rough|p1a: Rayquaza\n|-damage|p1a: Rayquaza|31/100\n|move|p1b: Iron Hands|Low Kick|p2b: Zacian\n|-damage|p2b: Zacian|18/100\n|\n|-weather|RainDance|[upkeep]\n|upkeep\n|\n|t:|1746103843\n|switch|p2a: Amoonguss|Amoonguss, L50, M|68/100\n|turn|5\n|inactive|Jean CHASUBLE 1 has 30 seconds left.\n|\n|t:|1746103869\n|move|p1a: Rayquaza|Extreme Speed|p2b: Zacian\n|-resisted|p2b: Zacian\n|-damage|p2b: Zacian|0 fnt\n|faint|p2b: Zacian\n|move|p2a: Amoonguss|Rage Powder|p2a: Amoonguss\n|-singleturn|p2a: Amoonguss|move: Rage Powder\n|move|p1b: Iron Hands|Drain Punch|p2a: Amoonguss\n|-resisted|p2a: Amoonguss\n|-damage|p2a: Amoonguss|46/100\n|-damage|p1b: Iron Hands|84/100|[from] item: Rocky Helmet|[of] p2a: Amoonguss\n|\n|-weather|none\n|-fieldend|move: Electric Terrain\n|-end|p1b: Iron Hands|Quark Drive\n|upkeep\n|\n|t:|1746103879\n|switch|p2b: Kyogre|Kyogre, L50|100/100\n|-weather|RainDance|[from] ability: Drizzle|[of] p2b: Kyogre\n|turn|6\n|\n|t:|1746103896\n|-terastallize|p2b: Kyogre|Grass\n|move|p1a: Rayquaza|Protect|p1a: Rayquaza\n|-singleturn|p1a: Rayquaza|Protect\n|move|p2b: Kyogre|Water Spout|p1b: Iron Hands|[spread] p1b\n|-activate|p1a: Rayquaza|move: Protect\n|-damage|p1b: Iron Hands|46/100\n|move|p1b: Iron Hands|Low Kick|p2b: Kyogre\n|-damage|p2b: Kyogre|38/100\n|move|p2a: Amoonguss|Spore|p1a: Rayquaza\n|-activate|p1a: Rayquaza|move: Protect\n|\n|-weather|RainDance|[upkeep]\n|upkeep\n|turn|7\n|inactive|VYSERISTARG has 30 seconds left.\n|inactive|Jean CHASUBLE 1 has 30 seconds left.\n|inactive|Jean CHASUBLE 1 has 20 seconds left.\n|c|\u2606VYSERISTARG|ggs\n|inactive|Jean CHASUBLE 1 has 15 seconds left.\n|\n|t:|1746103940\n|-end|p1b: Iron Hands|Quark Drive|[silent]\n|switch|p1b: Iron Jugulis|Iron Jugulis, L50|100/100\n|-enditem|p1b: Iron Jugulis|Booster Energy\n|-activate|p1b: Iron Jugulis|ability: Quark Drive|[fromitem]\n|-start|p1b: Iron Jugulis|quarkdrivespe\n|move|p1a: Rayquaza|Extreme Speed|p2b: Kyogre\n|-damage|p2b: Kyogre|0 fnt\n|faint|p2b: Kyogre\n|move|p2a: Amoonguss|Rage Powder|p2a: Amoonguss\n|-singleturn|p2a: Amoonguss|move: Rage Powder\n|\n|-weather|RainDance|[upkeep]\n|upkeep\n|turn|8\n|\n|t:|1746103952\n|move|p1b: Iron Jugulis|Electric Terrain|p1b: Iron Jugulis\n|-fieldstart|move: Electric Terrain\n|move|p1a: Rayquaza|Dragon Ascent|p2a: Amoonguss\n|-supereffective|p2a: Amoonguss\n|-damage|p2a: Amoonguss|0 fnt\n|-unboost|p1a: Rayquaza|def|1\n|-unboost|p1a: Rayquaza|spd|1\n|-damage|p1a: Rayquaza|15/100|[from] item: Rocky Helmet|[of] p2a: Amoonguss\n|faint|p2a: Amoonguss\n|\n|win|VYSERISTARG\n|raw|VYSERISTARG's rating: 1136 &rarr; <strong>1163</strong><br />(+27 for winning)\n|raw|Jean CHASUBLE 1's rating: 1157 &rarr; <strong>1130</strong><br />(-27 for losing)\n|l|\u2606VYSERISTARG\n|player|p1|\n", "uploadtime": 1746103961, "views": 10, "formatid": "gen9vgc2025regibo3", "rating": 1130, "private": 0, "password": null}