{"id": "gen9vgc2025regibo3-2353755809", "format": "[Gen 9] VGC 2025 Reg I (Bo3)", "players": ["stanhoff", "theicemaster"], "log": "|j|\u2606stanhoff\n|j|\u2606theicemaster\n|html|<table width=\"100%\"><tr><td align=\"left\">stanhoff</td><td align=\"right\">theicemaster</tr><tr><td align=\"left\"><i class=\"fa fa-circle\"></i> <i class=\"fa fa-circle-o\"></i> </td><td align=\"right\"><i class=\"fa fa-circle-o\"></i> <i class=\"fa fa-circle\"></i> </tr></table>\n|uhtml|bestof|<h2><strong>Game 3</strong> of <a href=\"/game-bestof3-gen9vgc2025regibo3-2353753004\">a best-of-3</a></h2>\n|t:|1745994583\n|gametype|doubles\n|player|p1|stanhoff|falkner|1245\n|player|p2|theicemaster|crasherwake|1156\n|teamsize|p1|6\n|teamsize|p2|6\n|gen|9\n|tier|[Gen 9] VGC 2025 Reg I (Bo3)\n|rated|\n|rule|Species Clause: Limit one of each Pok\u00e9mon\n|rule|Item Clause: Limit 1 of each item\n|clearpoke\n|poke|p1|Calyrex-Shadow, L50|\n|poke|p1|Miraidon, L50|\n|poke|p1|Indeedee-F, L50, F|\n|poke|p1|Brute Bonnet, L50|\n|poke|p1|Iron Bundle, L50|\n|poke|p1|Sneasler, L50, F|\n|poke|p2|Incineroar, L50, M|\n|poke|p2|Calyrex-Ice, L50|\n|poke|p2|Dialga-Origin, L50|\n|poke|p2|Raging Bolt, L50|\n|poke|p2|Rillaboom, L50, M|\n|poke|p2|Urshifu-*, L50, F|\n|teampreview|4\n|showteam|p1|Calyrex-Shadow||FocusSash|AsOneSpectrier|AstralBarrage,ExpandingForce,Disable,Protect||||||50|,,,,,Ghost]Miraidon||LifeOrb|HadronEngine|ElectroDrift,DracoMeteor,DazzlingGleam,Protect||||||50|,,,,,Fairy]Indeedee-F||PsychicSeed|PsychicSurge|FollowMe,AlluringVoice,TrickRoom,Imprison|||F|||50|,,,,,Fairy]Brute Bonnet||CovertCloak|Protosynthesis|Spore,SuckerPunch,SeedBomb,RagePowder||||||50|,,,,,Water]Iron Bundle||KingsRock|QuarkDrive|IcyWind,FreezeDry,Fling,Protect||||||50|,,,,,Grass]Sneasler||ElectricSeed|Unburden|FakeOut,Taunt,CloseCombat,Protect|||F|||50|,,,,,Dark\n|showteam|p2|Incineroar||SafetyGoggles|Intimidate|KnockOff,Taunt,FakeOut,PartingShot|||M|||50|,,,,,Grass]Calyrex-Ice||ClearAmulet|AsOneGlastrier|GlacialLance,HighHorsepower,Protect,TrickRoom||||||50|,,,,,Water]Dialga-Origin||AdamantCrystal|Pressure|DragonPulse,FlashCannon,EarthPower,TrickRoom||||||50|,,,,,Ghost]Raging Bolt||BoosterEnergy|Protosynthesis|Thunderbolt,DragonPulse,Thunderclap,Protect||||||50|,,,,,Fairy]Rillaboom||AssaultVest|GrassySurge|GrassyGlide,WoodHammer,FakeOut,Uturn|||M|||50|,,,,,Fire]Urshifu-Rapid-Strike||ChoiceScarf|UnseenFist|SurgingStrikes,CloseCombat,AquaJet,Uturn|||F|||50|,,,,,Stellar\n|inactive|Battle timer is ON: inactive players will automatically lose when time's up. (requested by stanhoff)\n|\n|t:|1745994608\n|start\n|switch|p1a: Indeedee|Indeedee-F, L50, F|100/100\n|switch|p1b: Sneasler|Sneasler, L50, F|100/100\n|switch|p2a: Incineroar|Incineroar, L50, M|100/100\n|switch|p2b: Dialga|Dialga-Origin, L50|100/100\n|-ability|p2b: Dialga|Pressure\n|-fieldstart|move: Psychic Terrain|[from] ability: Psychic Surge|[of] p1a: Indeedee\n|-enditem|p1a: Indeedee|Psychic Seed\n|-boost|p1a: Indeedee|spd|1|[from] item: Psychic Seed\n|-ability|p2a: Incineroar|Intimidate|boost\n|-unboost|p1a: Indeedee|atk|1\n|-unboost|p1b: Sneasler|atk|1\n|turn|1\n|\n|t:|1745994628\n|switch|p2b: Rillaboom|Rillaboom, L50, M|100/100\n|-fieldstart|move: Grassy Terrain|[from] ability: Grassy Surge|[of] p2b: Rillaboom\n|move|p1b: Sneasler|Close Combat|p2a: Incineroar\n|-supereffective|p2a: Incineroar\n|-damage|p2a: Incineroar|47/100\n|-unboost|p1b: Sneasler|def|1\n|-unboost|p1b: Sneasler|spd|1\n|move|p1a: Indeedee|Imprison|p1a: Indeedee\n|-start|p1a: Indeedee|move: Imprison\n|move|p2a: Incineroar|Taunt|p1a: Indeedee\n|-start|p1a: Indeedee|move: Taunt\n|\n|-heal|p2a: Incineroar|53/100|[from] Grassy Terrain\n|upkeep\n|turn|2\n|inactive|stanhoff has 30 seconds left.\n|inactive|theicemaster has 30 seconds left.\n|\n|t:|1745994662\n|switch|p1b: Calyrex|Calyrex-Shadow, L50|100/100\n|-ability|p1b: Calyrex|As One\n|-ability|p1b: Calyrex|Unnerve\n|-terastallize|p1a: Indeedee|Fairy\n|move|p2b: Rillaboom|Fake Out|p1b: Calyrex\n|-immune|p1b: Calyrex\n|move|p1a: Indeedee|Alluring Voice|p2b: Rillaboom\n|-damage|p2b: Rillaboom|82/100\n|move|p2a: Incineroar|Parting Shot|p1a: Indeedee\n|-unboost|p1a: Indeedee|atk|1\n|-unboost|p1a: Indeedee|spa|1\n|inactive|theicemaster has 30 seconds left.\n|\n|t:|1745994689\n|switch|p2a: Dialga|Dialga-Origin, L50|100/100|[from] Parting Shot\n|-ability|p2a: Dialga|Pressure\n|\n|-heal|p2b: Rillaboom|88/100|[from] Grassy Terrain\n|upkeep\n|turn|3\n|\n|t:|1745994709\n|switch|p1a: Sneasler|Sneasler, L50, F|100/100\n|move|p1b: Calyrex|Protect|p1b: Calyrex\n|-singleturn|p1b: Calyrex|Protect\n|move|p2a: Dialga|Flash Cannon|p1a: Sneasler\n|-damage|p1a: Sneasler|38/100\n|move|p2b: Rillaboom|Wood Hammer|p1b: Calyrex\n|-activate|p1b: Calyrex|move: Protect\n|\n|-heal|p1a: Sneasler|44/100|[from] Grassy Terrain\n|-heal|p2b: Rillaboom|94/100|[from] Grassy Terrain\n|upkeep\n|turn|4\n|\n|t:|1745994736\n|move|p1a: Sneasler|Fake Out|p2a: Dialga\n|-resisted|p2a: Dialga\n|-crit|p2a: Dialga\n|-damage|p2a: Dialga|94/100\n|move|p1b: Calyrex|Astral Barrage|p2b: Rillaboom|[spread] p2a,p2b\n|-crit|p2b: Rillaboom\n|-damage|p2a: Dialga|55/100\n|-damage|p2b: Rillaboom|46/100\n|cant|p2a: Dialga|flinch\n|move|p2b: Rillaboom|U-turn|p1b: Calyrex\n|-damage|p1b: Calyrex|74/100\n|\n|t:|1745994746\n|switch|p2b: Incineroar|Incineroar, L50, M|53/100|[from] U-turn\n|-ability|p2b: Incineroar|Intimidate|boost\n|-unboost|p1a: Sneasler|atk|1\n|-unboost|p1b: Calyrex|atk|1\n|\n|-heal|p1b: Calyrex|80/100|[from] Grassy Terrain\n|-heal|p1a: Sneasler|50/100|[from] Grassy Terrain\n|-heal|p2a: Dialga|60/100|[from] Grassy Terrain\n|-heal|p2b: Incineroar|59/100|[from] Grassy Terrain\n|upkeep\n|turn|5\n|\n|t:|1745994765\n|switch|p1b: Indeedee|Indeedee-F, L50, F, tera:Fairy|100/100\n|-fieldstart|move: Psychic Terrain|[from] ability: Psychic Surge|[of] p1b: Indeedee\n|move|p2b: Incineroar|Fake Out|p1a: Sneasler\n|-activate|p1a: Sneasler|move: Psychic Terrain\n|move|p1a: Sneasler|Taunt|p2a: Dialga\n|-start|p2a: Dialga|move: Taunt\n|cant|p2a: Dialga|move: Taunt|Trick Room\n|\n|upkeep\n|turn|6\n|\n|t:|1745994779\n|switch|p2b: Rillaboom|Rillaboom, L50, M|46/100\n|-fieldstart|move: Grassy Terrain|[from] ability: Grassy Surge|[of] p2b: Rillaboom\n|move|p1b: Indeedee|Follow Me|p1b: Indeedee\n|-singleturn|p1b: Indeedee|move: Follow Me\n|move|p1a: Sneasler|Close Combat|p2b: Rillaboom\n|-damage|p2b: Rillaboom|11/100\n|-unboost|p1a: Sneasler|def|1\n|-unboost|p1a: Sneasler|spd|1\n|move|p2a: Dialga|Flash Cannon|p1b: Indeedee\n|-supereffective|p1b: Indeedee\n|-damage|p1b: Indeedee|0 fnt\n|faint|p1b: Indeedee\n|\n|-heal|p1a: Sneasler|56/100|[from] Grassy Terrain\n|-heal|p2a: Dialga|66/100|[from] Grassy Terrain\n|-heal|p2b: Rillaboom|17/100|[from] Grassy Terrain\n|upkeep\n|\n|t:|1745994794\n|switch|p1b: Calyrex|Calyrex-Shadow, L50|80/100\n|-ability|p1b: Calyrex|As One\n|-ability|p1b: Calyrex|Unnerve\n|turn|7\n|\n|t:|1745994816\n|switch|p1a: Miraidon|Miraidon, L50|100/100\n|-fieldstart|move: Electric Terrain|[from] ability: Hadron Engine|[of] p1a: Miraidon\n|move|p2b: Rillaboom|Fake Out|p1a: Miraidon\n|-damage|p1a: Miraidon|87/100\n|move|p1b: Calyrex|Astral Barrage|p2a: Dialga|[spread] p2a,p2b\n|-damage|p2a: Dialga|26/100\n|-damage|p2b: Rillaboom|0 fnt\n|faint|p2b: Rillaboom\n|-ability|p1b: Calyrex|Grim Neigh|boost\n|-boost|p1b: Calyrex|spa|1\n|move|p2a: Dialga|Dragon Pulse|p1b: Calyrex\n|-damage|p1b: Calyrex|10/100\n|\n|-end|p2a: Dialga|move: Taunt\n|upkeep\n|inactive|theicemaster has 30 seconds left.\n|inactive|theicemaster has 20 seconds left.\n|inactive|theicemaster has 15 seconds left.\n|\n|t:|1745994858\n|switch|p2b: Calyrex|Calyrex-Ice, L50|100/100\n|-ability|p2b: Calyrex|As One\n|-ability|p2b: Calyrex|Unnerve\n|turn|8\n|\n|t:|1745994868\n|move|p2b: Calyrex|Protect|p2b: Calyrex\n|-singleturn|p2b: Calyrex|Protect\n|move|p1b: Calyrex|Astral Barrage|p2a: Dialga|[spread] p2a\n|-activate|p2b: Calyrex|move: Protect\n|-damage|p2a: Dialga|0 fnt\n|faint|p2a: Dialga\n|-ability|p1b: Calyrex|Grim Neigh|boost\n|-boost|p1b: Calyrex|spa|1\n|move|p1a: Miraidon|Electro Drift|p2b: Calyrex\n|-activate|p2b: Calyrex|move: Protect\n|\n|upkeep\n|\n|t:|1745994878\n|switch|p2a: Incineroar|Incineroar, L50, M|59/100\n|-ability|p2a: Incineroar|Intimidate|boost\n|-unboost|p1a: Miraidon|atk|1\n|-unboost|p1b: Calyrex|atk|1\n|turn|9\n|inactive|stanhoff has 30 seconds left.\n|c|\u2606stanhoff|i feel like you had a better move with incin out first, didn't you? knock off gets caly off the field one turn sooner\n|\n|t:|1745994911\n|-terastallize|p2b: Calyrex|Water\n|move|p2a: Incineroar|Fake Out|p1a: Miraidon\n|-damage|p1a: Miraidon|75/100\n|move|p1b: Calyrex|Astral Barrage|p2a: Incineroar|[spread] p2a,p2b\n|-resisted|p2a: Incineroar\n|-damage|p2a: Incineroar|6/100\n|-damage|p2b: Calyrex|25/100\n|cant|p1a: Miraidon|flinch\n|move|p2b: Calyrex|Trick Room|p2b: Calyrex\n|-fieldstart|move: Trick Room|[of] p2b: Calyrex\n|\n|upkeep\n|turn|10\n|inactive|theicemaster has 30 seconds left.\n|\n|t:|1745994944\n|move|p1a: Miraidon|Protect|p1a: Miraidon\n|-singleturn|p1a: Miraidon|Protect\n|move|p2b: Calyrex|Glacial Lance|p1b: Calyrex|[spread] p1b\n|-activate|p1a: Miraidon|move: Protect\n|-damage|p1b: Calyrex|0 fnt\n|faint|p1b: Calyrex\n|-ability|p2b: Calyrex|Chilling Neigh|boost\n|-boost|p2b: Calyrex|atk|1\n|move|p2a: Incineroar|Knock Off|p1a: Miraidon\n|-activate|p1a: Miraidon|move: Protect\n|\n|upkeep\n|\n|t:|1745994955\n|switch|p1b: Sneasler|Sneasler, L50, F|56/100\n|-enditem|p1b: Sneasler|Electric Seed\n|-boost|p1b: Sneasler|def|1|[from] item: Electric Seed\n|turn|11\n|\n|t:|1745994968\n|move|p2b: Calyrex|Protect|p2b: Calyrex\n|-singleturn|p2b: Calyrex|Protect\n|move|p1b: Sneasler|Fake Out|p2b: Calyrex\n|-activate|p2b: Calyrex|move: Protect\n|move|p2a: Incineroar|Knock Off|p1a: Miraidon\n|-damage|p1a: Miraidon|40/100\n|-enditem|p1a: Miraidon|Life Orb|[from] move: Knock Off|[of] p2a: Incineroar\n|move|p1a: Miraidon|Dazzling Gleam|p2a: Incineroar|[spread] p2a\n|-activate|p2b: Calyrex|move: Protect\n|-damage|p2a: Incineroar|0 fnt\n|faint|p2a: Incineroar\n|\n|-fieldend|move: Electric Terrain\n|upkeep\n|turn|12\n|\n|t:|1745994977\n|move|p1a: Miraidon|Protect|p1a: Miraidon\n|-singleturn|p1a: Miraidon|Protect\n|move|p1b: Sneasler|Protect|p1b: Sneasler\n|-singleturn|p1b: Sneasler|Protect\n|move|p2b: Calyrex|Glacial Lance|p1b: Sneasler|[spread] \n|-activate|p1a: Miraidon|move: Protect\n|-activate|p1b: Sneasler|move: Protect\n|\n|upkeep\n|turn|13\n|c|\u2606stanhoff|two chances to get a 1 in 3, let's see\n|\n|t:|1745994993\n|move|p1a: Miraidon|Protect||[still]\n|-fail|p1a: Miraidon\n|move|p1b: Sneasler|Protect||[still]\n|-fail|p1b: Sneasler\n|move|p2b: Calyrex|Glacial Lance|p1a: Miraidon|[spread] p1a,p1b\n|-supereffective|p1a: Miraidon\n|-damage|p1a: Miraidon|0 fnt\n|-damage|p1b: Sneasler|0 fnt\n|faint|p1a: Miraidon\n|faint|p1b: Sneasler\n|\n|win|theicemaster\n|raw|stanhoff's rating: 1245 &rarr; <strong>1214</strong><br />(-31 for losing)\n|raw|theicemaster's rating: 1156 &rarr; <strong>1187</strong><br />(+31 for winning)\n|c|\u2606stanhoff|oof\n|c|\u2606stanhoff|gg\n|c|\u2606theicemaster|gg\n", "uploadtime": 1745995024, "views": 20, "formatid": "gen9vgc2025regibo3", "rating": 1187, "private": 0, "password": null}