{"id": "gen9vgc2025regibo3-2353808364", "format": "[Gen 9] VGC 2025 Reg I (Bo3)", "players": ["bigkingrollo", "server101"], "log": "|j|\u2606bigkingrollo\n|j|\u2606server101\n|html|<table width=\"100%\"><tr><td align=\"left\">bigkingrollo</td><td align=\"right\">server101</tr><tr><td align=\"left\"><i class=\"fa fa-circle-o\"></i> <i class=\"fa fa-circle-o\"></i> </td><td align=\"right\"><i class=\"fa fa-circle-o\"></i> <i class=\"fa fa-circle-o\"></i> </tr></table>\n|uhtml|bestof|<h2><strong>Game 1</strong> of <a href=\"/game-bestof3-gen9vgc2025regibo3-2353808363\">a best-of-3</a></h2>\n|t:|1746003435\n|gametype|doubles\n|player|p1|bigkingrollo|265|1060\n|player|p2|server101|clerkf|1007\n|teamsize|p1|6\n|teamsize|p2|6\n|gen|9\n|tier|[Gen 9] VGC 2025 Reg I (Bo3)\n|rated|\n|rule|Species Clause: Limit one of each Pok\u00e9mon\n|rule|Item Clause: Limit 1 of each item\n|clearpoke\n|poke|p1|Lunala, L50|\n|poke|p1|Ninetales-Alola, L50, M|\n|poke|p1|Amoonguss, L50, M|\n|poke|p1|Scrafty, L50, F|\n|poke|p1|Raging Bolt, L50|\n|poke|p1|Kyurem-White, L50|\n|poke|p2|Kyogre, L50|\n|poke|p2|Tornadus, L50, M|\n|poke|p2|Rayquaza, L50|\n|poke|p2|Indeedee-F, L50, F|\n|poke|p2|Incineroar, L50, M|\n|poke|p2|Chien-Pao, L50|\n|teampreview|4\n|showteam|p1|Lunala||PowerHerb|ShadowShield|MoongeistBeam,MeteorBeam,WideGuard,Tailwind||||||50|,,,,,Water]Ninetales-Alola||LightClay|SnowWarning|Blizzard,AuroraVeil,Encore,IcyWind|||M|||50|,,,,,Water]Amoonguss||SitrusBerry|Regenerator|PollenPuff,Spore,RagePowder,Protect|||M|||50|,,,,,Water]Scrafty||SafetyGoggles|Intimidate|FakeOut,KnockOff,LowKick,Detect|||F|||50|,,,,,Fairy]Raging Bolt||AssaultVest|Protosynthesis|Thunderclap,Electroweb,DracoMeteor,VoltSwitch||||||50|,,,,,Electric]Kyurem-White||ChoiceSpecs|Turboblaze|Blizzard,FreezeDry,IcyWind,FusionFlare||||||50|,,,,,Ice\n|showteam|p2|Kyogre||MysticWater|Drizzle|WaterSpout,OriginPulse,IceBeam,Protect||||||50|,,,,,Grass]Tornadus||CovertCloak|Prankster|Tailwind,BleakwindStorm,Taunt,RainDance|||M|||50|,,,,,Ground]Rayquaza||ChoiceBand|AirLock|ExtremeSpeed,DragonAscent,DragonClaw,Uturn||||||50|,,,,,Normal]Indeedee-F||PsychicSeed|PsychicSurge|FollowMe,HelpingHand,Protect,Psyshock|||F|||50|,,,,,Psychic]Incineroar||SitrusBerry|Intimidate|FakeOut,PartingShot,FlareBlitz,KnockOff|||M|||50|,,,,,Ghost]Chien-Pao||FocusSash|SwordofRuin|ThroatChop,IceSpinner,SacredSword,Protect||||||50|,,,,,Ghost\n|inactive|Battle timer is ON: inactive players will automatically lose when time's up. (requested by bigkingrollo)\n|inactive|server101 has 60 seconds left.\n|inactive|server101 has 30 seconds left.\n|\n|t:|1746003511\n|start\n|switch|p1a: Lunala|Lunala, L50|100/100\n|switch|p1b: Raging Bolt|Raging Bolt, L50|100/100\n|switch|p2a: Palafir\u0131|Kyogre, L50, shiny|100/100\n|switch|p2b: Will Smith|Tornadus, L50, M|100/100\n|-weather|RainDance|[from] ability: Drizzle|[of] p2a: Palafir\u0131\n|turn|1\n|inactive|server101 has 30 seconds left.\n|inactive|server101 has 20 seconds left.\n|inactive|server101 has 15 seconds left.\n|\n|t:|1746003553\n|-terastallize|p1a: Lunala|Water\n|move|p2a: Palafir\u0131|Protect|p2a: Palafir\u0131\n|-singleturn|p2a: Palafir\u0131|Protect\n|move|p2b: Will Smith|Taunt|p1a: Lunala\n|-start|p1a: Lunala|move: Taunt\n|cant|p1a: Lunala|move: Taunt|Tailwind\n|move|p1b: Raging Bolt|Electroweb|p2b: Will Smith|[spread] p2b\n|-activate|p2a: Palafir\u0131|move: Protect\n|-supereffective|p2b: Will Smith\n|-damage|p2b: Will Smith|52/100\n|\n|-weather|RainDance|[upkeep]\n|upkeep\n|turn|2\n|inactive|server101 has 30 seconds left.\n|inactive|server101 has 20 seconds left.\n|inactive|server101 has 15 seconds left.\n|inactive|server101 has 10 seconds left.\n|\n|t:|1746003601\n|-terastallize|p2a: Palafir\u0131|Grass\n|move|p2b: Will Smith|Tailwind|p2b: Will Smith\n|-sidestart|p2: server101|move: Tailwind\n|move|p2a: Palafir\u0131|Water Spout|p1b: Raging Bolt|[spread] p1a,p1b\n|-resisted|p1a: Lunala\n|-resisted|p1b: Raging Bolt\n|-damage|p1a: Lunala|79/100\n|-damage|p1b: Raging Bolt|67/100\n|move|p1a: Lunala|Moongeist Beam|p2a: Palafir\u0131\n|-damage|p2a: Palafir\u0131|67/100\n|move|p1b: Raging Bolt|Electroweb|p2b: Will Smith|[spread] p2a,p2b\n|-resisted|p2a: Palafir\u0131\n|-supereffective|p2b: Will Smith\n|-damage|p2a: Palafir\u0131|59/100\n|-damage|p2b: Will Smith|0 fnt\n|-unboost|p2a: Palafir\u0131|spe|1\n|faint|p2b: Will Smith\n|\n|-weather|RainDance|[upkeep]\n|upkeep\n|inactive|server101 has 30 seconds left.\n|inactive|server101 has 20 seconds left.\n|\n|t:|1746003636\n|switch|p2b: Bao Pao|Chien-Pao, L50|100/100\n|-ability|p2b: Bao Pao|Sword of Ruin\n|turn|3\n|inactive|server101 has 30 seconds left.\n|\n|t:|1746003668\n|switch|p2a: Indeedee|Indeedee-F, L50, F, shiny|100/100\n|-fieldstart|move: Psychic Terrain|[from] ability: Psychic Surge|[of] p2a: Indeedee\n|-enditem|p2a: Indeedee|Psychic Seed\n|-boost|p2a: Indeedee|spd|1|[from] item: Psychic Seed\n|-end|p1b: Raging Bolt|Protosynthesis|[silent]\n|switch|p1b: Ninetales|Ninetales-Alola, L50, M|100/100\n|-weather|Snowscape|[from] ability: Snow Warning|[of] p1b: Ninetales\n|move|p2b: Bao Pao|Ice Spinner|p1b: Ninetales\n|-resisted|p1b: Ninetales\n|-damage|p1b: Ninetales|78/100\n|-fieldend|move: Psychic Terrain\n|move|p1a: Lunala|Meteor Beam||[still]\n|-prepare|p1a: Lunala|Meteor Beam\n|-boost|p1a: Lunala|spa|1\n|-enditem|p1a: Lunala|Power Herb\n|-anim|p1a: Lunala|Meteor Beam|p2b: Bao Pao\n|-supereffective|p2b: Bao Pao\n|-enditem|p2b: Bao Pao|Focus Sash\n|-damage|p2b: Bao Pao|1/100\n|\n|-weather|Snowscape|[upkeep]\n|-end|p1a: Lunala|move: Taunt\n|upkeep\n|turn|4\n|inactive|server101 has 30 seconds left.\n|inactive|server101 has 20 seconds left.\n|inactive|server101 has 15 seconds left.\n|inactive|server101 has 10 seconds left.\n|inactive|bigkingrollo has 30 seconds left.\n|inactive|server101 has 5 seconds left.\n|\n|t:|1746003725\n|move|p2a: Indeedee|Follow Me|p2a: Indeedee\n|-singleturn|p2a: Indeedee|move: Follow Me\n|move|p2b: Bao Pao|Throat Chop|p1a: Lunala\n|-crit|p1a: Lunala\n|-damage|p1a: Lunala|4/100\n|-start|p1a: Lunala|Throat Chop|[silent]\n|move|p1b: Ninetales|Icy Wind|p2a: Indeedee|[spread] p2a,p2b\n|-resisted|p2b: Bao Pao\n|-damage|p2a: Indeedee|93/100\n|-damage|p2b: Bao Pao|0 fnt\n|-unboost|p2a: Indeedee|spe|1\n|faint|p2b: Bao Pao\n|move|p1a: Lunala|Tailwind|p1a: Lunala\n|-sidestart|p1: bigkingrollo|move: Tailwind\n|\n|-weather|Snowscape|[upkeep]\n|upkeep\n|\n|t:|1746003737\n|switch|p2b: Palafir\u0131|Kyogre, L50, shiny, tera:Grass|59/100\n|-weather|RainDance|[from] ability: Drizzle|[of] p2b: Palafir\u0131\n|turn|5\n|\n|t:|1746003747\n|move|p1a: Lunala|Wide Guard|p1a: Lunala\n|-singleturn|p1a: Lunala|Wide Guard\n|move|p2a: Indeedee|Follow Me|p2a: Indeedee\n|-singleturn|p2a: Indeedee|move: Follow Me\n|move|p1b: Ninetales|Icy Wind|p2a: Indeedee|[spread] p2a,p2b\n|-supereffective|p2b: Palafir\u0131\n|-damage|p2a: Indeedee|86/100\n|-damage|p2b: Palafir\u0131|45/100\n|-unboost|p2a: Indeedee|spe|1\n|-unboost|p2b: Palafir\u0131|spe|1\n|move|p2b: Palafir\u0131|Water Spout|p1b: Ninetales|[spread] \n|-activate|p1a: Lunala|move: Wide Guard\n|-activate|p1b: Ninetales|move: Wide Guard\n|\n|-weather|RainDance|[upkeep]\n|-end|p1a: Lunala|Throat Chop|[silent]\n|-sideend|p2: server101|move: Tailwind\n|upkeep\n|turn|6\n|\n|t:|1746003763\n|switch|p1b: Raging Bolt|Raging Bolt, L50|67/100\n|move|p1a: Lunala|Wide Guard|p1a: Lunala\n|-singleturn|p1a: Lunala|Wide Guard\n|move|p2a: Indeedee|Follow Me|p2a: Indeedee\n|-singleturn|p2a: Indeedee|move: Follow Me\n|move|p2b: Palafir\u0131|Ice Beam|p1a: Lunala\n|-resisted|p1a: Lunala\n|-damage|p1a: Lunala|0 fnt\n|faint|p1a: Lunala\n|\n|-weather|RainDance|[upkeep]\n|upkeep\n|\n|t:|1746003765\n|switch|p1a: Ninetales|Ninetales-Alola, L50, M|78/100\n|-weather|Snowscape|[from] ability: Snow Warning|[of] p1a: Ninetales\n|turn|7\n|inactive|server101 has 30 seconds left.\n|\n|t:|1746003792\n|move|p2a: Indeedee|Follow Me|p2a: Indeedee\n|-singleturn|p2a: Indeedee|move: Follow Me\n|move|p1a: Ninetales|Aurora Veil|p1a: Ninetales\n|-sidestart|p1: bigkingrollo|move: Aurora Veil\n|move|p1b: Raging Bolt|Volt Switch|p2a: Indeedee\n|-damage|p2a: Indeedee|65/100\n|\n|t:|1746003794\n|-end|p1b: Raging Bolt|Protosynthesis|[silent]\n|switch|p1b: Kyurem|Kyurem-White, L50|100/100|[from] Volt Switch\n|-ability|p1b: Kyurem|Turboblaze\n|move|p2b: Palafir\u0131|Water Spout|p1b: Kyurem|[spread] p1a,p1b\n|-resisted|p1b: Kyurem\n|-crit|p1b: Kyurem\n|-damage|p1a: Ninetales|56/100\n|-damage|p1b: Kyurem|78/100\n|\n|-weather|Snowscape|[upkeep]\n|-sideend|p1: bigkingrollo|move: Tailwind\n|upkeep\n|turn|8\n|\n|t:|1746003815\n|move|p1a: Ninetales|Encore|p2b: Palafir\u0131\n|-start|p2b: Palafir\u0131|Encore\n|move|p1b: Kyurem|Blizzard|p2b: Palafir\u0131|[spread] p2a,p2b\n|-supereffective|p2b: Palafir\u0131\n|-damage|p2a: Indeedee|25/100\n|-damage|p2b: Palafir\u0131|0 fnt\n|faint|p2b: Palafir\u0131\n|move|p2a: Indeedee|Psyshock|p1b: Kyurem\n|-damage|p1b: Kyurem|66/100\n|\n|-weather|Snowscape|[upkeep]\n|upkeep\n|turn|9\n|-message|server101 forfeited.\n|\n|win|bigkingrollo\n|l|\u2606server101\n|player|p2|\n|l|\u2606bigkingrollo\n|player|p1|\n||bigkingrollo is ready for game 2.\n||server101 is ready for game 2.\n|uhtml|next|Next: <a href=\"/battle-gen9vgc2025regibo3-2353810660\"><strong>Game 2 of 3</strong></a>\n", "uploadtime": 1746004202, "views": 6, "formatid": "gen9vgc2025regibo3", "rating": null, "private": 0, "password": null}