{"id": "gen9vgc2025regibo3-2354556924", "format": "[Gen 9] VGC 2025 Reg I (Bo3)", "players": ["agn9", "Placidbee"], "log": "|j|\u2606agn9\n|j|\u2606Placidbee\n|html|<table width=\"100%\"><tr><td align=\"left\">agn9</td><td align=\"right\">Placidbee</tr><tr><td align=\"left\"><i class=\"fa fa-circle-o\"></i> <i class=\"fa fa-circle-o\"></i> </td><td align=\"right\"><i class=\"fa fa-circle-o\"></i> <i class=\"fa fa-circle-o\"></i> </tr></table>\n|uhtml|bestof|<h2><strong>Game 1</strong> of <a href=\"/game-bestof3-gen9vgc2025regibo3-2354556923\">a best-of-3</a></h2>\n|t:|1746093906\n|gametype|doubles\n|player|p1|agn9|ghetsis-gen5bw|1078\n|player|p2|Placidbee|parasollady|1131\n|teamsize|p1|6\n|teamsize|p2|6\n|gen|9\n|tier|[Gen 9] VGC 2025 Reg I (Bo3)\n|rated|\n|rule|Species Clause: Limit one of each Pok\u00e9mon\n|rule|Item Clause: Limit 1 of each item\n|clearpoke\n|poke|p1|Zacian-*, L50|\n|poke|p1|Lunala, L50|\n|poke|p1|Chi-Yu, L50|\n|poke|p1|Indeedee-F, L50, F|\n|poke|p1|Okidogi, L50, M|\n|poke|p1|Tornadus, L50, M|\n|poke|p2|Groudon, L50|\n|poke|p2|Ceruledge, L50, M|\n|poke|p2|Ho-Oh, L50|\n|poke|p2|Chien-Pao, L50|\n|poke|p2|Flutter Mane, L50|\n|poke|p2|Raging Bolt, L50|\n|teampreview|4\n|showteam|p1|Zacian-Crowned||RustedSword|IntrepidSword|Protect,PlayRough,behemothblade,SacredSword||||||50|,,,,,Water]Lunala||PowerHerb|ShadowShield|MoongeistBeam,WideGuard,MeteorBeam,ExpandingForce||||||50|,,,,,Water]Chi-Yu||ChoiceScarf|BeadsofRuin|Overheat,HeatWave,DarkPulse,Snarl||||||50|,,,,,Fire]Indeedee-F||RockyHelmet|PsychicSurge|FollowMe,HelpingHand,TrickRoom,DazzlingGleam|||F|||50|,,,,,Grass]Okidogi||AssaultVest|GuardDog|UpperHand,KnockOff,PoisonJab,DrainPunch|||M|||50|,,,,,Dark]Tornadus||FocusSash|Prankster|Taunt,IcyWind,Tailwind,BleakwindStorm|||M|||50|,,,,,Ghost\n|showteam|p2|Groudon||ClearAmulet|Drought|PrecipiceBlades,HeatCrash,SwordsDance,Protect||||||50|,,,,,Fire]Ceruledge||AssaultVest|FlashFire|BitterBlade,Poltergeist,BrickBreak,ShadowSneak|||M|||50|,,,,,Grass]Ho-Oh||CovertCloak|Regenerator|WillOWisp,LightScreen,LifeDew,FlareBlitz||||||50|,,,,,Grass]Chien-Pao||FocusSash|SwordofRuin|IceSpinner,SuckerPunch,SacredSword,Protect||||||50|,,,,,Ghost]Flutter Mane||BoosterEnergy|Protosynthesis|Protect,DazzlingGleam,ShadowBall,MysticalFire||||||50|,,,,,Fairy]Raging Bolt||Leftovers|Protosynthesis|Taunt,Electroweb,Thunderclap,Protect||||||50|,,,,,Normal\n|inactive|Battle timer is ON: inactive players will automatically lose when time's up. (requested by agn9)\n|\n|t:|1746093930\n|start\n|switch|p1a: Tornadus|Tornadus, L50, M|100/100\n|switch|p1b: Lunala|Lunala, L50|100/100\n|switch|p2a: Groudon|Groudon, L50|100/100\n|switch|p2b: Ho-Oh|Ho-Oh, L50|100/100\n|-weather|SunnyDay|[from] ability: Drought|[of] p2a: Groudon\n|turn|1\n|\n|t:|1746093952\n|move|p1a: Tornadus|Icy Wind|p2a: Groudon|[spread] p2a,p2b\n|-supereffective|p2a: Groudon\n|-damage|p2a: Groudon|73/100\n|-damage|p2b: Ho-Oh|94/100\n|move|p2a: Groudon|Swords Dance|p2a: Groudon\n|-boost|p2a: Groudon|atk|2\n|move|p1b: Lunala|Meteor Beam||[still]\n|-prepare|p1b: Lunala|Meteor Beam\n|-boost|p1b: Lunala|spa|1\n|-enditem|p1b: Lunala|Power Herb\n|-anim|p1b: Lunala|Meteor Beam|p2b: Ho-Oh|[miss]\n|-miss|p1b: Lunala|p2b: Ho-Oh\n|move|p2b: Ho-Oh|Light Screen|p2b: Ho-Oh\n|-sidestart|p2: Placidbee|move: Light Screen\n|\n|-weather|SunnyDay|[upkeep]\n|upkeep\n|turn|2\n|\n|t:|1746093975\n|move|p1a: Tornadus|Icy Wind|p2b: Ho-Oh|[spread] p2b\n|-miss|p1a: Tornadus|p2a: Groudon\n|-damage|p2b: Ho-Oh|90/100\n|move|p2a: Groudon|Heat Crash|p1b: Lunala\n|-damage|p1b: Lunala|50/100\n|move|p1b: Lunala|Moongeist Beam|p2a: Groudon\n|-damage|p2a: Groudon|18/100\n|move|p2b: Ho-Oh|Life Dew|p2b: Ho-Oh|[spread] p2a,p2b\n|-heal|p2a: Groudon|43/100\n|-heal|p2b: Ho-Oh|100/100\n|\n|-weather|SunnyDay|[upkeep]\n|upkeep\n|turn|3\n|\n|t:|1746093995\n|move|p1a: Tornadus|Tailwind|p1a: Tornadus\n|-sidestart|p1: agn9|move: Tailwind\n|move|p1b: Lunala|Moongeist Beam|p2a: Groudon\n|-damage|p2a: Groudon|0 fnt\n|faint|p2a: Groudon\n|move|p2b: Ho-Oh|Life Dew||[still]\n|-fail|p2b: Ho-Oh|heal\n|\n|-weather|SunnyDay|[upkeep]\n|upkeep\n|inactive|Placidbee has 30 seconds left.\n|inactive|Placidbee has 20 seconds left.\n|inactive|Placidbee has 15 seconds left.\n|inactive|Placidbee has 10 seconds left.\n|\n|t:|1746094040\n|switch|p2a: Raging Bolt|Raging Bolt, L50|100/100\n|-activate|p2a: Raging Bolt|ability: Protosynthesis\n|-start|p2a: Raging Bolt|protosynthesisspa\n|turn|4\n|\n|t:|1746094054\n|move|p1a: Tornadus|Icy Wind|p2a: Raging Bolt|[spread] p2b\n|-miss|p1a: Tornadus|p2a: Raging Bolt\n|-damage|p2b: Ho-Oh|96/100\n|move|p1b: Lunala|Moongeist Beam|p2b: Ho-Oh\n|-damage|p2b: Ho-Oh|69/100\n|move|p2b: Ho-Oh|Flare Blitz|p1b: Lunala\n|-damage|p1b: Lunala|0 fnt\n|faint|p1b: Lunala\n|-damage|p2b: Ho-Oh|52/100|[from] Recoil\n|move|p2a: Raging Bolt|Electroweb|p1a: Tornadus\n|-supereffective|p1a: Tornadus\n|-damage|p1a: Tornadus|8/100\n|-unboost|p1a: Tornadus|spe|1\n|\n|-weather|SunnyDay|[upkeep]\n|upkeep\n|\n|t:|1746094065\n|switch|p1b: Chi-Yu|Chi-Yu, L50|100/100\n|-ability|p1b: Chi-Yu|Beads of Ruin\n|turn|5\n|\n|t:|1746094087\n|-terastallize|p1b: Chi-Yu|Fire\n|move|p1b: Chi-Yu|Heat Wave|p2a: Raging Bolt|[spread] p2a,p2b\n|-resisted|p2a: Raging Bolt\n|-resisted|p2b: Ho-Oh\n|-damage|p2a: Raging Bolt|72/100\n|-damage|p2b: Ho-Oh|35/100\n|move|p1a: Tornadus|Icy Wind|p2a: Raging Bolt|[spread] p2a,p2b\n|-supereffective|p2a: Raging Bolt\n|-damage|p2a: Raging Bolt|51/100\n|-damage|p2b: Ho-Oh|30/100\n|-unboost|p2a: Raging Bolt|spe|1\n|move|p2b: Ho-Oh|Life Dew|p2b: Ho-Oh|[spread] p2a,p2b\n|-heal|p2a: Raging Bolt|76/100\n|-heal|p2b: Ho-Oh|54/100\n|move|p2a: Raging Bolt|Electroweb|p1a: Tornadus|[spread] p1a,p1b\n|-supereffective|p1a: Tornadus\n|-damage|p1a: Tornadus|0 fnt\n|-damage|p1b: Chi-Yu|73/100\n|-unboost|p1b: Chi-Yu|spe|1\n|faint|p1a: Tornadus\n|\n|-weather|none\n|-end|p2a: Raging Bolt|Protosynthesis\n|-heal|p2a: Raging Bolt|82/100|[from] item: Leftovers\n|-sideend|p2: Placidbee|move: Light Screen\n|upkeep\n|\n|t:|1746094096\n|switch|p1a: Zacian|Zacian-Crowned, L50, shiny|100/100\n|-ability|p1a: Zacian|Intrepid Sword|boost\n|-boost|p1a: Zacian|atk|1\n|turn|6\n|\n|t:|1746094117\n|-end|p2a: Raging Bolt|Protosynthesis|[silent]\n|switch|p2a: Ceruledge|Ceruledge, L50, M|100/100\n|move|p1a: Zacian|Play Rough|p2b: Ho-Oh\n|-resisted|p2b: Ho-Oh\n|-damage|p2b: Ho-Oh|17/100\n|move|p1b: Chi-Yu|Heat Wave|p2a: Ceruledge|[spread] p2b\n|-start|p2a: Ceruledge|ability: Flash Fire\n|-resisted|p2b: Ho-Oh\n|-damage|p2b: Ho-Oh|1/100\n|move|p2b: Ho-Oh|Will-O-Wisp|p1a: Zacian\n|-status|p1a: Zacian|brn\n|\n|-damage|p1a: Zacian|94/100 brn|[from] brn\n|-sideend|p1: agn9|move: Tailwind\n|upkeep\n|turn|7\n|\n|t:|1746094134\n|move|p1a: Zacian|Play Rough|p2a: Ceruledge\n|-resisted|p2a: Ceruledge\n|-crit|p2a: Ceruledge\n|-damage|p2a: Ceruledge|60/100\n|-unboost|p2a: Ceruledge|atk|1\n|move|p1b: Chi-Yu|Heat Wave|p2b: Ho-Oh|[spread] p2b\n|-immune|p2a: Ceruledge|[from] ability: Flash Fire\n|-resisted|p2b: Ho-Oh\n|-damage|p2b: Ho-Oh|0 fnt\n|faint|p2b: Ho-Oh\n|move|p2a: Ceruledge|Bitter Blade|p1a: Zacian\n|-supereffective|p1a: Zacian\n|-damage|p1a: Zacian|28/100 brn\n|-heal|p2a: Ceruledge|100/100|[from] drain|[of] p1a: Zacian\n|\n|-damage|p1a: Zacian|22/100 brn|[from] brn\n|upkeep\n|\n|t:|1746094149\n|switch|p2b: Raging Bolt|Raging Bolt, L50|82/100\n|turn|8\n|\n|t:|1746094155\n|move|p2b: Raging Bolt|Thunderclap|p1a: Zacian\n|-damage|p1a: Zacian|0 fnt\n|faint|p1a: Zacian\n|move|p1b: Chi-Yu|Heat Wave|p2a: Ceruledge|[spread] p2b\n|-immune|p2a: Ceruledge|[from] ability: Flash Fire\n|-resisted|p2b: Raging Bolt\n|-damage|p2b: Raging Bolt|50/100\n|move|p2a: Ceruledge|Bitter Blade|p1b: Chi-Yu\n|-resisted|p1b: Chi-Yu\n|-damage|p1b: Chi-Yu|44/100\n|\n|-heal|p2b: Raging Bolt|56/100|[from] item: Leftovers\n|upkeep\n|turn|9\n|-message|agn9 forfeited.\n|\n|win|Placidbee\n|l|\u2606agn9\n|player|p1|\n||agn9 is ready for game 2.\n||Placidbee is ready for game 2.\n|uhtml|next|Next: <a href=\"/battle-gen9vgc2025regibo3-2354558323\"><strong>Game 2 of 3</strong></a>\n", "uploadtime": 1746094438, "views": 12, "formatid": "gen9vgc2025regibo3", "rating": null, "private": 0, "password": null}