{"id": "gen9vgc2025regibo3-2353999681", "format": "[Gen 9] VGC 2025 Reg I (Bo3)", "players": ["gundi8", "Samm3"], "log": "|j|\u2606gundi8\n|j|\u2606Samm3\n|html|<table width=\"100%\"><tr><td align=\"left\">gundi8</td><td align=\"right\">Samm3</tr><tr><td align=\"left\"><i class=\"fa fa-circle-o\"></i> <i class=\"fa fa-circle-o\"></i> </td><td align=\"right\"><i class=\"fa fa-circle-o\"></i> <i class=\"fa fa-circle-o\"></i> </tr></table>\n|uhtml|bestof|<h2><strong>Game 1</strong> of <a href=\"/game-bestof3-gen9vgc2025regibo3-2353999680\">a best-of-3</a></h2>\n|t:|1746026294\n|gametype|doubles\n|player|p1|gundi8|ethan-gen2|1207\n|player|p2|Samm3|swimmerf-gen4|1149\n|teamsize|p1|6\n|teamsize|p2|6\n|gen|9\n|tier|[Gen 9] VGC 2025 Reg I (Bo3)\n|rated|\n|rule|Species Clause: Limit one of each Pok\u00e9mon\n|rule|Item Clause: Limit 1 of each item\n|clearpoke\n|poke|p1|Calyrex-Shadow, L50|\n|poke|p1|Koraidon, L50|\n|poke|p1|Ditto, L50|\n|poke|p1|Brute Bonnet, L50|\n|poke|p1|Whimsicott, L50, M|\n|poke|p1|Chi-Yu, L50|\n|poke|p2|Zacian-*, L50|\n|poke|p2|Kyogre, L50|\n|poke|p2|Rillaboom, L50, M|\n|poke|p2|Incineroar, L50, M|\n|poke|p2|Urshifu-*, L50, M|\n|poke|p2|Tornadus, L50, M|\n|teampreview|4\n|showteam|p1|Calyrex-Shadow||LifeOrb|AsOneSpectrier|AstralBarrage,Psychic,Substitute,Protect||||||50|,,,,,Ghost]Koraidon||ClearAmulet|OrichalcumPulse|CollisionCourse,FlameCharge,FlareBlitz,Protect||||||50|,,,,,Fire]Ditto||FocusSash|Imposter|Transform||||||50|,,,,,Normal]Brute Bonnet||RockyHelmet|Protosynthesis|SeedBomb,SuckerPunch,Spore,RagePowder||||||50|,,,,,Water]Whimsicott||CovertCloak|Prankster|Moonblast,LightScreen,Tailwind,Encore|||M|||50|,,,,,Dark]Chi-Yu||ChoiceScarf|BeadsofRuin|HeatWave,Snarl,Overheat,DarkPulse||||||50|,,,,,Ghost\n|showteam|p2|Zacian-Crowned||RustedSword|IntrepidSword|behemothblade,PlayRough,SacredSword,Protect||||||50|,,,,,Stellar]Kyogre||ChoiceScarf|Drizzle|WaterSpout,Thunder,IceBeam,OriginPulse||||||50|,,,,,Grass]Rillaboom||AssaultVest|GrassySurge|GrassyGlide,HighHorsepower,Uturn,FakeOut|||M|||50|,,,,,Fire]Incineroar||RockyHelmet|Intimidate|KnockOff,WillOWisp,PartingShot,FakeOut|||M|||50|,,,,,Bug]Urshifu-Rapid-Strike||FocusSash|UnseenFist|SurgingStrikes,CloseCombat,Taunt,Detect|||M|||50|,,,,,Water]Tornadus||CovertCloak|Prankster|BleakwindStorm,RainDance,Taunt,Tailwind|||M|||50|,,,,,Dark\n|inactive|Battle timer is ON: inactive players will automatically lose when time's up. (requested by gundi8)\n|inactive|Samm3 has 60 seconds left.\n|\n|t:|1746026338\n|start\n|switch|p1a: Calyrex|Calyrex-Shadow, L50|100/100\n|switch|p1b: Whimsicott|Whimsicott, L50, M|100/100\n|switch|p2a: Marshall|Rillaboom, L50, M, shiny|100/100\n|switch|p2b: Willy|Kyogre, L50|100/100\n|-ability|p1a: Calyrex|As One\n|-ability|p1a: Calyrex|Unnerve\n|-weather|RainDance|[from] ability: Drizzle|[of] p2b: Willy\n|-fieldstart|move: Grassy Terrain|[from] ability: Grassy Surge|[of] p2a: Marshall\n|turn|1\n|inactive|Samm3 has 30 seconds left.\n|inactive|Samm3 has 20 seconds left.\n|inactive|Samm3 has 15 seconds left.\n|inactive|Samm3 has 10 seconds left.\n|\n|t:|1746026385\n|-terastallize|p1a: Calyrex|Ghost\n|move|p1b: Whimsicott|Tailwind|p1b: Whimsicott\n|-sidestart|p1: gundi8|move: Tailwind\n|move|p2a: Marshall|Grassy Glide|p1a: Calyrex\n|-damage|p1a: Calyrex|55/100\n|move|p1a: Calyrex|Astral Barrage|p2a: Marshall|[spread] p2a,p2b\n|-damage|p2a: Marshall|29/100\n|-damage|p2b: Willy|32/100\n|-damage|p1a: Calyrex|45/100|[from] item: Life Orb\n|move|p2b: Willy|Origin Pulse|p1a: Calyrex|[spread] p1a,p1b\n|-resisted|p1b: Whimsicott\n|-damage|p1a: Calyrex|0 fnt\n|-damage|p1b: Whimsicott|59/100\n|faint|p1a: Calyrex\n|\n|-weather|RainDance|[upkeep]\n|-heal|p1b: Whimsicott|64/100|[from] Grassy Terrain\n|-heal|p2b: Willy|39/100|[from] Grassy Terrain\n|-heal|p2a: Marshall|35/100|[from] Grassy Terrain\n|upkeep\n|\n|t:|1746026402\n|switch|p1a: Koraidon|Koraidon, L50|100/100\n|-weather|SunnyDay|[from] ability: Orichalcum Pulse|[of] p1a: Koraidon\n|-activate|p1a: Koraidon|Orichalcum Pulse|[source]\n|turn|2\n|inactive|gundi8 has 30 seconds left.\n|\n|t:|1746026431\n|switch|p2b: Bang|Tornadus, L50, M, shiny|100/100\n|move|p1a: Koraidon|Flame Charge|p2a: Marshall\n|-supereffective|p2a: Marshall\n|-damage|p2a: Marshall|0 fnt\n|-boost|p1a: Koraidon|spe|1\n|faint|p2a: Marshall\n|move|p1b: Whimsicott|Moonblast|p2b: Bang\n|-damage|p2b: Bang|63/100\n|\n|-weather|SunnyDay|[upkeep]\n|-heal|p1b: Whimsicott|70/100|[from] Grassy Terrain\n|upkeep\n|\n|t:|1746026446\n|switch|p2a: Willy|Kyogre, L50|39/100\n|-weather|RainDance|[from] ability: Drizzle|[of] p2a: Willy\n|turn|3\n|\n|t:|1746026467\n|move|p1b: Whimsicott|Light Screen|p1b: Whimsicott\n|-sidestart|p1: gundi8|move: Light Screen\n|move|p2b: Bang|Tailwind|p2b: Bang\n|-sidestart|p2: Samm3|move: Tailwind\n|move|p1a: Koraidon|Collision Course|p2a: Willy\n|-damage|p2a: Willy|0 fnt\n|faint|p2a: Willy\n|\n|-weather|RainDance|[upkeep]\n|-heal|p1b: Whimsicott|76/100|[from] Grassy Terrain\n|upkeep\n|\n|t:|1746026481\n|switch|p2a: Blue|Zacian-Crowned, L50, shiny|100/100\n|-ability|p2a: Blue|Intrepid Sword|boost\n|-boost|p2a: Blue|atk|1\n|turn|4\n|inactive|gundi8 has 30 seconds left.\n|\n|t:|1746026514\n|-terastallize|p2b: Bang|Dark\n|move|p2a: Blue|Protect|p2a: Blue\n|-singleturn|p2a: Blue|Protect\n|move|p1b: Whimsicott|Encore|p2b: Bang\n|-hint|Since gen 7, Dark is immune to Prankster moves.\n|-immune|p2b: Bang\n|move|p1a: Koraidon|Collision Course|p2a: Blue\n|-activate|p2a: Blue|move: Protect\n|move|p2b: Bang|Bleakwind Storm|p1a: Koraidon|[spread] p1a,p1b\n|-supereffective|p1a: Koraidon\n|-supereffective|p1b: Whimsicott\n|-damage|p1a: Koraidon|50/100\n|-damage|p1b: Whimsicott|21/100\n|\n|-weather|RainDance|[upkeep]\n|-heal|p1a: Koraidon|57/100|[from] Grassy Terrain\n|-heal|p2b: Bang|69/100|[from] Grassy Terrain\n|-heal|p1b: Whimsicott|27/100|[from] Grassy Terrain\n|-sideend|p1: gundi8|move: Tailwind\n|upkeep\n|turn|5\n|inactive|Samm3 has 30 seconds left.\n|\n|t:|1746026547\n|switch|p1b: Ditto|Ditto, L50|100/100\n|-transform|p1b: Ditto|p2a: Blue|[from] ability: Imposter\n|-ability|p1b: Ditto|Intrepid Sword|boost\n|-boost|p1b: Ditto|atk|1\n|move|p1a: Koraidon|Protect|p1a: Koraidon\n|-singleturn|p1a: Koraidon|Protect\n|move|p2a: Blue|Play Rough|p1a: Koraidon\n|-activate|p1a: Koraidon|move: Protect\n|move|p2b: Bang|Bleakwind Storm|p1a: Koraidon|[spread] p1b\n|-activate|p1a: Koraidon|move: Protect\n|-resisted|p1b: Ditto\n|-damage|p1b: Ditto|88/100\n|\n|-weather|RainDance|[upkeep]\n|-heal|p2b: Bang|75/100|[from] Grassy Terrain\n|-heal|p1a: Koraidon|63/100|[from] Grassy Terrain\n|-heal|p1b: Ditto|94/100|[from] Grassy Terrain\n|-fieldend|move: Grassy Terrain\n|upkeep\n|turn|6\n|inactive|gundi8 has 30 seconds left.\n|inactive|Samm3 has 30 seconds left.\n|\n|t:|1746026574\n|move|p2a: Blue|Behemoth Blade|p1b: Ditto\n|-damage|p1b: Ditto|12/100\n|move|p2b: Bang|Bleakwind Storm|p1a: Koraidon|[spread] p1a,p1b\n|-supereffective|p1a: Koraidon\n|-resisted|p1b: Ditto\n|-damage|p1a: Koraidon|15/100\n|-damage|p1b: Ditto|0 fnt\n|faint|p1b: Ditto\n|move|p1a: Koraidon|Collision Course|p2b: Bang\n|-supereffective|p2b: Bang\n|-damage|p2b: Bang|0 fnt\n|faint|p2b: Bang\n|\n|-weather|RainDance|[upkeep]\n|-sideend|p2: Samm3|move: Tailwind\n|upkeep\n|\n|t:|1746026582\n|switch|p1b: Whimsicott|Whimsicott, L50, M|27/100\n|turn|7\n|\n|t:|1746026596\n|move|p1a: Koraidon|Protect|p1a: Koraidon\n|-singleturn|p1a: Koraidon|Protect\n|move|p1b: Whimsicott|Tailwind|p1b: Whimsicott\n|-sidestart|p1: gundi8|move: Tailwind\n|move|p2a: Blue|Behemoth Blade|p1a: Koraidon\n|-activate|p1a: Koraidon|move: Protect\n|\n|-weather|none\n|-sideend|p1: gundi8|move: Light Screen\n|upkeep\n|turn|8\n|\n|t:|1746026611\n|move|p2a: Blue|Protect|p2a: Blue\n|-singleturn|p2a: Blue|Protect\n|move|p1a: Koraidon|Flare Blitz|p2a: Blue\n|-activate|p2a: Blue|move: Protect\n|move|p1b: Whimsicott|Moonblast|p2a: Blue\n|-activate|p2a: Blue|move: Protect\n|\n|upkeep\n|turn|9\n|\n|t:|1746026624\n|move|p1b: Whimsicott|Encore|p2a: Blue\n|-start|p2a: Blue|Encore\n|move|p1a: Koraidon|Flame Charge|p2a: Blue\n|-supereffective|p2a: Blue\n|-damage|p2a: Blue|65/100\n|-boost|p1a: Koraidon|spe|1\n|move|p2a: Blue|Protect||[still]\n|-fail|p2a: Blue\n|\n|upkeep\n|turn|10\n|\n|t:|1746026637\n|move|p2a: Blue|Protect|p2a: Blue\n|-singleturn|p2a: Blue|Protect\n|move|p1a: Koraidon|Flame Charge|p2a: Blue\n|-activate|p2a: Blue|move: Protect\n|move|p1b: Whimsicott|Moonblast|p2a: Blue\n|-activate|p2a: Blue|move: Protect\n|\n|-sideend|p1: gundi8|move: Tailwind\n|upkeep\n|turn|11\n|\n|t:|1746026650\n|move|p2a: Blue|Protect||[still]\n|-fail|p2a: Blue\n|move|p1a: Koraidon|Flame Charge|p2a: Blue\n|-supereffective|p2a: Blue\n|-damage|p2a: Blue|35/100\n|-boost|p1a: Koraidon|spe|1\n|move|p1b: Whimsicott|Moonblast|p2a: Blue\n|-resisted|p2a: Blue\n|-damage|p2a: Blue|23/100\n|\n|-end|p2a: Blue|Encore\n|upkeep\n|turn|12\n|\n|t:|1746026663\n|move|p2a: Blue|Protect|p2a: Blue\n|-singleturn|p2a: Blue|Protect\n|move|p1b: Whimsicott|Encore|p2a: Blue\n|-activate|p2a: Blue|move: Protect\n|move|p1a: Koraidon|Flame Charge|p2a: Blue\n|-activate|p2a: Blue|move: Protect\n|\n|upkeep\n|turn|13\n|\n|t:|1746026672\n|move|p2a: Blue|Protect||[still]\n|-fail|p2a: Blue\n|move|p1b: Whimsicott|Encore|p2a: Blue\n|-start|p2a: Blue|Encore\n|move|p1a: Koraidon|Flame Charge|p2a: Blue\n|-supereffective|p2a: Blue\n|-damage|p2a: Blue|0 fnt\n|-boost|p1a: Koraidon|spe|1\n|faint|p2a: Blue\n|\n|win|gundi8\n", "uploadtime": 1746026680, "views": 10, "formatid": "gen9vgc2025regibo3", "rating": null, "private": 0, "password": null}