{"id": "gen9vgc2025regibo3-2353471310", "format": "[Gen 9] VGC 2025 Reg I (Bo3)", "players": ["DevilsRedCrown", "BunsenBonnett"], "log": "|j|\u2606DevilsRedCrown\n|j|\u2606BunsenBonnett\n|html|<table width=\"100%\"><tr><td align=\"left\">DevilsRedCrown</td><td align=\"right\">BunsenBonnett</tr><tr><td align=\"left\"><i class=\"fa fa-circle-o\"></i> <i class=\"fa fa-circle-o\"></i> </td><td align=\"right\"><i class=\"fa fa-circle-o\"></i> <i class=\"fa fa-circle-o\"></i> </tr></table>\n|uhtml|bestof|<h2><strong>Game 1</strong> of <a href=\"/game-bestof3-gen9vgc2025regibo3-2353471309\">a best-of-3</a></h2>\n|t:|1745958989\n|gametype|doubles\n|player|p1|DevilsRedCrown|chili|1391\n|player|p2|BunsenBonnett|burglar|1481\n|teamsize|p1|6\n|teamsize|p2|6\n|gen|9\n|tier|[Gen 9] VGC 2025 Reg I (Bo3)\n|rated|\n|rule|Species Clause: Limit one of each Pok\u00e9mon\n|rule|Item Clause: Limit 1 of each item\n|clearpoke\n|poke|p1|Koraidon, L50|\n|poke|p1|Calyrex-Shadow, L50|\n|poke|p1|Clefairy, L50, F|\n|poke|p1|Incineroar, L50, M|\n|poke|p1|Raging Bolt, L50|\n|poke|p1|Chien-Pao, L50|\n|poke|p2|Ho-Oh, L50|\n|poke|p2|Miraidon, L50|\n|poke|p2|Iron Hands, L50|\n|poke|p2|Farigiraf, L50, F|\n|poke|p2|Urshifu-*, L50, M|\n|poke|p2|Ursaluna, L50, F|\n|teampreview|4\n|showteam|p1|Koraidon||ClearAmulet|OrichalcumPulse|FlameCharge,CollisionCourse,FlareBlitz,Protect||||||50|,,,,,Fire]Calyrex-Shadow||SpellTag|AsOneSpectrier|AstralBarrage,Psychic,WillOWisp,Protect||||||50|,,,,,Dark]Clefairy||Eviolite|FriendGuard|FollowMe,AfterYou,HelpingHand,Protect|||F|||50|,,,,,Fire]Incineroar||SafetyGoggles|Intimidate|FakeOut,Taunt,KnockOff,PartingShot|||M|||50|,,,,,Ghost]Raging Bolt||LifeOrb|Protosynthesis|Protect,Thunderclap,DracoMeteor,Thunderbolt||||||50|,,,,,Electric]Chien-Pao||FocusSash|SwordofRuin|IceSpinner,ThroatChop,SuckerPunch,Protect||||||50|,,,,,Stellar\n|showteam|p2|Ho-Oh||ClearAmulet|Regenerator|SacredFire,Tailwind,BraveBird,Protect||||||50|,,,,,Grass]Miraidon||ChoiceSpecs|HadronEngine|ElectroDrift,VoltSwitch,DracoMeteor,DazzlingGleam||||||50|,,,,,Fairy]Iron Hands||AssaultVest|QuarkDrive|LowKick,DrainPunch,WildCharge,FakeOut||||||50|,,,,,Bug]Farigiraf||ElectricSeed|ArmorTail|FoulPlay,Psychic,TrickRoom,HelpingHand|||F|||50|,,,,,Water]Urshifu-Rapid-Strike||ChoiceScarf|UnseenFist|SurgingStrikes,CloseCombat,Uturn,RockTomb|||M|||50|,,,,,Water]Ursaluna||FlameOrb|Guts|Facade,HeadlongRush,Earthquake,Protect|||F|||50|,,,,,Water\n|c|\u2606BunsenBonnett|Oh boy more speed ties\n|\n|t:|1745959049\n|start\n|switch|p1a: Zanna|Chien-Pao, L50|100/100\n|switch|p1b: Calyrex|Calyrex-Shadow, L50|100/100\n|switch|p2a: Edward|Miraidon, L50|100/100\n|switch|p2b: Winry|Farigiraf, L50, F|100/100\n|-ability|p1b: Calyrex|As One\n|-ability|p1b: Calyrex|Unnerve\n|-fieldstart|move: Electric Terrain|[from] ability: Hadron Engine|[of] p2a: Edward\n|-enditem|p2b: Winry|Electric Seed\n|-boost|p2b: Winry|def|1|[from] item: Electric Seed\n|-ability|p1a: Zanna|Sword of Ruin\n|turn|1\n|\n|t:|1745959057\n|-terastallize|p2a: Edward|Fairy\n|move|p1b: Calyrex|Astral Barrage|p2a: Edward|[spread] p2a\n|-immune|p2b: Winry\n|-damage|p2a: Edward|44/100\n|move|p1a: Zanna|Ice Spinner|p2a: Edward\n|-damage|p2a: Edward|0 fnt\n|-fieldend|move: Electric Terrain\n|faint|p2a: Edward\n|move|p2b: Winry|Trick Room|p2b: Winry\n|-fieldstart|move: Trick Room|[of] p2b: Winry\n|\n|upkeep\n|inactive|Battle timer is ON: inactive players will automatically lose when time's up. (requested by DevilsRedCrown)\n|c|\u2606BunsenBonnett|Yay\n|\n|t:|1745959069\n|switch|p2a: Izumi|Ursaluna, L50, F|100/100\n|turn|2\n|\n|t:|1745959093\n|move|p2b: Winry|Foul Play|p1a: Zanna\n|-resisted|p1a: Zanna\n|-damage|p1a: Zanna|78/100\n|move|p2a: Izumi|Headlong Rush|p1a: Zanna\n|-damage|p1a: Zanna|0 fnt\n|-unboost|p2a: Izumi|def|1\n|-unboost|p2a: Izumi|spd|1\n|faint|p1a: Zanna\n|move|p1b: Calyrex|Psychic|p2b: Winry\n|-resisted|p2b: Winry\n|-damage|p2b: Winry|74/100\n|\n|-status|p2a: Izumi|brn|[from] item: Flame Orb\n|upkeep\n|\n|t:|1745959100\n|switch|p1a: Raiden|Raging Bolt, L50|100/100\n|turn|3\n|\n|t:|1745959108\n|move|p1a: Raiden|Protect|p1a: Raiden\n|-singleturn|p1a: Raiden|Protect\n|move|p1b: Calyrex|Protect|p1b: Calyrex\n|-singleturn|p1b: Calyrex|Protect\n|move|p2b: Winry|Foul Play|p1b: Calyrex\n|-activate|p1b: Calyrex|move: Protect\n|move|p2a: Izumi|Headlong Rush|p1a: Raiden\n|-activate|p1a: Raiden|move: Protect\n|\n|-damage|p2a: Izumi|95/100 brn|[from] brn\n|upkeep\n|turn|4\n|\n|t:|1745959128\n|-end|p1a: Raiden|Protosynthesis|[silent]\n|switch|p1a: Apolo|Koraidon, L50|100/100\n|-weather|SunnyDay|[from] ability: Orichalcum Pulse|[of] p1a: Apolo\n|-activate|p1a: Apolo|Orichalcum Pulse|[source]\n|-terastallize|p1b: Calyrex|Dark\n|move|p2b: Winry|Psychic|p1b: Calyrex\n|-immune|p1b: Calyrex\n|move|p2a: Izumi|Earthquake|p1a: Apolo|[spread] p2b,p1a,p1b\n|-damage|p2b: Winry|39/100\n|-damage|p1a: Apolo|47/100\n|-damage|p1b: Calyrex|23/100\n|move|p1b: Calyrex|Psychic|p2a: Izumi\n|-damage|p2a: Izumi|23/100 brn\n|\n|-weather|SunnyDay|[upkeep]\n|-damage|p2a: Izumi|17/100 brn|[from] brn\n|upkeep\n|turn|5\n|\n|t:|1745959143\n|switch|p2a: Roy|Ho-Oh, L50|100/100\n|move|p1a: Apolo|Protect|p1a: Apolo\n|-singleturn|p1a: Apolo|Protect\n|move|p1b: Calyrex|Protect|p1b: Calyrex\n|-singleturn|p1b: Calyrex|Protect\n|move|p2b: Winry|Psychic|p1a: Apolo\n|-activate|p1a: Apolo|move: Protect\n|\n|-weather|SunnyDay|[upkeep]\n|-fieldend|move: Trick Room\n|upkeep\n|turn|6\n|\n|t:|1745959152\n|move|p1b: Calyrex|Astral Barrage|p2b: Winry|[spread] p2a\n|-immune|p2b: Winry\n|-damage|p2a: Roy|62/100\n|move|p1a: Apolo|Collision Course|p2b: Winry\n|-damage|p2b: Winry|0 fnt\n|faint|p2b: Winry\n|move|p2a: Roy|Tailwind|p2a: Roy\n|-sidestart|p2: BunsenBonnett|move: Tailwind\n|\n|-weather|SunnyDay|[upkeep]\n|upkeep\n|\n|t:|1745959154\n|switch|p2b: Izumi|Ursaluna, L50, F|17/100 brn\n|turn|7\n|\n|t:|1745959164\n|move|p1b: Calyrex|Protect|p1b: Calyrex\n|-singleturn|p1b: Calyrex|Protect\n|move|p1a: Apolo|Protect|p1a: Apolo\n|-singleturn|p1a: Apolo|Protect\n|move|p2a: Roy|Brave Bird|p1b: Calyrex\n|-activate|p1b: Calyrex|move: Protect\n|move|p2b: Izumi|Earthquake|p1a: Apolo|[spread] \n|-activate|p1a: Apolo|move: Protect\n|-activate|p1b: Calyrex|move: Protect\n|-immune|p2a: Roy\n|\n|-weather|SunnyDay|[upkeep]\n|-damage|p2b: Izumi|11/100 brn|[from] brn\n|upkeep\n|turn|8\n|-message|BunsenBonnett forfeited.\n|\n|win|DevilsRedCrown\n||DevilsRedCrown is ready for game 2.\n||BunsenBonnett is ready for game 2.\n|uhtml|next|Next: <a href=\"/battle-gen9vgc2025regibo3-2353473265\"><strong>Game 2 of 3</strong></a>\n|l|\u2606BunsenBonnett\n|player|p2|\n|l|\u2606DevilsRedCrown\n|player|p1|\n", "uploadtime": 1745959511, "views": 6, "formatid": "gen9vgc2025regibo3", "rating": null, "private": 0, "password": null}