{"id": "gen9vgc2025regibo3-2355043854", "format": "[Gen 9] VGC 2025 Reg I (Bo3)", "players": ["nathonline", "miardy"], "log": "|j|\u2606nathonline\n|j|\u2606miardy\n|html|<table width=\"100%\"><tr><td align=\"left\">nathonline</td><td align=\"right\">miardy</tr><tr><td align=\"left\"><i class=\"fa fa-circle-o\"></i> <i class=\"fa fa-circle-o\"></i> </td><td align=\"right\"><i class=\"fa fa-circle-o\"></i> <i class=\"fa fa-circle\"></i> </tr></table>\n|uhtml|bestof|<h2><strong>Game 2</strong> of <a href=\"/game-bestof3-gen9vgc2025regibo3-2355039356\">a best-of-3</a></h2>\n|t:|1746145616\n|gametype|doubles\n|player|p1|nathonline|nate|1069\n|player|p2|miardy|unknownf|1040\n|teamsize|p1|6\n|teamsize|p2|6\n|gen|9\n|tier|[Gen 9] VGC 2025 Reg I (Bo3)\n|rated|\n|rule|Species Clause: Limit one of each Pok\u00e9mon\n|rule|Item Clause: Limit 1 of each item\n|clearpoke\n|poke|p1|Kyurem-Black, L50|\n|poke|p1|Groudon, L50|\n|poke|p1|Roaring Moon, L50|\n|poke|p1|Indeedee-F, L50, F|\n|poke|p1|Incineroar, L50, M|\n|poke|p1|Urshifu-*, L50, M|\n|poke|p2|Lunala, L50|\n|poke|p2|Groudon, L50|\n|poke|p2|Raging Bolt, L50|\n|poke|p2|Amoonguss, L50, M|\n|poke|p2|Incineroar, L50, F|\n|poke|p2|Ogerpon-Hearthflame, L50, F|\n|teampreview|4\n|showteam|p1|Kyurem-Black||LoadedDice|Teravolt|Protect,FusionBolt,ScaleShot,IcicleSpear||||||50|,,,,,Electric]Groudon||ChoiceScarf|Drought|PrecipiceBlades,HighHorsepower,HeatCrash,HeavySlam||||||50|,,,,,Ground]Roaring Moon||BoosterEnergy|Protosynthesis|Protect,Tailwind,KnockOff,Acrobatics||||||50|,,,,,Poison]Indeedee-F||SitrusBerry|PsychicSurge|Protect,HealPulse,Psychic,FollowMe|||F|||50|,,,,,Dark]Incineroar||RockyHelmet|Intimidate|FakeOut,PartingShot,KnockOff,FlareBlitz|||M|||50|,,,,,Ghost]Urshifu-Rapid-Strike||FocusSash|UnseenFist|Detect,CloseCombat,SurgingStrikes,AquaJet|||M|||50|,,,,,Water\n|showteam|p2|Lunala||PowerHerb|ShadowShield|MoongeistBeam,MeteorBeam,TrickRoom,WideGuard||||||50|,,,,,Fairy]Groudon||ClearAmulet|Drought|PrecipiceBlades,BulkUp,HeatCrash,Protect||||||50|,,,,,Fire]Raging Bolt||AssaultVest|Protosynthesis|Thunderclap,Thunderbolt,DracoMeteor,VoltSwitch||||||50|,,,,,Electric]Amoonguss||RockyHelmet|Regenerator|Spore,PollenPuff,RagePowder,Protect|||M|||50|,,,,,Grass]Incineroar||SafetyGoggles|Intimidate|FakeOut,WillOWisp,KnockOff,PartingShot|||F|||50|,,,,,Fire]Ogerpon-Hearthflame||HearthflameMask|MoldBreaker|IvyCudgel,WoodHammer,FollowMe,SpikyShield|||F|||50|,,,,,Fire\n|inactive|Battle timer is ON: inactive players will automatically lose when time's up. (requested by nathonline)\n|inactive|miardy has 60 seconds left.\n|\n|t:|1746145648\n|start\n|switch|p1a: Roaring Moon|Roaring Moon, L50|100/100\n|switch|p1b: Kyurem|Kyurem-Black, L50|100/100\n|switch|p2a: Lunala|Lunala, L50|100/100\n|switch|p2b: Incineroar|Incineroar, L50, F|100/100\n|-ability|p1b: Kyurem|Teravolt\n|-ability|p2b: Incineroar|Intimidate|boost\n|-unboost|p1a: Roaring Moon|atk|1\n|-unboost|p1b: Kyurem|atk|1\n|-enditem|p1a: Roaring Moon|Booster Energy\n|-activate|p1a: Roaring Moon|ability: Protosynthesis|[fromitem]\n|-start|p1a: Roaring Moon|protosynthesisspe\n|turn|1\n|\n|t:|1746145670\n|move|p1a: Roaring Moon|Protect|p1a: Roaring Moon\n|-singleturn|p1a: Roaring Moon|Protect\n|move|p1b: Kyurem|Protect|p1b: Kyurem\n|-singleturn|p1b: Kyurem|Protect\n|move|p2a: Lunala|Moongeist Beam|p1a: Roaring Moon\n|-activate|p1a: Roaring Moon|move: Protect\n|move|p2b: Incineroar|Knock Off|p1b: Kyurem\n|-activate|p1b: Kyurem|move: Protect\n|\n|upkeep\n|turn|2\n|inactive|miardy has 30 seconds left.\n|inactive|miardy has 20 seconds left.\n|inactive|miardy has 15 seconds left.\n|\n|t:|1746145714\n|move|p1a: Roaring Moon|Knock Off|p2a: Lunala\n|-supereffective|p2a: Lunala\n|-damage|p2a: Lunala|40/100\n|-enditem|p2a: Lunala|Power Herb|[from] move: Knock Off|[of] p1a: Roaring Moon\n|move|p1b: Kyurem|Scale Shot|p2a: Lunala\n|-damage|p2a: Lunala|32/100\n|-damage|p2a: Lunala|22/100\n|-damage|p2a: Lunala|13/100\n|-damage|p2a: Lunala|4/100\n|-damage|p2a: Lunala|0 fnt\n|faint|p2a: Lunala\n|-hitcount|p2: Lunala|5\n|-unboost|p1b: Kyurem|def|1\n|-boost|p1b: Kyurem|spe|1\n|move|p2b: Incineroar|Knock Off|p1b: Kyurem\n|-damage|p1b: Kyurem|49/100\n|-enditem|p1b: Kyurem|Loaded Dice|[from] move: Knock Off|[of] p2b: Incineroar\n|\n|upkeep\n|\n|t:|1746145734\n|switch|p2a: Raging Bolt|Raging Bolt, L50|100/100\n|turn|3\n|\n|t:|1746145757\n|-end|p1a: Roaring Moon|Protosynthesis|[silent]\n|switch|p1a: Incineroar|Incineroar, L50, M, shiny|100/100\n|-ability|p1a: Incineroar|Intimidate|boost\n|-unboost|p2a: Raging Bolt|atk|1\n|-unboost|p2b: Incineroar|atk|1\n|move|p1b: Kyurem|Icicle Spear|p2a: Raging Bolt\n|-supereffective|p2a: Raging Bolt\n|-damage|p2a: Raging Bolt|78/100\n|-supereffective|p2a: Raging Bolt\n|-damage|p2a: Raging Bolt|60/100\n|-supereffective|p2a: Raging Bolt\n|-damage|p2a: Raging Bolt|40/100\n|-hitcount|p2a: Raging Bolt|3\n|move|p2a: Raging Bolt|Draco Meteor|p1b: Kyurem\n|-supereffective|p1b: Kyurem\n|-crit|p1b: Kyurem\n|-damage|p1b: Kyurem|0 fnt\n|-unboost|p2a: Raging Bolt|spa|2\n|faint|p1b: Kyurem\n|move|p2b: Incineroar|Parting Shot|p1a: Incineroar\n|-unboost|p1a: Incineroar|atk|1\n|-unboost|p1a: Incineroar|spa|1\n|inactive|miardy has 30 seconds left.\n|\n|t:|1746145783\n|switch|p2b: Groudon|Groudon, L50|100/100|[from] Parting Shot\n|-weather|SunnyDay|[from] ability: Drought|[of] p2b: Groudon\n|-activate|p2a: Raging Bolt|ability: Protosynthesis\n|-start|p2a: Raging Bolt|protosynthesisspe\n|\n|-weather|SunnyDay|[upkeep]\n|upkeep\n|\n|t:|1746145792\n|switch|p1b: Groudon|Groudon, L50|100/100\n|turn|4\n|\n|t:|1746145813\n|-end|p2a: Raging Bolt|Protosynthesis|[silent]\n|switch|p2a: Incineroar|Incineroar, L50, F|100/100\n|-ability|p2a: Incineroar|Intimidate|boost\n|-unboost|p1a: Incineroar|atk|1\n|-unboost|p1b: Groudon|atk|1\n|-terastallize|p1b: Groudon|Ground\n|move|p2b: Groudon|Protect|p2b: Groudon\n|-singleturn|p2b: Groudon|Protect\n|move|p1a: Incineroar|Fake Out|p2b: Groudon\n|-activate|p2b: Groudon|move: Protect\n|move|p1b: Groudon|Precipice Blades|p2b: Groudon|[spread] p2a\n|-activate|p2b: Groudon|move: Protect\n|-supereffective|p2a: Incineroar\n|-damage|p2a: Incineroar|19/100\n|\n|-weather|SunnyDay|[upkeep]\n|upkeep\n|turn|5\n|\n|t:|1746145834\n|move|p2a: Incineroar|Fake Out|p1b: Groudon\n|-damage|p1b: Groudon|93/100\n|cant|p1b: Groudon|flinch\n|move|p2b: Groudon|Precipice Blades|p1a: Incineroar|[spread] p1a\n|-miss|p2b: Groudon|p1b: Groudon\n|-supereffective|p1a: Incineroar\n|-damage|p1a: Incineroar|13/100\n|move|p1a: Incineroar|Parting Shot|p2b: Groudon\n|-fail|p2b: Groudon|unboost|[from] item: Clear Amulet|[of] p2b: Groudon\n|\n|-weather|SunnyDay|[upkeep]\n|upkeep\n|turn|6\n|inactive|miardy has 30 seconds left.\n|\n|t:|1746145862\n|move|p1b: Groudon|Precipice Blades|p2b: Groudon|[spread] p2a,p2b\n|-supereffective|p2a: Incineroar\n|-damage|p2a: Incineroar|0 fnt\n|-damage|p2b: Groudon|70/100\n|faint|p2a: Incineroar\n|move|p2b: Groudon|Precipice Blades|p1a: Incineroar|[spread] p1a,p1b\n|-supereffective|p1a: Incineroar\n|-damage|p1a: Incineroar|0 fnt\n|-damage|p1b: Groudon|49/100\n|faint|p1a: Incineroar\n|\n|-weather|SunnyDay|[upkeep]\n|upkeep\n|\n|t:|1746145872\n|switch|p2a: Raging Bolt|Raging Bolt, L50|40/100\n|switch|p1a: Roaring Moon|Roaring Moon, L50|100/100\n|-activate|p1a: Roaring Moon|ability: Protosynthesis\n|-start|p1a: Roaring Moon|protosynthesisspe\n|-activate|p2a: Raging Bolt|ability: Protosynthesis\n|-start|p2a: Raging Bolt|protosynthesisspa\n|turn|7\n|inactive|miardy has 30 seconds left.\n|\n|t:|1746145903\n|move|p2b: Groudon|Protect|p2b: Groudon\n|-singleturn|p2b: Groudon|Protect\n|move|p1a: Roaring Moon|Knock Off|p2b: Groudon\n|-activate|p2b: Groudon|move: Protect\n|move|p1b: Groudon|Precipice Blades|p2a: Raging Bolt|[spread] p2a\n|-activate|p2b: Groudon|move: Protect\n|-supereffective|p2a: Raging Bolt\n|-damage|p2a: Raging Bolt|0 fnt\n|faint|p2a: Raging Bolt\n|-end|p2a: Raging Bolt|Protosynthesis|[silent]\n|\n|-weather|none\n|-end|p1a: Roaring Moon|Protosynthesis\n|upkeep\n|turn|8\n|\n|t:|1746145918\n|move|p1b: Groudon|Precipice Blades|p2b: Groudon\n|-damage|p2b: Groudon|25/100\n|move|p1a: Roaring Moon|Acrobatics|p2b: Groudon\n|-damage|p2b: Groudon|0 fnt\n|faint|p2b: Groudon\n|\n|win|nathonline\n||miardy is ready for game 3.\n|inactive|nathonline has 30 seconds to confirm battle start!\n||nathonline is ready for game 3.\n|uhtml|next|Next: <a href=\"/battle-gen9vgc2025regibo3-2355046505\"><strong>Game 3 of 3</strong></a>\n|l|\u2606nathonline\n|player|p1|\n", "uploadtime": 1746146338, "views": 30, "formatid": "gen9vgc2025regibo3", "rating": null, "private": 0, "password": null}