{"id": "gen9vgc2025regibo3-2354333694", "format": "[Gen 9] VGC 2025 Reg I (Bo3)", "players": ["Yuri 134", "Dozo XX"], "log": "|j|\u2606Yuri 134\n|j|\u2606Dozo XX\n|html|<table width=\"100%\"><tr><td align=\"left\">Yuri 134</td><td align=\"right\">Dozo XX</tr><tr><td align=\"left\"><i class=\"fa fa-circle-o\"></i> <i class=\"fa fa-circle-o\"></i> </td><td align=\"right\"><i class=\"fa fa-circle-o\"></i> <i class=\"fa fa-circle-o\"></i> </tr></table>\n|uhtml|bestof|<h2><strong>Game 1</strong> of <a href=\"/game-bestof3-gen9vgc2025regibo3-2354333692\">a best-of-3</a></h2>\n|t:|1746058559\n|gametype|doubles\n|player|p1|Yuri 134|volkner|1014\n|player|p2|Dozo XX|ballguy|1119\n|teamsize|p1|6\n|teamsize|p2|6\n|gen|9\n|tier|[Gen 9] VGC 2025 Reg I (Bo3)\n|rated|\n|rule|Species Clause: Limit one of each Pok\u00e9mon\n|rule|Item Clause: Limit 1 of each item\n|clearpoke\n|poke|p1|Kyogre, L50|\n|poke|p1|Solgaleo, L50|\n|poke|p1|Iron Jugulis, L50|\n|poke|p1|Amoonguss, L50, M|\n|poke|p1|Incineroar, L50, F|\n|poke|p1|Iron Treads, L50|\n|poke|p2|Kyogre, L50|\n|poke|p2|Miraidon, L50|\n|poke|p2|Tornadus, L50, M|\n|poke|p2|Iron Hands, L50|\n|poke|p2|Farigiraf, L50, F|\n|poke|p2|Iron Treads, L50|\n|teampreview|4\n|showteam|p1|Kyogre||Leftovers|Drizzle|CalmMind,MuddyWater,IceBeam,Protect||||||50|,,,,,Grass]Solgaleo||WeaknessPolicy|FullMetalBody|SunsteelStrike,WideGuard,Earthquake,Protect||||||50|,,,,,Ground]Iron Jugulis||BoosterEnergy|QuarkDrive|Snarl,Tailwind,Hurricane,Protect||||||50|,,,,,Steel]Amoonguss||RockyHelmet|Regenerator|Spore,RagePowder,SludgeBomb,ClearSmog|||M|||50|,,,,,Water]Incineroar||SafetyGoggles|Intimidate|FakeOut,PartingShot,KnockOff,WillOWisp|||F|||50|,,,,,Ghost]Iron Treads||ChoiceBand|QuarkDrive|HighHorsepower,IronHead,StompingTantrum,IceSpinner||||||50|,,,,,Ground\n|showteam|p2|Kyogre||MysticWater|Drizzle|WaterSpout,OriginPulse,IceBeam,Protect||||||50|,,,,,Grass]Miraidon||ChoiceSpecs|HadronEngine|ElectroDrift,DracoMeteor,DazzlingGleam,VoltSwitch||||||50|,,,,,Fairy]Tornadus||FocusSash|Prankster|BleakwindStorm,Tailwind,RainDance,Protect|||M|||50|,,,,,Ghost]Iron Hands||AssaultVest|QuarkDrive|WildCharge,DrainPunch,LowKick,FakeOut||||||50|,,,,,Water]Farigiraf||ElectricSeed|ArmorTail|FoulPlay,PsychicNoise,TrickRoom,HelpingHand|||F|||50|,,,,,Water]Iron Treads||LifeOrb|QuarkDrive|HighHorsepower,SteelRoller,KnockOff,Protect||||||50|,,,,,Ghost\n|inactive|Battle timer is ON: inactive players will automatically lose when time's up. (requested by Yuri 134)\n|inactive|Dozo XX has 60 seconds left.\n|inactive|Dozo XX has 30 seconds left.\n|\n|t:|1746058623\n|start\n|switch|p1a: Iron Jugulis|Iron Jugulis, L50|100/100\n|switch|p1b: Iron Treads|Iron Treads, L50|100/100\n|switch|p2a: Miraidon|Miraidon, L50|100/100\n|switch|p2b: Iron Treads|Iron Treads, L50|100/100\n|-fieldstart|move: Electric Terrain|[from] ability: Hadron Engine|[of] p2a: Miraidon\n|-activate|p1b: Iron Treads|ability: Quark Drive\n|-start|p1b: Iron Treads|quarkdrivespe\n|-activate|p1a: Iron Jugulis|ability: Quark Drive\n|-start|p1a: Iron Jugulis|quarkdrivespe\n|-activate|p2b: Iron Treads|ability: Quark Drive\n|-start|p2b: Iron Treads|quarkdrivespe\n|turn|1\n|inactive|Yuri 134 has 30 seconds left.\n|inactive|Dozo XX has 30 seconds left.\n|\n|t:|1746058658\n|switch|p2a: Tornadus|Tornadus, L50, M|100/100\n|-terastallize|p1b: Iron Treads|Ground\n|move|p2b: Iron Treads|Protect|p2b: Iron Treads\n|-singleturn|p2b: Iron Treads|Protect\n|move|p1b: Iron Treads|High Horsepower|p2b: Iron Treads\n|-activate|p2b: Iron Treads|move: Protect\n|move|p1a: Iron Jugulis|Tailwind|p1a: Iron Jugulis\n|-sidestart|p1: Yuri 134|move: Tailwind\n|\n|upkeep\n|turn|2\n|inactive|Dozo XX has 30 seconds left.\n|inactive|Dozo XX has 20 seconds left.\n|inactive|Dozo XX has 15 seconds left.\n|\n|t:|1746058700\n|-terastallize|p2b: Iron Treads|Ghost\n|move|p2a: Tornadus|Tailwind|p2a: Tornadus\n|-sidestart|p2: Dozo XX|move: Tailwind\n|move|p1b: Iron Treads|High Horsepower|p2b: Iron Treads\n|-damage|p2b: Iron Treads|22/100\n|move|p1a: Iron Jugulis|Snarl|p2a: Tornadus|[spread] p2a,p2b\n|-supereffective|p2b: Iron Treads\n|-damage|p2a: Tornadus|77/100\n|-damage|p2b: Iron Treads|0 fnt\n|-unboost|p2a: Tornadus|spa|1\n|faint|p2b: Iron Treads\n|-end|p2b: Iron Treads|Quark Drive|[silent]\n|\n|upkeep\n|\n|t:|1746058713\n|switch|p2b: Kyogre|Kyogre, L50|100/100\n|-weather|RainDance|[from] ability: Drizzle|[of] p2b: Kyogre\n|turn|3\n|\n|t:|1746058735\n|move|p2b: Kyogre|Protect|p2b: Kyogre\n|-singleturn|p2b: Kyogre|Protect\n|move|p1b: Iron Treads|High Horsepower|p2b: Kyogre\n|-activate|p2b: Kyogre|move: Protect\n|move|p1a: Iron Jugulis|Hurricane|p2a: Tornadus\n|-damage|p2a: Tornadus|6/100\n|move|p2a: Tornadus|Bleakwind Storm|p1a: Iron Jugulis|[spread] p1a,p1b\n|-damage|p1a: Iron Jugulis|74/100\n|-damage|p1b: Iron Treads|65/100\n|\n|-weather|RainDance|[upkeep]\n|upkeep\n|turn|4\n|inactive|Dozo XX has 30 seconds left.\n|\n|t:|1746058761\n|move|p2a: Tornadus|Protect|p2a: Tornadus\n|-singleturn|p2a: Tornadus|Protect\n|move|p1b: Iron Treads|High Horsepower|p2b: Kyogre\n|-damage|p2b: Kyogre|29/100\n|move|p1a: Iron Jugulis|Snarl|p2a: Tornadus|[spread] p2b\n|-activate|p2a: Tornadus|move: Protect\n|-damage|p2b: Kyogre|16/100\n|-unboost|p2b: Kyogre|spa|1\n|move|p2b: Kyogre|Origin Pulse|p1a: Iron Jugulis|[spread] p1a,p1b\n|-supereffective|p1b: Iron Treads\n|-damage|p1a: Iron Jugulis|12/100\n|-damage|p1b: Iron Treads|0 fnt\n|faint|p1b: Iron Treads\n|-end|p1b: Iron Treads|Quark Drive|[silent]\n|\n|-weather|RainDance|[upkeep]\n|-sideend|p1: Yuri 134|move: Tailwind\n|upkeep\n|inactive|Yuri 134 has 30 seconds left.\n|\n|t:|1746058788\n|switch|p1b: Solgaleo|Solgaleo, L50|100/100\n|turn|5\n|inactive|Dozo XX has 30 seconds left.\n|\n|t:|1746058815\n|switch|p2a: Miraidon|Miraidon, L50|100/100\n|-activate|p2a: Miraidon|ability: Hadron Engine\n|move|p1a: Iron Jugulis|Snarl|p2b: Kyogre|[spread] p2a,p2b\n|-damage|p2a: Miraidon|87/100\n|-damage|p2b: Kyogre|4/100\n|-unboost|p2a: Miraidon|spa|1\n|-unboost|p2b: Kyogre|spa|1\n|move|p2b: Kyogre|Origin Pulse|p1b: Solgaleo|[spread] p1a\n|-miss|p2b: Kyogre|p1b: Solgaleo\n|-damage|p1a: Iron Jugulis|0 fnt\n|faint|p1a: Iron Jugulis\n|-end|p1a: Iron Jugulis|Quark Drive|[silent]\n|move|p1b: Solgaleo|Earthquake|p2b: Kyogre|[spread] p2a,p2b\n|-supereffective|p2a: Miraidon\n|-damage|p2a: Miraidon|39/100\n|-damage|p2b: Kyogre|0 fnt\n|faint|p2b: Kyogre\n|\n|-weather|RainDance|[upkeep]\n|-sideend|p2: Dozo XX|move: Tailwind\n|-fieldend|move: Electric Terrain\n|upkeep\n|\n|t:|1746058829\n|switch|p1a: Kyogre|Kyogre, L50|100/100\n|switch|p2b: Tornadus|Tornadus, L50, M|6/100\n|turn|6\n|\n|t:|1746058840\n|move|p1a: Kyogre|Protect|p1a: Kyogre\n|-singleturn|p1a: Kyogre|Protect\n|move|p2b: Tornadus|Tailwind|p2b: Tornadus\n|-sidestart|p2: Dozo XX|move: Tailwind\n|move|p2a: Miraidon|Electro Drift|p1a: Kyogre\n|-activate|p1a: Kyogre|move: Protect\n|move|p1b: Solgaleo|Earthquake|p2a: Miraidon|[spread] p2a\n|-activate|p1a: Kyogre|move: Protect\n|-immune|p2b: Tornadus\n|-supereffective|p2a: Miraidon\n|-damage|p2a: Miraidon|0 fnt\n|faint|p2a: Miraidon\n|\n|-weather|RainDance|[upkeep]\n|upkeep\n|turn|7\n|-message|Dozo XX forfeited.\n|\n|win|Yuri 134\n", "uploadtime": 1746058847, "views": 7, "formatid": "gen9vgc2025regibo3", "rating": null, "private": 0, "password": null}