{"id": "gen9vgc2025regibo3-2354285898", "format": "[Gen 9] VGC 2025 Reg I (Bo3)", "players": ["MangoFurret", "Sawadaburner"], "log": "|j|\u2606MangoFurret\n|j|\u2606Sawadaburner\n|html|<table width=\"100%\"><tr><td align=\"left\">MangoFurret</td><td align=\"right\">Sawadaburner</tr><tr><td align=\"left\"><i class=\"fa fa-circle-o\"></i> <i class=\"fa fa-circle-o\"></i> </td><td align=\"right\"><i class=\"fa fa-circle-o\"></i> <i class=\"fa fa-circle-o\"></i> </tr></table>\n|uhtml|bestof|<h2><strong>Game 1</strong> of <a href=\"/game-bestof3-gen9vgc2025regibo3-2354285897\">a best-of-3</a></h2>\n|t:|1746052980\n|gametype|doubles\n|player|p1|MangoFurret|unknown|1298\n|player|p2|Sawadaburner|266|1307\n|teamsize|p1|6\n|teamsize|p2|6\n|gen|9\n|tier|[Gen 9] VGC 2025 Reg I (Bo3)\n|rated|\n|rule|Species Clause: Limit one of each Pok\u00e9mon\n|rule|Item Clause: Limit 1 of each item\n|clearpoke\n|poke|p1|Kyogre, L50|\n|poke|p1|Zamazenta-*, L50|\n|poke|p1|Amoonguss, L50, F|\n|poke|p1|Chien-Pao, L50|\n|poke|p1|Urshifu-*, L50, M|\n|poke|p1|Roaring Moon, L50|\n|poke|p2|Lunala, L50|\n|poke|p2|Koraidon, L50|\n|poke|p2|Jumpluff, L50, M|\n|poke|p2|Incineroar, L50, M|\n|poke|p2|Raging Bolt, L50|\n|poke|p2|Ursaluna, L50, M|\n|teampreview|4\n|showteam|p1|Kyogre||MysticWater|Drizzle|WaterSpout,HydroPump,IceBeam,Protect||||||50|,,,,,Grass]Zamazenta-Crowned||RustedShield|DauntlessShield|behemothbash,BodyPress,WideGuard,Protect||||||50|,,,,,Grass]Amoonguss||RockyHelmet|Regenerator|RagePowder,Spore,SludgeBomb,Protect|||F|||50|,,,,,Fairy]Chien-Pao||FocusSash|SwordofRuin|IceSpinner,SuckerPunch,ThroatChop,Protect||||||50|,,,,,Ghost]Urshifu-Rapid-Strike||ChoiceScarf|UnseenFist|SurgingStrikes,CloseCombat,Uturn,Coaching|||M|||50|,,,,,Ghost]Roaring Moon||BoosterEnergy|Protosynthesis|KnockOff,Acrobatics,Tailwind,Protect||||||50|,,,,,Flying\n|showteam|p2|Lunala||PowerHerb|ShadowShield|MeteorBeam,MoongeistBeam,WideGuard,TrickRoom||||||50|,,,,,Water]Koraidon||LifeOrb|OrichalcumPulse|CloseCombat,FlareBlitz,BreakingSwipe,Protect||||||50|,,,,,Fire]Jumpluff||CovertCloak|Chlorophyll|Tailwind,SleepPowder,RagePowder,Encore|||M|||50|,,,,,Dark]Incineroar||SafetyGoggles|Intimidate|KnockOff,PartingShot,FlareBlitz,FakeOut|||M|||50|,,,,,Water]Raging Bolt||AssaultVest|Protosynthesis|Thunderclap,Thunderbolt,Snarl,DracoMeteor||||||50|,,,,,Electric]Ursaluna||FlameOrb|Guts|HeadlongRush,Facade,Earthquake,Protect|||M|||50|,,,,,Ghost\n|inactive|Battle timer is ON: inactive players will automatically lose when time's up. (requested by Sawadaburner)\n|\n|t:|1746053069\n|start\n|switch|p1a: Impostor|Amoonguss, L50, F|100/100\n|switch|p1b: Storm|Roaring Moon, L50|100/100\n|switch|p2a: Koraidon|Koraidon, L50|100/100\n|switch|p2b: Incineroar|Incineroar, L50, M|100/100\n|-weather|SunnyDay|[from] ability: Orichalcum Pulse|[of] p2a: Koraidon\n|-activate|p1b: Storm|ability: Protosynthesis\n|-start|p1b: Storm|protosynthesisspe\n|-activate|p2a: Koraidon|Orichalcum Pulse|[source]\n|-ability|p2b: Incineroar|Intimidate|boost\n|-unboost|p1a: Impostor|atk|1\n|-unboost|p1b: Storm|atk|1\n|turn|1\n|inactive|MangoFurret has 30 seconds left.\n|inactive|Sawadaburner has 30 seconds left.\n|inactive|MangoFurret has 20 seconds left.\n|inactive|Sawadaburner has 20 seconds left.\n|inactive|MangoFurret has 15 seconds left.\n|inactive|MangoFurret has 10 seconds left.\n|inactive|MangoFurret has 5 seconds left.\n|\n|t:|1746053123\n|move|p1b: Storm|Tailwind|p1b: Storm\n|-sidestart|p1: MangoFurret|move: Tailwind\n|move|p2a: Koraidon|Breaking Swipe|p1b: Storm|[spread] p1a,p1b\n|-supereffective|p1b: Storm\n|-damage|p1a: Impostor|67/100\n|-damage|p1b: Storm|16/100\n|-unboost|p1a: Impostor|atk|1\n|-unboost|p1b: Storm|atk|1\n|-damage|p2a: Koraidon|84/100|[from] item: Rocky Helmet|[of] p1a: Impostor\n|-damage|p2a: Koraidon|74/100|[from] item: Life Orb\n|move|p1a: Impostor|Spore|p2a: Koraidon\n|-status|p2a: Koraidon|slp|[from] move: Spore\n|move|p2b: Incineroar|Flare Blitz|p1a: Impostor\n|-supereffective|p1a: Impostor\n|-damage|p1a: Impostor|0 fnt\n|-damage|p2b: Incineroar|84/100|[from] item: Rocky Helmet|[of] p1a: Impostor\n|faint|p1a: Impostor\n|-damage|p2b: Incineroar|60/100|[from] Recoil\n|\n|-weather|SunnyDay|[upkeep]\n|upkeep\n|\n|t:|1746053141\n|switch|p1a: BigFish|Kyogre, L50|100/100\n|-weather|RainDance|[from] ability: Drizzle|[of] p1a: BigFish\n|-end|p1b: Storm|Protosynthesis\n|-enditem|p1b: Storm|Booster Energy\n|-activate|p1b: Storm|ability: Protosynthesis|[fromitem]\n|-start|p1b: Storm|protosynthesisspe\n|turn|2\n|inactive|MangoFurret has 30 seconds left.\n|inactive|Sawadaburner has 30 seconds left.\n|inactive|MangoFurret has 20 seconds left.\n|inactive|Sawadaburner has 20 seconds left.\n|inactive|MangoFurret has 15 seconds left.\n|\n|t:|1746053183\n|switch|p2a: Raging Bolt|Raging Bolt, L50|100/100\n|-terastallize|p2b: Incineroar|Water\n|move|p1b: Storm|Acrobatics|p2a: Raging Bolt\n|-resisted|p2a: Raging Bolt\n|-damage|p2a: Raging Bolt|93/100\n|move|p1a: BigFish|Water Spout|p2b: Incineroar|[spread] p2a,p2b\n|-resisted|p2a: Raging Bolt\n|-resisted|p2b: Incineroar\n|-damage|p2a: Raging Bolt|61/100\n|-damage|p2b: Incineroar|17/100\n|move|p2b: Incineroar|Parting Shot|p1a: BigFish\n|-unboost|p1a: BigFish|atk|1\n|-unboost|p1a: BigFish|spa|1\n|\n|t:|1746053201\n|switch|p2b: Lunala|Lunala, L50|100/100|[from] Parting Shot\n|\n|-weather|RainDance|[upkeep]\n|upkeep\n|turn|3\n|\n|t:|1746053221\n|switch|p1a: IlDoggo|Zamazenta-Crowned, L50|100/100\n|-ability|p1a: IlDoggo|Dauntless Shield|boost\n|-boost|p1a: IlDoggo|def|1\n|switch|p2b: Koraidon|Koraidon, L50|74/100 slp\n|-weather|SunnyDay|[from] ability: Orichalcum Pulse|[of] p2b: Koraidon\n|-activate|p2a: Raging Bolt|ability: Protosynthesis\n|-start|p2a: Raging Bolt|protosynthesisspa\n|-activate|p2b: Koraidon|Orichalcum Pulse|[source]\n|move|p1b: Storm|Protect|p1b: Storm\n|-singleturn|p1b: Storm|Protect\n|move|p2a: Raging Bolt|Thunderbolt|p1b: Storm\n|-activate|p1b: Storm|move: Protect\n|\n|-weather|SunnyDay|[upkeep]\n|upkeep\n|turn|4\n|inactive|MangoFurret has 30 seconds left.\n|\n|t:|1746053253\n|-end|p1b: Storm|Protosynthesis|[silent]\n|switch|p1b: BigFish|Kyogre, L50|100/100\n|-weather|RainDance|[from] ability: Drizzle|[of] p1b: BigFish\n|-end|p2a: Raging Bolt|Protosynthesis\n|-terastallize|p1a: IlDoggo|Grass\n|move|p1a: IlDoggo|Body Press|p2b: Koraidon\n|-damage|p2b: Koraidon|11/100 slp\n|cant|p2b: Koraidon|slp\n|move|p2a: Raging Bolt|Thunderbolt|p1b: BigFish\n|-supereffective|p1b: BigFish\n|-damage|p1b: BigFish|28/100\n|\n|-weather|RainDance|[upkeep]\n|-sideend|p1: MangoFurret|move: Tailwind\n|upkeep\n|turn|5\n|inactive|MangoFurret has 30 seconds left.\n|inactive|Sawadaburner has 30 seconds left.\n|inactive|Sawadaburner has 20 seconds left.\n|\n|t:|1746053297\n|switch|p2b: Lunala|Lunala, L50|100/100\n|switch|p1b: Storm|Roaring Moon, L50|16/100\n|move|p1a: IlDoggo|Body Press|p2a: Raging Bolt\n|-damage|p2a: Raging Bolt|9/100\n|move|p2a: Raging Bolt|Draco Meteor|p1b: Storm\n|-supereffective|p1b: Storm\n|-damage|p1b: Storm|0 fnt\n|-unboost|p2a: Raging Bolt|spa|2\n|faint|p1b: Storm\n|-end|p1b: Storm|Protosynthesis|[silent]\n|\n|-weather|RainDance|[upkeep]\n|upkeep\n|\n|t:|1746053310\n|switch|p1b: BigFish|Kyogre, L50|28/100\n|turn|6\n|-message|MangoFurret forfeited.\n|\n|win|Sawadaburner\n||Sawadaburner is ready for game 2.\n||MangoFurret is ready for game 2.\n|uhtml|next|Next: <a href=\"/battle-gen9vgc2025regibo3-2354288862\"><strong>Game 2 of 3</strong></a>\n|l|\u2606MangoFurret\n|player|p1|\n", "uploadtime": 1746054181, "views": 24, "formatid": "gen9vgc2025regibo3", "rating": null, "private": 0, "password": null}