{"id": "gen9vgc2025regibo3-2354686016", "format": "[Gen 9] VGC 2025 Reg I (Bo3)", "players": ["Alexx_vr", "jooblack551"], "log": "|j|\u2606Alexx_vr\n|j|\u2606jooblack551\n|html|<table width=\"100%\"><tr><td align=\"left\">Alexx_vr</td><td align=\"right\">jooblack551</tr><tr><td align=\"left\"><i class=\"fa fa-circle-o\"></i> <i class=\"fa fa-circle-o\"></i> </td><td align=\"right\"><i class=\"fa fa-circle-o\"></i> <i class=\"fa fa-circle-o\"></i> </tr></table>\n|uhtml|bestof|<h2><strong>Game 1</strong> of <a href=\"/game-bestof3-gen9vgc2025regibo3-2354686015\">a best-of-3</a></h2>\n|t:|1746110649\n|gametype|doubles\n|player|p1|Alexx_vr|morty|1195\n|player|p2|jooblack551|alder|1086\n|teamsize|p1|6\n|teamsize|p2|6\n|gen|9\n|tier|[Gen 9] VGC 2025 Reg I (Bo3)\n|rated|\n|rule|Species Clause: Limit one of each Pok\u00e9mon\n|rule|Item Clause: Limit 1 of each item\n|clearpoke\n|poke|p1|Terapagos, L50, M|\n|poke|p1|Calyrex-Shadow, L50|\n|poke|p1|Incineroar, L50, M|\n|poke|p1|Rillaboom, L50, F|\n|poke|p1|Amoonguss, L50, F|\n|poke|p1|Urshifu-*, L50, F|\n|poke|p2|Calyrex-Ice, L50|\n|poke|p2|Arboliva, L50, M|\n|poke|p2|Incineroar, L50, M|\n|poke|p2|Grimmsnarl, L50, M|\n|poke|p2|Lunala, L50|\n|poke|p2|Urshifu-*, L50, M|\n|teampreview|4\n|showteam|p1|Terapagos||Leftovers|TeraShift|Protect,TeraStarstorm,EarthPower,CalmMind|||M|||50|,,,,,Stellar]Calyrex-Shadow||FocusSash|AsOneSpectrier|Protect,AstralBarrage,Disable,Encore||||||50|,,,,,Ghost]Incineroar||SafetyGoggles|Intimidate|KnockOff,PartingShot,WillOWisp,FakeOut|||M|||50|,,,,,Bug]Rillaboom||AssaultVest|GrassySurge|WoodHammer,GrassyGlide,Uturn,FakeOut|||F|||50|,,,,,Fire]Amoonguss||RockyHelmet|Regenerator|Protect,Spore,RagePowder,PollenPuff|||F|||50|,,,,,Water]Urshifu-Rapid-Strike||ChoiceScarf|UnseenFist|SurgingStrikes,CloseCombat,Coaching,Uturn|||F|||50|,,,,,Water\n|showteam|p2|Calyrex-Ice||WeaknessPolicy|AsOneGlastrier|GlacialLance,TrickRoom,HighHorsepower,Protect||||||50|,,,,,Ground]Arboliva||LifeOrb|SeedSower|HyperVoice,EnergyBall,PollenPuff,Protect|||M|||50|,,,,,Normal]Incineroar||SafetyGoggles|Intimidate|FakeOut,PartingShot,FlareBlitz,HelpingHand|||M|||50|,,,,,Ghost]Grimmsnarl||LightClay|Prankster|Taunt,Reflect,LightScreen,SpiritBreak|||M|||50|,,,,,Fairy]Lunala||Leftovers|ShadowShield|TrickRoom,Moonblast,WideGuard,MoongeistBeam||||||50|,,,,,Fairy]Urshifu-Rapid-Strike||ChoiceBand|UnseenFist|AquaJet,SurgingStrikes,CloseCombat,Detect|||M|||50|,,,,,Ghost\n|inactive|Battle timer is ON: inactive players will automatically lose when time's up. (requested by Alexx_vr)\n|\n|t:|1746110683\n|start\n|switch|p1a: Incineroar|Incineroar, L50, M|100/100\n|switch|p1b: Terapagos|Terapagos, L50, M|100/100\n|switch|p2a: Lunala|Lunala, L50|100/100\n|switch|p2b: Calyrex|Calyrex-Ice, L50|100/100\n|-activate|p1b: Terapagos|ability: Tera Shift\n|detailschange|p1b: Terapagos|Terapagos-Terastal, L50, M\n|-heal|p1b: Terapagos|100/100|[silent]\n|-ability|p2b: Calyrex|As One\n|-ability|p2b: Calyrex|Unnerve\n|-ability|p1a: Incineroar|Intimidate|boost\n|-unboost|p2a: Lunala|atk|1\n|-unboost|p2b: Calyrex|atk|1\n|turn|1\n|inactive|Alexx_vr has 30 seconds left.\n|inactive|jooblack551 has 30 seconds left.\n|\n|t:|1746110711\n|move|p2b: Calyrex|Protect|p2b: Calyrex\n|-singleturn|p2b: Calyrex|Protect\n|move|p1b: Terapagos|Calm Mind|p1b: Terapagos\n|-boost|p1b: Terapagos|spa|1\n|-boost|p1b: Terapagos|spd|1\n|move|p1a: Incineroar|Will-O-Wisp|p2b: Calyrex\n|-activate|p2b: Calyrex|move: Protect\n|move|p2a: Lunala|Trick Room|p2a: Lunala\n|-fieldstart|move: Trick Room|[of] p2a: Lunala\n|\n|upkeep\n|turn|2\n|\n|t:|1746110733\n|-terastallize|p2b: Calyrex|Ground\n|move|p2b: Calyrex|High Horsepower|p1a: Incineroar\n|-supereffective|p1a: Incineroar\n|-damage|p1a: Incineroar|46/100\n|move|p1a: Incineroar|Will-O-Wisp|p2b: Calyrex\n|-status|p2b: Calyrex|brn\n|move|p2a: Lunala|Moonblast|p1b: Terapagos\n|-activate|p1b: Terapagos|ability: Tera Shell\n|-resisted|p1b: Terapagos\n|-damage|p1b: Terapagos|91/100\n|move|p1b: Terapagos|Calm Mind|p1b: Terapagos\n|-boost|p1b: Terapagos|spa|1\n|-boost|p1b: Terapagos|spd|1\n|\n|-heal|p1b: Terapagos|97/100|[from] item: Leftovers\n|-damage|p2b: Calyrex|94/100 brn|[from] brn\n|upkeep\n|turn|3\n|inactive|jooblack551 has 30 seconds left.\n|inactive|jooblack551 has 20 seconds left.\n|\n|t:|1746110768\n|move|p2b: Calyrex|Protect|p2b: Calyrex\n|-singleturn|p2b: Calyrex|Protect\n|move|p1a: Incineroar|Knock Off|p2a: Lunala\n|-supereffective|p2a: Lunala\n|-damage|p2a: Lunala|47/100\n|-enditem|p2a: Lunala|Leftovers|[from] move: Knock Off|[of] p1a: Incineroar\n|move|p2a: Lunala|Moonblast|p1a: Incineroar\n|-damage|p1a: Incineroar|14/100\n|-unboost|p1a: Incineroar|spa|1\n|move|p1b: Terapagos|Calm Mind|p1b: Terapagos\n|-boost|p1b: Terapagos|spa|1\n|-boost|p1b: Terapagos|spd|1\n|\n|-heal|p1b: Terapagos|100/100|[from] item: Leftovers\n|-damage|p2b: Calyrex|88/100 brn|[from] brn\n|upkeep\n|turn|4\n|inactive|Alexx_vr has 30 seconds left.\n|\n|t:|1746110799\n|-terastallize|p1b: Terapagos|Stellar\n|detailschange|p1b: Terapagos|Terapagos-Stellar, L50, M, tera:Stellar\n|-heal|p1b: Terapagos|100/100|[silent]\n|move|p2b: Calyrex|High Horsepower|p1a: Incineroar\n|-supereffective|p1a: Incineroar\n|-damage|p1a: Incineroar|0 fnt\n|faint|p1a: Incineroar\n|-ability|p2b: Calyrex|Chilling Neigh|boost\n|-boost|p2b: Calyrex|atk|1\n|move|p2a: Lunala|Moonblast|p1b: Terapagos\n|-damage|p1b: Terapagos|91/100\n|-unboost|p1b: Terapagos|spa|1\n|move|p1b: Terapagos|Tera Starstorm|p2a: Lunala|[spread] p2a,p2b\n|-supereffective|p2b: Calyrex\n|-damage|p2a: Lunala|0 fnt\n|-damage|p2b: Calyrex|0 fnt\n|faint|p2a: Lunala\n|faint|p2b: Calyrex\n|\n|-heal|p1b: Terapagos|97/100|[from] item: Leftovers\n|upkeep\n|\n|t:|1746110813\n|switch|p2b: Incineroar|Incineroar, L50, M|100/100\n|switch|p1a: Calyrex|Calyrex-Shadow, L50|100/100\n|switch|p2a: Arboliva|Arboliva, L50, M|100/100\n|-ability|p1a: Calyrex|As One\n|-ability|p1a: Calyrex|Unnerve\n|-ability|p2b: Incineroar|Intimidate|boost\n|-unboost|p1a: Calyrex|atk|1\n|-unboost|p1b: Terapagos|atk|1\n|turn|5\n|\n|t:|1746110825\n|switch|p1a: Urshifu|Urshifu-Rapid-Strike, L50, F|100/100\n|move|p2b: Incineroar|Fake Out|p1b: Terapagos\n|-damage|p1b: Terapagos|90/100\n|move|p2a: Arboliva|Energy Ball|p1a: Urshifu\n|-supereffective|p1a: Urshifu\n|-damage|p1a: Urshifu|0 fnt\n|faint|p1a: Urshifu\n|-damage|p2a: Arboliva|91/100|[from] item: Life Orb\n|cant|p1b: Terapagos|flinch\n|\n|-heal|p1b: Terapagos|96/100|[from] item: Leftovers\n|-fieldend|move: Trick Room\n|upkeep\n|\n|t:|1746110832\n|switch|p1a: Calyrex|Calyrex-Shadow, L50|100/100\n|-ability|p1a: Calyrex|As One\n|-ability|p1a: Calyrex|Unnerve\n|turn|6\n|\n|t:|1746110843\n|move|p1a: Calyrex|Encore|p2a: Arboliva\n|-start|p2a: Arboliva|Encore\n|move|p1b: Terapagos|Earth Power|p2b: Incineroar\n|-supereffective|p2b: Incineroar\n|-damage|p2b: Incineroar|0 fnt\n|faint|p2b: Incineroar\n|move|p2a: Arboliva|Energy Ball|p1b: Terapagos\n|-damage|p1b: Terapagos|79/100\n|-damage|p2a: Arboliva|82/100|[from] item: Life Orb\n|\n|-heal|p1b: Terapagos|85/100|[from] item: Leftovers\n|upkeep\n|turn|7\n|\n|t:|1746110857\n|move|p1a: Calyrex|Disable|p2a: Arboliva\n|-start|p2a: Arboliva|Disable|Energy Ball\n|move|p1b: Terapagos|Calm Mind|p1b: Terapagos\n|-boost|p1b: Terapagos|spa|1\n|-boost|p1b: Terapagos|spd|1\n|cant|p2a: Arboliva|Disable|Energy Ball\n|\n|-heal|p1b: Terapagos|92/100|[from] item: Leftovers\n|upkeep\n|turn|8\n|-message|jooblack551 forfeited.\n|\n|win|Alexx_vr\n||jooblack551 is ready for game 2.\n||Alexx_vr is ready for game 2.\n|uhtml|next|Next: <a href=\"/battle-gen9vgc2025regibo3-2354688303\"><strong>Game 2 of 3</strong></a>\n|l|\u2606Alexx_vr\n|player|p1|\n", "uploadtime": 1746111152, "views": 4, "formatid": "gen9vgc2025regibo3", "rating": null, "private": 0, "password": null}