{"id": "gen9vgc2025regibo3-2353604379", "format": "[Gen 9] VGC 2025 Reg I (Bo3)", "players": ["dancerladyaqua", "Leezh"], "log": "|j|\u2606dancerladyaqua\n|j|\u2606Leezh\n|html|<table width=\"100%\"><tr><td align=\"left\">dancerladyaqua</td><td align=\"right\">Leezh</tr><tr><td align=\"left\"><i class=\"fa fa-circle-o\"></i> <i class=\"fa fa-circle-o\"></i> </td><td align=\"right\"><i class=\"fa fa-circle-o\"></i> <i class=\"fa fa-circle-o\"></i> </tr></table>\n|uhtml|bestof|<h2><strong>Game 1</strong> of <a href=\"/game-bestof3-gen9vgc2025regibo3-2353604375\">a best-of-3</a></h2>\n|t:|1745973528\n|gametype|doubles\n|player|p1|dancerladyaqua|dawn|1015\n|player|p2|Leezh|265|1088\n|teamsize|p1|6\n|teamsize|p2|6\n|gen|9\n|tier|[Gen 9] VGC 2025 Reg I (Bo3)\n|rated|\n|rule|Species Clause: Limit one of each Pok\u00e9mon\n|rule|Item Clause: Limit 1 of each item\n|clearpoke\n|poke|p1|Eternatus, L50|\n|poke|p1|Tyranitar, L50, F|\n|poke|p1|Excadrill, L50, F|\n|poke|p1|Zamazenta-*, L50|\n|poke|p1|Whimsicott, L50, F|\n|poke|p1|Indeedee-F, L50, F|\n|poke|p2|Ho-Oh, L50|\n|poke|p2|Groudon, L50|\n|poke|p2|Raging Bolt, L50|\n|poke|p2|Sableye, L50, M|\n|poke|p2|Jumpluff, L50, F|\n|poke|p2|Ditto, L50|\n|teampreview|4\n|showteam|p1|Eternatus||LifeOrb|Pressure|SludgeBomb,Protect,DynamaxCannon,Flamethrower||||||50|,,,,,Dark]Tyranitar||AirBalloon|SandStream|ThunderPunch,RockSlide,KnockOff,Protect|||F|||50|,,,,,Grass]Excadrill||ChoiceBand|SandRush|Earthquake,HighHorsepower,IronHead,TeraBlast|||F|||50|,,,,,Water]Zamazenta-Crowned||RustedShield|DauntlessShield|behemothbash,WideGuard,Protect,BodyPress||||||50|,,,,,Ghost]Whimsicott||CovertCloak|Prankster|LightScreen,Moonblast,Tailwind,Protect|||F|||50|,,,,,Steel]Indeedee-F||SafetyGoggles|PsychicSurge|HelpingHand,FollowMe,Psychic,TrickRoom|||F|||50|,,,,,Fairy\n|showteam|p2|Ho-Oh||LifeOrb|Regenerator|Protect,LifeDew,BraveBird,SacredFire||||||50|,,,,,Grass]Groudon||ClearAmulet|Drought|Protect,PrecipiceBlades,HighHorsepower,SwordsDance||||||50|,,,,,Fire]Raging Bolt||AssaultVest|Protosynthesis|Thunderbolt,Thunderclap,DracoMeteor,Snarl||||||50|,,,,,Electric]Sableye||AbilityShield|Prankster|FakeOut,Gravity,FoulPlay,WillOWisp|||M|||50|,,,,,Dark]Jumpluff||CovertCloak|Chlorophyll|SleepPowder,Tailwind,RagePowder,SunnyDay|||F|||50|,,,,,Dark]Ditto||FocusSash|Imposter|Transform||||||50|,,,,,Normal\n|inactive|Battle timer is ON: inactive players will automatically lose when time's up. (requested by dancerladyaqua)\n|c|\u2606dancerladyaqua|glhf!\n|inactive|Leezh has 60 seconds left.\n|inactive|Leezh has 30 seconds left.\n|inactive|Leezh has 20 seconds left.\n|inactive|Leezh has 15 seconds left.\n|inactive|Leezh has 10 seconds left.\n|\n|t:|1745973691\n|start\n|switch|p1a: Indeedee|Indeedee-F, L50, F|100/100\n|switch|p1b: Eternatus|Eternatus, L50|100/100\n|switch|p2a: Raging Bolt|Raging Bolt, L50|100/100\n|switch|p2b: Jumpluff|Jumpluff, L50, F|100/100\n|-ability|p1b: Eternatus|Pressure\n|-fieldstart|move: Psychic Terrain|[from] ability: Psychic Surge|[of] p1a: Indeedee\n|turn|1\n|inactive|dancerladyaqua has 30 seconds left.\n|inactive|Leezh has 30 seconds left.\n|inactive|Leezh has 20 seconds left.\n|inactive|Leezh has 15 seconds left.\n|inactive|Leezh has 10 seconds left.\n|\n|t:|1745973737\n|-terastallize|p2a: Raging Bolt|Electric\n|move|p1a: Indeedee|Follow Me|p1a: Indeedee\n|-singleturn|p1a: Indeedee|move: Follow Me\n|move|p2b: Jumpluff|Tailwind|p2b: Jumpluff\n|-sidestart|p2: Leezh|move: Tailwind\n|move|p2a: Raging Bolt|Snarl|p1a: Indeedee|[spread] p1a,p1b\n|-supereffective|p1a: Indeedee\n|-damage|p1a: Indeedee|69/100\n|-damage|p1b: Eternatus|89/100\n|-unboost|p1a: Indeedee|spa|1\n|-unboost|p1b: Eternatus|spa|1\n|move|p1b: Eternatus|Dynamax Cannon|p2a: Raging Bolt\n|-damage|p2a: Raging Bolt|69/100\n|-damage|p1b: Eternatus|79/100|[from] item: Life Orb\n|\n|upkeep\n|turn|2\n|inactive|Leezh has 30 seconds left.\n|\n|t:|1745973767\n|move|p1b: Eternatus|Protect|p1b: Eternatus\n|-singleturn|p1b: Eternatus|Protect\n|move|p2b: Jumpluff|Sleep Powder|p1b: Eternatus\n|-activate|p1b: Eternatus|move: Protect\n|move|p2a: Raging Bolt|Snarl|p1b: Eternatus|[spread] p1a\n|-activate|p1b: Eternatus|move: Protect\n|-supereffective|p1a: Indeedee\n|-damage|p1a: Indeedee|39/100\n|-unboost|p1a: Indeedee|spa|1\n|move|p1a: Indeedee|Trick Room|p1a: Indeedee\n|-fieldstart|move: Trick Room|[of] p1a: Indeedee\n|\n|upkeep\n|turn|3\n|inactive|dancerladyaqua has 30 seconds left.\n|\n|t:|1745973797\n|move|p1a: Indeedee|Follow Me|p1a: Indeedee\n|-singleturn|p1a: Indeedee|move: Follow Me\n|move|p1b: Eternatus|Dynamax Cannon|p2a: Raging Bolt\n|-damage|p2a: Raging Bolt|36/100\n|-damage|p1b: Eternatus|69/100|[from] item: Life Orb\n|move|p2a: Raging Bolt|Snarl|p1a: Indeedee|[spread] p1a,p1b\n|-supereffective|p1a: Indeedee\n|-damage|p1a: Indeedee|7/100\n|-damage|p1b: Eternatus|56/100\n|-unboost|p1a: Indeedee|spa|1\n|-unboost|p1b: Eternatus|spa|1\n|move|p2b: Jumpluff|Sleep Powder|p1a: Indeedee\n|-activate|p1a: Indeedee|item: Safety Goggles|Sleep Powder\n|\n|upkeep\n|turn|4\n|\n|t:|1745973814\n|move|p1a: Indeedee|Helping Hand|p1b: Eternatus\n|-singleturn|p1b: Eternatus|Helping Hand|[of] p1a: Indeedee\n|move|p2b: Jumpluff|Rage Powder|p2b: Jumpluff\n|-singleturn|p2b: Jumpluff|move: Rage Powder\n|move|p1b: Eternatus|Dynamax Cannon|p2b: Jumpluff\n|-damage|p2b: Jumpluff|40/100\n|-damage|p1b: Eternatus|46/100|[from] item: Life Orb\n|move|p2a: Raging Bolt|Snarl|p1b: Eternatus|[spread] p1a,p1b\n|-supereffective|p1a: Indeedee\n|-damage|p1a: Indeedee|0 fnt\n|-damage|p1b: Eternatus|34/100\n|-unboost|p1b: Eternatus|spa|1\n|faint|p1a: Indeedee\n|\n|-sideend|p2: Leezh|move: Tailwind\n|upkeep\n|\n|t:|1745973829\n|switch|p1a: Tyranitar|Tyranitar, L50, F|100/100\n|-weather|Sandstorm|[from] ability: Sand Stream|[of] p1a: Tyranitar\n|-item|p1a: Tyranitar|Air Balloon\n|turn|5\n|inactive|Leezh has 30 seconds left.\n|\n|t:|1745973863\n|switch|p2b: Groudon|Groudon, L50|100/100\n|-weather|SunnyDay|[from] ability: Drought|[of] p2b: Groudon\n|-activate|p2a: Raging Bolt|ability: Protosynthesis\n|-start|p2a: Raging Bolt|protosynthesisspa\n|move|p2a: Raging Bolt|Thunderbolt|p1a: Tyranitar\n|-damage|p1a: Tyranitar|14/100\n|-enditem|p1a: Tyranitar|Air Balloon\n|move|p1a: Tyranitar|Rock Slide|p2b: Groudon|[spread] p2b\n|-miss|p1a: Tyranitar|p2a: Raging Bolt\n|-resisted|p2b: Groudon\n|-damage|p2b: Groudon|91/100\n|move|p1b: Eternatus|Dynamax Cannon|p2a: Raging Bolt\n|-damage|p2a: Raging Bolt|16/100\n|-damage|p1b: Eternatus|24/100|[from] item: Life Orb\n|\n|-weather|SunnyDay|[upkeep]\n|-fieldend|move: Psychic Terrain\n|upkeep\n|turn|6\n|inactive|dancerladyaqua has 30 seconds left.\n|inactive|Leezh has 30 seconds left.\n|inactive|Leezh has 20 seconds left.\n|inactive|Leezh has 15 seconds left.\n|inactive|Leezh has 10 seconds left.\n|inactive|Leezh has 5 seconds left.\n|\n|t:|1745973915\n|switch|p1a: Excadrill|Excadrill, L50, F|100/100\n|move|p2a: Raging Bolt|Thunderbolt|p1b: Eternatus\n|-resisted|p1b: Eternatus\n|-damage|p1b: Eternatus|0 fnt\n|faint|p1b: Eternatus\n|move|p2b: Groudon|High Horsepower|p1a: Excadrill\n|-supereffective|p1a: Excadrill\n|-damage|p1a: Excadrill|0 fnt\n|faint|p1a: Excadrill\n|\n|-weather|SunnyDay|[upkeep]\n|-fieldend|move: Trick Room\n|upkeep\n|\n|t:|1745973927\n|switch|p1b: Tyranitar|Tyranitar, L50, F|14/100\n|-weather|Sandstorm|[from] ability: Sand Stream|[of] p1b: Tyranitar\n|-end|p2a: Raging Bolt|Protosynthesis\n|turn|7\n|-message|dancerladyaqua forfeited.\n|\n|win|Leezh\n||dancerladyaqua is ready for game 2.\n|inactive|Leezh has 30 seconds to confirm battle start!\n||Leezh is ready for game 2.\n|uhtml|next|Next: <a href=\"/battle-gen9vgc2025regibo3-2353607885\"><strong>Game 2 of 3</strong></a>\n", "uploadtime": 1745974948, "views": 8, "formatid": "gen9vgc2025regibo3", "rating": null, "private": 0, "password": null}