{"id": "gen9vgc2025regibo3-2354202684", "format": "[Gen 9] VGC 2025 Reg I (Bo3)", "players": ["d_malicious", "MangoFurret"], "log": "|j|\u2606d_malicious\n|j|\u2606MangoFurret\n|html|<table width=\"100%\"><tr><td align=\"left\">d_malicious</td><td align=\"right\">MangoFurret</tr><tr><td align=\"left\"><i class=\"fa fa-circle-o\"></i> <i class=\"fa fa-circle-o\"></i> </td><td align=\"right\"><i class=\"fa fa-circle-o\"></i> <i class=\"fa fa-circle-o\"></i> </tr></table>\n|uhtml|bestof|<h2><strong>Game 1</strong> of <a href=\"/game-bestof3-gen9vgc2025regibo3-2354202683\">a best-of-3</a></h2>\n|t:|1746044209\n|gametype|doubles\n|player|p1|d_malicious|worker-gen4|1223\n|player|p2|MangoFurret|unknown|1277\n|teamsize|p1|6\n|teamsize|p2|6\n|gen|9\n|tier|[Gen 9] VGC 2025 Reg I (Bo3)\n|rated|\n|rule|Species Clause: Limit one of each Pok\u00e9mon\n|rule|Item Clause: Limit 1 of each item\n|clearpoke\n|poke|p1|Koraidon, L50|\n|poke|p1|Flutter Mane, L50|\n|poke|p1|Brute Bonnet, L50|\n|poke|p1|Chi-Yu, L50|\n|poke|p1|Ogerpon-Cornerstone, L50, F|\n|poke|p1|Lunala, L50|\n|poke|p2|Kyogre, L50|\n|poke|p2|Zamazenta-*, L50|\n|poke|p2|Amoonguss, L50, F|\n|poke|p2|Chien-Pao, L50|\n|poke|p2|Urshifu-*, L50, M|\n|poke|p2|Roaring Moon, L50|\n|teampreview|4\n|showteam|p1|Koraidon||LifeOrb|OrichalcumPulse|CloseCombat,FlareBlitz,FlameCharge,Protect||||||50|,,,,,Fire]Flutter Mane||FocusSash|Protosynthesis|Protect,Moonblast,ShadowBall,IcyWind||||||50|,,,,,Normal]Brute Bonnet||CovertCloak|Protosynthesis|Spore,SuckerPunch,SeedBomb,RagePowder||||||50|,,,,,Water]Chi-Yu||ChoiceScarf|BeadsofRuin|HeatWave,Flamethrower,DarkPulse,Snarl||||||50|,,,,,Ghost]Ogerpon-Cornerstone||CornerstoneMask|Sturdy|SpikyShield,IvyCudgel,Taunt,FollowMe|||F|||50|,,,,,Rock]Lunala||PowerHerb|ShadowShield|MoongeistBeam,MeteorBeam,TrickRoom,WideGuard||||||50|,,,,,Water\n|showteam|p2|Kyogre||MysticWater|Drizzle|WaterSpout,HydroPump,IceBeam,Protect||||||50|,,,,,Grass]Zamazenta-Crowned||RustedShield|DauntlessShield|behemothbash,BodyPress,WideGuard,Protect||||||50|,,,,,Grass]Amoonguss||RockyHelmet|Regenerator|RagePowder,Spore,SludgeBomb,Protect|||F|||50|,,,,,Fairy]Chien-Pao||FocusSash|SwordofRuin|IceSpinner,SuckerPunch,ThroatChop,Protect||||||50|,,,,,Ghost]Urshifu-Rapid-Strike||ChoiceScarf|UnseenFist|SurgingStrikes,CloseCombat,Uturn,Coaching|||M|||50|,,,,,Ghost]Roaring Moon||BoosterEnergy|Protosynthesis|KnockOff,Acrobatics,Tailwind,Protect||||||50|,,,,,Flying\n|inactive|Battle timer is ON: inactive players will automatically lose when time's up. (requested by d_malicious)\n|\n|t:|1746044263\n|start\n|switch|p1a: Chi-Yu|Chi-Yu, L50|100/100\n|switch|p1b: Brute Bonnet|Brute Bonnet, L50|100/100\n|switch|p2a: Impostor|Amoonguss, L50, F|100/100\n|switch|p2b: Ilgattopardo|Chien-Pao, L50|100/100\n|-ability|p1a: Chi-Yu|Beads of Ruin\n|-ability|p2b: Ilgattopardo|Sword of Ruin\n|turn|1\n|inactive|MangoFurret has 30 seconds left.\n|inactive|MangoFurret has 20 seconds left.\n|\n|t:|1746044301\n|switch|p2b: BigFish|Kyogre, L50|100/100\n|-weather|RainDance|[from] ability: Drizzle|[of] p2b: BigFish\n|move|p1b: Brute Bonnet|Sucker Punch||[still]\n|-fail|p1b: Brute Bonnet\n|move|p1a: Chi-Yu|Heat Wave|p2a: Impostor|[spread] p2a,p2b\n|-supereffective|p2a: Impostor\n|-resisted|p2b: BigFish\n|-damage|p2a: Impostor|59/100\n|-damage|p2b: BigFish|93/100\n|move|p2a: Impostor|Spore|p1a: Chi-Yu\n|-status|p1a: Chi-Yu|slp|[from] move: Spore\n|\n|-weather|RainDance|[upkeep]\n|upkeep\n|turn|2\n|inactive|MangoFurret has 30 seconds left.\n|inactive|MangoFurret has 20 seconds left.\n|\n|t:|1746044340\n|switch|p1a: Koraidon|Koraidon, L50|100/100\n|-weather|SunnyDay|[from] ability: Orichalcum Pulse|[of] p1a: Koraidon\n|-activate|p1b: Brute Bonnet|ability: Protosynthesis\n|-start|p1b: Brute Bonnet|protosynthesisdef\n|-activate|p1a: Koraidon|Orichalcum Pulse|[source]\n|move|p1b: Brute Bonnet|Sucker Punch|p2b: BigFish\n|-damage|p2b: BigFish|62/100\n|move|p2b: BigFish|Ice Beam|p1b: Brute Bonnet\n|-supereffective|p1b: Brute Bonnet\n|-damage|p1b: Brute Bonnet|46/100\n|move|p2a: Impostor|Sludge Bomb|p1b: Brute Bonnet\n|-supereffective|p1b: Brute Bonnet\n|-damage|p1b: Brute Bonnet|0 fnt\n|faint|p1b: Brute Bonnet\n|-end|p1b: Brute Bonnet|Protosynthesis|[silent]\n|\n|-weather|SunnyDay|[upkeep]\n|upkeep\n|\n|t:|1746044356\n|switch|p1b: Lunala|Lunala, L50|100/100\n|turn|3\n|\n|t:|1746044380\n|switch|p2b: IlDoggo|Zamazenta-Crowned, L50|100/100\n|-ability|p2b: IlDoggo|Dauntless Shield|boost\n|-boost|p2b: IlDoggo|def|1\n|-terastallize|p1a: Koraidon|Fire\n|move|p2a: Impostor|Protect|p2a: Impostor\n|-singleturn|p2a: Impostor|Protect\n|move|p1b: Lunala|Wide Guard|p1b: Lunala\n|-singleturn|p1b: Lunala|Wide Guard\n|move|p1a: Koraidon|Flame Charge|p2a: Impostor\n|-activate|p2a: Impostor|move: Protect\n|\n|-weather|SunnyDay|[upkeep]\n|upkeep\n|turn|4\n|inactive|d_malicious has 30 seconds left.\n|inactive|MangoFurret has 30 seconds left.\n|\n|t:|1746044409\n|switch|p1a: Chi-Yu|Chi-Yu, L50|100/100 slp\n|-ability|p1a: Chi-Yu|Beads of Ruin\n|move|p2a: Impostor|Rage Powder|p2a: Impostor\n|-singleturn|p2a: Impostor|move: Rage Powder\n|move|p2b: IlDoggo|Body Press|p1a: Chi-Yu\n|-supereffective|p1a: Chi-Yu\n|-damage|p1a: Chi-Yu|0 fnt\n|faint|p1a: Chi-Yu\n|move|p1b: Lunala|Meteor Beam||[still]\n|-prepare|p1b: Lunala|Meteor Beam\n|-boost|p1b: Lunala|spa|1\n|-enditem|p1b: Lunala|Power Herb\n|-anim|p1b: Lunala|Meteor Beam|p2a: Impostor\n|-damage|p2a: Impostor|14/100\n|\n|-weather|SunnyDay|[upkeep]\n|upkeep\n|\n|t:|1746044423\n|switch|p1a: Koraidon|Koraidon, L50, tera:Fire|100/100\n|-activate|p1a: Koraidon|ability: Orichalcum Pulse\n|turn|5\n|\n|t:|1746044440\n|switch|p2a: BigFish|Kyogre, L50|62/100\n|-weather|RainDance|[from] ability: Drizzle|[of] p2a: BigFish\n|move|p1a: Koraidon|Protect|p1a: Koraidon\n|-singleturn|p1a: Koraidon|Protect\n|move|p2b: IlDoggo|Body Press|p1a: Koraidon\n|-activate|p1a: Koraidon|move: Protect\n|move|p1b: Lunala|Moongeist Beam|p2a: BigFish\n|-damage|p2a: BigFish|12/100\n|\n|-weather|RainDance|[upkeep]\n|upkeep\n|turn|6\n|inactive|MangoFurret has 30 seconds left.\n|\n|t:|1746044471\n|move|p1a: Koraidon|Close Combat|p2b: IlDoggo\n|-supereffective|p2b: IlDoggo\n|-damage|p2b: IlDoggo|25/100\n|-unboost|p1a: Koraidon|def|1\n|-unboost|p1a: Koraidon|spd|1\n|-damage|p1a: Koraidon|91/100|[from] item: Life Orb\n|move|p2b: IlDoggo|Body Press|p1a: Koraidon\n|-damage|p1a: Koraidon|0 fnt\n|faint|p1a: Koraidon\n|move|p1b: Lunala|Moongeist Beam|p2a: BigFish\n|-damage|p2a: BigFish|0 fnt\n|faint|p2a: BigFish\n|\n|-weather|RainDance|[upkeep]\n|upkeep\n|\n|t:|1746044486\n|switch|p2a: Ilgattopardo|Chien-Pao, L50|100/100\n|-ability|p2a: Ilgattopardo|Sword of Ruin\n|turn|7\n|\n|t:|1746044500\n|move|p2a: Ilgattopardo|Throat Chop|p1b: Lunala\n|-supereffective|p1b: Lunala\n|-damage|p1b: Lunala|19/100\n|-start|p1b: Lunala|Throat Chop|[silent]\n|move|p2b: IlDoggo|Behemoth Bash|p1b: Lunala\n|-damage|p1b: Lunala|0 fnt\n|faint|p1b: Lunala\n|\n|win|MangoFurret\n||d_malicious is ready for game 2.\n|inactive|MangoFurret has 30 seconds to confirm battle start!\n||MangoFurret is ready for game 2.\n|uhtml|next|Next: <a href=\"/battle-gen9vgc2025regibo3-2354205708\"><strong>Game 2 of 3</strong></a>\n|l|\u2606d_malicious\n|player|p1|\n", "uploadtime": 1746044766, "views": 15, "formatid": "gen9vgc2025regibo3", "rating": null, "private": 0, "password": null}