{"id": "gen9vgc2025regibo3-2354247961", "format": "[Gen 9] VGC 2025 Reg I (Bo3)", "players": ["MightyDynamo", "Sticky Glob"], "log": "|j|\u2606MightyDynamo\n|j|\u2606Sticky Glob\n|html|<table width=\"100%\"><tr><td align=\"left\">MightyDynamo</td><td align=\"right\">Sticky Glob</tr><tr><td align=\"left\"><i class=\"fa fa-circle-o\"></i> <i class=\"fa fa-circle-o\"></i> </td><td align=\"right\"><i class=\"fa fa-circle-o\"></i> <i class=\"fa fa-circle\"></i> </tr></table>\n|uhtml|bestof|<h2><strong>Game 2</strong> of <a href=\"/game-bestof3-gen9vgc2025regibo3-2354244177\">a best-of-3</a></h2>\n|t:|1746048835\n|gametype|doubles\n|player|p1|MightyDynamo|colress|1269\n|player|p2|Sticky Glob|clown|1307\n|teamsize|p1|6\n|teamsize|p2|6\n|gen|9\n|tier|[Gen 9] VGC 2025 Reg I (Bo3)\n|rated|\n|rule|Species Clause: Limit one of each Pok\u00e9mon\n|rule|Item Clause: Limit 1 of each item\n|clearpoke\n|poke|p1|Kyogre, L50|\n|poke|p1|Calyrex-Shadow, L50|\n|poke|p1|Incineroar, L50, F|\n|poke|p1|Rillaboom, L50, M|\n|poke|p1|Urshifu-*, L50, F|\n|poke|p1|Roaring Moon, L50|\n|poke|p2|Calyrex-Shadow, L50|\n|poke|p2|Tornadus, L50, M|\n|poke|p2|Urshifu-*, L50, F|\n|poke|p2|Zamazenta-*, L50|\n|poke|p2|Rillaboom, L50, M|\n|poke|p2|Chien-Pao, L50|\n|teampreview|4\n|showteam|p1|Kyogre||MysticWater|Drizzle|WaterSpout,OriginPulse,IceBeam,Protect||||||50|,,,,,Grass]Calyrex-Shadow||FocusSash|AsOneSpectrier|AstralBarrage,Encore,Disable,Protect||||||50|,,,,,Dark]Incineroar||SafetyGoggles|Blaze|FakeOut,WillOWisp,PartingShot,KnockOff|||F|||50|,,,,,Bug]Rillaboom||AssaultVest|Overgrow|FakeOut,GrassyGlide,Uturn,WoodHammer|||M|||50|,,,,,Fire]Urshifu-Rapid-Strike||ChoiceScarf|UnseenFist|SurgingStrikes,CloseCombat,AquaJet,Uturn|||F|||50|,,,,,Ghost]Roaring Moon||BoosterEnergy|Protosynthesis|KnockOff,Acrobatics,Tailwind,Protect||||||50|,,,,,Flying\n|showteam|p2|Calyrex-Shadow||FocusSash|AsOneSpectrier|AstralBarrage,Psychic,Encore,Protect||||||50|,,,,,Ghost]Tornadus||RockyHelmet|Prankster|Tailwind,RainDance,BleakwindStorm,Protect|||M|||50|,,,,,Dark]Urshifu-Rapid-Strike||MysticWater|UnseenFist|SurgingStrikes,CloseCombat,AquaJet,Detect|||F|||50|,,,,,Water]Zamazenta-Crowned||RustedShield|DauntlessShield|BodyPress,HeavySlam,WideGuard,Protect||||||50|,,,,,Ghost]Rillaboom||AssaultVest|GrassySurge|WoodHammer,Uturn,GrassyGlide,FakeOut|||M|||50|,,,,,Fire]Chien-Pao||LifeOrb|SwordofRuin|IcicleCrash,IceShard,SuckerPunch,Protect||||||50|,,,,,Stellar\n|inactive|Battle timer is ON: inactive players will automatically lose when time's up. (requested by MightyDynamo)\n|inactive|Sticky Glob also wants the timer to be on.\n|inactive|MightyDynamo has 60 seconds left.\n|inactive|MightyDynamo has 30 seconds left.\n|inactive|MightyDynamo has 20 seconds left.\n|inactive|MightyDynamo has 15 seconds left.\n|inactive|MightyDynamo has 10 seconds left.\n|inactive|MightyDynamo has 5 seconds left.\n|\n|t:|1746048922\n|start\n|switch|p1a: Incineroar|Incineroar, L50, F|100/100\n|switch|p1b: Roaring Moon|Roaring Moon, L50|100/100\n|switch|p2a: Zamazenta|Zamazenta-Crowned, L50|100/100\n|switch|p2b: Rillaboom|Rillaboom, L50, M|100/100\n|-ability|p2a: Zamazenta|Dauntless Shield|boost\n|-boost|p2a: Zamazenta|def|1\n|-fieldstart|move: Grassy Terrain|[from] ability: Grassy Surge|[of] p2b: Rillaboom\n|-enditem|p1b: Roaring Moon|Booster Energy\n|-activate|p1b: Roaring Moon|ability: Protosynthesis|[fromitem]\n|-start|p1b: Roaring Moon|protosynthesisspe\n|turn|1\n|inactive|MightyDynamo has 30 seconds left.\n|inactive|Sticky Glob has 30 seconds left.\n|inactive|Sticky Glob has 20 seconds left.\n|\n|t:|1746048962\n|-terastallize|p1a: Incineroar|Bug\n|move|p1b: Roaring Moon|Protect|p1b: Roaring Moon\n|-singleturn|p1b: Roaring Moon|Protect\n|move|p2b: Rillaboom|Fake Out|p1a: Incineroar\n|-damage|p1a: Incineroar|91/100\n|move|p2a: Zamazenta|Body Press|p1b: Roaring Moon\n|-activate|p1b: Roaring Moon|move: Protect\n|cant|p1a: Incineroar|flinch\n|\n|-heal|p1a: Incineroar|97/100|[from] Grassy Terrain\n|upkeep\n|turn|2\n|inactive|MightyDynamo has 30 seconds left.\n|inactive|Sticky Glob has 30 seconds left.\n|inactive|Sticky Glob has 20 seconds left.\n|\n|t:|1746048997\n|move|p1b: Roaring Moon|Tailwind|p1b: Roaring Moon\n|-sidestart|p1: MightyDynamo|move: Tailwind\n|move|p2a: Zamazenta|Body Press|p1b: Roaring Moon\n|-supereffective|p1b: Roaring Moon\n|-damage|p1b: Roaring Moon|0 fnt\n|faint|p1b: Roaring Moon\n|-end|p1b: Roaring Moon|Protosynthesis|[silent]\n|move|p1a: Incineroar|Will-O-Wisp|p2b: Rillaboom\n|-status|p2b: Rillaboom|brn\n|move|p2b: Rillaboom|U-turn|p1a: Incineroar\n|-damage|p1a: Incineroar|89/100\n|\n|t:|1746049017\n|switch|p2b: Tornadus|Tornadus, L50, M|100/100|[from] U-turn\n|\n|-heal|p1a: Incineroar|95/100|[from] Grassy Terrain\n|upkeep\n|\n|t:|1746049042\n|switch|p1b: Kyogre|Kyogre, L50|100/100\n|-weather|RainDance|[from] ability: Drizzle|[of] p1b: Kyogre\n|turn|3\n|\n|t:|1746049062\n|move|p2a: Zamazenta|Protect|p2a: Zamazenta\n|-singleturn|p2a: Zamazenta|Protect\n|move|p2b: Tornadus|Tailwind|p2b: Tornadus\n|-sidestart|p2: Sticky Glob|move: Tailwind\n|move|p1b: Kyogre|Ice Beam|p2b: Tornadus\n|-supereffective|p2b: Tornadus\n|-damage|p2b: Tornadus|11/100\n|move|p1a: Incineroar|Will-O-Wisp|p2a: Zamazenta\n|-activate|p2a: Zamazenta|move: Protect\n|\n|-weather|RainDance|[upkeep]\n|-heal|p1a: Incineroar|100/100|[from] Grassy Terrain\n|upkeep\n|turn|4\n|inactive|MightyDynamo has 30 seconds left.\n|inactive|MightyDynamo has 20 seconds left.\n|inactive|MightyDynamo has 15 seconds left.\n|\n|t:|1746049105\n|move|p1b: Kyogre|Protect|p1b: Kyogre\n|-singleturn|p1b: Kyogre|Protect\n|move|p2a: Zamazenta|Body Press|p1b: Kyogre\n|-activate|p1b: Kyogre|move: Protect\n|move|p2b: Tornadus|Bleakwind Storm|p1b: Kyogre|[spread] p1a\n|-activate|p1b: Kyogre|move: Protect\n|-supereffective|p1a: Incineroar\n|-damage|p1a: Incineroar|34/100\n|move|p1a: Incineroar|Parting Shot|p2a: Zamazenta\n|-unboost|p2a: Zamazenta|atk|1\n|-unboost|p2a: Zamazenta|spa|1\n|\n|t:|1746049117\n|switch|p1a: Urshifu|Urshifu-Rapid-Strike, L50, F|100/100|[from] Parting Shot\n|\n|-weather|RainDance|[upkeep]\n|upkeep\n|turn|5\n|inactive|MightyDynamo has 30 seconds left.\n|inactive|Sticky Glob has 30 seconds left.\n|inactive|MightyDynamo has 20 seconds left.\n|inactive|MightyDynamo has 15 seconds left.\n|\n|t:|1746049157\n|switch|p2b: Rillaboom|Rillaboom, L50, M|100/100 brn\n|switch|p1b: Incineroar|Incineroar, L50, F, tera:Bug|34/100\n|move|p1a: Urshifu|Surging Strikes|p2b: Rillaboom\n|-resisted|p2b: Rillaboom\n|-crit|p2b: Rillaboom\n|-damage|p2b: Rillaboom|86/100 brn\n|-resisted|p2b: Rillaboom\n|-crit|p2b: Rillaboom\n|-damage|p2b: Rillaboom|71/100 brn\n|-resisted|p2b: Rillaboom\n|-crit|p2b: Rillaboom\n|-damage|p2b: Rillaboom|54/100 brn\n|-hitcount|p2b: Rillaboom|3\n|move|p2a: Zamazenta|Body Press|p1b: Incineroar\n|-resisted|p1b: Incineroar\n|-damage|p1b: Incineroar|10/100\n|\n|-weather|RainDance|[upkeep]\n|-heal|p2b: Rillaboom|60/100 brn|[from] Grassy Terrain\n|-heal|p1b: Incineroar|16/100|[from] Grassy Terrain\n|-damage|p2b: Rillaboom|54/100 brn|[from] brn\n|-sideend|p1: MightyDynamo|move: Tailwind\n|-fieldend|move: Grassy Terrain\n|upkeep\n|turn|6\n|inactive|MightyDynamo has 30 seconds left.\n|inactive|MightyDynamo has 20 seconds left.\n|inactive|MightyDynamo has 15 seconds left.\n|inactive|MightyDynamo has 10 seconds left.\n|inactive|MightyDynamo has 5 seconds left.\n|\n|t:|1746049209\n|move|p2b: Rillaboom|Fake Out|p1b: Incineroar\n|-damage|p1b: Incineroar|11/100\n|move|p2a: Zamazenta|Body Press|p1a: Urshifu\n|-damage|p1a: Urshifu|33/100\n|move|p1a: Urshifu|Surging Strikes|p2a: Zamazenta\n|-crit|p2a: Zamazenta\n|-damage|p2a: Zamazenta|82/100\n|-crit|p2a: Zamazenta\n|-damage|p2a: Zamazenta|63/100\n|-crit|p2a: Zamazenta\n|-damage|p2a: Zamazenta|44/100\n|-hitcount|p2a: Zamazenta|3\n|cant|p1b: Incineroar|flinch\n|\n|-weather|RainDance|[upkeep]\n|-damage|p2b: Rillaboom|48/100 brn|[from] brn\n|-sideend|p2: Sticky Glob|move: Tailwind\n|upkeep\n|turn|7\n|inactive|MightyDynamo has 30 seconds left.\n|\n|t:|1746049237\n|move|p1a: Urshifu|Surging Strikes|p2a: Zamazenta\n|-crit|p2a: Zamazenta\n|-damage|p2a: Zamazenta|25/100\n|-crit|p2a: Zamazenta\n|-damage|p2a: Zamazenta|5/100\n|-crit|p2a: Zamazenta\n|-damage|p2a: Zamazenta|0 fnt\n|faint|p2a: Zamazenta\n|-hitcount|p2: Zamazenta|3\n|move|p2b: Rillaboom|Wood Hammer|p1a: Urshifu\n|-supereffective|p1a: Urshifu\n|-damage|p1a: Urshifu|0 fnt\n|faint|p1a: Urshifu\n|-damage|p2b: Rillaboom|39/100 brn|[from] Recoil\n|move|p1b: Incineroar|Knock Off|p2b: Rillaboom\n|-damage|p2b: Rillaboom|4/100 brn\n|-enditem|p2b: Rillaboom|Assault Vest|[from] move: Knock Off|[of] p1b: Incineroar\n|\n|-weather|none\n|-damage|p2b: Rillaboom|0 fnt|[from] brn\n|faint|p2b: Rillaboom\n|upkeep\n|\n|t:|1746049255\n|switch|p2a: Urshifu|Urshifu-Rapid-Strike, L50, F|100/100\n|switch|p1a: Kyogre|Kyogre, L50|100/100\n|switch|p2b: Tornadus|Tornadus, L50, M|11/100\n|-weather|RainDance|[from] ability: Drizzle|[of] p1a: Kyogre\n|turn|8\n|inactive|MightyDynamo has 30 seconds left.\n|\n|t:|1746049287\n|move|p2b: Tornadus|Protect|p2b: Tornadus\n|-singleturn|p2b: Tornadus|Protect\n|move|p2a: Urshifu|Detect|p2a: Urshifu\n|-singleturn|p2a: Urshifu|Protect\n|move|p1a: Kyogre|Origin Pulse|p2a: Urshifu|[spread] \n|-activate|p2a: Urshifu|move: Protect\n|-activate|p2b: Tornadus|move: Protect\n|move|p1b: Incineroar|Knock Off|p2a: Urshifu\n|-activate|p2a: Urshifu|move: Protect\n|\n|-weather|RainDance|[upkeep]\n|upkeep\n|turn|9\n|\n|t:|1746049305\n|-terastallize|p2a: Urshifu|Water\n|move|p2b: Tornadus|Bleakwind Storm|p1b: Incineroar|[spread] p1a,p1b\n|-supereffective|p1b: Incineroar\n|-damage|p1a: Kyogre|80/100\n|-damage|p1b: Incineroar|0 fnt\n|faint|p1b: Incineroar\n|move|p2a: Urshifu|Surging Strikes|p1a: Kyogre\n|-resisted|p1a: Kyogre\n|-crit|p1a: Kyogre\n|-damage|p1a: Kyogre|55/100\n|-resisted|p1a: Kyogre\n|-crit|p1a: Kyogre\n|-damage|p1a: Kyogre|30/100\n|-resisted|p1a: Kyogre\n|-crit|p1a: Kyogre\n|-damage|p1a: Kyogre|7/100\n|-hitcount|p1a: Kyogre|3\n|move|p1a: Kyogre|Origin Pulse|p2a: Urshifu|[spread] p2a,p2b\n|-resisted|p2a: Urshifu\n|-damage|p2a: Urshifu|43/100\n|-damage|p2b: Tornadus|0 fnt\n|faint|p2b: Tornadus\n|\n|-weather|RainDance|[upkeep]\n|upkeep\n|turn|10\n|inactive|MightyDynamo has 30 seconds left.\n|inactive|MightyDynamo has 20 seconds left.\n|inactive|MightyDynamo has 15 seconds left.\n|\n|t:|1746049347\n|move|p2a: Urshifu|Aqua Jet|p1a: Kyogre\n|-resisted|p1a: Kyogre\n|-damage|p1a: Kyogre|0 fnt\n|faint|p1a: Kyogre\n|\n|win|Sticky Glob\n|raw|MightyDynamo's rating: 1269 &rarr; <strong>1247</strong><br />(-22 for losing)\n|raw|Sticky Glob's rating: 1307 &rarr; <strong>1325</strong><br />(+18 for winning)\n", "uploadtime": 1746049347, "views": 13, "formatid": "gen9vgc2025regibo3", "rating": 1247, "private": 0, "password": null}