{"id": "gen9vgc2025regibo3-2353416663", "format": "[Gen 9] VGC 2025 Reg I (Bo3)", "players": ["CpTProphet", "Hadrian1917"], "log": "|j|\u2606CpTProphet\n|j|\u2606Hadrian1917\n|html|<table width=\"100%\"><tr><td align=\"left\">CpTProphet</td><td align=\"right\">Hadrian1917</tr><tr><td align=\"left\"><i class=\"fa fa-circle-o\"></i> <i class=\"fa fa-circle-o\"></i> </td><td align=\"right\"><i class=\"fa fa-circle-o\"></i> <i class=\"fa fa-circle-o\"></i> </tr></table>\n|uhtml|bestof|<h2><strong>Game 1</strong> of <a href=\"/game-bestof3-gen9vgc2025regibo3-2353416662\">a best-of-3</a></h2>\n|t:|1745954061\n|gametype|doubles\n|player|p1|CpTProphet|plasmagrunt|1316\n|player|p2|Hadrian1917|2|1337\n|teamsize|p1|6\n|teamsize|p2|6\n|gen|9\n|tier|[Gen 9] VGC 2025 Reg I (Bo3)\n|rated|\n|rule|Species Clause: Limit one of each Pok\u00e9mon\n|rule|Item Clause: Limit 1 of each item\n|clearpoke\n|poke|p1|Koraidon, L50|\n|poke|p1|Lunala, L50|\n|poke|p1|Umbreon, L50, M|\n|poke|p1|Amoonguss, L50, F|\n|poke|p1|Walking Wake, L50|\n|poke|p1|Incineroar, L50, M|\n|poke|p2|Miraidon, L50|\n|poke|p2|Whimsicott, L50, F|\n|poke|p2|Farigiraf, L50, F|\n|poke|p2|Iron Hands, L50|\n|poke|p2|Calyrex-Shadow, L50|\n|poke|p2|Ogerpon-Hearthflame, L50, F|\n|teampreview|4\n|showteam|p1|Koraidon||LifeOrb|OrichalcumPulse|FlameCharge,FlareBlitz,CloseCombat,Protect||||||50|,,,,,Fire]Lunala||PowerHerb|ShadowShield|MoongeistBeam,MeteorBeam,WideGuard,TrickRoom||||||50|,,,,,Fairy]Umbreon||SafetyGoggles|InnerFocus|FoulPlay,Snarl,Yawn,Moonlight|||M|||50|,,,,,Poison]Amoonguss||MentalHerb|Regenerator|Spore,RagePowder,PollenPuff,Protect|||F|||50|,,,,,Water]Walking Wake||ChoiceSpecs|Protosynthesis|HydroSteam,DracoMeteor,Snarl,WeatherBall||||||50|,,,,,Steel]Incineroar||AssaultVest|Intimidate|FakeOut,FlareBlitz,KnockOff,Uturn|||M|||50|,,,,,Bug\n|showteam|p2|Miraidon||ChoiceSpecs|HadronEngine|ElectroDrift,DracoMeteor,VoltSwitch,DazzlingGleam||||||50|,,,,,Fairy]Whimsicott||CovertCloak|Prankster|Tailwind,Encore,LightScreen,Moonblast|||F|||50|,,,,,Dark]Farigiraf||ElectricSeed|ArmorTail|PsychicNoise,FoulPlay,HelpingHand,TrickRoom|||F|||50|,,,,,Water]Iron Hands||AssaultVest|QuarkDrive|LowKick,DrainPunch,WildCharge,FakeOut||||||50|,,,,,Bug]Calyrex-Shadow||FocusSash|AsOneSpectrier|AstralBarrage,Psyshock,ShadowBall,Protect||||||50|,,,,,Ghost]Ogerpon-Hearthflame||HearthflameMask|MoldBreaker|IvyCudgel,FollowMe,Encore,SpikyShield|||F|||50|,,,,,Fire\n|inactive|Battle timer is ON: inactive players will automatically lose when time's up. (requested by Hadrian1917)\n|inactive|CpTProphet has 60 seconds left.\n|inactive|CpTProphet has 30 seconds left.\n|inactive|CpTProphet has 20 seconds left.\n|inactive|CpTProphet has 15 seconds left.\n|inactive|CpTProphet has 10 seconds left.\n|\n|t:|1745954190\n|start\n|switch|p1a: Koraidon|Koraidon, L50|100/100\n|switch|p1b: Amoonguss|Amoonguss, L50, F|100/100\n|switch|p2a: Miraidon|Miraidon, L50|100/100\n|switch|p2b: Calyrex|Calyrex-Shadow, L50|100/100\n|-ability|p2b: Calyrex|As One\n|-ability|p2b: Calyrex|Unnerve\n|-weather|SunnyDay|[from] ability: Orichalcum Pulse|[of] p1a: Koraidon\n|-activate|p1a: Koraidon|Orichalcum Pulse|[source]\n|-fieldstart|move: Electric Terrain|[from] ability: Hadron Engine|[of] p2a: Miraidon\n|turn|1\n|inactive|CpTProphet has 30 seconds left.\n|inactive|Hadrian1917 has 30 seconds left.\n|inactive|CpTProphet has 20 seconds left.\n|inactive|CpTProphet has 15 seconds left.\n|inactive|CpTProphet has 10 seconds left.\n|\n|t:|1745954239\n|-terastallize|p1a: Koraidon|Fire\n|move|p2b: Calyrex|Protect|p2b: Calyrex\n|-singleturn|p2b: Calyrex|Protect\n|move|p1b: Amoonguss|Rage Powder|p1b: Amoonguss\n|-singleturn|p1b: Amoonguss|move: Rage Powder\n|move|p1a: Koraidon|Flame Charge|p2a: Miraidon\n|-resisted|p2a: Miraidon\n|-damage|p2a: Miraidon|68/100\n|-boost|p1a: Koraidon|spe|1\n|-damage|p1a: Koraidon|91/100|[from] item: Life Orb\n|move|p2a: Miraidon|Volt Switch|p1b: Amoonguss\n|-resisted|p1b: Amoonguss\n|-damage|p1b: Amoonguss|66/100\n|\n|t:|1745954255\n|switch|p2a: Iron Hands|Iron Hands, L50, shiny|100/100|[from] Volt Switch\n|-activate|p2a: Iron Hands|ability: Quark Drive\n|-start|p2a: Iron Hands|quarkdriveatk\n|\n|-weather|SunnyDay|[upkeep]\n|upkeep\n|turn|2\n|\n|t:|1745954278\n|switch|p2b: Miraidon|Miraidon, L50|68/100\n|-activate|p2b: Miraidon|ability: Hadron Engine\n|-end|p2a: Iron Hands|Quark Drive|[silent]\n|switch|p2a: Farigiraf|Farigiraf, L50, F|100/100\n|-enditem|p2a: Farigiraf|Electric Seed\n|-boost|p2a: Farigiraf|def|1|[from] item: Electric Seed\n|switch|p1b: Incineroar|Incineroar, L50, M|100/100\n|-ability|p1b: Incineroar|Intimidate|boost\n|-unboost|p2a: Farigiraf|atk|1\n|-unboost|p2b: Miraidon|atk|1\n|move|p1a: Koraidon|Protect||[still]\n|-fail|p1a: Koraidon\n|\n|-weather|SunnyDay|[upkeep]\n|upkeep\n|turn|3\n|inactive|CpTProphet has 30 seconds left.\n|inactive|CpTProphet has 20 seconds left.\n|\n|t:|1745954318\n|move|p1a: Koraidon|Flare Blitz|p2b: Miraidon\n|-resisted|p2b: Miraidon\n|-damage|p2b: Miraidon|8/100\n|-damage|p1a: Koraidon|68/100|[from] Recoil\n|-damage|p1a: Koraidon|59/100|[from] item: Life Orb\n|move|p2b: Miraidon|Electro Drift|p1b: Incineroar\n|-damage|p1b: Incineroar|21/100\n|move|p1b: Incineroar|U-turn|p2a: Farigiraf\n|-supereffective|p2a: Farigiraf\n|-damage|p2a: Farigiraf|78/100\n|\n|t:|1745954334\n|switch|p1b: Amoonguss|Amoonguss, L50, F|99/100|[from] U-turn\n|move|p2a: Farigiraf|Trick Room|p2a: Farigiraf\n|-fieldstart|move: Trick Room|[of] p2a: Farigiraf\n|\n|-weather|SunnyDay|[upkeep]\n|upkeep\n|turn|4\n|inactive|CpTProphet has 30 seconds left.\n|inactive|CpTProphet has 20 seconds left.\n|\n|t:|1745954374\n|switch|p2b: Iron Hands|Iron Hands, L50, shiny|100/100\n|-activate|p2b: Iron Hands|ability: Quark Drive\n|-start|p2b: Iron Hands|quarkdriveatk\n|switch|p1a: Lunala|Lunala, L50|100/100\n|move|p1b: Amoonguss|Pollen Puff|p2b: Iron Hands\n|-resisted|p2b: Iron Hands\n|-damage|p2b: Iron Hands|95/100\n|move|p2a: Farigiraf|Psychic Noise|p1b: Amoonguss\n|-supereffective|p1b: Amoonguss\n|-damage|p1b: Amoonguss|58/100\n|-start|p1b: Amoonguss|move: Heal Block\n|-enditem|p1b: Amoonguss|Mental Herb\n|-end|p1b: Amoonguss|move: Heal Block\n|\n|-weather|SunnyDay|[upkeep]\n|upkeep\n|turn|5\n|inactive|CpTProphet has 30 seconds left.\n|inactive|Hadrian1917 has 30 seconds left.\n|inactive|CpTProphet has 20 seconds left.\n|inactive|Hadrian1917 has 20 seconds left.\n|inactive|Hadrian1917 has 15 seconds left.\n|\n|t:|1745954416\n|-end|p2b: Iron Hands|Quark Drive|[silent]\n|switch|p2b: Calyrex|Calyrex-Shadow, L50|100/100\n|-ability|p2b: Calyrex|As One\n|-ability|p2b: Calyrex|Unnerve\n|move|p1b: Amoonguss|Pollen Puff|p2a: Farigiraf\n|-supereffective|p2a: Farigiraf\n|-damage|p2a: Farigiraf|40/100\n|move|p2a: Farigiraf|Foul Play|p1a: Lunala\n|-supereffective|p1a: Lunala\n|-damage|p1a: Lunala|69/100\n|move|p1a: Lunala|Meteor Beam||[still]\n|-prepare|p1a: Lunala|Meteor Beam\n|-boost|p1a: Lunala|spa|1\n|-enditem|p1a: Lunala|Power Herb\n|-anim|p1a: Lunala|Meteor Beam|p2a: Farigiraf\n|-damage|p2a: Farigiraf|0 fnt\n|faint|p2a: Farigiraf\n|\n|-weather|none\n|-fieldend|move: Electric Terrain\n|upkeep\n|\n|t:|1745954435\n|switch|p2a: Miraidon|Miraidon, L50|8/100\n|-fieldstart|move: Electric Terrain|[from] ability: Hadron Engine|[of] p2a: Miraidon\n|turn|6\n|inactive|CpTProphet has 30 seconds left.\n|inactive|CpTProphet has 20 seconds left.\n|\n|t:|1745954472\n|move|p2b: Calyrex|Protect|p2b: Calyrex\n|-singleturn|p2b: Calyrex|Protect\n|move|p1b: Amoonguss|Pollen Puff|p1a: Lunala\n|-heal|p1a: Lunala|100/100\n|move|p1a: Lunala|Moongeist Beam|p2b: Calyrex\n|-activate|p2b: Calyrex|move: Protect\n|move|p2a: Miraidon|Draco Meteor|p1b: Amoonguss\n|-damage|p1b: Amoonguss|0 fnt\n|-unboost|p2a: Miraidon|spa|2\n|faint|p1b: Amoonguss\n|\n|upkeep\n|\n|t:|1745954491\n|switch|p1b: Incineroar|Incineroar, L50, M|21/100\n|-ability|p1b: Incineroar|Intimidate|boost\n|-unboost|p2a: Miraidon|atk|1\n|-unboost|p2b: Calyrex|atk|1\n|turn|7\n|inactive|CpTProphet has 30 seconds left.\n|\n|t:|1745954517\n|switch|p2b: Iron Hands|Iron Hands, L50, shiny|95/100\n|-activate|p2b: Iron Hands|ability: Quark Drive\n|-start|p2b: Iron Hands|quarkdriveatk\n|move|p1b: Incineroar|Knock Off|p2b: Iron Hands\n|-resisted|p2b: Iron Hands\n|-damage|p2b: Iron Hands|80/100\n|-enditem|p2b: Iron Hands|Assault Vest|[from] move: Knock Off|[of] p1b: Incineroar\n|move|p1a: Lunala|Moongeist Beam|p2b: Iron Hands\n|-damage|p2b: Iron Hands|18/100\n|move|p2a: Miraidon|Draco Meteor|p1b: Incineroar\n|-damage|p1b: Incineroar|0 fnt\n|-unboost|p2a: Miraidon|spa|2\n|faint|p1b: Incineroar\n|\n|-fieldend|move: Trick Room\n|upkeep\n|\n|t:|1745954533\n|switch|p1b: Koraidon|Koraidon, L50, tera:Fire|59/100\n|-weather|SunnyDay|[from] ability: Orichalcum Pulse|[of] p1b: Koraidon\n|-activate|p1b: Koraidon|Orichalcum Pulse|[source]\n|turn|8\n|\n|t:|1745954546\n|move|p1b: Koraidon|Protect|p1b: Koraidon\n|-singleturn|p1b: Koraidon|Protect\n|move|p2b: Iron Hands|Fake Out|p1b: Koraidon\n|-activate|p1b: Koraidon|move: Protect\n|move|p2a: Miraidon|Draco Meteor|p1a: Lunala\n|-damage|p1a: Lunala|84/100\n|-unboost|p2a: Miraidon|spa|2\n|move|p1a: Lunala|Moongeist Beam|p2a: Miraidon\n|-damage|p2a: Miraidon|0 fnt\n|faint|p2a: Miraidon\n|\n|-weather|SunnyDay|[upkeep]\n|upkeep\n|\n|t:|1745954559\n|switch|p2a: Calyrex|Calyrex-Shadow, L50|100/100\n|-ability|p2a: Calyrex|As One\n|-ability|p2a: Calyrex|Unnerve\n|turn|9\n|inactive|CpTProphet has 30 seconds left.\n|inactive|CpTProphet has 20 seconds left.\n|\n|t:|1745954594\n|move|p2a: Calyrex|Shadow Ball|p1a: Lunala\n|-supereffective|p1a: Lunala\n|-damage|p1a: Lunala|0 fnt\n|faint|p1a: Lunala\n|-ability|p2a: Calyrex|Grim Neigh|boost\n|-boost|p2a: Calyrex|spa|1\n|move|p1b: Koraidon|Flame Charge|p2b: Iron Hands\n|-damage|p2b: Iron Hands|0 fnt\n|-boost|p1b: Koraidon|spe|1\n|faint|p2b: Iron Hands\n|-end|p2b: Iron Hands|Quark Drive|[silent]\n|-damage|p1b: Koraidon|49/100|[from] item: Life Orb\n|\n|-weather|SunnyDay|[upkeep]\n|upkeep\n|turn|10\n|\n|t:|1745954609\n|-terastallize|p2a: Calyrex|Ghost\n|move|p1b: Koraidon|Flame Charge|p2a: Calyrex\n|-enditem|p2a: Calyrex|Focus Sash\n|-damage|p2a: Calyrex|1/100\n|-boost|p1b: Koraidon|spe|1\n|-damage|p1b: Koraidon|40/100|[from] item: Life Orb\n|move|p2a: Calyrex|Astral Barrage|p1b: Koraidon\n|-damage|p1b: Koraidon|0 fnt\n|faint|p1b: Koraidon\n|\n|win|Hadrian1917\n|inactive|CpTProphet has 30 seconds to confirm battle start!\n|inactive|Hadrian1917 has 30 seconds to confirm battle start!\n||CpTProphet is ready for game 2.\n||Hadrian1917 is ready for game 2.\n|uhtml|next|Next: <a href=\"/battle-gen9vgc2025regibo3-2353422962\"><strong>Game 2 of 3</strong></a>\n", "uploadtime": 1745955372, "views": 18, "formatid": "gen9vgc2025regibo3", "rating": null, "private": 0, "password": null}