{"id": "gen9vgc2025regibo3-2353899835", "format": "[Gen 9] VGC 2025 Reg I (Bo3)", "players": ["test220102", "CerealesIsTaken"], "log": "|j|\u2606test220102\n|j|\u2606CerealesIsTaken\n|html|<table width=\"100%\"><tr><td align=\"left\">test220102</td><td align=\"right\">CerealesIsTaken</tr><tr><td align=\"left\"><i class=\"fa fa-circle-o\"></i> <i class=\"fa fa-circle-o\"></i> </td><td align=\"right\"><i class=\"fa fa-circle-o\"></i> <i class=\"fa fa-circle\"></i> </tr></table>\n|uhtml|bestof|<h2><strong>Game 2</strong> of <a href=\"/game-bestof3-gen9vgc2025regibo3-2353897435\">a best-of-3</a></h2>\n|t:|1746016668\n|gametype|doubles\n|player|p1|test220102|101|1047\n|player|p2|CerealesIsTaken|pokekid|1124\n|teamsize|p1|6\n|teamsize|p2|6\n|gen|9\n|tier|[Gen 9] VGC 2025 Reg I (Bo3)\n|rated|\n|rule|Species Clause: Limit one of each Pok\u00e9mon\n|rule|Item Clause: Limit 1 of each item\n|clearpoke\n|poke|p1|Calyrex-Shadow, L50|\n|poke|p1|Ogerpon-Cornerstone, L50, F|\n|poke|p1|Incineroar, L50, M|\n|poke|p1|Rillaboom, L50, F|\n|poke|p1|Terapagos, L50, M|\n|poke|p1|Araquanid, L50, F|\n|poke|p2|Miraidon, L50|\n|poke|p2|Zamazenta-*, L50|\n|poke|p2|Grimmsnarl, L50, M|\n|poke|p2|Volcarona, L50, F|\n|poke|p2|Iron Hands, L50|\n|poke|p2|Ditto, L50|\n|teampreview|4\n|showteam|p1|Calyrex-Shadow||FocusSash|AsOneSpectrier|Protect,AstralBarrage,Encore,Disable||||||50|,,,,,Dark]Ogerpon-Cornerstone||CornerstoneMask|Sturdy|FollowMe,SpikyShield,HornLeech,IvyCudgel|||F|||50|,,,,,Rock]Incineroar||RockyHelmet|Intimidate|FakeOut,PartingShot,KnockOff,HelpingHand|||M|||50|,,,,,Bug]Rillaboom||AssaultVest|GrassySurge|FakeOut,Uturn,WoodHammer,GrassyGlide|||F|||50|,,,,,Fire]Terapagos||Leftovers|TeraShift|Protect,Substitute,CalmMind,TeraStarstorm|||M|||50|,,,,,Stellar]Araquanid||MysticWater|WaterBubble|WideGuard,Protect,Liquidation,Infestation|||F|||50|,,,,,Water\n|showteam|p2|Miraidon||ChoiceSpecs|HadronEngine|ElectroDrift,DracoMeteor,DazzlingGleam,VoltSwitch||||||50|,,,,,Fairy]Zamazenta-Crowned||RustedShield|DauntlessShield|BodyPress,behemothbash,WideGuard,Protect||||||50|,,,,,Dragon]Grimmsnarl||LightClay|Prankster|ThunderWave,FoulPlay,Reflect,LightScreen|||M|||50|,,,,,Ghost]Volcarona||SitrusBerry|FlameBody|FieryDance,GigaDrain,QuiverDance,Protect|||F|||50|,,,,,Grass]Iron Hands||AssaultVest|QuarkDrive|FakeOut,WildCharge,DrainPunch,VoltSwitch||||||50|,,,,,Water]Ditto||FocusSash|Imposter|Transform||||||50|,,,,,Normal\n|inactive|Battle timer is ON: inactive players will automatically lose when time's up. (requested by test220102)\n|\n|t:|1746016685\n|start\n|switch|p1a: Calyrex|Calyrex-Shadow, L50|100/100\n|switch|p1b: Incineroar|Incineroar, L50, M|100/100\n|switch|p2a: Grimmsnarl|Grimmsnarl, L50, M, shiny|100/100\n|switch|p2b: Iron Hands|Iron Hands, L50|100/100\n|-ability|p1a: Calyrex|As One\n|-ability|p1a: Calyrex|Unnerve\n|-ability|p1b: Incineroar|Intimidate|boost\n|-unboost|p2a: Grimmsnarl|atk|1\n|-unboost|p2b: Iron Hands|atk|1\n|turn|1\n|\n|t:|1746016705\n|move|p1b: Incineroar|Fake Out|p2a: Grimmsnarl\n|-damage|p2a: Grimmsnarl|89/100\n|cant|p2a: Grimmsnarl|flinch\n|move|p1a: Calyrex|Astral Barrage|p2a: Grimmsnarl|[spread] p2a,p2b\n|-resisted|p2a: Grimmsnarl\n|-damage|p2a: Grimmsnarl|64/100\n|-damage|p2b: Iron Hands|70/100\n|move|p2b: Iron Hands|Volt Switch|p1b: Incineroar\n|-damage|p1b: Incineroar|90/100\n|\n|t:|1746016710\n|-end|p2b: Iron Hands|Quark Drive|[silent]\n|switch|p2b: Miraidon|Miraidon, L50|100/100|[from] Volt Switch\n|-fieldstart|move: Electric Terrain|[from] ability: Hadron Engine|[of] p2b: Miraidon\n|\n|upkeep\n|turn|2\n|\n|t:|1746016733\n|-terastallize|p2b: Miraidon|Fairy\n|move|p1b: Incineroar|Helping Hand|p1a: Calyrex\n|-singleturn|p1a: Calyrex|Helping Hand|[of] p1b: Incineroar\n|move|p2a: Grimmsnarl|Light Screen|p2a: Grimmsnarl\n|-sidestart|p2: CerealesIsTaken|move: Light Screen\n|move|p1a: Calyrex|Astral Barrage|p2a: Grimmsnarl|[spread] p2a,p2b\n|-resisted|p2a: Grimmsnarl\n|-damage|p2a: Grimmsnarl|39/100\n|-damage|p2b: Miraidon|53/100\n|move|p2b: Miraidon|Dazzling Gleam|p1a: Calyrex|[spread] p1a,p1b\n|-damage|p1a: Calyrex|39/100\n|-damage|p1b: Incineroar|41/100\n|\n|upkeep\n|turn|3\n|inactive|test220102 has 30 seconds left.\n|\n|t:|1746016760\n|-terastallize|p1a: Calyrex|Dark\n|move|p1a: Calyrex|Disable|p2b: Miraidon\n|-start|p2b: Miraidon|Disable|Dazzling Gleam\n|cant|p2b: Miraidon|Disable|Dazzling Gleam\n|move|p1b: Incineroar|Parting Shot|p2b: Miraidon\n|-unboost|p2b: Miraidon|atk|1\n|-unboost|p2b: Miraidon|spa|1\n|\n|t:|1746016768\n|switch|p1b: Rillaboom|Rillaboom, L50, F|100/100|[from] Parting Shot\n|-fieldstart|move: Grassy Terrain|[from] ability: Grassy Surge|[of] p1b: Rillaboom\n|move|p2a: Grimmsnarl|Foul Play|p1b: Rillaboom\n|-damage|p1b: Rillaboom|58/100\n|\n|-heal|p1a: Calyrex|45/100|[from] Grassy Terrain\n|-heal|p2b: Miraidon|59/100|[from] Grassy Terrain\n|-heal|p1b: Rillaboom|65/100|[from] Grassy Terrain\n|-heal|p2a: Grimmsnarl|45/100|[from] Grassy Terrain\n|upkeep\n|turn|4\n|\n|t:|1746016781\n|switch|p2b: Zamazenta|Zamazenta-Crowned, L50|100/100\n|-ability|p2b: Zamazenta|Dauntless Shield|boost\n|-boost|p2b: Zamazenta|def|1\n|move|p2a: Grimmsnarl|Thunder Wave|p1b: Rillaboom\n|-status|p1b: Rillaboom|par\n|move|p1a: Calyrex|Encore|p2a: Grimmsnarl\n|-start|p2a: Grimmsnarl|Encore\n|move|p1b: Rillaboom|Wood Hammer|p2a: Grimmsnarl\n|-crit|p2a: Grimmsnarl\n|-damage|p2a: Grimmsnarl|0 fnt\n|faint|p2a: Grimmsnarl\n|-damage|p1b: Rillaboom|50/100 par|[from] Recoil\n|\n|-heal|p1a: Calyrex|51/100|[from] Grassy Terrain\n|-heal|p1b: Rillaboom|56/100 par|[from] Grassy Terrain\n|upkeep\n|\n|t:|1746016796\n|switch|p2a: Miraidon|Miraidon, L50, tera:Fairy|59/100\n|-fieldstart|move: Electric Terrain|[from] ability: Hadron Engine|[of] p2a: Miraidon\n|turn|5\n|\n|t:|1746016811\n|switch|p1b: Incineroar|Incineroar, L50, M|41/100\n|-ability|p1b: Incineroar|Intimidate|boost\n|-unboost|p2a: Miraidon|atk|1\n|-unboost|p2b: Zamazenta|atk|1\n|move|p1a: Calyrex|Protect|p1a: Calyrex\n|-singleturn|p1a: Calyrex|Protect\n|move|p2a: Miraidon|Volt Switch|p1a: Calyrex\n|-activate|p1a: Calyrex|move: Protect\n|move|p2b: Zamazenta|Body Press|p1b: Incineroar\n|-supereffective|p1b: Incineroar\n|-damage|p1b: Incineroar|0 fnt\n|-damage|p2b: Zamazenta|84/100|[from] item: Rocky Helmet|[of] p1b: Incineroar\n|faint|p1b: Incineroar\n|\n|upkeep\n|\n|t:|1746016824\n|switch|p1b: Rillaboom|Rillaboom, L50, F|56/100 par\n|-fieldstart|move: Grassy Terrain|[from] ability: Grassy Surge|[of] p1b: Rillaboom\n|turn|6\n|inactive|test220102 has 30 seconds left.\n|\n|t:|1746016859\n|switch|p2a: Iron Hands|Iron Hands, L50|70/100\n|move|p2b: Zamazenta|Protect|p2b: Zamazenta\n|-singleturn|p2b: Zamazenta|Protect\n|move|p1a: Calyrex|Disable|p2b: Zamazenta\n|-activate|p2b: Zamazenta|move: Protect\n|move|p1b: Rillaboom|U-turn|p2a: Iron Hands\n|-resisted|p2a: Iron Hands\n|-damage|p2a: Iron Hands|61/100\n|\n|t:|1746016868\n|switch|p1b: Terapagos|Terapagos, L50, M|100/100|[from] U-turn\n|-activate|p1b: Terapagos|ability: Tera Shift\n|detailschange|p1b: Terapagos|Terapagos-Terastal, L50, M\n|-heal|p1b: Terapagos|100/100|[silent]\n|\n|-heal|p1a: Calyrex|57/100|[from] Grassy Terrain\n|-heal|p2b: Zamazenta|90/100|[from] Grassy Terrain\n|-heal|p2a: Iron Hands|67/100|[from] Grassy Terrain\n|upkeep\n|turn|7\n|\n|t:|1746016884\n|move|p1a: Calyrex|Protect|p1a: Calyrex\n|-singleturn|p1a: Calyrex|Protect\n|move|p2a: Iron Hands|Fake Out|p1a: Calyrex\n|-activate|p1a: Calyrex|move: Protect\n|move|p2b: Zamazenta|Body Press|p1b: Terapagos\n|-activate|p1b: Terapagos|ability: Tera Shell\n|-resisted|p1b: Terapagos\n|-damage|p1b: Terapagos|69/100\n|move|p1b: Terapagos|Substitute|p1b: Terapagos\n|-start|p1b: Terapagos|Substitute\n|-damage|p1b: Terapagos|44/100\n|\n|-heal|p1a: Calyrex|64/100|[from] Grassy Terrain\n|-heal|p2b: Zamazenta|97/100|[from] Grassy Terrain\n|-heal|p1b: Terapagos|50/100|[from] Grassy Terrain\n|-heal|p1b: Terapagos|57/100|[from] item: Leftovers\n|-heal|p2a: Iron Hands|74/100|[from] Grassy Terrain\n|upkeep\n|turn|8\n|inactive|test220102 has 30 seconds left.\n|\n|t:|1746016916\n|move|p1a: Calyrex|Encore|p2a: Iron Hands\n|-start|p2a: Iron Hands|Encore\n|move|p2b: Zamazenta|Body Press|p1a: Calyrex\n|-supereffective|p1a: Calyrex\n|-damage|p1a: Calyrex|0 fnt\n|faint|p1a: Calyrex\n|move|p1b: Terapagos|Calm Mind|p1b: Terapagos\n|-boost|p1b: Terapagos|spa|1\n|-boost|p1b: Terapagos|spd|1\n|move|p2a: Iron Hands|Fake Out||[still]\n|-hint|Fake Out only works on your first turn out.\n|-fail|p2a: Iron Hands\n|\n|-heal|p2b: Zamazenta|100/100|[from] Grassy Terrain\n|-heal|p1b: Terapagos|63/100|[from] Grassy Terrain\n|-heal|p1b: Terapagos|69/100|[from] item: Leftovers\n|-heal|p2a: Iron Hands|80/100|[from] Grassy Terrain\n|upkeep\n|\n|t:|1746016928\n|switch|p1a: Rillaboom|Rillaboom, L50, F|56/100 par\n|turn|9\n|\n|t:|1746016934\n|move|p2a: Iron Hands|Fake Out||[still]\n|-hint|Fake Out only works on your first turn out.\n|-fail|p2a: Iron Hands\n|move|p1a: Rillaboom|Fake Out|p2b: Zamazenta\n|-resisted|p2b: Zamazenta\n|-damage|p2b: Zamazenta|98/100\n|cant|p2b: Zamazenta|flinch\n|move|p1b: Terapagos|Calm Mind|p1b: Terapagos\n|-boost|p1b: Terapagos|spa|1\n|-boost|p1b: Terapagos|spd|1\n|\n|-heal|p2b: Zamazenta|100/100|[from] Grassy Terrain\n|-heal|p1b: Terapagos|75/100|[from] Grassy Terrain\n|-heal|p1b: Terapagos|82/100|[from] item: Leftovers\n|-heal|p2a: Iron Hands|86/100|[from] Grassy Terrain\n|-heal|p1a: Rillaboom|62/100 par|[from] Grassy Terrain\n|-sideend|p2: CerealesIsTaken|move: Light Screen\n|upkeep\n|turn|10\n|\n|t:|1746016949\n|move|p1b: Terapagos|Protect|p1b: Terapagos\n|-singleturn|p1b: Terapagos|Protect\n|move|p2a: Iron Hands|Fake Out||[still]\n|-hint|Fake Out only works on your first turn out.\n|-fail|p2a: Iron Hands\n|move|p2b: Zamazenta|Body Press|p1a: Rillaboom\n|-damage|p1a: Rillaboom|3/100 par\n|cant|p1a: Rillaboom|par\n|\n|-heal|p1b: Terapagos|88/100|[from] Grassy Terrain\n|-heal|p1b: Terapagos|94/100|[from] item: Leftovers\n|-heal|p2a: Iron Hands|92/100|[from] Grassy Terrain\n|-heal|p1a: Rillaboom|9/100 par|[from] Grassy Terrain\n|-end|p2a: Iron Hands|Encore\n|-fieldend|move: Grassy Terrain\n|upkeep\n|turn|11\n|\n|t:|1746016969\n|move|p2b: Zamazenta|Body Press|p1a: Rillaboom\n|-damage|p1a: Rillaboom|0 fnt\n|faint|p1a: Rillaboom\n|move|p1b: Terapagos|Tera Starstorm|p2a: Iron Hands\n|-damage|p2a: Iron Hands|40/100\n|move|p2a: Iron Hands|Drain Punch|p1b: Terapagos\n|-supereffective|p1b: Terapagos\n|-end|p1b: Terapagos|Substitute\n|-heal|p2a: Iron Hands|51/100|[from] drain|[of] p1b: Terapagos\n|\n|-heal|p1b: Terapagos|100/100|[from] item: Leftovers\n|upkeep\n|turn|12\n|\n|t:|1746016985\n|move|p2b: Zamazenta|Body Press|p1b: Terapagos\n|-activate|p1b: Terapagos|ability: Tera Shell\n|-resisted|p1b: Terapagos\n|-damage|p1b: Terapagos|69/100\n|move|p1b: Terapagos|Tera Starstorm|p2a: Iron Hands\n|-damage|p2a: Iron Hands|0 fnt\n|faint|p2a: Iron Hands\n|-end|p2a: Iron Hands|Quark Drive|[silent]\n|\n|-heal|p1b: Terapagos|75/100|[from] item: Leftovers\n|upkeep\n|\n|t:|1746016988\n|switch|p2a: Miraidon|Miraidon, L50, tera:Fairy|59/100\n|-fieldstart|move: Electric Terrain|[from] ability: Hadron Engine|[of] p2a: Miraidon\n|turn|13\n|\n|t:|1746016997\n|move|p1b: Terapagos|Protect|p1b: Terapagos\n|-singleturn|p1b: Terapagos|Protect\n|move|p2a: Miraidon|Electro Drift|p1b: Terapagos\n|-activate|p1b: Terapagos|move: Protect\n|move|p2b: Zamazenta|Body Press|p1b: Terapagos\n|-activate|p1b: Terapagos|move: Protect\n|\n|-heal|p1b: Terapagos|82/100|[from] item: Leftovers\n|upkeep\n|turn|14\n|\n|t:|1746017003\n|move|p2a: Miraidon|Electro Drift|p1b: Terapagos\n|-damage|p1b: Terapagos|32/100\n|move|p2b: Zamazenta|Body Press|p1b: Terapagos\n|-supereffective|p1b: Terapagos\n|-damage|p1b: Terapagos|0 fnt\n|faint|p1b: Terapagos\n|\n|win|CerealesIsTaken\n|raw|test220102's rating: 1047 &rarr; <strong>1034</strong><br />(-13 for losing)\n|raw|CerealesIsTaken's rating: 1124 &rarr; <strong>1144</strong><br />(+20 for winning)\n|l|\u2606test220102\n|player|p1|\n", "uploadtime": 1746017056, "views": 8, "formatid": "gen9vgc2025regibo3", "rating": 1034, "private": 0, "password": null}