{"id": "gen9vgc2025regibo3-2353699478", "format": "[Gen 9] VGC 2025 Reg I (Bo3)", "players": ["Willipino", "lettitripppp"], "log": "|j|\u2606Willipino\n|j|\u2606lettitripppp\n|html|<table width=\"100%\"><tr><td align=\"left\">Willipino</td><td align=\"right\">lettitripppp</tr><tr><td align=\"left\"><i class=\"fa fa-circle-o\"></i> <i class=\"fa fa-circle-o\"></i> </td><td align=\"right\"><i class=\"fa fa-circle-o\"></i> <i class=\"fa fa-circle-o\"></i> </tr></table>\n|uhtml|bestof|<h2><strong>Game 1</strong> of <a href=\"/game-bestof3-gen9vgc2025regibo3-2353699477\">a best-of-3</a></h2>\n|t:|1745985322\n|gametype|doubles\n|player|p1|Willipino|169|1059\n|player|p2|lettitripppp|lucas|1131\n|teamsize|p1|6\n|teamsize|p2|6\n|gen|9\n|tier|[Gen 9] VGC 2025 Reg I (Bo3)\n|rated|\n|rule|Species Clause: Limit one of each Pok\u00e9mon\n|rule|Item Clause: Limit 1 of each item\n|clearpoke\n|poke|p1|Miraidon, L50|\n|poke|p1|Iron Valiant, L50|\n|poke|p1|Volcarona, L50, F|\n|poke|p1|Lunala, L50|\n|poke|p1|Iron Hands, L50|\n|poke|p1|Ditto, L50|\n|poke|p2|Calyrex-Ice, L50|\n|poke|p2|Miraidon, L50|\n|poke|p2|Grimmsnarl, L50, M|\n|poke|p2|Iron Treads, L50|\n|poke|p2|Ogerpon-Hearthflame, L50, F|\n|poke|p2|Urshifu-*, L50, M|\n|teampreview|4\n|showteam|p1|Miraidon||ChoiceSpecs|HadronEngine|ElectroDrift,DracoMeteor,VoltSwitch,DazzlingGleam||||||50|,,,,,Fairy]Iron Valiant||BoosterEnergy|QuarkDrive|Moonblast,IcyWind,Disable,Protect||||||50|,,,,,Ghost]Volcarona||RockyHelmet|FlameBody|FieryDance,RagePowder,QuiverDance,Protect|||F|||50|,,,,,Water]Lunala||ElectricSeed|ShadowShield|MoongeistBeam,ExpandingForce,WideGuard,TrickRoom||||||50|,,,,,Water]Iron Hands||AssaultVest|QuarkDrive|DrainPunch,FakeOut,HeavySlam,LowKick||||||50|,,,,,Bug]Ditto||FocusSash|Imposter|Transform||||||50|,,,,,Ghost\n|showteam|p2|Calyrex-Ice||ClearAmulet|AsOneGlastrier|HighHorsepower,GlacialLance,TrickRoom,Protect||||||50|,,,,,Fire]Miraidon||ChoiceSpecs|HadronEngine|DazzlingGleam,DracoMeteor,ElectroDrift,VoltSwitch||||||50|,,,,,Fairy]Grimmsnarl||LightClay|Prankster|ThunderWave,LightScreen,SpiritBreak,Reflect|||M|||50|,,,,,Ghost]Iron Treads||ChoiceBand|QuarkDrive|HighHorsepower,SteelRoller,IronHead,RockSlide||||||50|,,,,,Ghost]Ogerpon-Hearthflame||HearthflameMask|MoldBreaker|HornLeech,IvyCudgel,FollowMe,SpikyShield|||F|||50|,,,,,Fire]Urshifu-Rapid-Strike||FocusSash|UnseenFist|SurgingStrikes,CloseCombat,Taunt,Detect|||M|||50|,,,,,Water\n|\n|t:|1745985393\n|start\n|switch|p1a: Iron Valiant|Iron Valiant, L50, shiny|100/100\n|switch|p1b: Miraidon|Miraidon, L50|100/100\n|switch|p2a: Miraidon|Miraidon, L50|100/100\n|switch|p2b: Grimmsnarl|Grimmsnarl, L50, M|100/100\n|-fieldstart|move: Electric Terrain|[from] ability: Hadron Engine|[of] p1b: Miraidon\n|-activate|p1a: Iron Valiant|ability: Quark Drive\n|-start|p1a: Iron Valiant|quarkdrivespe\n|-activate|p2a: Miraidon|ability: Hadron Engine\n|turn|1\n|\n|t:|1745985423\n|-terastallize|p1b: Miraidon|Fairy\n|-terastallize|p2a: Miraidon|Fairy\n|move|p1a: Iron Valiant|Protect|p1a: Iron Valiant\n|-singleturn|p1a: Iron Valiant|Protect\n|move|p2b: Grimmsnarl|Light Screen|p2b: Grimmsnarl\n|-sidestart|p2: lettitripppp|move: Light Screen\n|move|p1b: Miraidon|Dazzling Gleam|p2a: Miraidon|[spread] p2a,p2b\n|-supereffective|p2b: Grimmsnarl\n|-damage|p2a: Miraidon|58/100\n|-damage|p2b: Grimmsnarl|21/100\n|move|p2a: Miraidon|Volt Switch|p1b: Miraidon\n|-damage|p1b: Miraidon|13/100\n|\n|t:|1745985435\n|switch|p2a: Iron Treads|Iron Treads, L50|100/100|[from] Volt Switch\n|-activate|p2a: Iron Treads|ability: Quark Drive\n|-start|p2a: Iron Treads|quarkdrivespe\n|\n|upkeep\n|turn|2\n|\n|t:|1745985460\n|switch|p1b: Ditto|Ditto, L50|100/100\n|-transform|p1b: Ditto|p2a: Iron Treads|[from] ability: Imposter\n|move|p2b: Grimmsnarl|Thunder Wave|p1b: Ditto\n|-immune|p1b: Ditto\n|move|p2a: Iron Treads|Iron Head|p1a: Iron Valiant\n|-supereffective|p1a: Iron Valiant\n|-damage|p1a: Iron Valiant|0 fnt\n|faint|p1a: Iron Valiant\n|-end|p1a: Iron Valiant|Quark Drive|[silent]\n|\n|upkeep\n|\n|t:|1745985472\n|switch|p1a: Volcarona|Volcarona, L50, F, shiny|100/100\n|turn|3\n|\n|t:|1745985485\n|-end|p2a: Iron Treads|Quark Drive|[silent]\n|switch|p2a: Calyrex|Calyrex-Ice, L50|100/100\n|-ability|p2a: Calyrex|As One\n|-ability|p2a: Calyrex|Unnerve\n|move|p2b: Grimmsnarl|Reflect|p2b: Grimmsnarl\n|-sidestart|p2: lettitripppp|Reflect\n|move|p1b: Ditto|High Horsepower|p2a: Calyrex\n|-damage|p2a: Calyrex|83/100\n|move|p1a: Volcarona|Quiver Dance|p1a: Volcarona\n|-boost|p1a: Volcarona|spa|1\n|-boost|p1a: Volcarona|spd|1\n|-boost|p1a: Volcarona|spe|1\n|\n|upkeep\n|turn|4\n|\n|t:|1745985509\n|move|p2b: Grimmsnarl|Thunder Wave|p1a: Volcarona|[miss]\n|-miss|p2b: Grimmsnarl|p1a: Volcarona\n|move|p1a: Volcarona|Quiver Dance|p1a: Volcarona\n|-boost|p1a: Volcarona|spa|1\n|-boost|p1a: Volcarona|spd|1\n|-boost|p1a: Volcarona|spe|1\n|move|p1b: Ditto|High Horsepower|p2b: Grimmsnarl\n|-damage|p2b: Grimmsnarl|0 fnt\n|faint|p2b: Grimmsnarl\n|move|p2a: Calyrex|Trick Room|p2a: Calyrex\n|-fieldstart|move: Trick Room|[of] p2a: Calyrex\n|\n|upkeep\n|\n|t:|1745985522\n|switch|p2b: Miraidon|Miraidon, L50, tera:Fairy|58/100\n|-activate|p2b: Miraidon|ability: Hadron Engine\n|turn|5\n|\n|t:|1745985534\n|move|p1a: Volcarona|Protect|p1a: Volcarona\n|-singleturn|p1a: Volcarona|Protect\n|move|p2a: Calyrex|Glacial Lance|p1a: Volcarona|[spread] p1b\n|-activate|p1a: Volcarona|move: Protect\n|-damage|p1b: Ditto|46/100\n|move|p1b: Ditto|High Horsepower|p2b: Miraidon\n|-damage|p2b: Miraidon|29/100\n|move|p2b: Miraidon|Volt Switch|p1a: Volcarona\n|-activate|p1a: Volcarona|move: Protect\n|\n|-fieldend|move: Electric Terrain\n|upkeep\n|turn|6\n|\n|t:|1745985556\n|move|p2a: Calyrex|Glacial Lance|p1a: Volcarona|[spread] p1a,p1b\n|-resisted|p1a: Volcarona\n|-damage|p1a: Volcarona|75/100\n|-damage|p1b: Ditto|0 fnt\n|faint|p1b: Ditto\n|-end|p1b: Ditto|Quark Drive|[silent]\n|-ability|p2a: Calyrex|Chilling Neigh|boost\n|-boost|p2a: Calyrex|atk|1\n|move|p2b: Miraidon|Volt Switch|p1a: Volcarona\n|-damage|p1a: Volcarona|49/100\n|\n|t:|1745985564\n|switch|p2b: Iron Treads|Iron Treads, L50|100/100|[from] Volt Switch\n|move|p1a: Volcarona|Fiery Dance|p2a: Calyrex\n|-supereffective|p2a: Calyrex\n|-damage|p2a: Calyrex|29/100\n|\n|upkeep\n|\n|t:|1745985571\n|switch|p1b: Miraidon|Miraidon, L50, tera:Fairy|13/100\n|-fieldstart|move: Electric Terrain|[from] ability: Hadron Engine|[of] p1b: Miraidon\n|-activate|p2b: Iron Treads|ability: Quark Drive\n|-start|p2b: Iron Treads|quarkdrivespe\n|turn|7\n|\n|t:|1745985586\n|move|p2a: Calyrex|Glacial Lance|p1a: Volcarona|[spread] p1a,p1b\n|-resisted|p1a: Volcarona\n|-damage|p1a: Volcarona|8/100\n|-damage|p1b: Miraidon|0 fnt\n|faint|p1b: Miraidon\n|-ability|p2a: Calyrex|Chilling Neigh|boost\n|-boost|p2a: Calyrex|atk|1\n|move|p1a: Volcarona|Fiery Dance|p2b: Iron Treads\n|-supereffective|p2b: Iron Treads\n|-damage|p2b: Iron Treads|0 fnt\n|faint|p2b: Iron Treads\n|-end|p2b: Iron Treads|Quark Drive|[silent]\n|\n|upkeep\n|\n|t:|1745985596\n|switch|p2b: Miraidon|Miraidon, L50, tera:Fairy|29/100\n|-activate|p2b: Miraidon|ability: Hadron Engine\n|turn|8\n|\n|t:|1745985602\n|move|p2a: Calyrex|Glacial Lance|p1a: Volcarona\n|-resisted|p1a: Volcarona\n|-damage|p1a: Volcarona|0 fnt\n|faint|p1a: Volcarona\n|\n|win|lettitripppp\n||lettitripppp is ready for game 2.\n||Willipino is ready for game 2.\n|uhtml|next|Next: <a href=\"/battle-gen9vgc2025regibo3-2353701533\"><strong>Game 2 of 3</strong></a>\n", "uploadtime": 1745985612, "views": 11, "formatid": "gen9vgc2025regibo3", "rating": null, "private": 0, "password": null}