{"id": "gen9vgc2025regibo3-2353964154", "format": "[Gen 9] VGC 2025 Reg I (Bo3)", "players": ["Kaazuma", "Meloveturtles"], "log": "|j|\u2606Kaazuma\n|j|\u2606Meloveturtles\n|html|<table width=\"100%\"><tr><td align=\"left\">Kaazuma</td><td align=\"right\">Meloveturtles</tr><tr><td align=\"left\"><i class=\"fa fa-circle-o\"></i> <i class=\"fa fa-circle-o\"></i> </td><td align=\"right\"><i class=\"fa fa-circle-o\"></i> <i class=\"fa fa-circle-o\"></i> </tr></table>\n|uhtml|bestof|<h2><strong>Game 1</strong> of <a href=\"/game-bestof3-gen9vgc2025regibo3-2353964153\">a best-of-3</a></h2>\n|t:|1746023151\n|gametype|doubles\n|player|p1|Kaazuma|red|1164\n|player|p2|Meloveturtles|marnie|1069\n|teamsize|p1|6\n|teamsize|p2|6\n|gen|9\n|tier|[Gen 9] VGC 2025 Reg I (Bo3)\n|rated|\n|rule|Species Clause: Limit one of each Pok\u00e9mon\n|rule|Item Clause: Limit 1 of each item\n|clearpoke\n|poke|p1|Lunala, L50|\n|poke|p1|Indeedee-F, L50, F|\n|poke|p1|Chi-Yu, L50|\n|poke|p1|Koraidon, L50|\n|poke|p1|Flutter Mane, L50|\n|poke|p1|Ogerpon-Cornerstone, L50, F|\n|poke|p2|Leavanny, L50, F|\n|poke|p2|Koraidon, L50|\n|poke|p2|Whimsicott, L50, F|\n|poke|p2|Calyrex-Shadow, L50|\n|poke|p2|Raging Bolt, L50|\n|poke|p2|Chi-Yu, L50|\n|teampreview|4\n|showteam|p1|Lunala||PowerHerb|ShadowShield|MoongeistBeam,ExpandingForce,MeteorBeam,Protect||||||50|,,,,,Water]Indeedee-F||PsychicSeed|PsychicSurge|FollowMe,HelpingHand,Psychic,TrickRoom|||F|||50|,,,,,Fairy]Chi-Yu||ChoiceScarf|BeadsofRuin|Snarl,DarkPulse,TeraBlast,HeatWave||||||50|,,,,,Ground]Koraidon||ClearAmulet|OrichalcumPulse|CloseCombat,FlareBlitz,FlameCharge,Protect||||||50|,,,,,Fire]Flutter Mane||FocusSash|Protosynthesis|Moonblast,ShadowBall,IcyWind,Protect||||||50|,,,,,Normal]Ogerpon-Cornerstone||CornerstoneMask|Sturdy|IvyCudgel,WoodHammer,FollowMe,SpikyShield|||F|||50|,,,,,Rock\n|showteam|p2|Leavanny||FocusSash|Chlorophyll|StickyWeb,Protect,StringShot,KnockOff|||F|||50|,,,,,Ghost]Koraidon||ClearAmulet|OrichalcumPulse|CollisionCourse,FlareBlitz,FlameCharge,Protect||||||50|,,,,,Fire]Whimsicott||CovertCloak|Prankster|Tailwind,SunnyDay,Encore,Moonblast|||F|||50|,,,,,Dark]Calyrex-Shadow||SpellTag|AsOneSpectrier|AstralBarrage,Psychic,Disable,Protect||||||50|,,,,,Normal]Raging Bolt||BoosterEnergy|Protosynthesis|Thunderbolt,Thunderclap,DragonPulse,Protect||||||50|,,,,,Electric]Chi-Yu||ChoiceScarf|BeadsofRuin|HeatWave,Flamethrower,Snarl,DarkPulse||||||50|,,,,,Ghost\n|inactive|Battle timer is ON: inactive players will automatically lose when time's up. (requested by Kaazuma)\n|\n|t:|1746023179\n|start\n|switch|p1a: Lunala|Lunala, L50|100/100\n|switch|p1b: Chi-Yu|Chi-Yu, L50|100/100\n|switch|p2a: Leavanny|Leavanny, L50, F, shiny|100/100\n|switch|p2b: Koraidon|Koraidon, L50|100/100\n|-ability|p1b: Chi-Yu|Beads of Ruin\n|-weather|SunnyDay|[from] ability: Orichalcum Pulse|[of] p2b: Koraidon\n|-activate|p2b: Koraidon|Orichalcum Pulse|[source]\n|turn|1\n|inactive|Kaazuma has 30 seconds left.\n|\n|t:|1746023206\n|-terastallize|p1a: Lunala|Water\n|move|p2a: Leavanny|String Shot|p1a: Lunala|[spread] p1a,p1b\n|-unboost|p1a: Lunala|spe|2\n|-unboost|p1b: Chi-Yu|spe|2\n|move|p2b: Koraidon|Flame Charge|p1b: Chi-Yu\n|-resisted|p1b: Chi-Yu\n|-damage|p1b: Chi-Yu|72/100\n|-boost|p2b: Koraidon|spe|1\n|move|p1b: Chi-Yu|Heat Wave|p2a: Leavanny|[spread] p2a,p2b\n|-supereffective|p2a: Leavanny\n|-resisted|p2b: Koraidon\n|-enditem|p2a: Leavanny|Focus Sash\n|-damage|p2a: Leavanny|1/100\n|-damage|p2b: Koraidon|55/100\n|move|p1a: Lunala|Meteor Beam||[still]\n|-prepare|p1a: Lunala|Meteor Beam\n|-boost|p1a: Lunala|spa|1\n|-enditem|p1a: Lunala|Power Herb\n|-anim|p1a: Lunala|Meteor Beam|p2b: Koraidon\n|-resisted|p2b: Koraidon\n|-damage|p2b: Koraidon|4/100\n|\n|-weather|SunnyDay|[upkeep]\n|upkeep\n|turn|2\n|inactive|Meloveturtles has 30 seconds left.\n|inactive|Meloveturtles has 20 seconds left.\n|\n|t:|1746023242\n|move|p1a: Lunala|Protect|p1a: Lunala\n|-singleturn|p1a: Lunala|Protect\n|move|p2a: Leavanny|Knock Off|p1a: Lunala\n|-activate|p1a: Lunala|move: Protect\n|move|p2b: Koraidon|Collision Course|p1b: Chi-Yu\n|-supereffective|p1b: Chi-Yu\n|-damage|p1b: Chi-Yu|0 fnt\n|faint|p1b: Chi-Yu\n|\n|-weather|SunnyDay|[upkeep]\n|upkeep\n|\n|t:|1746023248\n|switch|p1b: Indeedee|Indeedee-F, L50, F|100/100\n|-fieldstart|move: Psychic Terrain|[from] ability: Psychic Surge|[of] p1b: Indeedee\n|-enditem|p1b: Indeedee|Psychic Seed\n|-boost|p1b: Indeedee|spd|1|[from] item: Psychic Seed\n|turn|3\n|\n|t:|1746023254\n|move|p2b: Koraidon|Protect|p2b: Koraidon\n|-singleturn|p2b: Koraidon|Protect\n|move|p1b: Indeedee|Follow Me|p1b: Indeedee\n|-singleturn|p1b: Indeedee|move: Follow Me\n|move|p2a: Leavanny|String Shot|p1b: Indeedee|[spread] p1a,p1b\n|-unboost|p1a: Lunala|spe|2\n|-unboost|p1b: Indeedee|spe|2\n|move|p1a: Lunala|Expanding Force|p2a: Leavanny|[spread] p2a\n|-activate|p2b: Koraidon|move: Protect\n|-damage|p2a: Leavanny|0 fnt\n|faint|p2a: Leavanny\n|\n|-weather|SunnyDay|[upkeep]\n|upkeep\n|\n|t:|1746023268\n|switch|p2a: Chi-Yu|Chi-Yu, L50|100/100\n|-ability|p2a: Chi-Yu|Beads of Ruin\n|turn|4\n|inactive|Kaazuma has 30 seconds left.\n|\n|t:|1746023297\n|move|p2b: Koraidon|Collision Course|p1a: Lunala\n|-damage|p1a: Lunala|69/100\n|move|p2a: Chi-Yu|Snarl|p1a: Lunala|[spread] p1a,p1b\n|-supereffective|p1b: Indeedee\n|-damage|p1a: Lunala|44/100\n|-damage|p1b: Indeedee|59/100\n|-unboost|p1a: Lunala|spa|1\n|-unboost|p1b: Indeedee|spa|1\n|move|p1a: Lunala|Meteor Beam||[still]\n|-prepare|p1a: Lunala|Meteor Beam\n|-boost|p1a: Lunala|spa|1\n|move|p1b: Indeedee|Trick Room|p1b: Indeedee\n|-fieldstart|move: Trick Room|[of] p1b: Indeedee\n|\n|-weather|SunnyDay|[upkeep]\n|upkeep\n|turn|5\n|inactive|Meloveturtles has 30 seconds left.\n|\n|t:|1746023325\n|-terastallize|p2a: Chi-Yu|Ghost\n|move|p2b: Koraidon|Protect|p2b: Koraidon\n|-singleturn|p2b: Koraidon|Protect\n|move|p1a: Lunala|Meteor Beam|p2a: Chi-Yu|[from] lockedmove\n|-damage|p2a: Chi-Yu|18/100\n|move|p1b: Indeedee|Psychic|p2b: Koraidon\n|-activate|p2b: Koraidon|move: Protect\n|move|p2a: Chi-Yu|Snarl|p1a: Lunala|[spread] p1a,p1b\n|-supereffective|p1b: Indeedee\n|-damage|p1a: Lunala|19/100\n|-damage|p1b: Indeedee|15/100\n|-unboost|p1a: Lunala|spa|1\n|-unboost|p1b: Indeedee|spa|1\n|\n|-weather|none\n|upkeep\n|turn|6\n|inactive|Meloveturtles has 30 seconds left.\n|\n|t:|1746023353\n|move|p1b: Indeedee|Helping Hand|p1a: Lunala\n|-singleturn|p1a: Lunala|Helping Hand|[of] p1b: Indeedee\n|move|p1a: Lunala|Expanding Force|p2a: Chi-Yu|[spread] p2a,p2b\n|-supereffective|p2b: Koraidon\n|-damage|p2a: Chi-Yu|0 fnt\n|-damage|p2b: Koraidon|0 fnt\n|faint|p2a: Chi-Yu\n|faint|p2b: Koraidon\n|\n|upkeep\n|\n|t:|1746023358\n|switch|p2b: Calyrex|Calyrex-Shadow, L50|100/100\n|-ability|p2b: Calyrex|As One\n|-ability|p2b: Calyrex|Unnerve\n|turn|7\n|\n|t:|1746023374\n|move|p1b: Indeedee|Helping Hand|p1a: Lunala\n|-singleturn|p1a: Lunala|Helping Hand|[of] p1b: Indeedee\n|move|p2b: Calyrex|Protect|p2b: Calyrex\n|-singleturn|p2b: Calyrex|Protect\n|move|p1a: Lunala|Moongeist Beam|p2b: Calyrex\n|-activate|p2b: Calyrex|move: Protect\n|\n|-fieldend|move: Psychic Terrain\n|upkeep\n|turn|8\n|\n|t:|1746023380\n|move|p1b: Indeedee|Helping Hand|p1a: Lunala\n|-singleturn|p1a: Lunala|Helping Hand|[of] p1b: Indeedee\n|move|p2b: Calyrex|Protect|p2b: Calyrex\n|-singleturn|p2b: Calyrex|Protect\n|move|p1a: Lunala|Moongeist Beam|p2b: Calyrex\n|-activate|p2b: Calyrex|move: Protect\n|\n|-fieldend|move: Trick Room\n|upkeep\n|turn|9\n|\n|t:|1746023387\n|move|p1a: Lunala|Protect|p1a: Lunala\n|-singleturn|p1a: Lunala|Protect\n|move|p2b: Calyrex|Astral Barrage|p1a: Lunala|[spread] \n|-activate|p1a: Lunala|move: Protect\n|-immune|p1b: Indeedee\n|move|p1b: Indeedee|Trick Room|p1b: Indeedee\n|-fieldstart|move: Trick Room|[of] p1b: Indeedee\n|\n|upkeep\n|turn|10\n|-message|Meloveturtles forfeited.\n|\n|win|Kaazuma\n|l|\u2606Meloveturtles\n|player|p2|\n||Kaazuma is ready for game 2.\n||Meloveturtles is ready for game 2.\n|uhtml|next|Next: <a href=\"/battle-gen9vgc2025regibo3-2353966862\"><strong>Game 2 of 3</strong></a>\n|l|\u2606Kaazuma\n|player|p1|\n", "uploadtime": 1746023646, "views": 22, "formatid": "gen9vgc2025regibo3", "rating": null, "private": 0, "password": null}