{"id": "gen9vgc2025regibo3-2354185868", "format": "[Gen 9] VGC 2025 Reg I (Bo3)", "players": ["blackkobraVGC", "TacoBurger"], "log": "|j|\u2606blackkobraVGC\n|j|\u2606TacoBurger\n|html|<table width=\"100%\"><tr><td align=\"left\">blackkobraVGC</td><td align=\"right\">TacoBurger</tr><tr><td align=\"left\"><i class=\"fa fa-circle-o\"></i> <i class=\"fa fa-circle-o\"></i> </td><td align=\"right\"><i class=\"fa fa-circle-o\"></i> <i class=\"fa fa-circle-o\"></i> </tr></table>\n|uhtml|bestof|<h2><strong>Game 1</strong> of <a href=\"/game-bestof3-gen9vgc2025regibo3-2354185867\">a best-of-3</a></h2>\n|t:|1746042583\n|gametype|doubles\n|player|p1|blackkobraVGC|alder|1137\n|player|p2|TacoBurger|101|1037\n|teamsize|p1|6\n|teamsize|p2|6\n|gen|9\n|tier|[Gen 9] VGC 2025 Reg I (Bo3)\n|rated|\n|rule|Species Clause: Limit one of each Pok\u00e9mon\n|rule|Item Clause: Limit 1 of each item\n|clearpoke\n|poke|p1|Ho-Oh, L50|\n|poke|p1|Miraidon, L50|\n|poke|p1|Farigiraf, L50, F|\n|poke|p1|Iron Hands, L50|\n|poke|p1|Urshifu-*, L50, F|\n|poke|p1|Iron Treads, L50|\n|poke|p2|Zamazenta-*, L50|\n|poke|p2|Kyogre, L50|\n|poke|p2|Tornadus, L50, M|\n|poke|p2|Rillaboom, L50, F|\n|poke|p2|Urshifu-*, L50, F|\n|poke|p2|Chien-Pao, L50|\n|teampreview|4\n|showteam|p1|Ho-Oh||ClearAmulet|Regenerator|BraveBird,SacredFire,Tailwind,Protect||||||50|,,,,,Grass]Miraidon||ChoiceSpecs|HadronEngine|ElectroDrift,VoltSwitch,DazzlingGleam,DracoMeteor||||||50|,,,,,Fairy]Farigiraf||ElectricSeed|ArmorTail|Psychic,FoulPlay,TrickRoom,HelpingHand|||F|||50|,,,,,Water]Iron Hands||AssaultVest|QuarkDrive|FakeOut,DrainPunch,WildCharge,LowKick||||||50|,,,,,Water]Urshifu||FocusSash|UnseenFist|WickedBlow,CloseCombat,SuckerPunch,Protect|||F|||50|,,,,,Dark]Iron Treads||ChoiceBand|QuarkDrive|HighHorsepower,IronHead,RockSlide,Earthquake||||||50|,,,,,Ghost\n|showteam|p2|Zamazenta-Crowned||RustedShield|DauntlessShield|BodyPress,HeavySlam,WideGuard,Protect||||||50|,,,,,Dragon]Kyogre||MysticWater|Drizzle|WaterSpout,OriginPulse,IceBeam,Protect||||||50|,,,,,Water]Tornadus||CovertCloak|Prankster|BleakwindStorm,Tailwind,RainDance,Taunt|||M|||50|,,,,,Dark]Rillaboom||AssaultVest|GrassySurge|FakeOut,GrassyGlide,WoodHammer,Uturn|||F|||50|,,,,,Fire]Urshifu-Rapid-Strike||SplashPlate|UnseenFist|SurgingStrikes,AquaJet,CloseCombat,Detect|||F|||50|,,,,,Water]Chien-Pao||FocusSash|SwordofRuin|IcicleCrash,Crunch,SuckerPunch,Protect||||||50|,,,,,Ghost\n|\n|t:|1746042708\n|start\n|switch|p1a: Miraidon|Miraidon, L50|100/100\n|switch|p1b: Farigiraf|Farigiraf, L50, F|100/100\n|switch|p2a: Kyogre|Kyogre, L50|100/100\n|switch|p2b: Chien-Pao|Chien-Pao, L50|100/100\n|-ability|p2b: Chien-Pao|Sword of Ruin\n|-fieldstart|move: Electric Terrain|[from] ability: Hadron Engine|[of] p1a: Miraidon\n|-enditem|p1b: Farigiraf|Electric Seed\n|-boost|p1b: Farigiraf|def|1|[from] item: Electric Seed\n|-weather|RainDance|[from] ability: Drizzle|[of] p2a: Kyogre\n|turn|1\n|\n|t:|1746042751\n|-terastallize|p1a: Miraidon|Fairy\n|move|p2a: Kyogre|Protect|p2a: Kyogre\n|-singleturn|p2a: Kyogre|Protect\n|move|p2b: Chien-Pao|Icicle Crash|p1a: Miraidon|[miss]\n|-miss|p2b: Chien-Pao|p1a: Miraidon\n|move|p1a: Miraidon|Volt Switch|p2a: Kyogre\n|-activate|p2a: Kyogre|move: Protect\n|move|p1b: Farigiraf|Trick Room|p1b: Farigiraf\n|-fieldstart|move: Trick Room|[of] p1b: Farigiraf\n|\n|-weather|RainDance|[upkeep]\n|upkeep\n|turn|2\n|\n|t:|1746042784\n|move|p1b: Farigiraf|Psychic|p2a: Kyogre\n|-damage|p2a: Kyogre|72/100\n|-unboost|p2a: Kyogre|spd|1\n|move|p2a: Kyogre|Water Spout|p1b: Farigiraf|[spread] p1a,p1b\n|-damage|p1a: Miraidon|31/100\n|-damage|p1b: Farigiraf|21/100\n|move|p1a: Miraidon|Volt Switch|p2a: Kyogre\n|-supereffective|p2a: Kyogre\n|-damage|p2a: Kyogre|0 fnt\n|faint|p2a: Kyogre\n|\n|t:|1746042792\n|switch|p1a: Iron Hands|Iron Hands, L50|100/100|[from] Volt Switch\n|-activate|p1a: Iron Hands|ability: Quark Drive\n|-start|p1a: Iron Hands|quarkdriveatk\n|move|p2b: Chien-Pao|Icicle Crash|p1a: Iron Hands\n|-damage|p1a: Iron Hands|64/100\n|\n|-weather|RainDance|[upkeep]\n|upkeep\n|inactive|Battle timer is ON: inactive players will automatically lose when time's up. (requested by blackkobraVGC)\n|\n|t:|1746042802\n|switch|p2a: Urshifu|Urshifu-Rapid-Strike, L50, F|100/100\n|turn|3\n|inactive|blackkobraVGC has 30 seconds left.\n|\n|t:|1746042833\n|move|p2a: Urshifu|Detect|p2a: Urshifu\n|-singleturn|p2a: Urshifu|Protect\n|move|p1a: Iron Hands|Wild Charge|p2a: Urshifu\n|-activate|p2a: Urshifu|move: Protect\n|move|p1b: Farigiraf|Foul Play|p2a: Urshifu\n|-activate|p2a: Urshifu|move: Protect\n|move|p2b: Chien-Pao|Crunch|p1b: Farigiraf\n|-supereffective|p1b: Farigiraf\n|-damage|p1b: Farigiraf|0 fnt\n|faint|p1b: Farigiraf\n|\n|-weather|RainDance|[upkeep]\n|upkeep\n|\n|t:|1746042840\n|switch|p1b: Miraidon|Miraidon, L50, tera:Fairy|31/100\n|-activate|p1b: Miraidon|ability: Hadron Engine\n|turn|4\n|\n|t:|1746042859\n|switch|p2a: Zamazenta|Zamazenta-Crowned, L50|100/100\n|-ability|p2a: Zamazenta|Dauntless Shield|boost\n|-boost|p2a: Zamazenta|def|1\n|move|p1a: Iron Hands|Wild Charge|p2a: Zamazenta\n|-damage|p2a: Zamazenta|51/100\n|-damage|p1a: Iron Hands|55/100|[from] Recoil\n|move|p1b: Miraidon|Volt Switch|p2a: Zamazenta\n|-damage|p2a: Zamazenta|0 fnt\n|faint|p2a: Zamazenta\n|\n|t:|1746042868\n|switch|p1b: Urshifu|Urshifu, L50, F|100/100|[from] Volt Switch\n|move|p2b: Chien-Pao|Icicle Crash|p1b: Urshifu\n|-damage|p1b: Urshifu|39/100\n|\n|-weather|RainDance|[upkeep]\n|upkeep\n|\n|t:|1746042875\n|switch|p2a: Urshifu|Urshifu-Rapid-Strike, L50, F|100/100\n|turn|5\n|\n|t:|1746042889\n|move|p2a: Urshifu|Detect|p2a: Urshifu\n|-singleturn|p2a: Urshifu|Protect\n|move|p2b: Chien-Pao|Protect|p2b: Chien-Pao\n|-singleturn|p2b: Chien-Pao|Protect\n|move|p1a: Iron Hands|Wild Charge|p2a: Urshifu\n|-activate|p2a: Urshifu|move: Protect\n|move|p1b: Urshifu|Close Combat|p2b: Chien-Pao\n|-supereffective|p2b: Chien-Pao\n|-enditem|p2b: Chien-Pao|Focus Sash\n|-damage|p2b: Chien-Pao|1/100\n|-unboost|p1b: Urshifu|def|1\n|-unboost|p1b: Urshifu|spd|1\n|\n|-weather|none\n|-fieldend|move: Trick Room\n|-fieldend|move: Electric Terrain\n|-end|p1a: Iron Hands|Quark Drive\n|upkeep\n|turn|6\n|inactive|TacoBurger has 30 seconds left.\n|inactive|TacoBurger has 20 seconds left.\n|inactive|TacoBurger has 15 seconds left.\n|inactive|TacoBurger has 10 seconds left.\n|inactive|TacoBurger has 5 seconds left.\n|\n|t:|1746042939\n|-terastallize|p2a: Urshifu|Water\n|move|p2b: Chien-Pao|Sucker Punch|p1b: Urshifu\n|-resisted|p1b: Urshifu\n|-damage|p1b: Urshifu|22/100\n|move|p1b: Urshifu|Sucker Punch||[still]\n|-fail|p1b: Urshifu\n|move|p2a: Urshifu|Surging Strikes|p1a: Iron Hands\n|-crit|p1a: Iron Hands\n|-damage|p1a: Iron Hands|26/100\n|-crit|p1a: Iron Hands\n|-damage|p1a: Iron Hands|0 fnt\n|faint|p1a: Iron Hands\n|-end|p1a: Iron Hands|Quark Drive|[silent]\n|-hitcount|p1: Iron Hands|2\n|\n|upkeep\n|\n|t:|1746042949\n|switch|p1a: Miraidon|Miraidon, L50, tera:Fairy|31/100\n|-fieldstart|move: Electric Terrain|[from] ability: Hadron Engine|[of] p1a: Miraidon\n|turn|7\n|\n|t:|1746042965\n|move|p2a: Urshifu|Detect|p2a: Urshifu\n|-singleturn|p2a: Urshifu|Protect\n|move|p2b: Chien-Pao|Sucker Punch|p1a: Miraidon\n|-resisted|p1a: Miraidon\n|-damage|p1a: Miraidon|9/100\n|move|p1b: Urshifu|Sucker Punch||[still]\n|-fail|p1b: Urshifu\n|move|p1a: Miraidon|Electro Drift|p2a: Urshifu\n|-activate|p2a: Urshifu|move: Protect\n|\n|upkeep\n|turn|8\n|inactive|TacoBurger has 30 seconds left.\n|\n|t:|1746042991\n|move|p2b: Chien-Pao|Sucker Punch|p1b: Urshifu\n|-resisted|p1b: Urshifu\n|-damage|p1b: Urshifu|4/100\n|move|p1b: Urshifu|Sucker Punch|p2a: Urshifu\n|-damage|p2a: Urshifu|46/100\n|move|p2a: Urshifu|Aqua Jet|p1a: Miraidon\n|-damage|p1a: Miraidon|0 fnt\n|faint|p1a: Miraidon\n|\n|upkeep\n|turn|9\n|-message|blackkobraVGC forfeited.\n|\n|win|TacoBurger\n||blackkobraVGC is ready for game 2.\n|inactive|TacoBurger has 30 seconds to confirm battle start!\n|l|\u2606TacoBurger\n|player|p2|\n|inactive|TacoBurger has 20 seconds to confirm battle start!\n|j|\u2606TacoBurger\n|player|p2|TacoBurger|101|\n|inactive|TacoBurger has 10 seconds to confirm battle start!\n||TacoBurger is ready for game 2.\n|uhtml|next|Next: <a href=\"/battle-gen9vgc2025regibo3-2354190732\"><strong>Game 2 of 3</strong></a>\n", "uploadtime": 1746043048, "views": 21, "formatid": "gen9vgc2025regibo3", "rating": null, "private": 0, "password": null}