{"id": "gen9vgc2025regibo3-2353702620", "format": "[Gen 9] VGC 2025 Reg I (Bo3)", "players": ["catsharknado", "PokemonmasterN2009"], "log": "|j|\u2606catsharknado\n|j|\u2606PokemonmasterN2009\n|html|<table width=\"100%\"><tr><td align=\"left\">catsharknado</td><td align=\"right\">PokemonmasterN2009</tr><tr><td align=\"left\"><i class=\"fa fa-circle-o\"></i> <i class=\"fa fa-circle-o\"></i> </td><td align=\"right\"><i class=\"fa fa-circle-o\"></i> <i class=\"fa fa-circle-o\"></i> </tr></table>\n|uhtml|bestof|<h2><strong>Game 1</strong> of <a href=\"/game-bestof3-gen9vgc2025regibo3-2353702619\">a best-of-3</a></h2>\n|t:|1745985759\n|gametype|doubles\n|player|p1|catsharknado|170|1392\n|player|p2|PokemonmasterN2009|steven|1485\n|teamsize|p1|6\n|teamsize|p2|6\n|gen|9\n|tier|[Gen 9] VGC 2025 Reg I (Bo3)\n|rated|\n|rule|Species Clause: Limit one of each Pok\u00e9mon\n|rule|Item Clause: Limit 1 of each item\n|clearpoke\n|poke|p1|Terapagos, L50, M|\n|poke|p1|Incineroar, L50, F|\n|poke|p1|Rillaboom, L50, F|\n|poke|p1|Ogerpon-Cornerstone, L50, F|\n|poke|p1|Flutter Mane, L50|\n|poke|p1|Calyrex-Shadow, L50|\n|poke|p2|Calyrex-Ice, L50|\n|poke|p2|Smeargle, L50, M|\n|poke|p2|Kyogre, L50|\n|poke|p2|Farigiraf, L50, M|\n|poke|p2|Amoonguss, L50, M|\n|poke|p2|Rillaboom, L50, F|\n|teampreview|4\n|showteam|p1|Terapagos||Leftovers|TeraShift|CalmMind,Protect,TeraStarstorm,EarthPower|||M|||50|,,,,,Stellar]Incineroar||SafetyGoggles|Intimidate|KnockOff,FakeOut,PartingShot,WillOWisp|||F|||50|,,,,,Ghost]Rillaboom||AssaultVest|GrassySurge|GrassyGlide,WoodHammer,FakeOut,Uturn|||F|||50|,,,,,Grass]Ogerpon-Cornerstone||CornerstoneMask|Sturdy|IvyCudgel,SpikyShield,FollowMe,PowerWhip|||F|||50|,,,,,Rock]Flutter Mane||BoosterEnergy|Protosynthesis|Moonblast,Protect,ThunderWave,Taunt||||||50|,,,,,Fairy]Calyrex-Shadow||FocusSash|AsOneSpectrier|AstralBarrage,Protect,WillOWisp,PollenPuff||||||50|,,,,,Ghost\n|showteam|p2|Calyrex-Ice||ClearAmulet|AsOneGlastrier|TrickRoom,GlacialLance,HighHorsepower,Protect||||||50|,,,,,Water]Smeargle||FocusSash|OwnTempo|Spore,FollowMe,WideGuard,Decorate|||M|||50|,,,,,Grass]Kyogre||IronBall|Drizzle|WaterSpout,HydroPump,Thunder,IceBeam||||||50|,,,,,Grass]Farigiraf||ThroatSpray|ArmorTail|TrickRoom,HyperVoice,Roar,PsychicNoise|||M|||50|,,,,,Water]Amoonguss||MentalHerb|Regenerator|RagePowder,ClearSmog,Spore,PollenPuff|||M|||50|,,,,,Water]Rillaboom||MiracleSeed|GrassySurge|GrassyGlide,WoodHammer,Taunt,FakeOut|||F|||50|,,,,,Grass\n|inactive|Battle timer is ON: inactive players will automatically lose when time's up. (requested by catsharknado)\n|inactive|PokemonmasterN2009 also wants the timer to be on.\n|inactive|catsharknado has 60 seconds left.\n|\n|t:|1745985804\n|start\n|switch|p1a: Terapagos|Terapagos, L50, M|100/100\n|switch|p1b: Flutter Mane|Flutter Mane, L50|100/100\n|switch|p2a: Mr. Snoopy|Smeargle, L50, M, shiny|100/100\n|switch|p2b: Mr. Rider|Calyrex-Ice, L50|100/100\n|-activate|p1a: Terapagos|ability: Tera Shift\n|detailschange|p1a: Terapagos|Terapagos-Terastal, L50, M\n|-heal|p1a: Terapagos|100/100|[silent]\n|-ability|p2b: Mr. Rider|As One\n|-ability|p2b: Mr. Rider|Unnerve\n|-enditem|p1b: Flutter Mane|Booster Energy\n|-activate|p1b: Flutter Mane|ability: Protosynthesis|[fromitem]\n|-start|p1b: Flutter Mane|protosynthesisspe\n|turn|1\n|\n|t:|1745985814\n|move|p2a: Mr. Snoopy|Follow Me|p2a: Mr. Snoopy\n|-singleturn|p2a: Mr. Snoopy|move: Follow Me\n|move|p1b: Flutter Mane|Taunt|p2a: Mr. Snoopy\n|-start|p2a: Mr. Snoopy|move: Taunt\n|move|p1a: Terapagos|Calm Mind|p1a: Terapagos\n|-boost|p1a: Terapagos|spa|1\n|-boost|p1a: Terapagos|spd|1\n|move|p2b: Mr. Rider|Trick Room|p2b: Mr. Rider\n|-fieldstart|move: Trick Room|[of] p2b: Mr. Rider\n|\n|upkeep\n|turn|2\n|inactive|catsharknado has 30 seconds left.\n|\n|t:|1745985846\n|switch|p2a: Mr. Not-Effarig|Farigiraf, L50, M|100/100\n|move|p2b: Mr. Rider|Glacial Lance|p1b: Flutter Mane|[spread] p1a,p1b\n|-activate|p1a: Terapagos|ability: Tera Shell\n|-resisted|p1a: Terapagos\n|-damage|p1a: Terapagos|77/100\n|-damage|p1b: Flutter Mane|9/100\n|move|p1a: Terapagos|Tera Starstorm|p2b: Mr. Rider\n|-damage|p2b: Mr. Rider|47/100\n|move|p1b: Flutter Mane|Taunt|p2a: Mr. Not-Effarig\n|-start|p2a: Mr. Not-Effarig|move: Taunt\n|\n|-heal|p1a: Terapagos|83/100|[from] item: Leftovers\n|upkeep\n|turn|3\n|\n|t:|1745985870\n|-end|p1b: Flutter Mane|Protosynthesis|[silent]\n|switch|p1b: Incineroar|Incineroar, L50, F, shiny|100/100\n|-ability|p1b: Incineroar|Intimidate|boost\n|-unboost|p2a: Mr. Not-Effarig|atk|1\n|-fail|p2b: Mr. Rider|unboost|[from] item: Clear Amulet|[of] p2b: Mr. Rider\n|move|p2a: Mr. Not-Effarig|Hyper Voice|p1b: Incineroar|[spread] p1a,p1b\n|-damage|p1a: Terapagos|64/100\n|-damage|p1b: Incineroar|71/100\n|-enditem|p2a: Mr. Not-Effarig|Throat Spray\n|-boost|p2a: Mr. Not-Effarig|spa|1|[from] item: Throat Spray\n|move|p2b: Mr. Rider|Glacial Lance|p1a: Terapagos|[spread] p1a,p1b\n|-resisted|p1b: Incineroar\n|-damage|p1a: Terapagos|19/100\n|-damage|p1b: Incineroar|49/100\n|move|p1a: Terapagos|Tera Starstorm|p2b: Mr. Rider\n|-damage|p2b: Mr. Rider|0 fnt\n|faint|p2b: Mr. Rider\n|\n|-heal|p1a: Terapagos|25/100|[from] item: Leftovers\n|upkeep\n|\n|t:|1745985884\n|switch|p2b: Mr. Snoopy|Smeargle, L50, M, shiny|100/100\n|turn|4\n|\n|t:|1745985903\n|move|p1a: Terapagos|Protect|p1a: Terapagos\n|-singleturn|p1a: Terapagos|Protect\n|move|p2b: Mr. Snoopy|Decorate|p2a: Mr. Not-Effarig\n|-boost|p2a: Mr. Not-Effarig|atk|2\n|-boost|p2a: Mr. Not-Effarig|spa|2\n|move|p2a: Mr. Not-Effarig|Hyper Voice|p1a: Terapagos|[spread] p1b\n|-activate|p1a: Terapagos|move: Protect\n|-damage|p1b: Incineroar|0 fnt\n|faint|p1b: Incineroar\n|\n|-heal|p1a: Terapagos|31/100|[from] item: Leftovers\n|-end|p2a: Mr. Not-Effarig|move: Taunt\n|upkeep\n|\n|t:|1745985910\n|switch|p1b: Calyrex|Calyrex-Shadow, L50|100/100\n|-ability|p1b: Calyrex|As One\n|-ability|p1b: Calyrex|Unnerve\n|turn|5\n|\n|t:|1745985933\n|-terastallize|p1a: Terapagos|Stellar\n|detailschange|p1a: Terapagos|Terapagos-Stellar, L50, M, tera:Stellar\n|-heal|p1a: Terapagos|49/100|[silent]\n|move|p1a: Terapagos|Protect|p1a: Terapagos\n|-singleturn|p1a: Terapagos|Protect\n|move|p2b: Mr. Snoopy|Spore|p1b: Calyrex\n|-status|p1b: Calyrex|slp|[from] move: Spore\n|move|p2a: Mr. Not-Effarig|Hyper Voice|p1b: Calyrex|[spread] \n|-activate|p1a: Terapagos|move: Protect\n|-immune|p1b: Calyrex\n|cant|p1b: Calyrex|slp\n|\n|-heal|p1a: Terapagos|55/100|[from] item: Leftovers\n|-fieldend|move: Trick Room\n|upkeep\n|turn|6\n|\n|t:|1745985949\n|switch|p1b: Flutter Mane|Flutter Mane, L50|9/100\n|move|p2b: Mr. Snoopy|Wide Guard|p2b: Mr. Snoopy\n|-singleturn|p2b: Mr. Snoopy|Wide Guard\n|move|p1a: Terapagos|Earth Power|p2a: Mr. Not-Effarig\n|-damage|p2a: Mr. Not-Effarig|55/100\n|move|p2a: Mr. Not-Effarig|Trick Room|p2a: Mr. Not-Effarig\n|-fieldstart|move: Trick Room|[of] p2a: Mr. Not-Effarig\n|\n|-heal|p1a: Terapagos|61/100|[from] item: Leftovers\n|upkeep\n|turn|7\n|\n|t:|1745985968\n|-end|p1b: Flutter Mane|Protosynthesis|[silent]\n|switch|p1b: Calyrex|Calyrex-Shadow, L50|100/100 slp\n|-ability|p1b: Calyrex|As One\n|-ability|p1b: Calyrex|Unnerve\n|move|p2b: Mr. Snoopy|Spore|p1b: Calyrex\n|-fail|p1b: Calyrex|slp\n|move|p2a: Mr. Not-Effarig|Hyper Voice|p1b: Calyrex|[spread] p1a\n|-immune|p1b: Calyrex\n|-damage|p1a: Terapagos|29/100\n|move|p1a: Terapagos|Tera Starstorm|p2a: Mr. Not-Effarig|[spread] p2a,p2b\n|-damage|p2a: Mr. Not-Effarig|10/100\n|-damage|p2b: Mr. Snoopy|4/100\n|\n|-heal|p1a: Terapagos|35/100|[from] item: Leftovers\n|upkeep\n|turn|8\n|\n|t:|1745985992\n|move|p1a: Terapagos|Protect|p1a: Terapagos\n|-singleturn|p1a: Terapagos|Protect\n|move|p2b: Mr. Snoopy|Decorate|p2a: Mr. Not-Effarig\n|-boost|p2a: Mr. Not-Effarig|atk|2\n|-boost|p2a: Mr. Not-Effarig|spa|2\n|move|p2a: Mr. Not-Effarig|Hyper Voice|p1a: Terapagos|[spread] \n|-activate|p1a: Terapagos|move: Protect\n|-immune|p1b: Calyrex\n|cant|p1b: Calyrex|slp\n|\n|-heal|p1a: Terapagos|41/100|[from] item: Leftovers\n|upkeep\n|turn|9\n|\n|t:|1745986009\n|switch|p1a: Flutter Mane|Flutter Mane, L50|9/100\n|move|p2b: Mr. Snoopy|Follow Me|p2b: Mr. Snoopy\n|-singleturn|p2b: Mr. Snoopy|move: Follow Me\n|move|p2a: Mr. Not-Effarig|Hyper Voice|p1b: Calyrex|[spread] \n|-immune|p1a: Flutter Mane\n|-immune|p1b: Calyrex\n|cant|p1b: Calyrex|slp\n|\n|upkeep\n|turn|10\n|inactive|PokemonmasterN2009 has 30 seconds left.\n|\n|t:|1745986042\n|move|p1a: Flutter Mane|Protect|p1a: Flutter Mane\n|-singleturn|p1a: Flutter Mane|Protect\n|move|p2b: Mr. Snoopy|Spore|p1a: Flutter Mane\n|-activate|p1a: Flutter Mane|move: Protect\n|move|p2a: Mr. Not-Effarig|Psychic Noise|p1b: Calyrex\n|-resisted|p1b: Calyrex\n|-damage|p1b: Calyrex|43/100 slp\n|-start|p1b: Calyrex|move: Heal Block\n|-curestatus|p1b: Calyrex|slp|[msg]\n|move|p1b: Calyrex|Pollen Puff|p2b: Mr. Snoopy\n|-damage|p2b: Mr. Snoopy|0 fnt\n|faint|p2b: Mr. Snoopy\n|-ability|p1b: Calyrex|Grim Neigh|boost\n|-boost|p1b: Calyrex|spa|1\n|\n|-fieldend|move: Trick Room\n|upkeep\n|\n|t:|1745986047\n|switch|p2b: Mr. Whalelord|Kyogre, L50, shiny|100/100\n|-weather|RainDance|[from] ability: Drizzle|[of] p2b: Mr. Whalelord\n|turn|11\n|inactive|catsharknado has 30 seconds left.\n|inactive|catsharknado has 20 seconds left.\n|inactive|catsharknado has 15 seconds left.\n|\n|t:|1745986088\n|move|p1b: Calyrex|Protect|p1b: Calyrex\n|-singleturn|p1b: Calyrex|Protect\n|move|p1a: Flutter Mane|Moonblast|p2a: Mr. Not-Effarig\n|-damage|p2a: Mr. Not-Effarig|0 fnt\n|faint|p2a: Mr. Not-Effarig\n|move|p2b: Mr. Whalelord|Water Spout|p1a: Flutter Mane|[spread] p1a\n|-activate|p1b: Calyrex|move: Protect\n|-damage|p1a: Flutter Mane|0 fnt\n|faint|p1a: Flutter Mane\n|-end|p1a: Flutter Mane|Protosynthesis|[silent]\n|\n|-weather|RainDance|[upkeep]\n|-end|p1b: Calyrex|move: Heal Block\n|upkeep\n|\n|t:|1745986094\n|switch|p1a: Terapagos|Terapagos-Stellar, L50, M, tera:Stellar|41/100\n|turn|12\n|\n|t:|1745986115\n|move|p1b: Calyrex|Pollen Puff|p1a: Terapagos\n|-heal|p1a: Terapagos|91/100\n|move|p1a: Terapagos|Calm Mind|p1a: Terapagos\n|-boost|p1a: Terapagos|spa|1\n|-boost|p1a: Terapagos|spd|1\n|move|p2b: Mr. Whalelord|Hydro Pump|p1b: Calyrex\n|-damage|p1b: Calyrex|0 fnt\n|faint|p1b: Calyrex\n|\n|-weather|RainDance|[upkeep]\n|-heal|p1a: Terapagos|97/100|[from] item: Leftovers\n|upkeep\n|turn|13\n|\n|t:|1745986125\n|move|p1a: Terapagos|Protect|p1a: Terapagos\n|-singleturn|p1a: Terapagos|Protect\n|move|p2b: Mr. Whalelord|Water Spout|p1a: Terapagos\n|-activate|p1a: Terapagos|move: Protect\n|\n|-weather|RainDance|[upkeep]\n|-heal|p1a: Terapagos|100/100|[from] item: Leftovers\n|upkeep\n|turn|14\n|\n|t:|1745986130\n|move|p1a: Terapagos|Tera Starstorm|p2b: Mr. Whalelord\n|-damage|p2b: Mr. Whalelord|57/100\n|move|p2b: Mr. Whalelord|Water Spout|p1a: Terapagos\n|-damage|p1a: Terapagos|66/100\n|\n|-weather|RainDance|[upkeep]\n|-heal|p1a: Terapagos|72/100|[from] item: Leftovers\n|upkeep\n|turn|15\n|\n|t:|1745986135\n|move|p1a: Terapagos|Protect|p1a: Terapagos\n|-singleturn|p1a: Terapagos|Protect\n|move|p2b: Mr. Whalelord|Hydro Pump|p1a: Terapagos\n|-activate|p1a: Terapagos|move: Protect\n|\n|-weather|none\n|-heal|p1a: Terapagos|79/100|[from] item: Leftovers\n|upkeep\n|turn|16\n|\n|t:|1745986139\n|move|p1a: Terapagos|Tera Starstorm|p2b: Mr. Whalelord\n|-damage|p2b: Mr. Whalelord|11/100\n|move|p2b: Mr. Whalelord|Hydro Pump|p1a: Terapagos|[miss]\n|-miss|p2b: Mr. Whalelord|p1a: Terapagos\n|\n|-heal|p1a: Terapagos|85/100|[from] item: Leftovers\n|upkeep\n|turn|17\n|-message|PokemonmasterN2009 forfeited.\n|\n|win|catsharknado\n|l|\u2606PokemonmasterN2009\n|player|p2|\n||PokemonmasterN2009 is ready for game 2.\n||catsharknado is ready for game 2.\n|uhtml|next|Next: <a href=\"/battle-gen9vgc2025regibo3-2353705286\"><strong>Game 2 of 3</strong></a>\n", "uploadtime": 1745986444, "views": 5, "formatid": "gen9vgc2025regibo3", "rating": null, "private": 0, "password": null}