{"id": "gen9vgc2025regibo3-2353743687", "format": "[Gen 9] VGC 2025 Reg I (Bo3)", "players": ["ZippidyZap", "onya nurve"], "log": "|j|\u2606ZippidyZap\n|j|\u2606onya nurve\n|html|<table width=\"100%\"><tr><td align=\"left\">ZippidyZap</td><td align=\"right\">onya nurve</tr><tr><td align=\"left\"><i class=\"fa fa-circle-o\"></i> <i class=\"fa fa-circle-o\"></i> </td><td align=\"right\"><i class=\"fa fa-circle-o\"></i> <i class=\"fa fa-circle\"></i> </tr></table>\n|uhtml|bestof|<h2><strong>Game 2</strong> of <a href=\"/game-bestof3-gen9vgc2025regibo3-2353740006\">a best-of-3</a></h2>\n|t:|1745992383\n|gametype|doubles\n|player|p1|ZippidyZap|hilbert|1219\n|player|p2|onya nurve|winona|1325\n|teamsize|p1|6\n|teamsize|p2|6\n|gen|9\n|tier|[Gen 9] VGC 2025 Reg I (Bo3)\n|rated|\n|rule|Species Clause: Limit one of each Pok\u00e9mon\n|rule|Item Clause: Limit 1 of each item\n|clearpoke\n|poke|p1|Calyrex-Shadow, L50|\n|poke|p1|Whimsicott, L50, F|\n|poke|p1|Clefairy, L50, M|\n|poke|p1|Miraidon, L50|\n|poke|p1|Iron Hands, L50|\n|poke|p1|Chi-Yu, L50|\n|poke|p2|Koraidon, L50|\n|poke|p2|Lunala, L50|\n|poke|p2|Incineroar, L50, F|\n|poke|p2|Amoonguss, L50, M|\n|poke|p2|Flutter Mane, L50|\n|poke|p2|Ursaluna, L50, F|\n|teampreview|4\n|showteam|p1|Calyrex-Shadow||FocusSash|AsOneSpectrier|AstralBarrage,TeraBlast,DarkPulse,Protect||||||50|,,,,,Fighting]Whimsicott||CovertCloak|Prankster|Moonblast,Tailwind,FakeTears,Encore|||F|||50|,,,,,Dark]Clefairy||Eviolite|FriendGuard|FollowMe,IcyWind,Protect,AfterYou|||M|||50|,,,,,Grass]Miraidon||LifeOrb|HadronEngine|ElectroDrift,VoltSwitch,DragonPulse,Protect||||||50|,,,,,Electric]Iron Hands||AssaultVest|QuarkDrive|FakeOut,DrainPunch,HeavySlam,VoltSwitch||||||50|,,,,,Bug]Chi-Yu||ChoiceScarf|BeadsofRuin|DarkPulse,Flamethrower,Snarl,HeatWave||||||50|,,,,,Ghost\n|showteam|p2|Koraidon||LifeOrb|OrichalcumPulse|FlareBlitz,CloseCombat,FlameCharge,Protect||||||50|,,,,,Fire]Lunala||Leftovers|ShadowShield|Moonblast,MoongeistBeam,TrickRoom,WideGuard||||||50|,,,,,Fairy]Incineroar||SafetyGoggles|Intimidate|FakeOut,FlareBlitz,KnockOff,PartingShot|||F|||50|,,,,,Bug]Amoonguss||CovertCloak|Regenerator|Spore,RagePowder,PollenPuff,Protect|||M|||50|,,,,,Dark]Flutter Mane||FocusSash|Protosynthesis|Moonblast,ShadowBall,IcyWind,Protect||||||50|,,,,,Normal]Ursaluna||FlameOrb|Guts|HeadlongRush,Facade,Earthquake,Protect|||F|||50|,,,,,Ghost\n|\n|t:|1745992410\n|start\n|switch|p1a: SnacSmileBac|Chi-Yu, L50|100/100\n|switch|p1b: Yamaha|Miraidon, L50|100/100\n|switch|p2a: Lunala|Lunala, L50|100/100\n|switch|p2b: Incineroar|Incineroar, L50, F|100/100\n|-ability|p1a: SnacSmileBac|Beads of Ruin\n|-fieldstart|move: Electric Terrain|[from] ability: Hadron Engine|[of] p1b: Yamaha\n|-ability|p2b: Incineroar|Intimidate|boost\n|-unboost|p1a: SnacSmileBac|atk|1\n|-unboost|p1b: Yamaha|atk|1\n|turn|1\n|inactive|Battle timer is ON: inactive players will automatically lose when time's up. (requested by onya nurve)\n|inactive|ZippidyZap has 60 seconds left.\n|inactive|ZippidyZap has 30 seconds left.\n|\n|t:|1745992514\n|-terastallize|p1b: Yamaha|Electric\n|-terastallize|p2a: Lunala|Fairy\n|move|p2b: Incineroar|Fake Out|p1b: Yamaha\n|-damage|p1b: Yamaha|90/100\n|move|p1a: SnacSmileBac|Snarl|p2a: Lunala|[spread] p2a,p2b\n|-resisted|p2a: Lunala\n|-resisted|p2b: Incineroar\n|-crit|p2b: Incineroar\n|-damage|p2a: Lunala|96/100\n|-damage|p2b: Incineroar|80/100\n|-unboost|p2a: Lunala|spa|1\n|-unboost|p2b: Incineroar|spa|1\n|cant|p1b: Yamaha|flinch\n|move|p2a: Lunala|Trick Room|p2a: Lunala\n|-fieldstart|move: Trick Room|[of] p2a: Lunala\n|\n|-heal|p2a: Lunala|100/100|[from] item: Leftovers\n|upkeep\n|turn|2\n|inactive|ZippidyZap has 30 seconds left.\n|inactive|onya nurve has 30 seconds left.\n|inactive|ZippidyZap has 20 seconds left.\n|inactive|onya nurve has 20 seconds left.\n|inactive|onya nurve has 15 seconds left.\n|\n|t:|1745992562\n|switch|p1a: Hannah|Clefairy, L50, M|100/100\n|move|p1b: Yamaha|Protect|p1b: Yamaha\n|-singleturn|p1b: Yamaha|Protect\n|move|p2b: Incineroar|Parting Shot|p1b: Yamaha\n|-activate|p1b: Yamaha|move: Protect\n|move|p2a: Lunala|Moongeist Beam|p1b: Yamaha\n|-activate|p1b: Yamaha|move: Protect\n|\n|upkeep\n|turn|3\n|inactive|ZippidyZap has 30 seconds left.\n|inactive|ZippidyZap has 20 seconds left.\n|inactive|ZippidyZap has 15 seconds left.\n|inactive|ZippidyZap has 10 seconds left.\n|inactive|ZippidyZap has 5 seconds left.\n|\n|t:|1745992617\n|switch|p2a: Amoonguss|Amoonguss, L50, M|100/100\n|move|p1a: Hannah|Follow Me|p1a: Hannah\n|-singleturn|p1a: Hannah|move: Follow Me\n|move|p2b: Incineroar|Parting Shot|p1a: Hannah\n|-unboost|p1a: Hannah|atk|1\n|-unboost|p1a: Hannah|spa|1\n|\n|t:|1745992624\n|switch|p2b: Ursaluna|Ursaluna, L50, F|100/100|[from] Parting Shot\n|move|p1b: Yamaha|Volt Switch|p2b: Ursaluna\n|-immune|p2b: Ursaluna\n|\n|-status|p2b: Ursaluna|brn|[from] item: Flame Orb\n|upkeep\n|turn|4\n|inactive|ZippidyZap has 30 seconds left.\n|inactive|ZippidyZap has 20 seconds left.\n|inactive|ZippidyZap has 15 seconds left.\n|inactive|ZippidyZap has 10 seconds left.\n|inactive|ZippidyZap has 5 seconds left.\n|\n|t:|1745992674\n|move|p2a: Amoonguss|Protect|p2a: Amoonguss\n|-singleturn|p2a: Amoonguss|Protect\n|move|p1a: Hannah|Follow Me|p1a: Hannah\n|-singleturn|p1a: Hannah|move: Follow Me\n|move|p2b: Ursaluna|Earthquake|p1a: Hannah|[spread] p1a,p1b\n|-activate|p2a: Amoonguss|move: Protect\n|-supereffective|p1b: Yamaha\n|-damage|p1a: Hannah|43/100\n|-damage|p1b: Yamaha|0 fnt\n|faint|p1b: Yamaha\n|\n|-damage|p2b: Ursaluna|95/100 brn|[from] brn\n|upkeep\n|\n|t:|1745992684\n|switch|p1b: The King|Calyrex-Shadow, L50|100/100\n|-ability|p1b: The King|As One\n|-ability|p1b: The King|Unnerve\n|turn|5\n|\n|t:|1745992704\n|switch|p2a: Incineroar|Incineroar, L50, F|80/100\n|-ability|p2a: Incineroar|Intimidate|boost\n|-unboost|p1a: Hannah|atk|1\n|-unboost|p1b: The King|atk|1\n|move|p1a: Hannah|Protect|p1a: Hannah\n|-singleturn|p1a: Hannah|Protect\n|move|p1b: The King|Protect|p1b: The King\n|-singleturn|p1b: The King|Protect\n|move|p2b: Ursaluna|Facade|p1a: Hannah\n|-activate|p1a: Hannah|move: Protect\n|\n|-damage|p2b: Ursaluna|89/100 brn|[from] brn\n|-fieldend|move: Trick Room\n|-fieldend|move: Electric Terrain\n|upkeep\n|turn|6\n|inactive|ZippidyZap has 30 seconds left.\n|inactive|onya nurve has 30 seconds left.\n|inactive|ZippidyZap has 20 seconds left.\n|inactive|ZippidyZap has 15 seconds left.\n|inactive|ZippidyZap has 10 seconds left.\n|inactive|ZippidyZap has 5 seconds left.\n|\n|t:|1745992756\n|move|p2a: Incineroar|Fake Out|p1a: Hannah\n|-damage|p1a: Hannah|34/100\n|move|p1b: The King|Dark Pulse|p2b: Ursaluna\n|-damage|p2b: Ursaluna|58/100 brn\n|cant|p2b: Ursaluna|flinch\n|cant|p1a: Hannah|flinch\n|\n|-damage|p2b: Ursaluna|52/100 brn|[from] brn\n|upkeep\n|turn|7\n|inactive|ZippidyZap has 30 seconds left.\n|inactive|onya nurve has 30 seconds left.\n|inactive|ZippidyZap has 20 seconds left.\n|inactive|ZippidyZap has 15 seconds left.\n|inactive|onya nurve has 20 seconds left.\n|inactive|onya nurve has 15 seconds left.\n|\n|t:|1745992804\n|move|p2b: Ursaluna|Protect|p2b: Ursaluna\n|-singleturn|p2b: Ursaluna|Protect\n|move|p1a: Hannah|Follow Me|p1a: Hannah\n|-singleturn|p1a: Hannah|move: Follow Me\n|move|p1b: The King|Dark Pulse|p2b: Ursaluna\n|-activate|p2b: Ursaluna|move: Protect\n|move|p2a: Incineroar|Parting Shot|p1a: Hannah\n|-unboost|p1a: Hannah|atk|1\n|-unboost|p1a: Hannah|spa|1\n|\n|t:|1745992816\n|switch|p2a: Lunala|Lunala, L50, tera:Fairy|100/100|[from] Parting Shot\n|\n|-damage|p2b: Ursaluna|46/100 brn|[from] brn\n|upkeep\n|turn|8\n|\n|t:|1745992824\n|switch|p2b: Incineroar|Incineroar, L50, F|80/100\n|-ability|p2b: Incineroar|Intimidate|boost\n|-unboost|p1a: Hannah|atk|1\n|-unboost|p1b: The King|atk|1\n|move|p1a: Hannah|Follow Me|p1a: Hannah\n|-singleturn|p1a: Hannah|move: Follow Me\n|move|p1b: The King|Astral Barrage|p2a: Lunala|[spread] p2a,p2b\n|-resisted|p2b: Incineroar\n|-damage|p2a: Lunala|82/100\n|-damage|p2b: Incineroar|55/100\n|move|p2a: Lunala|Moongeist Beam|p1a: Hannah\n|-damage|p1a: Hannah|0 fnt\n|faint|p1a: Hannah\n|\n|-heal|p2a: Lunala|87/100|[from] item: Leftovers\n|upkeep\n|\n|t:|1745992834\n|switch|p1a: SnacSmileBac|Chi-Yu, L50|100/100\n|-ability|p1a: SnacSmileBac|Beads of Ruin\n|turn|9\n|inactive|onya nurve has 30 seconds left.\n|inactive|onya nurve has 20 seconds left.\n|\n|t:|1745992872\n|switch|p2a: Ursaluna|Ursaluna, L50, F|46/100 brn\n|move|p1a: SnacSmileBac|Flamethrower|p2a: Ursaluna\n|-damage|p2a: Ursaluna|0 fnt\n|faint|p2a: Ursaluna\n|move|p1b: The King|Astral Barrage|p2b: Incineroar\n|-resisted|p2b: Incineroar\n|-damage|p2b: Incineroar|13/100\n|move|p2b: Incineroar|Knock Off|p1b: The King\n|-supereffective|p1b: The King\n|-enditem|p1b: The King|Focus Sash\n|-damage|p1b: The King|1/100\n|\n|upkeep\n|inactive|onya nurve has 30 seconds left.\n|\n|t:|1745992900\n|switch|p2a: Amoonguss|Amoonguss, L50, M|100/100\n|turn|10\n|\n|t:|1745992917\n|move|p2a: Amoonguss|Protect|p2a: Amoonguss\n|-singleturn|p2a: Amoonguss|Protect\n|move|p1a: SnacSmileBac|Flamethrower|p2a: Amoonguss\n|-activate|p2a: Amoonguss|move: Protect\n|move|p1b: The King|Astral Barrage|p2b: Incineroar|[spread] p2b\n|-activate|p2a: Amoonguss|move: Protect\n|-resisted|p2b: Incineroar\n|-damage|p2b: Incineroar|0 fnt\n|faint|p2b: Incineroar\n|-ability|p1b: The King|Grim Neigh|boost\n|-boost|p1b: The King|spa|1\n|\n|upkeep\n|\n|t:|1745992924\n|switch|p2b: Lunala|Lunala, L50, tera:Fairy|87/100\n|turn|11\n|inactive|ZippidyZap has 30 seconds left.\n|inactive|onya nurve has 30 seconds left.\n|\n|t:|1745992955\n|move|p2a: Amoonguss|Rage Powder|p2a: Amoonguss\n|-singleturn|p2a: Amoonguss|move: Rage Powder\n|move|p1a: SnacSmileBac|Flamethrower|p2a: Amoonguss\n|-supereffective|p2a: Amoonguss\n|-damage|p2a: Amoonguss|0 fnt\n|faint|p2a: Amoonguss\n|move|p1b: The King|Astral Barrage|p2b: Lunala\n|-damage|p2b: Lunala|0 fnt\n|faint|p2b: Lunala\n|\n|win|ZippidyZap\n", "uploadtime": 1745992961, "views": 70, "formatid": "gen9vgc2025regibo3", "rating": null, "private": 0, "password": null}