{"id": "gen9vgc2025regibo3-2353833875", "format": "[Gen 9] VGC 2025 Reg I (Bo3)", "players": ["Jwwt", "opjk8uy"], "log": "|j|\u2606Jwwt\n|j|\u2606opjk8uy\n|html|<table width=\"100%\"><tr><td align=\"left\">Jwwt</td><td align=\"right\">opjk8uy</tr><tr><td align=\"left\"><i class=\"fa fa-circle-o\"></i> <i class=\"fa fa-circle-o\"></i> </td><td align=\"right\"><i class=\"fa fa-circle-o\"></i> <i class=\"fa fa-circle-o\"></i> </tr></table>\n|uhtml|bestof|<h2><strong>Game 1</strong> of <a href=\"/game-bestof3-gen9vgc2025regibo3-2353833874\">a best-of-3</a></h2>\n|t:|1746007603\n|gametype|doubles\n|player|p1|Jwwt|waitress-gen4|1082\n|player|p2|opjk8uy|169|1069\n|teamsize|p1|6\n|teamsize|p2|6\n|gen|9\n|tier|[Gen 9] VGC 2025 Reg I (Bo3)\n|rated|\n|rule|Species Clause: Limit one of each Pok\u00e9mon\n|rule|Item Clause: Limit 1 of each item\n|clearpoke\n|poke|p1|Kyogre, L50|\n|poke|p1|Overqwil, L50, M|\n|poke|p1|Urshifu-*, L50, F|\n|poke|p1|Indeedee-F, L50, F|\n|poke|p1|Terapagos, L50, M|\n|poke|p1|Landorus, L50, M|\n|poke|p2|Calyrex-Shadow, L50|\n|poke|p2|Zamazenta-*, L50|\n|poke|p2|Incineroar, L50, M|\n|poke|p2|Rillaboom, L50, F|\n|poke|p2|Gholdengo, L50|\n|poke|p2|Clefairy, L50, M|\n|teampreview|4\n|showteam|p1|Kyogre||SitrusBerry|Drizzle|OriginPulse,CalmMind,IceBeam,Protect||||||50|,,,,,Grass]Overqwil||CovertCloak|SwiftSwim|Acupressure,DestinyBond,PoisonJab,Taunt|||M|||50|,,,,,Fairy]Urshifu-Rapid-Strike||ChoiceScarf|UnseenFist|SurgingStrikes,AquaJet,CloseCombat,Uturn|||F|||50|,,,,,Water]Indeedee-F||PsychicSeed|PsychicSurge|HealPulse,FollowMe,TrickRoom,Psychic|||F|||50|,,,,,Grass]Terapagos||Leftovers|TeraShift|CalmMind,TeraStarstorm,Protect,Substitute|||M|||50|,,,,,Stellar]Landorus||LifeOrb|SheerForce|SandsearStorm,EarthPower,SludgeBomb,Protect|||M|||50|,,,,,Poison\n|showteam|p2|Calyrex-Shadow||FocusSash|AsOneSpectrier|AstralBarrage,NastyPlot,Psychic,ShadowBall||||||50|,,,,,Psychic]Zamazenta-Crowned||RustedShield|DauntlessShield|IronDefense,WideGuard,BodyPress,behemothbash||||||50|,,,,,Fighting]Incineroar||SafetyGoggles|Intimidate|FakeOut,FlareBlitz,PartingShot,Uturn|||M|||50|,,,,,Fire]Rillaboom||AssaultVest|GrassySurge|Trailblaze,WoodHammer,FakeOut,KnockOff|||F|||50|,,,,,Grass]Gholdengo||WeaknessPolicy|GoodasGold|MakeItRain,Thunderbolt,NastyPlot,ThunderWave||||||50|,,,,,Steel]Clefairy||Eviolite|FriendGuard|DazzlingGleam,FollowMe,HelpingHand,Protect|||M|||50|,,,,,Fairy\n|inactive|Battle timer is ON: inactive players will automatically lose when time's up. (requested by Jwwt)\n|\n|t:|1746007642\n|start\n|switch|p1a: Terapagos|Terapagos, L50, M|100/100\n|switch|p1b: Sea slug|Kyogre, L50|100/100\n|switch|p2a: Zamazenta|Zamazenta-Crowned, L50|100/100\n|switch|p2b: Clefairy|Clefairy, L50, M|100/100\n|-activate|p1a: Terapagos|ability: Tera Shift\n|detailschange|p1a: Terapagos|Terapagos-Terastal, L50, M\n|-heal|p1a: Terapagos|100/100|[silent]\n|-ability|p2a: Zamazenta|Dauntless Shield|boost\n|-boost|p2a: Zamazenta|def|1\n|-weather|RainDance|[from] ability: Drizzle|[of] p1b: Sea slug\n|turn|1\n|inactive|Jwwt has 30 seconds left.\n|\n|t:|1746007672\n|switch|p1a: Overqwil|Overqwil, L50, M|100/100\n|move|p2a: Zamazenta|Wide Guard|p2a: Zamazenta\n|-singleturn|p2a: Zamazenta|Wide Guard\n|move|p1b: Sea slug|Calm Mind|p1b: Sea slug\n|-boost|p1b: Sea slug|spa|1\n|-boost|p1b: Sea slug|spd|1\n|move|p2b: Clefairy|Dazzling Gleam|p1a: Overqwil|[spread] p1a,p1b\n|-damage|p1a: Overqwil|83/100\n|-damage|p1b: Sea slug|94/100\n|\n|-weather|RainDance|[upkeep]\n|upkeep\n|turn|2\n|\n|t:|1746007692\n|move|p2b: Clefairy|Helping Hand|p2a: Zamazenta\n|-singleturn|p2a: Zamazenta|Helping Hand|[of] p2b: Clefairy\n|move|p1b: Sea slug|Protect|p1b: Sea slug\n|-singleturn|p1b: Sea slug|Protect\n|move|p1a: Overqwil|Taunt|p2a: Zamazenta\n|-start|p2a: Zamazenta|move: Taunt\n|move|p2a: Zamazenta|Body Press|p1b: Sea slug\n|-activate|p1b: Sea slug|move: Protect\n|\n|-weather|RainDance|[upkeep]\n|upkeep\n|turn|3\n|\n|t:|1746007710\n|move|p2b: Clefairy|Helping Hand|p2a: Zamazenta\n|-singleturn|p2a: Zamazenta|Helping Hand|[of] p2b: Clefairy\n|move|p1a: Overqwil|Acupressure|p1b: Sea slug\n|-boost|p1b: Sea slug|spd|2\n|move|p2a: Zamazenta|Body Press|p1b: Sea slug\n|-damage|p1b: Sea slug|35/100\n|-enditem|p1b: Sea slug|Sitrus Berry|[eat]\n|-heal|p1b: Sea slug|60/100|[from] item: Sitrus Berry\n|move|p1b: Sea slug|Origin Pulse|p2b: Clefairy|[spread] p2a,p2b\n|-damage|p2a: Zamazenta|46/100\n|-damage|p2b: Clefairy|32/100\n|\n|-weather|RainDance|[upkeep]\n|upkeep\n|turn|4\n|\n|t:|1746007732\n|move|p2b: Clefairy|Helping Hand|p2a: Zamazenta\n|-singleturn|p2a: Zamazenta|Helping Hand|[of] p2b: Clefairy\n|move|p1b: Sea slug|Protect|p1b: Sea slug\n|-singleturn|p1b: Sea slug|Protect\n|move|p1a: Overqwil|Acupressure|p1b: Sea slug\n|-boost|p1b: Sea slug|evasion|2\n|move|p2a: Zamazenta|Body Press|p1b: Sea slug\n|-activate|p1b: Sea slug|move: Protect\n|\n|-weather|RainDance|[upkeep]\n|-end|p2a: Zamazenta|move: Taunt\n|upkeep\n|turn|5\n|\n|t:|1746007753\n|move|p2b: Clefairy|Helping Hand|p2a: Zamazenta\n|-singleturn|p2a: Zamazenta|Helping Hand|[of] p2b: Clefairy\n|move|p1a: Overqwil|Acupressure|p1b: Sea slug\n|-boost|p1b: Sea slug|spd|2\n|move|p2a: Zamazenta|Body Press|p1b: Sea slug\n|-damage|p1b: Sea slug|1/100\n|move|p1b: Sea slug|Origin Pulse|p2b: Clefairy|[spread] p2a\n|-miss|p1b: Sea slug|p2b: Clefairy\n|-crit|p2a: Zamazenta\n|-damage|p2a: Zamazenta|0 fnt\n|faint|p2a: Zamazenta\n|\n|-weather|none\n|upkeep\n|\n|t:|1746007766\n|switch|p2a: Calyrex|Calyrex-Shadow, L50|100/100\n|-ability|p2a: Calyrex|As One\n|-ability|p2a: Calyrex|Unnerve\n|turn|6\n|\n|t:|1746007787\n|switch|p1a: Terapagos|Terapagos-Terastal, L50, M|100/100\n|-terastallize|p2a: Calyrex|Psychic\n|move|p1b: Sea slug|Protect|p1b: Sea slug\n|-singleturn|p1b: Sea slug|Protect\n|move|p2b: Clefairy|Protect|p2b: Clefairy\n|-singleturn|p2b: Clefairy|Protect\n|move|p2a: Calyrex|Astral Barrage|p1b: Sea slug|[spread] \n|-activate|p1b: Sea slug|move: Protect\n|-immune|p1a: Terapagos\n|\n|upkeep\n|turn|7\n|\n|t:|1746007807\n|move|p2b: Clefairy|Helping Hand|p2a: Calyrex\n|-singleturn|p2a: Calyrex|Helping Hand|[of] p2b: Clefairy\n|move|p2a: Calyrex|Astral Barrage|p1b: Sea slug|[spread] \n|-immune|p1a: Terapagos\n|-miss|p2a: Calyrex|p1b: Sea slug\n|move|p1b: Sea slug|Origin Pulse|p2b: Clefairy|[spread] p2a,p2b\n|-crit|p2b: Clefairy\n|-damage|p2a: Calyrex|47/100\n|-damage|p2b: Clefairy|0 fnt\n|faint|p2b: Clefairy\n|move|p1a: Terapagos|Calm Mind|p1a: Terapagos\n|-boost|p1a: Terapagos|spa|1\n|-boost|p1a: Terapagos|spd|1\n|\n|upkeep\n|\n|t:|1746007815\n|switch|p2b: Rillaboom|Rillaboom, L50, F|100/100\n|-fieldstart|move: Grassy Terrain|[from] ability: Grassy Surge|[of] p2b: Rillaboom\n|turn|8\n|\n|t:|1746007832\n|move|p1b: Sea slug|Protect|p1b: Sea slug\n|-singleturn|p1b: Sea slug|Protect\n|move|p2a: Calyrex|Psychic|p1a: Terapagos\n|-activate|p1a: Terapagos|ability: Tera Shell\n|-resisted|p1a: Terapagos\n|-damage|p1a: Terapagos|78/100\n|move|p2b: Rillaboom|Trailblaze|p1b: Sea slug\n|-activate|p1b: Sea slug|move: Protect\n|move|p1a: Terapagos|Calm Mind|p1a: Terapagos\n|-boost|p1a: Terapagos|spa|1\n|-boost|p1a: Terapagos|spd|1\n|\n|-heal|p2a: Calyrex|52/100|[from] Grassy Terrain\n|-heal|p1b: Sea slug|8/100|[from] Grassy Terrain\n|-heal|p1a: Terapagos|84/100|[from] Grassy Terrain\n|-heal|p1a: Terapagos|90/100|[from] item: Leftovers\n|upkeep\n|turn|9\n|inactive|Jwwt has 30 seconds left.\n|inactive|Jwwt has 20 seconds left.\n|\n|t:|1746007868\n|-terastallize|p1a: Terapagos|Stellar\n|detailschange|p1a: Terapagos|Terapagos-Stellar, L50, M, tera:Stellar\n|-heal|p1a: Terapagos|93/100|[silent]\n|-ability|p1a: Terapagos|Teraform Zero\n|-fieldend|move: Grassy Terrain\n|move|p2a: Calyrex|Shadow Ball|p1a: Terapagos\n|-immune|p1a: Terapagos\n|move|p2b: Rillaboom|Trailblaze|p1b: Sea slug|[miss]\n|-miss|p2b: Rillaboom|p1b: Sea slug\n|move|p1b: Sea slug|Ice Beam|p2b: Rillaboom\n|-supereffective|p2b: Rillaboom\n|-damage|p2b: Rillaboom|10/100\n|-status|p2b: Rillaboom|frz\n|move|p1a: Terapagos|Tera Starstorm|p2a: Calyrex|[spread] p2a,p2b\n|-supereffective|p2a: Calyrex\n|-damage|p2a: Calyrex|0 fnt\n|-damage|p2b: Rillaboom|0 fnt\n|faint|p2a: Calyrex\n|faint|p2b: Rillaboom\n|\n|win|Jwwt\n|inactive|Jwwt has 30 seconds to confirm battle start!\n|inactive|opjk8uy has 30 seconds to confirm battle start!\n|inactive|Jwwt has 20 seconds to confirm battle start!\n|inactive|opjk8uy has 20 seconds to confirm battle start!\n|inactive|Jwwt has 10 seconds to confirm battle start!\n|inactive|opjk8uy has 10 seconds to confirm battle start!\n||Jwwt is ready for game 2.\n|uhtml|next|Next: <a href=\"/battle-gen9vgc2025regibo3-2353835815\"><strong>Game 2 of 3</strong></a>\n|l|\u2606opjk8uy\n|player|p2|\n|l|\u2606Jwwt\n|player|p1|\n", "uploadtime": 1746007894, "views": 15, "formatid": "gen9vgc2025regibo3", "rating": null, "private": 0, "password": null}