{"id": "gen9vgc2025regibo3-2355124340", "format": "[Gen 9] VGC 2025 Reg I (Bo3)", "players": ["A slacker", "speedyturtle87"], "log": "|j|\u2606A slacker\n|j|\u2606speedyturtle87\n|html|<table width=\"100%\"><tr><td align=\"left\">A slacker</td><td align=\"right\">speedyturtle87</tr><tr><td align=\"left\"><i class=\"fa fa-circle-o\"></i> <i class=\"fa fa-circle-o\"></i> </td><td align=\"right\"><i class=\"fa fa-circle-o\"></i> <i class=\"fa fa-circle-o\"></i> </tr></table>\n|uhtml|bestof|<h2><strong>Game 1</strong> of <a href=\"/game-bestof3-gen9vgc2025regibo3-2355124339\">a best-of-3</a></h2>\n|t:|1746155552\n|gametype|doubles\n|player|p1|A slacker|pokekid|1125\n|player|p2|speedyturtle87|carmine|1258\n|teamsize|p1|6\n|teamsize|p2|6\n|gen|9\n|tier|[Gen 9] VGC 2025 Reg I (Bo3)\n|rated|\n|rule|Species Clause: Limit one of each Pok\u00e9mon\n|rule|Item Clause: Limit 1 of each item\n|clearpoke\n|poke|p1|Indeedee, L50, M|\n|poke|p1|Rillaboom, L50, M|\n|poke|p1|Incineroar, L50, M|\n|poke|p1|Calyrex-Shadow, L50|\n|poke|p1|Koraidon, L50|\n|poke|p1|Whimsicott, L50, F|\n|poke|p2|Miraidon, L50|\n|poke|p2|Chien-Pao, L50|\n|poke|p2|Iron Hands, L50|\n|poke|p2|Farigiraf, L50, M|\n|poke|p2|Kyogre, L50|\n|poke|p2|Landorus, L50, M|\n|teampreview|4\n|showteam|p1|Indeedee||ChoiceScarf|PsychicSurge|ExpandingForce,DazzlingGleam,ShadowBall,Psychic|||M|||50|,,,,,Fairy]Rillaboom||AssaultVest|GrassySurge|GrassyGlide,WoodHammer,FakeOut,Protect|||M|||50|,,,,,Fire]Incineroar||SitrusBerry|Intimidate|FakeOut,PartingShot,KnockOff,WillOWisp|||M|||50|,,,,,Grass]Calyrex-Shadow||ChoiceSpecs|AsOneSpectrier|AstralBarrage,ExpandingForce,GrassKnot,HyperBeam||||||50|,,,,,Fairy]Koraidon||LifeOrb|OrichalcumPulse|CollisionCourse,DragonClaw,Protect,FlareBlitz||||||50|,,,,,Fire]Whimsicott||FocusSash|Prankster|Moonblast,Tailwind,Encore,SunnyDay|||F|||50|,,,,,Water\n|showteam|p2|Miraidon||ChoiceSpecs|HadronEngine|ElectroDrift,VoltSwitch,DracoMeteor,DazzlingGleam||||||50|,,,,,Fairy]Chien-Pao||FocusSash|SwordofRuin|SuckerPunch,ThroatChop,IcicleCrash,Protect||||||50|,,,,,Ghost]Iron Hands||AssaultVest|QuarkDrive|FakeOut,LowKick,WildCharge,HeavySlam||||||50|,,,,,Bug]Farigiraf||ThroatSpray|ArmorTail|HyperVoice,PsychicNoise,TrickRoom,Protect|||M|||50|,,,,,Fairy]Kyogre||ChoiceScarf|Drizzle|HydroPump,WaterSpout,IceBeam,Thunder||||||50|,,,,,Water]Landorus||LifeOrb|SheerForce|EarthPower,SandsearStorm,SludgeBomb,Protect|||M|||50|,,,,,Water\n|inactive|Battle timer is ON: inactive players will automatically lose when time's up. (requested by speedyturtle87)\n|c|\u2606speedyturtle87|glhf\n|inactive|speedyturtle87 has 60 seconds left.\n|\n|t:|1746155589\n|start\n|switch|p1a: Indeedee|Indeedee, L50, M|100/100\n|switch|p1b: Calyrex|Calyrex-Shadow, L50|100/100\n|switch|p2a: Miraidon|Miraidon, L50|100/100\n|switch|p2b: Iron Hands|Iron Hands, L50|100/100\n|-ability|p1b: Calyrex|As One\n|-ability|p1b: Calyrex|Unnerve\n|-fieldstart|move: Psychic Terrain|[from] ability: Psychic Surge|[of] p1a: Indeedee\n|-fieldstart|move: Electric Terrain|[from] ability: Hadron Engine|[of] p2a: Miraidon\n|-activate|p2b: Iron Hands|ability: Quark Drive\n|-start|p2b: Iron Hands|quarkdriveatk\n|turn|1\n|c|\u2606speedyturtle87|i just read this calyrex, im so doomed\n|inactive|A slacker has 30 seconds left.\n|inactive|speedyturtle87 has 30 seconds left.\n|c|\u2606speedyturtle87|calyrex set*\n|inactive|A slacker has 20 seconds left.\n|inactive|speedyturtle87 has 20 seconds left.\n|inactive|speedyturtle87 has 15 seconds left.\n|\n|t:|1746155634\n|move|p1a: Indeedee|Expanding Force|p1b: Calyrex\n|-resisted|p1b: Calyrex\n|-damage|p1b: Calyrex|82/100\n|move|p2a: Miraidon|Volt Switch|p1b: Calyrex\n|-damage|p1b: Calyrex|0 fnt\n|faint|p1b: Calyrex\n|\n|t:|1746155640\n|switch|p2a: Kyogre|Kyogre, L50|100/100|[from] Volt Switch\n|-weather|RainDance|[from] ability: Drizzle|[of] p2a: Kyogre\n|move|p2b: Iron Hands|Low Kick|p1a: Indeedee\n|-damage|p1a: Indeedee|6/100\n|\n|-weather|RainDance|[upkeep]\n|upkeep\n|\n|t:|1746155657\n|switch|p1b: Rillaboom|Rillaboom, L50, M|100/100\n|-fieldstart|move: Grassy Terrain|[from] ability: Grassy Surge|[of] p1b: Rillaboom\n|-end|p2b: Iron Hands|Quark Drive\n|turn|2\n|\n|t:|1746155668\n|switch|p2a: Farigiraf|Farigiraf, L50, M|100/100\n|move|p1b: Rillaboom|Fake Out||[still]\n|cant|p2a: Farigiraf|ability: Armor Tail|Fake Out|[of] p1b: Rillaboom\n|move|p1a: Indeedee|Expanding Force|p2b: Iron Hands\n|-supereffective|p2b: Iron Hands\n|-damage|p2b: Iron Hands|57/100\n|move|p2b: Iron Hands|Low Kick|p1a: Indeedee\n|-damage|p1a: Indeedee|0 fnt\n|faint|p1a: Indeedee\n|\n|-weather|RainDance|[upkeep]\n|-heal|p2b: Iron Hands|63/100|[from] Grassy Terrain\n|upkeep\n|\n|t:|1746155680\n|switch|p1a: Koraidon|Koraidon, L50|100/100\n|-weather|SunnyDay|[from] ability: Orichalcum Pulse|[of] p1a: Koraidon\n|-activate|p1a: Koraidon|Orichalcum Pulse|[source]\n|turn|3\n|\n|t:|1746155694\n|-terastallize|p1a: Koraidon|Fire\n|move|p2a: Farigiraf|Protect|p2a: Farigiraf\n|-singleturn|p2a: Farigiraf|Protect\n|move|p1a: Koraidon|Flare Blitz|p2b: Iron Hands\n|-damage|p2b: Iron Hands|0 fnt\n|faint|p2b: Iron Hands\n|-end|p2b: Iron Hands|Quark Drive|[silent]\n|-damage|p1a: Koraidon|72/100|[from] Recoil\n|-damage|p1a: Koraidon|62/100|[from] item: Life Orb\n|move|p1b: Rillaboom|Wood Hammer|p2a: Farigiraf\n|-activate|p2a: Farigiraf|move: Protect\n|\n|-weather|SunnyDay|[upkeep]\n|-heal|p1a: Koraidon|68/100|[from] Grassy Terrain\n|upkeep\n|\n|t:|1746155698\n|switch|p2b: Kyogre|Kyogre, L50|100/100\n|-weather|RainDance|[from] ability: Drizzle|[of] p2b: Kyogre\n|turn|4\n|\n|t:|1746155713\n|switch|p2b: Miraidon|Miraidon, L50|100/100\n|-fieldstart|move: Electric Terrain|[from] ability: Hadron Engine|[of] p2b: Miraidon\n|move|p1a: Koraidon|Protect|p1a: Koraidon\n|-singleturn|p1a: Koraidon|Protect\n|move|p1b: Rillaboom|Wood Hammer|p2b: Miraidon\n|-resisted|p2b: Miraidon\n|-damage|p2b: Miraidon|75/100\n|-damage|p1b: Rillaboom|93/100|[from] Recoil\n|move|p2a: Farigiraf|Hyper Voice|p1b: Rillaboom|[spread] p1b\n|-activate|p1a: Koraidon|move: Protect\n|-damage|p1b: Rillaboom|72/100\n|-enditem|p2a: Farigiraf|Throat Spray\n|-boost|p2a: Farigiraf|spa|1|[from] item: Throat Spray\n|\n|-weather|RainDance|[upkeep]\n|upkeep\n|turn|5\n|\n|t:|1746155736\n|-terastallize|p2b: Miraidon|Fairy\n|move|p2b: Miraidon|Draco Meteor|p1b: Rillaboom\n|-damage|p1b: Rillaboom|0 fnt\n|-unboost|p2b: Miraidon|spa|2\n|faint|p1b: Rillaboom\n|move|p1a: Koraidon|Dragon Claw|p2b: Miraidon\n|-immune|p2b: Miraidon\n|move|p2a: Farigiraf|Hyper Voice|p1a: Koraidon\n|-damage|p1a: Koraidon|7/100\n|\n|-weather|RainDance|[upkeep]\n|upkeep\n|turn|6\n|\n|t:|1746155752\n|switch|p2b: Kyogre|Kyogre, L50|100/100\n|move|p1a: Koraidon|Protect|p1a: Koraidon\n|-singleturn|p1a: Koraidon|Protect\n|move|p2a: Farigiraf|Hyper Voice|p1a: Koraidon\n|-activate|p1a: Koraidon|move: Protect\n|\n|-weather|RainDance|[upkeep]\n|upkeep\n|turn|7\n|\n|t:|1746155765\n|move|p2b: Kyogre|Water Spout|p1a: Koraidon\n|-supereffective|p1a: Koraidon\n|-damage|p1a: Koraidon|0 fnt\n|faint|p1a: Koraidon\n|\n|win|speedyturtle87\n|l|\u2606A slacker\n|player|p1|\n||speedyturtle87 is ready for game 2.\n||A slacker is ready for game 2.\n|uhtml|next|Next: <a href=\"/battle-gen9vgc2025regibo3-2355126028\"><strong>Game 2 of 3</strong></a>\n|l|\u2606speedyturtle87\n|player|p2|\n", "uploadtime": 1746156075, "views": 3, "formatid": "gen9vgc2025regibo3", "rating": null, "private": 0, "password": null}