{"id": "gen9vgc2025regibo3-2353694234", "format": "[Gen 9] VGC 2025 Reg I (Bo3)", "players": ["We_Are_Toasted", "DiamondNate"], "log": "|j|\u2606We_Are_Toasted\n|j|\u2606DiamondNate\n|html|<table width=\"100%\"><tr><td align=\"left\">We_Are_Toasted</td><td align=\"right\">DiamondNate</tr><tr><td align=\"left\"><i class=\"fa fa-circle-o\"></i> <i class=\"fa fa-circle-o\"></i> </td><td align=\"right\"><i class=\"fa fa-circle-o\"></i> <i class=\"fa fa-circle-o\"></i> </tr></table>\n|uhtml|bestof|<h2><strong>Game 1</strong> of <a href=\"/game-bestof3-gen9vgc2025regibo3-2353694233\">a best-of-3</a></h2>\n|t:|1745984594\n|gametype|doubles\n|player|p1|We_Are_Toasted|larry|1194\n|player|p2|DiamondNate|acetrainerf-gen4dp|1134\n|teamsize|p1|6\n|teamsize|p2|6\n|gen|9\n|tier|[Gen 9] VGC 2025 Reg I (Bo3)\n|rated|\n|rule|Species Clause: Limit one of each Pok\u00e9mon\n|rule|Item Clause: Limit 1 of each item\n|clearpoke\n|poke|p1|Miraidon, L50|\n|poke|p1|Grimmsnarl, L50, M|\n|poke|p1|Iron Hands, L50|\n|poke|p1|Lunala, L50|\n|poke|p1|Chi-Yu, L50|\n|poke|p1|Ursaluna, L50, M|\n|poke|p2|Miraidon, L50|\n|poke|p2|Flutter Mane, L50|\n|poke|p2|Kyogre, L50|\n|poke|p2|Tornadus, L50, M|\n|poke|p2|Farigiraf, L50, M|\n|poke|p2|Ogerpon-Hearthflame, L50, F|\n|teampreview|4\n|showteam|p1|Miraidon||ChoiceSpecs|HadronEngine|VoltSwitch,DracoMeteor,ElectroDrift,DazzlingGleam||||||50|,,,,,Fairy]Grimmsnarl||LightClay|Prankster|LightScreen,Reflect,ThunderWave,SpiritBreak|||M|||50|,,,,,Ghost]Iron Hands||AssaultVest|QuarkDrive|DrainPunch,FakeOut,WildCharge,LowKick||||||50|,,,,,Bug]Lunala||PowerHerb|ShadowShield|MoongeistBeam,MeteorBeam,WideGuard,TrickRoom||||||50|,,,,,Water]Chi-Yu||ChoiceScarf|BeadsofRuin|Snarl,HeatWave,DarkPulse,Overheat||||||50|,,,,,Ghost]Ursaluna||FlameOrb|Guts|Facade,HeadlongRush,Earthquake,Protect|||M|||50|,,,,,Ghost\n|showteam|p2|Miraidon||ChoiceSpecs|HadronEngine|ElectroDrift,DragonPulse,VoltSwitch,DazzlingGleam||||||50|,,,,,Fairy]Flutter Mane||BoosterEnergy|Protosynthesis|Moonblast,IcyWind,Taunt,Protect||||||50|,,,,,Fairy]Kyogre||ChoiceScarf|Drizzle|WaterSpout,IceBeam,TeraBlast,Thunder||||||50|,,,,,Water]Tornadus||CovertCloak|Prankster|BleakwindStorm,Tailwind,RainDance,Protect|||M|||50|,,,,,Dark]Farigiraf||ElectricSeed|ArmorTail|FoulPlay,TrickRoom,Imprison,Protect|||M|||50|,,,,,Water]Ogerpon-Hearthflame||HearthflameMask|MoldBreaker|IvyCudgel,HornLeech,FollowMe,SpikyShield|||F|||50|,,,,,Fire\n|inactive|Battle timer is ON: inactive players will automatically lose when time's up. (requested by We_Are_Toasted)\n|inactive|We_Are_Toasted has 60 seconds left.\n|inactive|DiamondNate has 60 seconds left.\n|\n|t:|1745984646\n|start\n|switch|p1a: Lunala|Lunala, L50|100/100\n|switch|p1b: Grimmsnarl|Grimmsnarl, L50, M|100/100\n|switch|p2a: Kyogre|Kyogre, L50|100/100\n|switch|p2b: Flutter Mane|Flutter Mane, L50|100/100\n|-weather|RainDance|[from] ability: Drizzle|[of] p2a: Kyogre\n|-enditem|p2b: Flutter Mane|Booster Energy\n|-activate|p2b: Flutter Mane|ability: Protosynthesis|[fromitem]\n|-start|p2b: Flutter Mane|protosynthesisspe\n|turn|1\n|inactive|We_Are_Toasted has 30 seconds left.\n|inactive|DiamondNate has 30 seconds left.\n|\n|t:|1745984675\n|move|p1b: Grimmsnarl|Thunder Wave|p2a: Kyogre\n|-status|p2a: Kyogre|par\n|move|p2b: Flutter Mane|Taunt|p1a: Lunala\n|-start|p1a: Lunala|move: Taunt\n|move|p1a: Lunala|Meteor Beam||[still]\n|-prepare|p1a: Lunala|Meteor Beam\n|-boost|p1a: Lunala|spa|1\n|-enditem|p1a: Lunala|Power Herb\n|-anim|p1a: Lunala|Meteor Beam|p2a: Kyogre\n|-damage|p2a: Kyogre|50/100 par\n|cant|p2a: Kyogre|par\n|\n|-weather|RainDance|[upkeep]\n|upkeep\n|turn|2\n|\n|t:|1745984697\n|move|p2b: Flutter Mane|Protect|p2b: Flutter Mane\n|-singleturn|p2b: Flutter Mane|Protect\n|move|p1b: Grimmsnarl|Light Screen|p1b: Grimmsnarl\n|-sidestart|p1: We_Are_Toasted|move: Light Screen\n|move|p1a: Lunala|Moongeist Beam|p2a: Kyogre\n|-damage|p2a: Kyogre|0 fnt\n|faint|p2a: Kyogre\n|\n|-weather|RainDance|[upkeep]\n|upkeep\n|\n|t:|1745984707\n|switch|p2a: Miraidon|Miraidon, L50|100/100\n|-fieldstart|move: Electric Terrain|[from] ability: Hadron Engine|[of] p2a: Miraidon\n|turn|3\n|\n|t:|1745984729\n|-terastallize|p2a: Miraidon|Fairy\n|move|p2b: Flutter Mane|Moonblast|p1a: Lunala\n|-damage|p1a: Lunala|88/100\n|-unboost|p1a: Lunala|spa|1\n|move|p2a: Miraidon|Dazzling Gleam|p1b: Grimmsnarl|[spread] p1a,p1b\n|-supereffective|p1b: Grimmsnarl\n|-damage|p1a: Lunala|55/100\n|-damage|p1b: Grimmsnarl|20/100\n|move|p1a: Lunala|Moongeist Beam|p2b: Flutter Mane\n|-supereffective|p2b: Flutter Mane\n|-damage|p2b: Flutter Mane|0 fnt\n|faint|p2b: Flutter Mane\n|-end|p2b: Flutter Mane|Protosynthesis|[silent]\n|move|p1b: Grimmsnarl|Spirit Break|p2a: Miraidon\n|-damage|p2a: Miraidon|69/100\n|-unboost|p2a: Miraidon|spa|1\n|\n|-weather|RainDance|[upkeep]\n|-end|p1a: Lunala|move: Taunt\n|upkeep\n|\n|t:|1745984734\n|switch|p2b: Farigiraf|Farigiraf, L50, M|100/100\n|-enditem|p2b: Farigiraf|Electric Seed\n|-boost|p2b: Farigiraf|def|1|[from] item: Electric Seed\n|turn|4\n|\n|t:|1745984756\n|move|p2a: Miraidon|Dazzling Gleam|p1b: Grimmsnarl|[spread] p1a,p1b\n|-supereffective|p1b: Grimmsnarl\n|-damage|p1a: Lunala|35/100\n|-damage|p1b: Grimmsnarl|0 fnt\n|faint|p1b: Grimmsnarl\n|move|p1a: Lunala|Moongeist Beam|p2a: Miraidon\n|-damage|p2a: Miraidon|21/100\n|move|p2b: Farigiraf|Foul Play|p1a: Lunala\n|-supereffective|p1a: Lunala\n|-damage|p1a: Lunala|0 fnt\n|faint|p1a: Lunala\n|\n|-weather|RainDance|[upkeep]\n|upkeep\n|\n|t:|1745984759\n|switch|p1a: Brian Hands|Iron Hands, L50|100/100\n|switch|p1b: Miraidon|Miraidon, L50|100/100\n|-activate|p1b: Miraidon|ability: Hadron Engine\n|-activate|p1a: Brian Hands|ability: Quark Drive\n|-start|p1a: Brian Hands|quarkdriveatk\n|turn|5\n|\n|t:|1745984775\n|-terastallize|p1b: Miraidon|Fairy\n|move|p2a: Miraidon|Dazzling Gleam|p1a: Brian Hands|[spread] p1a,p1b\n|-supereffective|p1a: Brian Hands\n|-damage|p1a: Brian Hands|75/100\n|-damage|p1b: Miraidon|78/100\n|move|p1b: Miraidon|Dazzling Gleam|p2b: Farigiraf|[spread] p2a,p2b\n|-damage|p2a: Miraidon|0 fnt\n|-damage|p2b: Farigiraf|54/100\n|faint|p2a: Miraidon\n|move|p2b: Farigiraf|Foul Play|p1b: Miraidon\n|-resisted|p1b: Miraidon\n|-damage|p1b: Miraidon|69/100\n|move|p1a: Brian Hands|Wild Charge|p2b: Farigiraf\n|-damage|p2b: Farigiraf|0 fnt\n|faint|p2b: Farigiraf\n|-damage|p1a: Brian Hands|63/100|[from] Recoil\n|\n|win|We_Are_Toasted\n||DiamondNate is ready for game 2.\n|l|\u2606DiamondNate\n|player|p2|\n|inactive|We_Are_Toasted has 30 seconds to confirm battle start!\n", "uploadtime": 1745984791, "views": 18, "formatid": "gen9vgc2025regibo3", "rating": null, "private": 0, "password": null}