{"id": "gen9vgc2025regibo3-2354404374", "format": "[Gen 9] VGC 2025 Reg I (Bo3)", "players": ["Master of Capture", "nintendoswitch200"], "log": "|j|\u203dMaster of Capture\n|j|\u2606nintendoswitch200\n|html|<table width=\"100%\"><tr><td align=\"left\">Master of Capture</td><td align=\"right\">nintendoswitch200</tr><tr><td align=\"left\"><i class=\"fa fa-circle-o\"></i> <i class=\"fa fa-circle-o\"></i> </td><td align=\"right\"><i class=\"fa fa-circle-o\"></i> <i class=\"fa fa-circle-o\"></i> </tr></table>\n|uhtml|bestof|<h2><strong>Game 1</strong> of <a href=\"/game-bestof3-gen9vgc2025regibo3-2354404373\">a best-of-3</a></h2>\n|t:|1746067231\n|gametype|doubles\n|player|p1|Master of Capture|265|1158\n|player|p2|nintendoswitch200|turo|1257\n|teamsize|p1|6\n|teamsize|p2|6\n|gen|9\n|tier|[Gen 9] VGC 2025 Reg I (Bo3)\n|rated|\n|rule|Species Clause: Limit one of each Pok\u00e9mon\n|rule|Item Clause: Limit 1 of each item\n|clearpoke\n|poke|p1|Incineroar, L50, M|\n|poke|p1|Zamazenta-*, L50|\n|poke|p1|Cresselia, L50, F|\n|poke|p1|Urshifu-*, L50, F|\n|poke|p1|Amoonguss, L50, M|\n|poke|p1|Terapagos, L50, M|\n|poke|p2|Urshifu-*, L50, M|\n|poke|p2|Incineroar, L50, M|\n|poke|p2|Calyrex-Shadow, L50|\n|poke|p2|Raging Bolt, L50|\n|poke|p2|Rillaboom, L50, M|\n|poke|p2|Zamazenta-*, L50|\n|teampreview|4\n|showteam|p1|Incineroar||SitrusBerry|Intimidate|Taunt,FlareBlitz,KnockOff,FakeOut|||M|||50|,,,,,Ghost]Zamazenta-Crowned||RustedShield|DauntlessShield|IronDefense,WideGuard,HeavySlam,BodyPress||||||50|,,,,,Dragon]Cresselia||LightClay|Levitate|Reflect,LightScreen,LunarBlessing,Psychic|||F|||50|,,,,,Dark]Urshifu-Rapid-Strike||ChoiceScarf|UnseenFist|CloseCombat,SurgingStrikes,AquaJet,Coaching|||F|||50|,,,,,Water]Amoonguss||RockyHelmet|Regenerator|Protect,RagePowder,PollenPuff,Spore|||M|||50|,,,,,Water]Terapagos||ChopleBerry|TeraShift|Protect,TeraStarstorm,CalmMind,EarthPower|||M|||50|,,,,,Stellar\n|showteam|p2|Urshifu-Rapid-Strike||FocusSash|UnseenFist|Detect,SurgingStrikes,CloseCombat,AquaJet|||M|||50|,,,,,Stellar]Incineroar||SafetyGoggles|Intimidate|FakeOut,PartingShot,HelpingHand,KnockOff|||M|||50|,,,,,Ghost]Calyrex-Shadow||CovertCloak|AsOneSpectrier|Protect,NastyPlot,AstralBarrage,Psyshock||||||50|,,,,,Water]Raging Bolt||BoosterEnergy|Protosynthesis|Protect,Thunderclap,DragonPulse,Thunderbolt||||||50|,,,,,Fairy]Rillaboom||AssaultVest|GrassySurge|FakeOut,GrassyGlide,WoodHammer,Uturn|||M|||50|,,,,,Fire]Zamazenta-Crowned||RustedShield|DauntlessShield|Protect,BodyPress,WideGuard,HeavySlam||||||50|,,,,,Dragon\n|inactive|Battle timer is ON: inactive players will automatically lose when time's up. (requested by Master of Capture)\n|inactive|nintendoswitch200 also wants the timer to be on.\n|inactive|Master of Capture has 60 seconds left.\n|\n|t:|1746067271\n|start\n|switch|p1a: Amoonguss|Amoonguss, L50, M, shiny|100/100\n|switch|p1b: Cresselia|Cresselia, L50, F|100/100\n|switch|p2a: Calyrex|Calyrex-Shadow, L50|100/100\n|switch|p2b: Incineroar|Incineroar, L50, M|100/100\n|-ability|p2a: Calyrex|As One\n|-ability|p2a: Calyrex|Unnerve\n|-ability|p2b: Incineroar|Intimidate|boost\n|-unboost|p1a: Amoonguss|atk|1\n|-unboost|p1b: Cresselia|atk|1\n|turn|1\n|\n|t:|1746067289\n|move|p2b: Incineroar|Fake Out|p1a: Amoonguss\n|-damage|p1a: Amoonguss|91/100\n|-damage|p2b: Incineroar|84/100|[from] item: Rocky Helmet|[of] p1a: Amoonguss\n|move|p2a: Calyrex|Nasty Plot|p2a: Calyrex\n|-boost|p2a: Calyrex|spa|2\n|move|p1b: Cresselia|Light Screen|p1b: Cresselia\n|-sidestart|p1: Master of Capture|move: Light Screen\n|cant|p1a: Amoonguss|flinch\n|\n|upkeep\n|turn|2\n|\n|t:|1746067308\n|move|p2b: Incineroar|Helping Hand|p2a: Calyrex\n|-singleturn|p2a: Calyrex|Helping Hand|[of] p2b: Incineroar\n|move|p2a: Calyrex|Astral Barrage|p1a: Amoonguss|[spread] p1a,p1b\n|-supereffective|p1b: Cresselia\n|-damage|p1a: Amoonguss|18/100\n|-damage|p1b: Cresselia|3/100\n|move|p1b: Cresselia|Reflect|p1b: Cresselia\n|-sidestart|p1: Master of Capture|Reflect\n|move|p1a: Amoonguss|Spore|p2a: Calyrex\n|-status|p2a: Calyrex|slp|[from] move: Spore\n|\n|upkeep\n|turn|3\n|inactive|Master of Capture has 30 seconds left.\n|\n|t:|1746067339\n|switch|p1b: Zamazenta|Zamazenta-Crowned, L50|100/100\n|-ability|p1b: Zamazenta|Dauntless Shield|boost\n|-boost|p1b: Zamazenta|def|1\n|switch|p1a: Terapagos|Terapagos, L50, M|100/100\n|-activate|p1a: Terapagos|ability: Tera Shift\n|detailschange|p1a: Terapagos|Terapagos-Terastal, L50, M\n|-heal|p1a: Terapagos|100/100|[silent]\n|cant|p2a: Calyrex|slp\n|move|p2b: Incineroar|Parting Shot|p1b: Zamazenta\n|-unboost|p1b: Zamazenta|atk|1\n|-unboost|p1b: Zamazenta|spa|1\n|inactive|nintendoswitch200 has 30 seconds left.\n|\n|t:|1746067370\n|switch|p2b: Rillaboom|Rillaboom, L50, M|100/100|[from] Parting Shot\n|-fieldstart|move: Grassy Terrain|[from] ability: Grassy Surge|[of] p2b: Rillaboom\n|\n|upkeep\n|turn|4\n|\n|t:|1746067382\n|move|p1b: Zamazenta|Wide Guard|p1b: Zamazenta\n|-singleturn|p1b: Zamazenta|Wide Guard\n|move|p2b: Rillaboom|Fake Out|p1a: Terapagos\n|-activate|p1a: Terapagos|ability: Tera Shell\n|-resisted|p1a: Terapagos\n|-damage|p1a: Terapagos|97/100\n|cant|p2a: Calyrex|slp\n|cant|p1a: Terapagos|flinch\n|\n|-heal|p1a: Terapagos|100/100|[from] Grassy Terrain\n|upkeep\n|turn|5\n|\n|t:|1746067402\n|-curestatus|p2a: Calyrex|slp|[msg]\n|move|p2a: Calyrex|Protect|p2a: Calyrex\n|-singleturn|p2a: Calyrex|Protect\n|move|p1b: Zamazenta|Wide Guard|p1b: Zamazenta\n|-singleturn|p1b: Zamazenta|Wide Guard\n|move|p1a: Terapagos|Calm Mind|p1a: Terapagos\n|-boost|p1a: Terapagos|spa|1\n|-boost|p1a: Terapagos|spd|1\n|move|p2b: Rillaboom|U-turn|p1a: Terapagos\n|-activate|p1a: Terapagos|ability: Tera Shell\n|-resisted|p1a: Terapagos\n|-damage|p1a: Terapagos|94/100\n|\n|t:|1746067411\n|switch|p2b: Incineroar|Incineroar, L50, M|84/100|[from] U-turn\n|-ability|p2b: Incineroar|Intimidate|boost\n|-unboost|p1a: Terapagos|atk|1\n|-unboost|p1b: Zamazenta|atk|1\n|\n|-heal|p1a: Terapagos|99/100|[from] Grassy Terrain\n|-heal|p2b: Incineroar|90/100|[from] Grassy Terrain\n|upkeep\n|turn|6\n|inactive|Master of Capture has 30 seconds left.\n|inactive|nintendoswitch200 has 30 seconds left.\n|\n|t:|1746067441\n|-terastallize|p2b: Incineroar|Ghost\n|move|p1b: Zamazenta|Wide Guard|p1b: Zamazenta\n|-singleturn|p1b: Zamazenta|Wide Guard\n|move|p2a: Calyrex|Nasty Plot|p2a: Calyrex\n|-boost|p2a: Calyrex|spa|2\n|move|p1a: Terapagos|Earth Power|p2b: Incineroar\n|-damage|p2b: Incineroar|54/100\n|move|p2b: Incineroar|Parting Shot|p1a: Terapagos\n|-unboost|p1a: Terapagos|atk|1\n|-unboost|p1a: Terapagos|spa|1\n|\n|t:|1746067455\n|switch|p2b: Rillaboom|Rillaboom, L50, M|100/100|[from] Parting Shot\n|\n|-heal|p1a: Terapagos|100/100|[from] Grassy Terrain\n|upkeep\n|turn|7\n|\n|t:|1746067466\n|-terastallize|p1a: Terapagos|Stellar\n|detailschange|p1a: Terapagos|Terapagos-Stellar, L50, M, tera:Stellar\n|-heal|p1a: Terapagos|100/100|[silent]\n|-ability|p1a: Terapagos|Teraform Zero\n|-fieldend|move: Grassy Terrain\n|move|p1b: Zamazenta|Wide Guard|p1b: Zamazenta\n|-singleturn|p1b: Zamazenta|Wide Guard\n|move|p2b: Rillaboom|Fake Out|p1a: Terapagos\n|-damage|p1a: Terapagos|95/100\n|move|p2a: Calyrex|Astral Barrage|p1a: Terapagos|[spread] \n|-activate|p1a: Terapagos|move: Wide Guard\n|-activate|p1b: Zamazenta|move: Wide Guard\n|cant|p1a: Terapagos|flinch\n|\n|upkeep\n|turn|8\n|\n|t:|1746067487\n|move|p2a: Calyrex|Protect|p2a: Calyrex\n|-singleturn|p2a: Calyrex|Protect\n|move|p1b: Zamazenta|Iron Defense|p1b: Zamazenta\n|-boost|p1b: Zamazenta|def|2\n|move|p1a: Terapagos|Tera Starstorm|p2b: Rillaboom|[spread] p2b\n|-activate|p2a: Calyrex|move: Protect\n|-damage|p2b: Rillaboom|78/100\n|move|p2b: Rillaboom|U-turn|p1a: Terapagos\n|-damage|p1a: Terapagos|86/100\n|\n|t:|1746067494\n|switch|p2b: Urshifu|Urshifu-Rapid-Strike, L50, M|100/100|[from] U-turn\n|\n|-sideend|p1: Master of Capture|move: Light Screen\n|upkeep\n|turn|9\n|\n|t:|1746067507\n|move|p1b: Zamazenta|Wide Guard|p1b: Zamazenta\n|-singleturn|p1b: Zamazenta|Wide Guard\n|move|p2a: Calyrex|Psyshock|p1a: Terapagos\n|-damage|p1a: Terapagos|8/100\n|move|p2b: Urshifu|Surging Strikes|p1a: Terapagos\n|-crit|p1a: Terapagos\n|-damage|p1a: Terapagos|0 fnt\n|faint|p1a: Terapagos\n|-hitcount|p1: Terapagos|1\n|\n|-sideend|p1: Master of Capture|Reflect\n|upkeep\n|\n|t:|1746067528\n|switch|p1a: Amoonguss|Amoonguss, L50, M, shiny|51/100\n|turn|10\n|inactive|nintendoswitch200 has 30 seconds left.\n|inactive|nintendoswitch200 has 20 seconds left.\n|inactive|nintendoswitch200 has 15 seconds left.\n|\n|t:|1746067570\n|switch|p1a: Cresselia|Cresselia, L50, F|3/100\n|move|p2a: Calyrex|Psyshock|p1a: Cresselia\n|-resisted|p1a: Cresselia\n|-damage|p1a: Cresselia|0 fnt\n|faint|p1a: Cresselia\n|-ability|p2a: Calyrex|Grim Neigh|boost\n|-boost|p2a: Calyrex|spa|1\n|move|p2b: Urshifu|Surging Strikes|p1b: Zamazenta\n|-crit|p1b: Zamazenta\n|-damage|p1b: Zamazenta|86/100\n|-crit|p1b: Zamazenta\n|-damage|p1b: Zamazenta|73/100\n|-crit|p1b: Zamazenta\n|-damage|p1b: Zamazenta|59/100\n|-hitcount|p1b: Zamazenta|3\n|move|p1b: Zamazenta|Body Press|p2b: Urshifu\n|-enditem|p2b: Urshifu|Focus Sash\n|-damage|p2b: Urshifu|1/100\n|\n|upkeep\n|\n|t:|1746067575\n|switch|p1a: Amoonguss|Amoonguss, L50, M, shiny|84/100\n|turn|11\n|\n|t:|1746067582\n|move|p1a: Amoonguss|Protect|p1a: Amoonguss\n|-singleturn|p1a: Amoonguss|Protect\n|move|p2a: Calyrex|Psyshock|p1a: Amoonguss\n|-activate|p1a: Amoonguss|move: Protect\n|move|p2b: Urshifu|Surging Strikes|p1b: Zamazenta\n|-crit|p1b: Zamazenta\n|-damage|p1b: Zamazenta|45/100\n|-crit|p1b: Zamazenta\n|-damage|p1b: Zamazenta|30/100\n|-crit|p1b: Zamazenta\n|-damage|p1b: Zamazenta|15/100\n|-hitcount|p1b: Zamazenta|3\n|move|p1b: Zamazenta|Heavy Slam|p2a: Calyrex\n|-damage|p2a: Calyrex|72/100\n|\n|upkeep\n|turn|12\n|-message|Master of Capture forfeited.\n|\n|win|nintendoswitch200\n|l|\u203dMaster of Capture\n|player|p1|\n||nintendoswitch200 is ready for game 2.\n||Master of Capture is ready for game 2.\n|uhtml|next|Next: <a href=\"/battle-gen9vgc2025regibo3-2354407403\"><strong>Game 2 of 3</strong></a>\n", "uploadtime": 1746067596, "views": 8, "formatid": "gen9vgc2025regibo3", "rating": null, "private": 0, "password": null}