{"id": "gen9vgc2025regibo3-2353849139", "format": "[Gen 9] VGC 2025 Reg I (Bo3)", "players": ["HardTRIsWashed", "Fraudgos"], "log": "|j|\u2606HardTRIsWashed\n|j|\u2606Fraudgos\n|html|<table width=\"100%\"><tr><td align=\"left\">HardTRIsWashed</td><td align=\"right\">Fraudgos</tr><tr><td align=\"left\"><i class=\"fa fa-circle-o\"></i> <i class=\"fa fa-circle-o\"></i> </td><td align=\"right\"><i class=\"fa fa-circle-o\"></i> <i class=\"fa fa-circle-o\"></i> </tr></table>\n|uhtml|bestof|<h2><strong>Game 1</strong> of <a href=\"/game-bestof3-gen9vgc2025regibo3-2353849138\">a best-of-3</a></h2>\n|t:|1746009952\n|gametype|doubles\n|player|p1|HardTRIsWashed|preschooler|1258\n|player|p2|Fraudgos|leaf-masters|1344\n|teamsize|p1|6\n|teamsize|p2|6\n|gen|9\n|tier|[Gen 9] VGC 2025 Reg I (Bo3)\n|rated|\n|rule|Species Clause: Limit one of each Pok\u00e9mon\n|rule|Item Clause: Limit 1 of each item\n|clearpoke\n|poke|p1|Calyrex-Shadow, L50|\n|poke|p1|Terapagos, L50, M|\n|poke|p1|Incineroar, L50, M|\n|poke|p1|Rillaboom, L50, M|\n|poke|p1|Amoonguss, L50, M|\n|poke|p1|Urshifu-*, L50, M|\n|poke|p2|Calyrex-Shadow, L50|\n|poke|p2|Zamazenta-*, L50|\n|poke|p2|Ogerpon-Hearthflame, L50, F|\n|poke|p2|Smeargle, L50, F|\n|poke|p2|Rillaboom, L50, M|\n|poke|p2|Incineroar, L50, M|\n|teampreview|4\n|showteam|p1|Calyrex-Shadow||FocusSash|AsOneSpectrier|AstralBarrage,WillOWisp,Disable,Protect||||||50|,,,,,Ghost]Terapagos||Leftovers|TeraShift|TeraStarstorm,EarthPower,CalmMind,Protect|||M|||50|,,,,,Stellar]Incineroar||SafetyGoggles|Intimidate|WillOWisp,KnockOff,FakeOut,PartingShot|||M|||50|,,,,,Bug]Rillaboom||AssaultVest|GrassySurge|FakeOut,WoodHammer,Uturn,GrassyGlide|||M|||50|,,,,,Grass]Amoonguss||RockyHelmet|Regenerator|Protect,Spore,RagePowder,SludgeBomb|||M|||50|,,,,,Water]Urshifu-Rapid-Strike||ChoiceScarf|UnseenFist|RockTomb,SurgingStrikes,Uturn,CloseCombat|||M|||50|,,,,,Water\n|showteam|p2|Calyrex-Shadow||LifeOrb|AsOneSpectrier|AstralBarrage,GigaDrain,NastyPlot,Protect||||||50|,,,,,Grass]Zamazenta-Crowned||RustedShield|DauntlessShield|behemothbash,BodyPress,WideGuard,Protect||||||50|,,,,,Water]Ogerpon-Hearthflame||HearthflameMask|MoldBreaker|GrassyGlide,IvyCudgel,FollowMe,SpikyShield|||F|||50|,,,,,Fire]Smeargle||FocusSash|Moody|WideGuard,FollowMe,FakeOut,Spore|||F|||50|,,,,,Ghost]Rillaboom||AssaultVest|GrassySurge|WoodHammer,GrassyGlide,FakeOut,Uturn|||M|||50|,,,,,Fire]Incineroar||RockyHelmet|Intimidate|KnockOff,Taunt,FakeOut,PartingShot|||M|||50|,,,,,Water\n|inactive|Battle timer is ON: inactive players will automatically lose when time's up. (requested by Fraudgos)\n|inactive|HardTRIsWashed has 60 seconds left.\n|\n|t:|1746010047\n|start\n|switch|p1a: Terapagos|Terapagos, L50, M|100/100\n|switch|p1b: Urshifu|Urshifu-Rapid-Strike, L50, M|100/100\n|switch|p2a: Smeargle|Smeargle, L50, F|100/100\n|switch|p2b: Calyrex|Calyrex-Shadow, L50|100/100\n|-activate|p1a: Terapagos|ability: Tera Shift\n|detailschange|p1a: Terapagos|Terapagos-Terastal, L50, M\n|-heal|p1a: Terapagos|100/100|[silent]\n|-ability|p2b: Calyrex|As One\n|-ability|p2b: Calyrex|Unnerve\n|turn|1\n|inactive|HardTRIsWashed has 30 seconds left.\n|\n|t:|1746010074\n|switch|p1b: Amoonguss|Amoonguss, L50, M|100/100\n|move|p2a: Smeargle|Fake Out|p1b: Amoonguss\n|-damage|p1b: Amoonguss|96/100\n|-damage|p2a: Smeargle|84/100|[from] item: Rocky Helmet|[of] p1b: Amoonguss\n|move|p2b: Calyrex|Nasty Plot|p2b: Calyrex\n|-boost|p2b: Calyrex|spa|2\n|move|p1a: Terapagos|Calm Mind|p1a: Terapagos\n|-boost|p1a: Terapagos|spa|1\n|-boost|p1a: Terapagos|spd|1\n|\n|-ability|p2a: Smeargle|Moody|boost\n|-boost|p2a: Smeargle|spe|2\n|-unboost|p2a: Smeargle|spd|1\n|upkeep\n|turn|2\n|inactive|HardTRIsWashed has 30 seconds left.\n|inactive|HardTRIsWashed has 20 seconds left.\n|inactive|HardTRIsWashed has 15 seconds left.\n|\n|t:|1746010114\n|move|p2a: Smeargle|Follow Me|p2a: Smeargle\n|-singleturn|p2a: Smeargle|move: Follow Me\n|move|p1b: Amoonguss|Rage Powder|p1b: Amoonguss\n|-singleturn|p1b: Amoonguss|move: Rage Powder\n|move|p2b: Calyrex|Nasty Plot|p2b: Calyrex\n|-boost|p2b: Calyrex|spa|2\n|move|p1a: Terapagos|Earth Power|p2a: Smeargle\n|-damage|p2a: Smeargle|0 fnt\n|faint|p2a: Smeargle\n|\n|upkeep\n|\n|t:|1746010120\n|switch|p2a: Zamazenta|Zamazenta-Crowned, L50|100/100\n|-ability|p2a: Zamazenta|Dauntless Shield|boost\n|-boost|p2a: Zamazenta|def|1\n|turn|3\n|inactive|HardTRIsWashed has 30 seconds left.\n|inactive|HardTRIsWashed has 20 seconds left.\n|inactive|HardTRIsWashed has 15 seconds left.\n|inactive|HardTRIsWashed has 10 seconds left.\n|\n|t:|1746010170\n|move|p2a: Zamazenta|Protect|p2a: Zamazenta\n|-singleturn|p2a: Zamazenta|Protect\n|move|p1b: Amoonguss|Rage Powder|p1b: Amoonguss\n|-singleturn|p1b: Amoonguss|move: Rage Powder\n|move|p2b: Calyrex|Astral Barrage|p1b: Amoonguss|[spread] p1b\n|-immune|p1a: Terapagos\n|-damage|p1b: Amoonguss|0 fnt\n|faint|p1b: Amoonguss\n|-ability|p2b: Calyrex|Grim Neigh|boost\n|-boost|p2b: Calyrex|spa|1\n|-damage|p2b: Calyrex|91/100|[from] item: Life Orb\n|move|p1a: Terapagos|Earth Power|p2a: Zamazenta\n|-activate|p2a: Zamazenta|move: Protect\n|\n|upkeep\n|\n|t:|1746010184\n|switch|p1b: Calyrex|Calyrex-Shadow, L50|100/100\n|-ability|p1b: Calyrex|As One\n|-ability|p1b: Calyrex|Unnerve\n|turn|4\n|inactive|HardTRIsWashed has 30 seconds left.\n|inactive|HardTRIsWashed has 20 seconds left.\n|inactive|HardTRIsWashed has 15 seconds left.\n|inactive|HardTRIsWashed has 10 seconds left.\n|inactive|HardTRIsWashed has 5 seconds left.\n|\n|t:|1746010234\n|move|p2a: Zamazenta|Wide Guard|p2a: Zamazenta\n|-singleturn|p2a: Zamazenta|Wide Guard\n|move|p2b: Calyrex|Giga Drain|p1a: Terapagos\n|-activate|p1a: Terapagos|ability: Tera Shell\n|-resisted|p1a: Terapagos\n|-damage|p1a: Terapagos|61/100\n|-heal|p2b: Calyrex|100/100|[from] drain|[of] p1a: Terapagos\n|-damage|p2b: Calyrex|91/100|[from] item: Life Orb\n|move|p1b: Calyrex|Will-O-Wisp|p2a: Zamazenta\n|-status|p2a: Zamazenta|brn\n|move|p1a: Terapagos|Earth Power|p2b: Calyrex\n|-damage|p2b: Calyrex|57/100\n|\n|-heal|p1a: Terapagos|68/100|[from] item: Leftovers\n|-damage|p2a: Zamazenta|94/100 brn|[from] brn\n|upkeep\n|turn|5\n|inactive|HardTRIsWashed has 30 seconds left.\n|inactive|HardTRIsWashed has 20 seconds left.\n|\n|t:|1746010271\n|move|p2b: Calyrex|Protect|p2b: Calyrex\n|-singleturn|p2b: Calyrex|Protect\n|move|p1a: Terapagos|Protect|p1a: Terapagos\n|-singleturn|p1a: Terapagos|Protect\n|move|p1b: Calyrex|Disable|p2a: Zamazenta\n|-start|p2a: Zamazenta|Disable|Wide Guard\n|move|p2a: Zamazenta|Behemoth Bash|p1b: Calyrex\n|-damage|p1b: Calyrex|80/100\n|\n|-heal|p1a: Terapagos|74/100|[from] item: Leftovers\n|-damage|p2a: Zamazenta|88/100 brn|[from] brn\n|upkeep\n|turn|6\n|inactive|HardTRIsWashed has 30 seconds left.\n|inactive|HardTRIsWashed has 20 seconds left.\n|\n|t:|1746010307\n|-terastallize|p2b: Calyrex|Grass\n|-terastallize|p1a: Terapagos|Stellar\n|detailschange|p1a: Terapagos|Terapagos-Stellar, L50, M, tera:Stellar\n|-heal|p1a: Terapagos|81/100|[silent]\n|move|p1b: Calyrex|Astral Barrage|p2a: Zamazenta|[spread] p2a,p2b\n|-damage|p2a: Zamazenta|51/100 brn\n|-damage|p2b: Calyrex|3/100\n|move|p2b: Calyrex|Giga Drain|p1a: Terapagos\n|-damage|p1a: Terapagos|0 fnt\n|-heal|p2b: Calyrex|57/100|[from] drain|[of] p1a: Terapagos\n|faint|p1a: Terapagos\n|-ability|p2b: Calyrex|Grim Neigh|boost\n|-boost|p2b: Calyrex|spa|1\n|-damage|p2b: Calyrex|48/100|[from] item: Life Orb\n|move|p2a: Zamazenta|Body Press|p1b: Calyrex\n|-immune|p1b: Calyrex\n|\n|-damage|p2a: Zamazenta|45/100 brn|[from] brn\n|upkeep\n|\n|t:|1746010319\n|switch|p1a: Urshifu|Urshifu-Rapid-Strike, L50, M|100/100\n|turn|7\n|inactive|HardTRIsWashed has 30 seconds left.\n|\n|t:|1746010352\n|switch|p2a: Ogerpon|Ogerpon-Hearthflame, L50, F|100/100\n|-ability|p2a: Ogerpon|Mold Breaker\n|move|p1a: Urshifu|Close Combat|p2b: Calyrex\n|-damage|p2b: Calyrex|0 fnt\n|-unboost|p1a: Urshifu|def|1\n|-unboost|p1a: Urshifu|spd|1\n|faint|p2b: Calyrex\n|move|p1b: Calyrex|Astral Barrage|p2a: Ogerpon\n|-damage|p2a: Ogerpon|28/100\n|\n|upkeep\n|\n|t:|1746010357\n|switch|p2b: Zamazenta|Zamazenta-Crowned, L50|45/100 brn\n|turn|8\n|-message|Fraudgos forfeited.\n|\n|win|HardTRIsWashed\n||Fraudgos is ready for game 2.\n||HardTRIsWashed is ready for game 2.\n|uhtml|next|Next: <a href=\"/battle-gen9vgc2025regibo3-2353851947\"><strong>Game 2 of 3</strong></a>\n|l|\u2606Fraudgos\n|player|p2|\n", "uploadtime": 1746011770, "views": 7, "formatid": "gen9vgc2025regibo3", "rating": null, "private": 0, "password": null}