{"id": "gen9vgc2025regibo3-2353729798", "format": "[Gen 9] VGC 2025 Reg I (Bo3)", "players": ["tonycity1", "lil wak"], "log": "|j|\u2606tonycity1\n|j|\u2606lil wak\n|html|<table width=\"100%\"><tr><td align=\"left\">tonycity1</td><td align=\"right\">lil wak</tr><tr><td align=\"left\"><i class=\"fa fa-circle-o\"></i> <i class=\"fa fa-circle-o\"></i> </td><td align=\"right\"><i class=\"fa fa-circle-o\"></i> <i class=\"fa fa-circle\"></i> </tr></table>\n|uhtml|bestof|<h2><strong>Game 2</strong> of <a href=\"/game-bestof3-gen9vgc2025regibo3-2353729342\">a best-of-3</a></h2>\n|t:|1745989995\n|gametype|doubles\n|player|p1|tonycity1|lucas|1024\n|player|p2|lil wak|sage|1020\n|teamsize|p1|6\n|teamsize|p2|6\n|gen|9\n|tier|[Gen 9] VGC 2025 Reg I (Bo3)\n|rated|\n|rule|Species Clause: Limit one of each Pok\u00e9mon\n|rule|Item Clause: Limit 1 of each item\n|clearpoke\n|poke|p1|Koraidon, L50|\n|poke|p1|Lilligant-Hisui, L50, F|\n|poke|p1|Flutter Mane, L50|\n|poke|p1|Ho-Oh, L50|\n|poke|p1|Heatran, L50, M|\n|poke|p1|Ogerpon-Cornerstone, L50, F|\n|poke|p2|Kyogre, L50|\n|poke|p2|Zacian-*, L50|\n|poke|p2|Tornadus, L50, M|\n|poke|p2|Urshifu-*, L50, F|\n|poke|p2|Iron Hands, L50|\n|poke|p2|Amoonguss, L50, F|\n|teampreview|4\n|showteam|p1|Koraidon||LifeOrb|OrichalcumPulse|CollisionCourse,FlareBlitz,Uturn,Protect||||||50|,,,,,Fire]Lilligant-Hisui||FocusSash|Chlorophyll|CloseCombat,SolarBlade,AfterYou,Coaching|||F|||50|,,,,,Grass]Flutter Mane||ChoiceSpecs|Protosynthesis|DazzlingGleam,ShadowBall,Moonblast,MysticalFire||||||50|,,,,,Fire]Ho-Oh||Leftovers|Regenerator|LifeDew,Tailwind,Whirlwind,SacredFire||||||50|,,,,,Fire]Heatran||Charcoal|FlashFire|Protect,Taunt,HeatWave,SolarBeam|||M|||50|,,,,,Grass]Ogerpon-Cornerstone||CornerstoneMask|Sturdy|IvyCudgel,HornLeech,SpikyShield,FollowMe|||F|||50|,,,,,Rock\n|showteam|p2|Kyogre||MysticWater|Drizzle|OriginPulse,IceBeam,Thunder,Protect||||||50|,,,,,Grass]Zacian-Crowned||RustedSword|IntrepidSword|behemothblade,PlayRough,SacredSword,Protect||||||50|,,,,,Ground]Tornadus||CovertCloak|Prankster|BleakwindStorm,Tailwind,Taunt,RainDance|||M|||50|,,,,,Flying]Urshifu-Rapid-Strike||FocusSash|UnseenFist|AquaJet,CloseCombat,SurgingStrikes,Detect|||F|||50|,,,,,Water]Iron Hands||AssaultVest|QuarkDrive|FakeOut,LowKick,ThunderPunch,DrainPunch||||||50|,,,,,Grass]Amoonguss||RockyHelmet|Regenerator|Spore,RagePowder,PollenPuff,Protect|||F|||50|,,,,,Water\n|inactive|Battle timer is ON: inactive players will automatically lose when time's up. (requested by tonycity1)\n|inactive|tonycity1 has 60 seconds left.\n|\n|t:|1745990033\n|start\n|switch|p1a: Koraidon|Koraidon, L50|100/100\n|switch|p1b: Ogerpon|Ogerpon-Cornerstone, L50, F|100/100\n|switch|p2a: Zacian|Zacian-Crowned, L50|100/100\n|switch|p2b: Amoonguss|Amoonguss, L50, F|100/100\n|-ability|p2a: Zacian|Intrepid Sword|boost\n|-boost|p2a: Zacian|atk|1\n|-weather|SunnyDay|[from] ability: Orichalcum Pulse|[of] p1a: Koraidon\n|-activate|p1a: Koraidon|Orichalcum Pulse|[source]\n|turn|1\n|inactive|tonycity1 has 30 seconds left.\n|inactive|lil wak has 30 seconds left.\n|\n|t:|1745990061\n|switch|p1a: Ho-Oh|Ho-Oh, L50|100/100\n|move|p2b: Amoonguss|Rage Powder|p2b: Amoonguss\n|-singleturn|p2b: Amoonguss|move: Rage Powder\n|move|p2a: Zacian|Play Rough|p1a: Ho-Oh\n|-resisted|p1a: Ho-Oh\n|-damage|p1a: Ho-Oh|70/100\n|move|p1b: Ogerpon|Ivy Cudgel|p2a: Zacian|[anim] Ivy Cudgel Rock\n|-resisted|p2a: Zacian\n|-damage|p2a: Zacian|75/100\n|\n|-weather|SunnyDay|[upkeep]\n|-heal|p1a: Ho-Oh|76/100|[from] item: Leftovers\n|upkeep\n|turn|2\n|inactive|tonycity1 has 30 seconds left.\n|inactive|lil wak has 30 seconds left.\n|\n|t:|1745990094\n|move|p2a: Zacian|Protect|p2a: Zacian\n|-singleturn|p2a: Zacian|Protect\n|move|p1b: Ogerpon|Ivy Cudgel|p2b: Amoonguss|[anim] Ivy Cudgel Rock\n|-crit|p2b: Amoonguss\n|-damage|p2b: Amoonguss|32/100\n|move|p2b: Amoonguss|Spore|p1a: Ho-Oh\n|-status|p1a: Ho-Oh|slp|[from] move: Spore\n|cant|p1a: Ho-Oh|slp\n|\n|-weather|SunnyDay|[upkeep]\n|-heal|p1a: Ho-Oh|82/100 slp|[from] item: Leftovers\n|upkeep\n|turn|3\n|\n|t:|1745990118\n|move|p2a: Zacian|Behemoth Blade|p1b: Ogerpon\n|-supereffective|p1b: Ogerpon\n|-ability|p1b: Ogerpon|Sturdy\n|-damage|p1b: Ogerpon|1/100\n|move|p1b: Ogerpon|Ivy Cudgel|p2b: Amoonguss|[anim] Ivy Cudgel Rock\n|-damage|p2b: Amoonguss|0 fnt\n|faint|p2b: Amoonguss\n|-curestatus|p1a: Ho-Oh|slp|[msg]\n|move|p1a: Ho-Oh|Whirlwind|p2a: Zacian\n|drag|p2a: Urshifu|Urshifu-Rapid-Strike, L50, F|100/100\n|\n|-weather|SunnyDay|[upkeep]\n|-heal|p1a: Ho-Oh|88/100|[from] item: Leftovers\n|upkeep\n|\n|t:|1745990134\n|switch|p2b: Kyogre|Kyogre, L50|100/100\n|-weather|RainDance|[from] ability: Drizzle|[of] p2b: Kyogre\n|turn|4\n|\n|t:|1745990154\n|move|p2a: Urshifu|Surging Strikes|p1a: Ho-Oh\n|-supereffective|p1a: Ho-Oh\n|-crit|p1a: Ho-Oh\n|-damage|p1a: Ho-Oh|38/100\n|-supereffective|p1a: Ho-Oh\n|-crit|p1a: Ho-Oh\n|-damage|p1a: Ho-Oh|0 fnt\n|faint|p1a: Ho-Oh\n|-hitcount|p1: Ho-Oh|2\n|move|p1b: Ogerpon|Horn Leech|p2a: Urshifu\n|-supereffective|p2a: Urshifu\n|-damage|p2a: Urshifu|21/100\n|-heal|p1b: Ogerpon|40/100|[from] drain|[of] p2a: Urshifu\n|move|p2b: Kyogre|Origin Pulse|p1b: Ogerpon\n|-damage|p1b: Ogerpon|0 fnt\n|faint|p1b: Ogerpon\n|\n|-weather|RainDance|[upkeep]\n|upkeep\n|\n|t:|1745990176\n|switch|p1b: Heatran|Heatran, L50, M|100/100\n|switch|p1a: Koraidon|Koraidon, L50|100/100\n|-weather|SunnyDay|[from] ability: Orichalcum Pulse|[of] p1a: Koraidon\n|-activate|p1a: Koraidon|Orichalcum Pulse|[source]\n|turn|5\n|inactive|tonycity1 has 30 seconds left.\n|inactive|lil wak has 30 seconds left.\n|inactive|tonycity1 has 20 seconds left.\n|\n|t:|1745990214\n|-terastallize|p2a: Urshifu|Water\n|move|p2a: Urshifu|Aqua Jet|p1b: Heatran\n|-supereffective|p1b: Heatran\n|-crit|p1b: Heatran\n|-damage|p1b: Heatran|55/100\n|move|p1a: Koraidon|Collision Course|p2a: Urshifu\n|-damage|p2a: Urshifu|0 fnt\n|faint|p2a: Urshifu\n|-damage|p1a: Koraidon|91/100|[from] item: Life Orb\n|move|p2b: Kyogre|Thunder|p1a: Koraidon\n|-resisted|p1a: Koraidon\n|-damage|p1a: Koraidon|69/100\n|move|p1b: Heatran|Solar Beam||[still]\n|-prepare|p1b: Heatran|Solar Beam\n|-anim|p1b: Heatran|Solar Beam|p2b: Kyogre\n|-supereffective|p2b: Kyogre\n|-damage|p2b: Kyogre|30/100\n|\n|-weather|SunnyDay|[upkeep]\n|upkeep\n|\n|t:|1745990234\n|switch|p2a: Zacian|Zacian-Crowned, L50|75/100\n|turn|6\n|\n|t:|1745990255\n|-terastallize|p1a: Koraidon|Fire\n|move|p2a: Zacian|Play Rough|p1a: Koraidon\n|-resisted|p1a: Koraidon\n|-damage|p1a: Koraidon|45/100\n|move|p1a: Koraidon|Collision Course|p2b: Kyogre\n|-damage|p2b: Kyogre|0 fnt\n|faint|p2b: Kyogre\n|-damage|p1a: Koraidon|36/100|[from] item: Life Orb\n|move|p1b: Heatran|Heat Wave|p2a: Zacian\n|-supereffective|p2a: Zacian\n|-damage|p2a: Zacian|0 fnt\n|faint|p2a: Zacian\n|\n|win|tonycity1\n|inactive|tonycity1 has 30 seconds to confirm battle start!\n|inactive|lil wak has 30 seconds to confirm battle start!\n||lil wak is ready for game 3.\n|inactive|tonycity1 has 20 seconds to confirm battle start!\n||tonycity1 is ready for game 3.\n|uhtml|next|Next: <a href=\"/battle-gen9vgc2025regibo3-2353731451\"><strong>Game 3 of 3</strong></a>\n", "uploadtime": 1745990614, "views": 32, "formatid": "gen9vgc2025regibo3", "rating": null, "private": 0, "password": null}