{"id": "gen9vgc2025regibo3-2353782017", "format": "[Gen 9] VGC 2025 Reg I (Bo3)", "players": ["ujan_ujon", "arkjsmith"], "log": "|j|\u2606ujan_ujon\n|j|\u2606arkjsmith\n|html|<table width=\"100%\"><tr><td align=\"left\">ujan_ujon</td><td align=\"right\">arkjsmith</tr><tr><td align=\"left\"><i class=\"fa fa-circle-o\"></i> <i class=\"fa fa-circle-o\"></i> </td><td align=\"right\"><i class=\"fa fa-circle-o\"></i> <i class=\"fa fa-circle\"></i> </tr></table>\n|uhtml|bestof|<h2><strong>Game 2</strong> of <a href=\"/game-bestof3-gen9vgc2025regibo3-2353781064\">a best-of-3</a></h2>\n|t:|1745999011\n|gametype|doubles\n|player|p1|ujan_ujon|2|1128\n|player|p2|arkjsmith|roxie|1226\n|teamsize|p1|6\n|teamsize|p2|6\n|gen|9\n|tier|[Gen 9] VGC 2025 Reg I (Bo3)\n|rated|\n|rule|Species Clause: Limit one of each Pok\u00e9mon\n|rule|Item Clause: Limit 1 of each item\n|clearpoke\n|poke|p1|Zamazenta-*, L50|\n|poke|p1|Kyogre, L50|\n|poke|p1|Amoonguss, L50, M|\n|poke|p1|Chien-Pao, L50|\n|poke|p1|Urshifu-*, L50, F|\n|poke|p1|Tornadus, L50, M|\n|poke|p2|Koraidon, L50|\n|poke|p2|Flutter Mane, L50|\n|poke|p2|Zacian-*, L50|\n|poke|p2|Indeedee-F, L50, F|\n|poke|p2|Gouging Fire, L50|\n|poke|p2|Brute Bonnet, L50|\n|teampreview|4\n|showteam|p1|Zamazenta-Crowned||RustedShield|DauntlessShield|BodyPress,HeavySlam,WideGuard,Protect||||||50|,,,,,Dragon]Kyogre||MysticWater|Drizzle|OriginPulse,IceBeam,WaterSpout,Protect||||||50|,,,,,Grass]Amoonguss||RockyHelmet|Regenerator|Spore,RagePowder,PollenPuff,Protect|||M|||50|,,,,,Water]Chien-Pao||FocusSash|SwordofRuin|IceSpinner,SuckerPunch,ThroatChop,Protect||||||50|,,,,,Ghost]Urshifu-Rapid-Strike||ChoiceScarf|UnseenFist|SurgingStrikes,CloseCombat,Uturn,RainDance|||F|||50|,,,,,Water]Tornadus||CovertCloak|Prankster|BleakwindStorm,Tailwind,Taunt,RainDance|||M|||50|,,,,,Steel\n|showteam|p2|Koraidon||LifeOrb|OrichalcumPulse|CloseCombat,FlareBlitz,FlameCharge,Protect||||||50|,,,,,Fire]Flutter Mane||FocusSash|Protosynthesis|Moonblast,ShadowBall,IcyWind,Protect||||||50|,,,,,Normal]Zacian-Crowned||RustedSword|IntrepidSword|behemothblade,PlayRough,Substitute,Protect||||||50|,,,,,Water]Indeedee-F||PsychicSeed|PsychicSurge|Psychic,FollowMe,HelpingHand,TrickRoom|||F|||50|,,,,,Water]Gouging Fire||ClearAmulet|Protosynthesis|FlareBlitz,BurningBulwark,BreakingSwipe,Snarl||||||50|,,,,,Fire]Brute Bonnet||CovertCloak|Protosynthesis|SeedBomb,SuckerPunch,Spore,RagePowder||||||50|,,,,,Water\n|inactive|Battle timer is ON: inactive players will automatically lose when time's up. (requested by arkjsmith)\n|\n|t:|1745999024\n|start\n|switch|p1a: I|Tornadus, L50, M|100/100\n|switch|p1b: S|Kyogre, L50, shiny|100/100\n|switch|p2a: Zacian|Zacian-Crowned, L50, shiny|100/100\n|switch|p2b: Brute Bonnet|Brute Bonnet, L50|100/100\n|-ability|p2a: Zacian|Intrepid Sword|boost\n|-boost|p2a: Zacian|atk|1\n|-weather|RainDance|[from] ability: Drizzle|[of] p1b: S\n|turn|1\n|\n|t:|1745999044\n|-terastallize|p2b: Brute Bonnet|Water\n|move|p1b: S|Protect|p1b: S\n|-singleturn|p1b: S|Protect\n|move|p1a: I|Tailwind|p1a: I\n|-sidestart|p1: ujan_ujon|move: Tailwind\n|move|p2b: Brute Bonnet|Sucker Punch||[still]\n|-fail|p2b: Brute Bonnet\n|move|p2a: Zacian|Play Rough|p1b: S\n|-activate|p1b: S|move: Protect\n|\n|-weather|RainDance|[upkeep]\n|upkeep\n|turn|2\n|inactive|ujan_ujon has 30 seconds left.\n|\n|t:|1745999072\n|-end|p2b: Brute Bonnet|Protosynthesis|[silent]\n|switch|p2b: Dirk|Koraidon, L50|100/100\n|-weather|SunnyDay|[from] ability: Orichalcum Pulse|[of] p2b: Dirk\n|-activate|p2b: Dirk|Orichalcum Pulse|[source]\n|move|p1a: I|Taunt|p2b: Dirk\n|-start|p2b: Dirk|move: Taunt\n|move|p1b: S|Water Spout|p2b: Dirk|[spread] p2a,p2b\n|-resisted|p2b: Dirk\n|-damage|p2a: Zacian|64/100\n|-damage|p2b: Dirk|79/100\n|move|p2a: Zacian|Play Rough|p1b: S\n|-damage|p1b: S|21/100\n|\n|-weather|SunnyDay|[upkeep]\n|upkeep\n|turn|3\n|\n|t:|1745999092\n|switch|p2b: Brute Bonnet|Brute Bonnet, L50, tera:Water|100/100\n|-activate|p2b: Brute Bonnet|ability: Protosynthesis\n|-start|p2b: Brute Bonnet|protosynthesisdef\n|move|p2a: Zacian|Protect|p2a: Zacian\n|-singleturn|p2a: Zacian|Protect\n|move|p1a: I|Rain Dance|p1a: I\n|-weather|RainDance\n|-end|p2b: Brute Bonnet|Protosynthesis\n|move|p1b: S|Origin Pulse|p2a: Zacian|[spread] p2b\n|-activate|p2a: Zacian|move: Protect\n|-resisted|p2b: Brute Bonnet\n|-damage|p2b: Brute Bonnet|67/100\n|\n|-weather|RainDance|[upkeep]\n|upkeep\n|turn|4\n|\n|t:|1745999107\n|move|p1b: S|Protect|p1b: S\n|-singleturn|p1b: S|Protect\n|move|p1a: I|Taunt|p2b: Brute Bonnet\n|-start|p2b: Brute Bonnet|move: Taunt\n|move|p2b: Brute Bonnet|Sucker Punch||[still]\n|-fail|p2b: Brute Bonnet\n|move|p2a: Zacian|Behemoth Blade|p1a: I\n|-damage|p1a: I|26/100\n|\n|-weather|RainDance|[upkeep]\n|-sideend|p1: ujan_ujon|move: Tailwind\n|upkeep\n|turn|5\n|inactive|ujan_ujon has 30 seconds left.\n|\n|t:|1745999141\n|move|p1b: S|Protect||[still]\n|-fail|p1b: S\n|move|p1a: I|Tailwind|p1a: I\n|-sidestart|p1: ujan_ujon|move: Tailwind\n|move|p2b: Brute Bonnet|Sucker Punch||[still]\n|-fail|p2b: Brute Bonnet\n|move|p2a: Zacian|Behemoth Blade|p1a: I\n|-damage|p1a: I|0 fnt\n|faint|p1a: I\n|\n|-weather|RainDance|[upkeep]\n|upkeep\n|\n|t:|1745999152\n|switch|p1a: Usogui|Urshifu-Rapid-Strike, L50, F|100/100\n|turn|6\n|\n|t:|1745999166\n|switch|p1b: G|Chien-Pao, L50|100/100\n|-ability|p1b: G|Sword of Ruin\n|switch|p2a: Dirk|Koraidon, L50|79/100\n|-weather|SunnyDay|[from] ability: Orichalcum Pulse|[of] p2a: Dirk\n|-activate|p2b: Brute Bonnet|ability: Protosynthesis\n|-start|p2b: Brute Bonnet|protosynthesisdef\n|-activate|p2a: Dirk|Orichalcum Pulse|[source]\n|-terastallize|p1a: Usogui|Water\n|move|p1a: Usogui|Surging Strikes|p2a: Dirk\n|-resisted|p2a: Dirk\n|-crit|p2a: Dirk\n|-damage|p2a: Dirk|72/100\n|-resisted|p2a: Dirk\n|-crit|p2a: Dirk\n|-damage|p2a: Dirk|64/100\n|-resisted|p2a: Dirk\n|-crit|p2a: Dirk\n|-damage|p2a: Dirk|56/100\n|-hitcount|p2a: Dirk|3\n|move|p2b: Brute Bonnet|Seed Bomb|p1a: Usogui\n|-supereffective|p1a: Usogui\n|-damage|p1a: Usogui|16/100\n|\n|-weather|SunnyDay|[upkeep]\n|-end|p2b: Brute Bonnet|move: Taunt\n|upkeep\n|turn|7\n|inactive|ujan_ujon has 30 seconds left.\n|inactive|arkjsmith has 30 seconds left.\n|inactive|arkjsmith has 20 seconds left.\n|inactive|arkjsmith has 15 seconds left.\n|\n|t:|1745999208\n|switch|p1a: S|Kyogre, L50, shiny|21/100\n|-weather|RainDance|[from] ability: Drizzle|[of] p1a: S\n|-end|p2b: Brute Bonnet|Protosynthesis\n|switch|p2a: Zacian|Zacian-Crowned, L50, shiny|64/100\n|move|p1b: G|Ice Spinner|p2a: Zacian\n|-resisted|p2a: Zacian\n|-damage|p2a: Zacian|39/100\n|move|p2b: Brute Bonnet|Spore|p1a: S\n|-status|p1a: S|slp|[from] move: Spore\n|\n|-weather|RainDance|[upkeep]\n|upkeep\n|turn|8\n|\n|t:|1745999232\n|move|p1b: G|Protect|p1b: G\n|-singleturn|p1b: G|Protect\n|move|p2a: Zacian|Protect|p2a: Zacian\n|-singleturn|p2a: Zacian|Protect\n|cant|p1a: S|slp\n|move|p2b: Brute Bonnet|Seed Bomb|p1a: S\n|-supereffective|p1a: S\n|-damage|p1a: S|0 fnt\n|faint|p1a: S\n|\n|-weather|RainDance|[upkeep]\n|-sideend|p1: ujan_ujon|move: Tailwind\n|upkeep\n|\n|t:|1745999241\n|switch|p1a: Usogui|Urshifu-Rapid-Strike, L50, F, tera:Water|16/100\n|turn|9\n|\n|t:|1745999249\n|move|p2b: Brute Bonnet|Rage Powder|p2b: Brute Bonnet\n|-singleturn|p2b: Brute Bonnet|move: Rage Powder\n|move|p1a: Usogui|Close Combat|p2b: Brute Bonnet\n|-damage|p2b: Brute Bonnet|16/100\n|-unboost|p1a: Usogui|def|1\n|-unboost|p1a: Usogui|spd|1\n|move|p2a: Zacian|Behemoth Blade|p1b: G\n|-supereffective|p1b: G\n|-enditem|p1b: G|Focus Sash\n|-damage|p1b: G|1/100\n|move|p1b: G|Ice Spinner|p2b: Brute Bonnet\n|-resisted|p2b: Brute Bonnet\n|-crit|p2b: Brute Bonnet\n|-damage|p2b: Brute Bonnet|0 fnt\n|faint|p2b: Brute Bonnet\n|-end|p2b: Brute Bonnet|Protosynthesis|[silent]\n|\n|-weather|RainDance|[upkeep]\n|upkeep\n|\n|t:|1745999253\n|switch|p2b: Treble|Indeedee-F, L50, F, shiny|100/100\n|-fieldstart|move: Psychic Terrain|[from] ability: Psychic Surge|[of] p2b: Treble\n|-enditem|p2b: Treble|Psychic Seed\n|-boost|p2b: Treble|spd|1|[from] item: Psychic Seed\n|turn|10\n|\n|t:|1745999260\n|move|p2b: Treble|Follow Me|p2b: Treble\n|-singleturn|p2b: Treble|move: Follow Me\n|move|p1a: Usogui|Close Combat|p2b: Treble\n|-damage|p2b: Treble|25/100\n|-unboost|p1a: Usogui|def|1\n|-unboost|p1a: Usogui|spd|1\n|move|p2a: Zacian|Behemoth Blade|p1a: Usogui\n|-resisted|p1a: Usogui\n|-damage|p1a: Usogui|0 fnt\n|faint|p1a: Usogui\n|move|p1b: G|Throat Chop|p2b: Treble\n|-supereffective|p2b: Treble\n|-damage|p2b: Treble|0 fnt\n|faint|p2b: Treble\n|\n|-weather|RainDance|[upkeep]\n|upkeep\n|\n|t:|1745999263\n|switch|p2b: Dirk|Koraidon, L50|56/100\n|-weather|SunnyDay|[from] ability: Orichalcum Pulse|[of] p2b: Dirk\n|-activate|p2b: Dirk|Orichalcum Pulse|[source]\n|turn|11\n|\n|t:|1745999267\n|move|p2a: Zacian|Behemoth Blade|p1b: G\n|-supereffective|p1b: G\n|-damage|p1b: G|0 fnt\n|faint|p1b: G\n|\n|win|arkjsmith\n|raw|ujan_ujon's rating: 1128 &rarr; <strong>1110</strong><br />(-18 for losing)\n|raw|arkjsmith's rating: 1226 &rarr; <strong>1244</strong><br />(+18 for winning)\n", "uploadtime": 1745999275, "views": 10, "formatid": "gen9vgc2025regibo3", "rating": 1110, "private": 0, "password": null}