{"id": "gen9vgc2025regibo3-2355050899", "format": "[Gen 9] VGC 2025 Reg I (Bo3)", "players": ["UndeadParadox", "LunaSunChris"], "log": "|j|\u2606UndeadParadox\n|j|\u2606LunaSunChris\n|html|<table width=\"100%\"><tr><td align=\"left\">UndeadParadox</td><td align=\"right\">LunaSunChris</tr><tr><td align=\"left\"><i class=\"fa fa-circle-o\"></i> <i class=\"fa fa-circle-o\"></i> </td><td align=\"right\"><i class=\"fa fa-circle-o\"></i> <i class=\"fa fa-circle-o\"></i> </tr></table>\n|uhtml|bestof|<h2><strong>Game 1</strong> of <a href=\"/game-bestof3-gen9vgc2025regibo3-2355050898\">a best-of-3</a></h2>\n|t:|1746146441\n|gametype|doubles\n|player|p1|UndeadParadox|guitarist|\n|player|p2|LunaSunChris|rood|\n|teamsize|p1|6\n|teamsize|p2|6\n|gen|9\n|tier|[Gen 9] VGC 2025 Reg I (Bo3)\n|rule|Species Clause: Limit one of each Pok\u00e9mon\n|rule|Item Clause: Limit 1 of each item\n|clearpoke\n|poke|p1|Miraidon, L50|\n|poke|p1|Calyrex-Ice, L50|\n|poke|p1|Iron Hands, L50|\n|poke|p1|Farigiraf, L50, F|\n|poke|p1|Iron Valiant, L50|\n|poke|p1|Incineroar, L50, F|\n|poke|p2|Groudon, L50|\n|poke|p2|Lunala, L50|\n|poke|p2|Incineroar, L50, M|\n|poke|p2|Ribombee, L50, F|\n|poke|p2|Walking Wake, L50|\n|poke|p2|Rillaboom, L50, F|\n|teampreview|4\n|showteam|p1|Miraidon||ChoiceSpecs|HadronEngine|ElectroDrift,DracoMeteor,VoltSwitch,Overheat||||||50|,,,,,Fire]Calyrex-Ice||ClearAmulet|AsOneGlastrier|GlacialLance,HighHorsepower,Protect,TrickRoom||||||50|,,,,,Water]Iron Hands||AssaultVest|QuarkDrive|FakeOut,LowKick,WildCharge,DrainPunch||||||50|,,,,,Water]Farigiraf||ElectricSeed|ArmorTail|Psychic,HelpingHand,FoulPlay,TrickRoom|||F|||50|,,,,,Water]Iron Valiant||FocusSash|QuarkDrive|Coaching,WideGuard,Feint,SpiritBreak||||||50|,,,,,Ghost]Incineroar||RockyHelmet|Intimidate|KnockOff,FlareBlitz,FakeOut,PartingShot|||F|||50|,,,,,Fairy\n|showteam|p2|Groudon||ClearAmulet|Drought|PrecipiceBlades,HeatCrash,StompingTantrum,Protect||||||50|,,,,,Fire]Lunala||PowerHerb|ShadowShield|MoongeistBeam,MeteorBeam,WideGuard,TrickRoom||||||50|,,,,,Fairy]Incineroar||SafetyGoggles|Intimidate|KnockOff,FakeOut,FlareBlitz,PartingShot|||M|||50|,,,,,Ghost]Ribombee||FocusSash|SweetVeil|Moonblast,Tailwind,SunnyDay,PollenPuff|||F|||50|,,,,,Ghost]Walking Wake||LifeOrb|Protosynthesis|WeatherBall,HydroSteam,DracoMeteor,Protect||||||50|,,,,,Fire]Rillaboom||AssaultVest|GrassySurge|FakeOut,GrassyGlide,Uturn,WoodHammer|||F|||50|,,,,,Fire\n|\n|t:|1746146521\n|start\n|switch|p1a: Calyrex|Calyrex-Ice, L50|100/100\n|switch|p1b: Iron Valiant|Iron Valiant, L50|100/100\n|switch|p2a: Walking Wake|Walking Wake, L50|100/100\n|switch|p2b: Groudon|Groudon, L50|100/100\n|-ability|p1a: Calyrex|As One\n|-ability|p1a: Calyrex|Unnerve\n|-weather|SunnyDay|[from] ability: Drought|[of] p2b: Groudon\n|-activate|p2a: Walking Wake|ability: Protosynthesis\n|-start|p2a: Walking Wake|protosynthesisspe\n|turn|1\n|\n|t:|1746146562\n|-terastallize|p1a: Calyrex|Water\n|move|p2a: Walking Wake|Hydro Steam|p1b: Iron Valiant\n|-enditem|p1b: Iron Valiant|Focus Sash\n|-damage|p1b: Iron Valiant|1/100\n|-damage|p2a: Walking Wake|91/100|[from] item: Life Orb\n|move|p1b: Iron Valiant|Coaching|p1a: Calyrex\n|-boost|p1a: Calyrex|atk|1\n|-boost|p1a: Calyrex|def|1\n|move|p2b: Groudon|Precipice Blades|p1b: Iron Valiant|[spread] p1a,p1b\n|-damage|p1a: Calyrex|79/100\n|-damage|p1b: Iron Valiant|0 fnt\n|faint|p1b: Iron Valiant\n|-end|p1b: Iron Valiant|Quark Drive|[silent]\n|move|p1a: Calyrex|Trick Room|p1a: Calyrex\n|-fieldstart|move: Trick Room|[of] p1a: Calyrex\n|\n|-weather|SunnyDay|[upkeep]\n|upkeep\n|\n|t:|1746146576\n|switch|p1b: Iron Hands|Iron Hands, L50|100/100\n|turn|2\n|\n|t:|1746146595\n|move|p2b: Groudon|Protect|p2b: Groudon\n|-singleturn|p2b: Groudon|Protect\n|move|p2a: Walking Wake|Protect|p2a: Walking Wake\n|-singleturn|p2a: Walking Wake|Protect\n|move|p1b: Iron Hands|Fake Out|p2b: Groudon\n|-activate|p2b: Groudon|move: Protect\n|move|p1a: Calyrex|Glacial Lance|p2a: Walking Wake|[spread] \n|-activate|p2a: Walking Wake|move: Protect\n|-activate|p2b: Groudon|move: Protect\n|\n|-weather|SunnyDay|[upkeep]\n|upkeep\n|turn|3\n|\n|t:|1746146645\n|-terastallize|p2b: Groudon|Fire\n|move|p2a: Walking Wake|Protect|p2a: Walking Wake\n|-singleturn|p2a: Walking Wake|Protect\n|move|p1b: Iron Hands|Low Kick|p2b: Groudon\n|-damage|p2b: Groudon|53/100\n|move|p1a: Calyrex|Glacial Lance|p2b: Groudon|[spread] p2b\n|-activate|p2a: Walking Wake|move: Protect\n|-resisted|p2b: Groudon\n|-damage|p2b: Groudon|22/100\n|move|p2b: Groudon|Precipice Blades|p1a: Calyrex|[spread] p1a,p1b\n|-supereffective|p1b: Iron Hands\n|-damage|p1a: Calyrex|59/100\n|-damage|p1b: Iron Hands|23/100\n|\n|-weather|SunnyDay|[upkeep]\n|upkeep\n|turn|4\n|\n|t:|1746146680\n|move|p2b: Groudon|Protect|p2b: Groudon\n|-singleturn|p2b: Groudon|Protect\n|move|p2a: Walking Wake|Protect||[still]\n|-fail|p2a: Walking Wake\n|move|p1b: Iron Hands|Wild Charge|p2a: Walking Wake\n|-damage|p2a: Walking Wake|35/100\n|-damage|p1b: Iron Hands|13/100|[from] Recoil\n|move|p1a: Calyrex|Glacial Lance|p2b: Groudon|[spread] p2a\n|-activate|p2b: Groudon|move: Protect\n|-damage|p2a: Walking Wake|0 fnt\n|faint|p2a: Walking Wake\n|-end|p2a: Walking Wake|Protosynthesis|[silent]\n|-ability|p1a: Calyrex|Chilling Neigh|boost\n|-boost|p1a: Calyrex|atk|1\n|\n|-weather|SunnyDay|[upkeep]\n|upkeep\n|\n|t:|1746146694\n|switch|p2a: Rillaboom|Rillaboom, L50, F|100/100\n|-fieldstart|move: Grassy Terrain|[from] ability: Grassy Surge|[of] p2a: Rillaboom\n|turn|5\n|\n|t:|1746146714\n|move|p2a: Rillaboom|Fake Out|p1a: Calyrex\n|-damage|p1a: Calyrex|54/100\n|move|p1b: Iron Hands|Wild Charge|p2b: Groudon\n|-damage|p2b: Groudon|0 fnt\n|faint|p2b: Groudon\n|-damage|p1b: Iron Hands|9/100|[from] Recoil\n|cant|p1a: Calyrex|flinch\n|\n|-weather|none\n|-heal|p1b: Iron Hands|15/100|[from] Grassy Terrain\n|-heal|p1a: Calyrex|60/100|[from] Grassy Terrain\n|-fieldend|move: Trick Room\n|upkeep\n|\n|t:|1746146723\n|switch|p2b: Lunala|Lunala, L50|100/100\n|turn|6\n|\n|t:|1746146758\n|-end|p1b: Iron Hands|Quark Drive|[silent]\n|switch|p1b: Miraidon|Miraidon, L50|100/100\n|-fieldstart|move: Electric Terrain|[from] ability: Hadron Engine|[of] p1b: Miraidon\n|move|p2b: Lunala|Meteor Beam||[still]\n|-prepare|p2b: Lunala|Meteor Beam\n|-boost|p2b: Lunala|spa|1\n|-enditem|p2b: Lunala|Power Herb\n|-anim|p2b: Lunala|Meteor Beam|p1b: Miraidon\n|-damage|p1b: Miraidon|43/100\n|move|p2a: Rillaboom|Wood Hammer|p1a: Calyrex\n|-supereffective|p1a: Calyrex\n|-damage|p1a: Calyrex|17/100\n|-damage|p2a: Rillaboom|85/100|[from] Recoil\n|move|p1a: Calyrex|Glacial Lance|p2a: Rillaboom|[spread] p2a,p2b\n|-supereffective|p2a: Rillaboom\n|-damage|p2a: Rillaboom|0 fnt\n|-damage|p2b: Lunala|58/100\n|faint|p2a: Rillaboom\n|-ability|p1a: Calyrex|Chilling Neigh|boost\n|-boost|p1a: Calyrex|atk|1\n|\n|upkeep\n|turn|7\n|-message|LunaSunChris forfeited.\n|\n|win|UndeadParadox\n||LunaSunChris is ready for game 2.\n||UndeadParadox is ready for game 2.\n|uhtml|next|Next: <a href=\"/battle-gen9vgc2025regibo3-2355053814\"><strong>Game 2 of 3</strong></a>\n|l|\u2606LunaSunChris\n|player|p2|\n", "uploadtime": 1746147335, "views": 5, "formatid": "gen9vgc2025regibo3", "rating": null, "private": 0, "password": null}