{"id": "gen9vgc2025regibo3-2354604844", "format": "[Gen 9] VGC 2025 Reg I (Bo3)", "players": ["freyartchan", "Alexx_vr"], "log": "|j|\u2606freyartchan\n|j|\u2606Alexx_vr\n|html|<table width=\"100%\"><tr><td align=\"left\">freyartchan</td><td align=\"right\">Alexx_vr</tr><tr><td align=\"left\"><i class=\"fa fa-circle-o\"></i> <i class=\"fa fa-circle-o\"></i> </td><td align=\"right\"><i class=\"fa fa-circle-o\"></i> <i class=\"fa fa-circle-o\"></i> </tr></table>\n|uhtml|bestof|<h2><strong>Game 1</strong> of <a href=\"/game-bestof3-gen9vgc2025regibo3-2354604843\">a best-of-3</a></h2>\n|t:|1746101748\n|gametype|doubles\n|player|p1|freyartchan|kieran-champion|1190\n|player|p2|Alexx_vr|morty|1243\n|teamsize|p1|6\n|teamsize|p2|6\n|gen|9\n|tier|[Gen 9] VGC 2025 Reg I (Bo3)\n|rated|\n|rule|Species Clause: Limit one of each Pok\u00e9mon\n|rule|Item Clause: Limit 1 of each item\n|clearpoke\n|poke|p1|Miraidon, L50|\n|poke|p1|Calyrex-Ice, L50|\n|poke|p1|Farigiraf, L50, F|\n|poke|p1|Iron Hands, L50|\n|poke|p1|Urshifu-*, L50, M|\n|poke|p1|Pelipper, L50, M|\n|poke|p2|Terapagos, L50, M|\n|poke|p2|Calyrex-Shadow, L50|\n|poke|p2|Incineroar, L50, M|\n|poke|p2|Rillaboom, L50, F|\n|poke|p2|Amoonguss, L50, M|\n|poke|p2|Urshifu-*, L50, F|\n|teampreview|4\n|showteam|p1|Miraidon||ChoiceSpecs|HadronEngine|ElectroDrift,DazzlingGleam,DracoMeteor,VoltSwitch||||||50|,,,,,Fairy]Calyrex-Ice||ClearAmulet|AsOneGlastrier|GlacialLance,HighHorsepower,TrickRoom,Protect||||||50|,,,,,Water]Farigiraf||ElectricSeed|ArmorTail|FoulPlay,Psychic,TrickRoom,HelpingHand|||F|||50|,,,,,Water]Iron Hands||AssaultVest|QuarkDrive|FakeOut,WildCharge,LowKick,DrainPunch||||||50|,,,,,Water]Urshifu-Rapid-Strike||ChoiceScarf|UnseenFist|SurgingStrikes,AquaJet,Uturn,CloseCombat|||M|||50|,,,,,Water]Pelipper||LifeOrb|Drizzle|WeatherBall,Hurricane,WideGuard,Protect|||M|||50|,,,,,Grass\n|showteam|p2|Terapagos||Leftovers|TeraShift|Protect,TeraStarstorm,EarthPower,CalmMind|||M|||50|,,,,,Stellar]Calyrex-Shadow||FocusSash|AsOneSpectrier|Protect,AstralBarrage,Psychic,Encore||||||50|,,,,,Ghost]Incineroar||SafetyGoggles|Intimidate|KnockOff,PartingShot,WillOWisp,FakeOut|||M|||50|,,,,,Bug]Rillaboom||AssaultVest|GrassySurge|WoodHammer,GrassyGlide,Uturn,FakeOut|||F|||50|,,,,,Fire]Amoonguss||RockyHelmet|Regenerator|Protect,Spore,RagePowder,PollenPuff|||M|||50|,,,,,Water]Urshifu-Rapid-Strike||ChoiceScarf|UnseenFist|SurgingStrikes,CloseCombat,Coaching,Uturn|||F|||50|,,,,,Water\n|inactive|Battle timer is ON: inactive players will automatically lose when time's up. (requested by Alexx_vr)\n|inactive|freyartchan has 60 seconds left.\n|inactive|Alexx_vr has 60 seconds left.\n|\n|t:|1746101808\n|start\n|switch|p1a: Miraidon|Miraidon, L50|100/100\n|switch|p1b: Farigiraf|Farigiraf, L50, F|100/100\n|switch|p2a: Amoonguss|Amoonguss, L50, M|100/100\n|switch|p2b: Rillaboom|Rillaboom, L50, F|100/100\n|-fieldstart|move: Electric Terrain|[from] ability: Hadron Engine|[of] p1a: Miraidon\n|-enditem|p1b: Farigiraf|Electric Seed\n|-boost|p1b: Farigiraf|def|1|[from] item: Electric Seed\n|-fieldstart|move: Grassy Terrain|[from] ability: Grassy Surge|[of] p2b: Rillaboom\n|turn|1\n|inactive|freyartchan has 30 seconds left.\n|inactive|freyartchan has 20 seconds left.\n|inactive|freyartchan has 15 seconds left.\n|inactive|freyartchan has 10 seconds left.\n|\n|t:|1746101858\n|move|p2a: Amoonguss|Protect|p2a: Amoonguss\n|-singleturn|p2a: Amoonguss|Protect\n|move|p1a: Miraidon|Draco Meteor|p2b: Rillaboom\n|-damage|p2b: Rillaboom|31/100\n|-unboost|p1a: Miraidon|spa|2\n|move|p2b: Rillaboom|U-turn|p1a: Miraidon\n|-damage|p1a: Miraidon|73/100\n|\n|t:|1746101866\n|switch|p2b: Terapagos|Terapagos, L50, M|100/100|[from] U-turn\n|-activate|p2b: Terapagos|ability: Tera Shift\n|detailschange|p2b: Terapagos|Terapagos-Terastal, L50, M\n|-heal|p2b: Terapagos|100/100|[silent]\n|move|p1b: Farigiraf|Trick Room|p1b: Farigiraf\n|-fieldstart|move: Trick Room|[of] p1b: Farigiraf\n|\n|-heal|p1a: Miraidon|79/100|[from] Grassy Terrain\n|upkeep\n|turn|2\n|inactive|freyartchan has 30 seconds left.\n|inactive|freyartchan has 20 seconds left.\n|inactive|freyartchan has 15 seconds left.\n|inactive|freyartchan has 10 seconds left.\n|\n|t:|1746101911\n|switch|p1a: Calyrex|Calyrex-Ice, L50|100/100\n|-ability|p1a: Calyrex|As One\n|-ability|p1a: Calyrex|Unnerve\n|move|p2a: Amoonguss|Spore|p1b: Farigiraf\n|-status|p1b: Farigiraf|slp|[from] move: Spore\n|cant|p1b: Farigiraf|slp\n|move|p2b: Terapagos|Calm Mind|p2b: Terapagos\n|-boost|p2b: Terapagos|spa|1\n|-boost|p2b: Terapagos|spd|1\n|\n|upkeep\n|turn|3\n|\n|t:|1746101935\n|switch|p2a: Incineroar|Incineroar, L50, M|100/100\n|-ability|p2a: Incineroar|Intimidate|boost\n|-fail|p1a: Calyrex|unboost|[from] item: Clear Amulet|[of] p1a: Calyrex\n|-unboost|p1b: Farigiraf|atk|1\n|move|p1a: Calyrex|Glacial Lance|p2b: Terapagos|[spread] p2a,p2b\n|-resisted|p2a: Incineroar\n|-activate|p2b: Terapagos|ability: Tera Shell\n|-resisted|p2b: Terapagos\n|-damage|p2a: Incineroar|81/100\n|-damage|p2b: Terapagos|77/100\n|-curestatus|p1b: Farigiraf|slp|[msg]\n|move|p1b: Farigiraf|Psychic|p2a: Incineroar\n|-immune|p2a: Incineroar\n|move|p2b: Terapagos|Tera Starstorm|p1a: Calyrex\n|-damage|p1a: Calyrex|46/100\n|\n|-heal|p1a: Calyrex|52/100|[from] Grassy Terrain\n|-heal|p2a: Incineroar|87/100|[from] Grassy Terrain\n|-heal|p2b: Terapagos|83/100|[from] Grassy Terrain\n|-heal|p2b: Terapagos|89/100|[from] item: Leftovers\n|upkeep\n|turn|4\n|inactive|freyartchan has 30 seconds left.\n|inactive|Alexx_vr has 30 seconds left.\n|\n|t:|1746101966\n|move|p1b: Farigiraf|Helping Hand|p1a: Calyrex\n|-singleturn|p1a: Calyrex|Helping Hand|[of] p1b: Farigiraf\n|move|p1a: Calyrex|High Horsepower|p2a: Incineroar\n|-supereffective|p2a: Incineroar\n|-damage|p2a: Incineroar|2/100\n|move|p2a: Incineroar|Parting Shot|p1a: Calyrex\n|-fail|p1a: Calyrex|unboost|[from] item: Clear Amulet|[of] p1a: Calyrex\n|move|p2b: Terapagos|Tera Starstorm|p1b: Farigiraf\n|-damage|p1b: Farigiraf|36/100\n|\n|-heal|p1a: Calyrex|58/100|[from] Grassy Terrain\n|-heal|p1b: Farigiraf|42/100|[from] Grassy Terrain\n|-heal|p2a: Incineroar|8/100|[from] Grassy Terrain\n|-heal|p2b: Terapagos|95/100|[from] Grassy Terrain\n|-heal|p2b: Terapagos|100/100|[from] item: Leftovers\n|upkeep\n|turn|5\n|inactive|Alexx_vr has 30 seconds left.\n|\n|t:|1746101992\n|move|p1b: Farigiraf|Helping Hand|p1a: Calyrex\n|-singleturn|p1a: Calyrex|Helping Hand|[of] p1b: Farigiraf\n|move|p1a: Calyrex|Glacial Lance|p2b: Terapagos|[spread] p2a,p2b\n|-resisted|p2a: Incineroar\n|-activate|p2b: Terapagos|ability: Tera Shell\n|-resisted|p2b: Terapagos\n|-damage|p2a: Incineroar|0 fnt\n|-damage|p2b: Terapagos|68/100\n|faint|p2a: Incineroar\n|-ability|p1a: Calyrex|Chilling Neigh|boost\n|-boost|p1a: Calyrex|atk|1\n|move|p2b: Terapagos|Tera Starstorm|p1a: Calyrex\n|-damage|p1a: Calyrex|7/100\n|\n|-heal|p1a: Calyrex|13/100|[from] Grassy Terrain\n|-heal|p1b: Farigiraf|48/100|[from] Grassy Terrain\n|-heal|p2b: Terapagos|74/100|[from] Grassy Terrain\n|-heal|p2b: Terapagos|81/100|[from] item: Leftovers\n|-fieldend|move: Trick Room\n|-fieldend|move: Grassy Terrain\n|upkeep\n|\n|t:|1746102007\n|switch|p2a: Amoonguss|Amoonguss, L50, M|100/100\n|turn|6\n|\n|t:|1746102021\n|move|p1b: Farigiraf|Helping Hand|p1a: Calyrex\n|-singleturn|p1a: Calyrex|Helping Hand|[of] p1b: Farigiraf\n|move|p2b: Terapagos|Tera Starstorm|p1a: Calyrex\n|-damage|p1a: Calyrex|0 fnt\n|faint|p1a: Calyrex\n|move|p2a: Amoonguss|Spore|p1b: Farigiraf\n|-status|p1b: Farigiraf|slp|[from] move: Spore\n|\n|-heal|p2b: Terapagos|87/100|[from] item: Leftovers\n|upkeep\n|\n|t:|1746102033\n|switch|p1a: Miraidon|Miraidon, L50|79/100\n|-fieldstart|move: Electric Terrain|[from] ability: Hadron Engine|[of] p1a: Miraidon\n|turn|7\n|inactive|freyartchan has 30 seconds left.\n|inactive|freyartchan has 20 seconds left.\n|inactive|freyartchan has 15 seconds left.\n|inactive|freyartchan has 10 seconds left.\n|\n|t:|1746102080\n|-terastallize|p2b: Terapagos|Stellar\n|detailschange|p2b: Terapagos|Terapagos-Stellar, L50, M, tera:Stellar\n|-heal|p2b: Terapagos|90/100|[silent]\n|-ability|p2b: Terapagos|Teraform Zero\n|-fieldend|move: Electric Terrain\n|move|p1a: Miraidon|Draco Meteor|p2a: Amoonguss\n|-damage|p2a: Amoonguss|13/100\n|-unboost|p1a: Miraidon|spa|2\n|move|p2b: Terapagos|Tera Starstorm|p1a: Miraidon|[spread] p1a,p1b\n|-damage|p1a: Miraidon|31/100\n|-damage|p1b: Farigiraf|1/100 slp\n|cant|p1b: Farigiraf|slp\n|move|p2a: Amoonguss|Spore|p1a: Miraidon\n|-status|p1a: Miraidon|slp|[from] move: Spore\n|\n|-heal|p2b: Terapagos|97/100|[from] item: Leftovers\n|upkeep\n|turn|8\n|inactive|freyartchan has 30 seconds left.\n|\n|t:|1746102114\n|cant|p1a: Miraidon|slp\n|move|p2b: Terapagos|Tera Starstorm|p1a: Miraidon|[spread] p1a,p1b\n|-damage|p1a: Miraidon|0 fnt\n|-damage|p1b: Farigiraf|0 fnt\n|faint|p1a: Miraidon\n|faint|p1b: Farigiraf\n|move|p2a: Amoonguss|Spore|p1: Miraidon|[notarget]\n|-fail|p2a: Amoonguss\n|\n|-heal|p2b: Terapagos|100/100|[from] item: Leftovers\n|upkeep\n|\n|t:|1746102125\n|switch|p1a: Urshifu|Urshifu-Rapid-Strike, L50, M|100/100\n|turn|9\n|\n|t:|1746102136\n|move|p2a: Amoonguss|Rage Powder|p2a: Amoonguss\n|-singleturn|p2a: Amoonguss|move: Rage Powder\n|move|p1a: Urshifu|Close Combat|p2a: Amoonguss\n|-resisted|p2a: Amoonguss\n|-damage|p2a: Amoonguss|0 fnt\n|-unboost|p1a: Urshifu|def|1\n|-unboost|p1a: Urshifu|spd|1\n|-damage|p1a: Urshifu|84/100|[from] item: Rocky Helmet|[of] p2a: Amoonguss\n|faint|p2a: Amoonguss\n|move|p2b: Terapagos|Tera Starstorm|p1a: Urshifu\n|-damage|p1a: Urshifu|0 fnt\n|faint|p1a: Urshifu\n|\n|win|Alexx_vr\n||freyartchan is ready for game 2.\n||Alexx_vr is ready for game 2.\n|uhtml|next|Next: <a href=\"/battle-gen9vgc2025regibo3-2354607738\"><strong>Game 2 of 3</strong></a>\n", "uploadtime": 1746102890, "views": 8, "formatid": "gen9vgc2025regibo3", "rating": null, "private": 0, "password": null}