{"id": "gen9vgc2025regibo3-2354969271", "format": "[Gen 9] VGC 2025 Reg I (Bo3)", "players": ["Water_Spout09", "Rantix D Red"], "log": "|j|\u2606Water_Spout09\n|j|\u2606Rantix D Red\n|html|<table width=\"100%\"><tr><td align=\"left\">Water_Spout09</td><td align=\"right\">Rantix D Red</tr><tr><td align=\"left\"><i class=\"fa fa-circle-o\"></i> <i class=\"fa fa-circle-o\"></i> </td><td align=\"right\"><i class=\"fa fa-circle-o\"></i> <i class=\"fa fa-circle-o\"></i> </tr></table>\n|uhtml|bestof|<h2><strong>Game 1</strong> of <a href=\"/game-bestof3-gen9vgc2025regibo3-2354969270\">a best-of-3</a></h2>\n|t:|1746136968\n|gametype|doubles\n|player|p1|Water_Spout09|266|1303\n|player|p2|Rantix D Red|ghetsis|1187\n|teamsize|p1|6\n|teamsize|p2|6\n|gen|9\n|tier|[Gen 9] VGC 2025 Reg I (Bo3)\n|rated|\n|rule|Species Clause: Limit one of each Pok\u00e9mon\n|rule|Item Clause: Limit 1 of each item\n|clearpoke\n|poke|p1|Pelipper, L50, F|\n|poke|p1|Calyrex-Shadow, L50|\n|poke|p1|Zamazenta-*, L50|\n|poke|p1|Rillaboom, L50, M|\n|poke|p1|Ogerpon-Cornerstone, L50, F|\n|poke|p1|Iron Jugulis, L50|\n|poke|p2|Zacian-*, L50|\n|poke|p2|Kyogre, L50|\n|poke|p2|Urshifu-*, L50, M|\n|poke|p2|Wo-Chien, L50|\n|poke|p2|Grimmsnarl, L50, M|\n|poke|p2|Ogerpon-Cornerstone, L50, F|\n|teampreview|4\n|showteam|p1|Pelipper||FocusSash|Drizzle|Hurricane,WeatherBall,WideGuard,Protect|||F|||50|,,,,,Stellar]Calyrex-Shadow||LifeOrb|AsOneSpectrier|AstralBarrage,DarkPulse,NastyPlot,Protect||||||50|,,,,,Dark]Zamazenta-Crowned||RustedShield|DauntlessShield|BodyPress,HeavySlam,WideGuard,Protect||||||50|,,,,,Dragon]Rillaboom||AssaultVest|GrassySurge|WoodHammer,GrassyGlide,Uturn,FakeOut|||M|||50|,,,,,Grass]Ogerpon-Cornerstone||CornerstoneMask|Sturdy|IvyCudgel,PowerWhip,FollowMe,SpikyShield|||F|||50|,,,,,Rock]Iron Jugulis||BoosterEnergy|QuarkDrive|AirSlash,Snarl,Tailwind,Protect||||||50|,,,,,Grass\n|showteam|p2|Zacian-Crowned||RustedSword|IntrepidSword|PlayRough,behemothblade,Protect,SwordsDance||||||50|,,,,,Fairy]Kyogre||AssaultVest|Drizzle|OriginPulse,IceBeam,Thunder,WaterSpout||||||50|,,,,,Grass]Urshifu-Rapid-Strike||ChoiceScarf|UnseenFist|SurgingStrikes,IceSpinner,Uturn,CloseCombat|||M|||50|,,,,,Grass]Wo-Chien||Leftovers|TabletsofRuin|LeechSeed,Protect,PollenPuff,Ruination||||||50|,,,,,Dark]Grimmsnarl||LightClay|Prankster|ThunderWave,Reflect,LightScreen,SpiritBreak|||M|||50|,,,,,Water]Ogerpon-Cornerstone||CornerstoneMask|Sturdy|IvyCudgel,PowerWhip,SpikyShield,FollowMe|||F|||50|,,,,,Rock\n|\n|t:|1746137026\n|start\n|switch|p1a: Calyrex|Calyrex-Shadow, L50|100/100\n|switch|p1b: Rillaboom|Rillaboom, L50, M|100/100\n|switch|p2a: Grimmsnarl|Grimmsnarl, L50, M|100/100\n|switch|p2b: Zacian|Zacian-Crowned, L50|100/100\n|-ability|p1a: Calyrex|As One\n|-ability|p1a: Calyrex|Unnerve\n|-ability|p2b: Zacian|Intrepid Sword|boost\n|-boost|p2b: Zacian|atk|1\n|-fieldstart|move: Grassy Terrain|[from] ability: Grassy Surge|[of] p1b: Rillaboom\n|turn|1\n|\n|t:|1746137050\n|-terastallize|p1a: Calyrex|Dark\n|move|p1b: Rillaboom|Fake Out|p2b: Zacian\n|-resisted|p2b: Zacian\n|-damage|p2b: Zacian|94/100\n|move|p1a: Calyrex|Nasty Plot|p1a: Calyrex\n|-boost|p1a: Calyrex|spa|2\n|cant|p2b: Zacian|flinch\n|move|p2a: Grimmsnarl|Spirit Break|p1a: Calyrex\n|-supereffective|p1a: Calyrex\n|-damage|p1a: Calyrex|14/100\n|-unboost|p1a: Calyrex|spa|1\n|\n|-heal|p1a: Calyrex|20/100|[from] Grassy Terrain\n|-heal|p2b: Zacian|99/100|[from] Grassy Terrain\n|upkeep\n|turn|2\n|\n|t:|1746137084\n|move|p2b: Zacian|Protect|p2b: Zacian\n|-singleturn|p2b: Zacian|Protect\n|move|p2a: Grimmsnarl|Light Screen|p2a: Grimmsnarl\n|-sidestart|p2: Rantix D Red|move: Light Screen\n|move|p1a: Calyrex|Astral Barrage|p2a: Grimmsnarl|[spread] p2a\n|-activate|p2b: Zacian|move: Protect\n|-resisted|p2a: Grimmsnarl\n|-damage|p2a: Grimmsnarl|62/100\n|-damage|p1a: Calyrex|11/100|[from] item: Life Orb\n|move|p1b: Rillaboom|Wood Hammer|p2b: Zacian\n|-activate|p2b: Zacian|move: Protect\n|\n|-heal|p1a: Calyrex|17/100|[from] Grassy Terrain\n|-heal|p2b: Zacian|100/100|[from] Grassy Terrain\n|-heal|p2a: Grimmsnarl|68/100|[from] Grassy Terrain\n|upkeep\n|turn|3\n|\n|t:|1746137101\n|move|p1a: Calyrex|Astral Barrage|p2b: Zacian|[spread] p2a,p2b\n|-resisted|p2a: Grimmsnarl\n|-damage|p2a: Grimmsnarl|30/100\n|-damage|p2b: Zacian|35/100\n|-damage|p1a: Calyrex|7/100|[from] item: Life Orb\n|move|p2b: Zacian|Behemoth Blade|p1b: Rillaboom\n|-damage|p1b: Rillaboom|12/100\n|move|p1b: Rillaboom|Wood Hammer|p2a: Grimmsnarl\n|-damage|p2a: Grimmsnarl|0 fnt\n|faint|p2a: Grimmsnarl\n|-damage|p1b: Rillaboom|3/100|[from] Recoil\n|\n|-heal|p1a: Calyrex|14/100|[from] Grassy Terrain\n|-heal|p2b: Zacian|41/100|[from] Grassy Terrain\n|-heal|p1b: Rillaboom|9/100|[from] Grassy Terrain\n|upkeep\n|\n|t:|1746137113\n|switch|p2a: Urshifu|Urshifu-Rapid-Strike, L50, M|100/100\n|turn|4\n|\n|t:|1746137128\n|move|p1b: Rillaboom|Grassy Glide|p2a: Urshifu\n|-supereffective|p2a: Urshifu\n|-damage|p2a: Urshifu|17/100\n|move|p2a: Urshifu|U-turn|p1a: Calyrex\n|-supereffective|p1a: Calyrex\n|-damage|p1a: Calyrex|0 fnt\n|faint|p1a: Calyrex\n|\n|t:|1746137137\n|switch|p2a: Kyogre|Kyogre, L50|100/100|[from] U-turn\n|-weather|RainDance|[from] ability: Drizzle|[of] p2a: Kyogre\n|move|p2b: Zacian|Behemoth Blade|p1b: Rillaboom\n|-damage|p1b: Rillaboom|0 fnt\n|faint|p1b: Rillaboom\n|\n|-weather|RainDance|[upkeep]\n|-heal|p2b: Zacian|47/100|[from] Grassy Terrain\n|upkeep\n|\n|t:|1746137139\n|switch|p1a: Zamazenta|Zamazenta-Crowned, L50|100/100\n|switch|p1b: Iron Jugulis|Iron Jugulis, L50|100/100\n|-ability|p1a: Zamazenta|Dauntless Shield|boost\n|-boost|p1a: Zamazenta|def|1\n|-enditem|p1b: Iron Jugulis|Booster Energy\n|-activate|p1b: Iron Jugulis|ability: Quark Drive|[fromitem]\n|-start|p1b: Iron Jugulis|quarkdrivespe\n|turn|5\n|\n|t:|1746137170\n|move|p1b: Iron Jugulis|Tailwind|p1b: Iron Jugulis\n|-sidestart|p1: Water_Spout09|move: Tailwind\n|move|p1a: Zamazenta|Body Press|p2b: Zacian\n|-damage|p2b: Zacian|0 fnt\n|faint|p2b: Zacian\n|move|p2a: Kyogre|Water Spout|p1b: Iron Jugulis|[spread] p1a,p1b\n|-damage|p1a: Zamazenta|29/100\n|-damage|p1b: Iron Jugulis|6/100\n|\n|-weather|RainDance|[upkeep]\n|-heal|p1a: Zamazenta|35/100|[from] Grassy Terrain\n|-fieldend|move: Grassy Terrain\n|upkeep\n|\n|t:|1746137182\n|switch|p2b: Urshifu|Urshifu-Rapid-Strike, L50, M|17/100\n|turn|6\n|\n|t:|1746137215\n|move|p1a: Zamazenta|Wide Guard|p1a: Zamazenta\n|-singleturn|p1a: Zamazenta|Wide Guard\n|move|p1b: Iron Jugulis|Air Slash|p2b: Urshifu\n|-supereffective|p2b: Urshifu\n|-damage|p2b: Urshifu|0 fnt\n|faint|p2b: Urshifu\n|move|p2a: Kyogre|Ice Beam|p1b: Iron Jugulis\n|-supereffective|p1b: Iron Jugulis\n|-damage|p1b: Iron Jugulis|0 fnt\n|faint|p1b: Iron Jugulis\n|-end|p1b: Iron Jugulis|Quark Drive|[silent]\n|\n|-weather|RainDance|[upkeep]\n|upkeep\n|turn|7\n|\n|t:|1746137225\n|move|p1a: Zamazenta|Body Press|p2a: Kyogre\n|-damage|p2a: Kyogre|38/100\n|move|p2a: Kyogre|Water Spout|p1a: Zamazenta\n|-damage|p1a: Zamazenta|0 fnt\n|faint|p1a: Zamazenta\n|\n|win|Rantix D Red\n||Rantix D Red is ready for game 2.\n|inactive|Water_Spout09 has 30 seconds to confirm battle start!\n||Water_Spout09 is ready for game 2.\n|uhtml|next|Next: <a href=\"/battle-gen9vgc2025regibo3-2354971773\"><strong>Game 2 of 3</strong></a>\n", "uploadtime": 1746137521, "views": 5, "formatid": "gen9vgc2025regibo3", "rating": null, "private": 0, "password": null}