{"id": "gen9vgc2025regibo3-2353913944", "format": "[Gen 9] VGC 2025 Reg I (Bo3)", "players": ["Exnigorochi", "Hxynzz"], "log": "|j|\u2606Exnigorochi\n|j|\u2606Hxynzz\n|html|<table width=\"100%\"><tr><td align=\"left\">Exnigorochi</td><td align=\"right\">Hxynzz</tr><tr><td align=\"left\"><i class=\"fa fa-circle-o\"></i> <i class=\"fa fa-circle-o\"></i> </td><td align=\"right\"><i class=\"fa fa-circle-o\"></i> <i class=\"fa fa-circle-o\"></i> </tr></table>\n|uhtml|bestof|<h2><strong>Game 1</strong> of <a href=\"/game-bestof3-gen9vgc2025regibo3-2353913943\">a best-of-3</a></h2>\n|t:|1746018274\n|gametype|doubles\n|player|p1|Exnigorochi|linebacker|\n|player|p2|Hxynzz|dancer|\n|teamsize|p1|6\n|teamsize|p2|6\n|gen|9\n|tier|[Gen 9] VGC 2025 Reg I (Bo3)\n|rule|Species Clause: Limit one of each Pok\u00e9mon\n|rule|Item Clause: Limit 1 of each item\n|clearpoke\n|poke|p1|Miraidon, L50|\n|poke|p1|Lunala, L50|\n|poke|p1|Whimsicott, L50, M|\n|poke|p1|Chi-Yu, L50|\n|poke|p1|Urshifu-*, L50, M|\n|poke|p1|Ursaluna, L50, M|\n|poke|p2|Urshifu-*, L50, M|\n|poke|p2|Kyogre, L50|\n|poke|p2|Politoed, L50, M|\n|poke|p2|Gothitelle, L50, M|\n|poke|p2|Archaludon, L50, F|\n|poke|p2|Calyrex-Ice, L50|\n|teampreview|4\n|showteam|p1|Miraidon||ChoiceSpecs|HadronEngine|ElectroDrift,VoltSwitch,DracoMeteor,Discharge||||||50|,,,,,Electric]Lunala||Leftovers|ShadowShield|MoongeistBeam,Moonblast,TrickRoom,WideGuard||||||50|,,,,,Water]Whimsicott||CovertCloak|Prankster|Tailwind,Moonblast,Encore,LightScreen|||M|||50|,,,,,Dark]Chi-Yu||ChoiceScarf|BeadsofRuin|HeatWave,Overheat,DarkPulse,TeraBlast||||||50|,,,,,Ground]Urshifu-Rapid-Strike||MysticWater|UnseenFist|SurgingStrikes,CloseCombat,Detect,Taunt|||M|||50|,,,,,Water]Ursaluna||FlameOrb|Guts|Facade,Protect,HeadlongRush,PlayRough|||M|||50|,,,,,Fairy\n|showteam|p2|Urshifu-Rapid-Strike||AguavBerry|UnseenFist|AquaJet,SurgingStrikes,CloseCombat,DrainPunch|||M|||50|,,,,,Water]Kyogre||LifeOrb|Drizzle|CalmMind,IceBeam,Thunder,WaterSpout||||||50|,,,,,Electric]Politoed||DampRock|Drizzle|Protect,PerishSong,TeraBlast,HelpingHand|||M|||50|,,,,,Ghost]Gothitelle||FocusSash|ShadowTag|FakeOut,Protect,Psychic,TrickRoom|||M|||50|,,,,,Psychic]Archaludon||SitrusBerry|Stamina|ElectroShot,FlashCannon,DragonPulse,MeteorBeam|||F|||50|,,,,,Steel]Calyrex-Ice||AssaultVest|AsOneGlastrier|BodyPress,BulletSeed,GlacialLance,ZenHeadbutt||||||50|,,,,,Fighting\n|inactive|Battle timer is ON: inactive players will automatically lose when time's up. (requested by Exnigorochi)\n|\n|t:|1746018301\n|start\n|switch|p1a: Miraidon|Miraidon, L50|100/100\n|switch|p1b: Urshifu|Urshifu-Rapid-Strike, L50, M|100/100\n|switch|p2a: Mack|Archaludon, L50, F|100/100\n|switch|p2b: Mater|Calyrex-Ice, L50|100/100\n|-ability|p2b: Mater|As One\n|-ability|p2b: Mater|Unnerve\n|-fieldstart|move: Electric Terrain|[from] ability: Hadron Engine|[of] p1a: Miraidon\n|turn|1\n|\n|t:|1746018325\n|move|p1b: Urshifu|Detect|p1b: Urshifu\n|-singleturn|p1b: Urshifu|Protect\n|move|p1a: Miraidon|Volt Switch|p2b: Mater\n|-damage|p2b: Mater|51/100\n|\n|t:|1746018332\n|switch|p1a: Ursaluna|Ursaluna, L50, M|100/100|[from] Volt Switch\n|move|p2a: Mack|Dragon Pulse|p1a: Ursaluna\n|-damage|p1a: Ursaluna|72/100\n|move|p2b: Mater|Bullet Seed|p2a: Mack\n|-resisted|p2a: Mack\n|-damage|p2a: Mack|99/100\n|-ability|p2a: Mack|Stamina|boost\n|-boost|p2a: Mack|def|1\n|-resisted|p2a: Mack\n|-damage|p2a: Mack|98/100\n|-ability|p2a: Mack|Stamina|boost\n|-boost|p2a: Mack|def|1\n|-hitcount|p2a: Mack|2\n|\n|-status|p1a: Ursaluna|brn|[from] item: Flame Orb\n|upkeep\n|turn|2\n|inactive|Exnigorochi has 30 seconds left.\n|inactive|Hxynzz has 30 seconds left.\n|\n|t:|1746018362\n|switch|p1a: Lunala|Lunala, L50|100/100\n|switch|p2b: Doc Hudson|Kyogre, L50, shiny|100/100\n|-weather|RainDance|[from] ability: Drizzle|[of] p2b: Doc Hudson\n|move|p1b: Urshifu|Surging Strikes|p2b: Doc Hudson\n|-resisted|p2b: Doc Hudson\n|-crit|p2b: Doc Hudson\n|-damage|p2b: Doc Hudson|82/100\n|-resisted|p2b: Doc Hudson\n|-crit|p2b: Doc Hudson\n|-damage|p2b: Doc Hudson|64/100\n|-resisted|p2b: Doc Hudson\n|-crit|p2b: Doc Hudson\n|-damage|p2b: Doc Hudson|45/100\n|-hitcount|p2b: Doc Hudson|3\n|move|p2a: Mack|Electro Shot||[still]\n|-prepare|p2a: Mack|Electro Shot\n|-boost|p2a: Mack|spa|1\n|-anim|p2a: Mack|Electro Shot|p1b: Urshifu\n|-supereffective|p1b: Urshifu\n|-damage|p1b: Urshifu|0 fnt\n|faint|p1b: Urshifu\n|\n|-weather|RainDance|[upkeep]\n|upkeep\n|\n|t:|1746018370\n|switch|p1b: Miraidon|Miraidon, L50|100/100\n|-activate|p1b: Miraidon|ability: Hadron Engine\n|turn|3\n|\n|t:|1746018392\n|switch|p2b: Fillmore|Politoed, L50, M, shiny|100/100\n|move|p1a: Lunala|Wide Guard|p1a: Lunala\n|-singleturn|p1a: Lunala|Wide Guard\n|move|p1b: Miraidon|Draco Meteor|p2a: Mack\n|-damage|p2a: Mack|0 fnt\n|-unboost|p1b: Miraidon|spa|2\n|faint|p2a: Mack\n|\n|-weather|RainDance|[upkeep]\n|upkeep\n|\n|t:|1746018409\n|switch|p2a: Mater|Calyrex-Ice, L50|51/100\n|-ability|p2a: Mater|As One\n|-ability|p2a: Mater|Unnerve\n|turn|4\n|\n|t:|1746018421\n|move|p2b: Fillmore|Protect|p2b: Fillmore\n|-singleturn|p2b: Fillmore|Protect\n|move|p1b: Miraidon|Draco Meteor|p2b: Fillmore\n|-activate|p2b: Fillmore|move: Protect\n|move|p1a: Lunala|Moongeist Beam|p2a: Mater\n|-supereffective|p2a: Mater\n|-damage|p2a: Mater|0 fnt\n|faint|p2a: Mater\n|\n|-weather|RainDance|[upkeep]\n|upkeep\n|\n|t:|1746018434\n|switch|p2a: Doc Hudson|Kyogre, L50, shiny|45/100\n|turn|5\n|\n|t:|1746018448\n|-terastallize|p2a: Doc Hudson|Electric\n|move|p2b: Fillmore|Helping Hand|p2a: Doc Hudson\n|-singleturn|p2a: Doc Hudson|Helping Hand|[of] p2b: Fillmore\n|move|p1a: Lunala|Wide Guard|p1a: Lunala\n|-singleturn|p1a: Lunala|Wide Guard\n|move|p1b: Miraidon|Draco Meteor|p2a: Doc Hudson|[miss]\n|-miss|p1b: Miraidon|p2a: Doc Hudson\n|move|p2a: Doc Hudson|Thunder|p1a: Lunala\n|-damage|p1a: Lunala|43/100\n|-damage|p2a: Doc Hudson|36/100|[from] item: Life Orb\n|\n|-weather|RainDance|[upkeep]\n|-heal|p1a: Lunala|49/100|[from] item: Leftovers\n|-fieldend|move: Electric Terrain\n|upkeep\n|turn|6\n|inactive|Exnigorochi has 30 seconds left.\n|\n|t:|1746018473\n|move|p2b: Fillmore|Protect|p2b: Fillmore\n|-singleturn|p2b: Fillmore|Protect\n|move|p1b: Miraidon|Draco Meteor|p2a: Doc Hudson\n|-damage|p2a: Doc Hudson|0 fnt\n|-unboost|p1b: Miraidon|spa|2\n|faint|p2a: Doc Hudson\n|move|p1a: Lunala|Moongeist Beam|p2b: Fillmore\n|-activate|p2b: Fillmore|move: Protect\n|\n|-weather|none\n|-heal|p1a: Lunala|55/100|[from] item: Leftovers\n|upkeep\n|turn|7\n|\n|t:|1746018485\n|move|p1b: Miraidon|Draco Meteor|p2b: Fillmore\n|-damage|p2b: Fillmore|74/100\n|-unboost|p1b: Miraidon|spa|2\n|move|p1a: Lunala|Moongeist Beam|p2b: Fillmore\n|-damage|p2b: Fillmore|25/100\n|move|p2b: Fillmore|Tera Blast|p1a: Lunala\n|-immune|p1a: Lunala\n|\n|-heal|p1a: Lunala|61/100|[from] item: Leftovers\n|upkeep\n|turn|8\n|\n|t:|1746018508\n|move|p2b: Fillmore|Protect|p2b: Fillmore\n|-singleturn|p2b: Fillmore|Protect\n|move|p1b: Miraidon|Draco Meteor|p2b: Fillmore\n|-activate|p2b: Fillmore|move: Protect\n|move|p1a: Lunala|Moongeist Beam|p2b: Fillmore\n|-activate|p2b: Fillmore|move: Protect\n|\n|-heal|p1a: Lunala|67/100|[from] item: Leftovers\n|upkeep\n|turn|9\n|\n|t:|1746018517\n|move|p2b: Fillmore|Protect|p2b: Fillmore\n|-singleturn|p2b: Fillmore|Protect\n|move|p1b: Miraidon|Draco Meteor|p2b: Fillmore\n|-activate|p2b: Fillmore|move: Protect\n|move|p1a: Lunala|Moongeist Beam|p2b: Fillmore\n|-activate|p2b: Fillmore|move: Protect\n|\n|-heal|p1a: Lunala|73/100|[from] item: Leftovers\n|upkeep\n|turn|10\n|\n|t:|1746018528\n|move|p1b: Miraidon|Draco Meteor|p2b: Fillmore\n|-damage|p2b: Fillmore|4/100\n|move|p1a: Lunala|Moongeist Beam|p2b: Fillmore\n|-damage|p2b: Fillmore|0 fnt\n|faint|p2b: Fillmore\n|\n|win|Exnigorochi\n|l|\u2606Exnigorochi\n|player|p1|\n|inactive|Exnigorochi has 30 seconds to confirm battle start!\n|inactive|Hxynzz has 30 seconds to confirm battle start!\n||Exnigorochi is ready for game 2.\n||Hxynzz is ready for game 2.\n|uhtml|next|Next: <a href=\"/battle-gen9vgc2025regibo3-2353916391\"><strong>Game 2 of 3</strong></a>\n", "uploadtime": 1746018812, "views": 6, "formatid": "gen9vgc2025regibo3", "rating": null, "private": 0, "password": null}