{"id": "gen9vgc2025regibo3-2353341562", "format": "[Gen 9] VGC 2025 Reg I (Bo3)", "players": ["360pk", "Jakobtc"], "log": "|j|\u2606360pk\n|j|\u2606Jakobtc\n|html|<table width=\"100%\"><tr><td align=\"left\">360pk</td><td align=\"right\">Jakobtc</tr><tr><td align=\"left\"><i class=\"fa fa-circle-o\"></i> <i class=\"fa fa-circle-o\"></i> </td><td align=\"right\"><i class=\"fa fa-circle-o\"></i> <i class=\"fa fa-circle-o\"></i> </tr></table>\n|uhtml|bestof|<h2><strong>Game 1</strong> of <a href=\"/game-bestof3-gen9vgc2025regibo3-2353341561\">a best-of-3</a></h2>\n|t:|1745947838\n|gametype|doubles\n|player|p1|360pk|2|1403\n|player|p2|Jakobtc|riley|1335\n|teamsize|p1|6\n|teamsize|p2|6\n|gen|9\n|tier|[Gen 9] VGC 2025 Reg I (Bo3)\n|rated|\n|rule|Species Clause: Limit one of each Pok\u00e9mon\n|rule|Item Clause: Limit 1 of each item\n|clearpoke\n|poke|p1|Koraidon, L50|\n|poke|p1|Terapagos, L50, M|\n|poke|p1|Incineroar, L50, M|\n|poke|p1|Rillaboom, L50, F|\n|poke|p1|Ogerpon-Cornerstone, L50, F|\n|poke|p1|Flutter Mane, L50|\n|poke|p2|Calyrex-Shadow, L50|\n|poke|p2|Zacian-*, L50|\n|poke|p2|Incineroar, L50, F|\n|poke|p2|Rillaboom, L50, M|\n|poke|p2|Urshifu-*, L50, F|\n|poke|p2|Tornadus, L50, M|\n|teampreview|4\n|showteam|p1|Koraidon||LifeOrb|OrichalcumPulse|CloseCombat,FlareBlitz,FlameCharge,Protect||||||50|,,,,,Fire]Terapagos||Leftovers|TeraShift|TeraStarstorm,EarthPower,CalmMind,Protect|||M|||50|,,,,,Stellar]Incineroar||RockyHelmet|Intimidate|FlareBlitz,KnockOff,FakeOut,PartingShot|||M|||50|,,,,,Bug]Rillaboom||AssaultVest|GrassySurge|WoodHammer,GrassyGlide,Uturn,FakeOut|||F|||50|,,,,,Water]Ogerpon-Cornerstone||CornerstoneMask|Sturdy|IvyCudgel,PowerWhip,FollowMe,SpikyShield|||F|||50|,,,,,Rock]Flutter Mane||FocusSash|Protosynthesis|Moonblast,ShadowBall,IcyWind,Protect||||||50|,,,,,Normal\n|showteam|p2|Calyrex-Shadow||FocusSash|AsOneSpectrier|AstralBarrage,Psychic,Taunt,Protect||||||50|,,,,,Stellar]Zacian-Crowned||RustedSword|IntrepidSword|behemothblade,PlayRough,SacredSword,Protect||||||50|,,,,,Water]Incineroar||SafetyGoggles|Intimidate|FakeOut,KnockOff,HelpingHand,PartingShot|||F|||50|,,,,,Bug]Rillaboom||AssaultVest|GrassySurge|FakeOut,GrassyGlide,WoodHammer,Uturn|||M|||50|,,,,,Fire]Urshifu-Rapid-Strike||ChoiceScarf|UnseenFist|SurgingStrikes,CloseCombat,AquaJet,Uturn|||F|||50|,,,,,Water]Tornadus||CovertCloak|Prankster|BleakwindStorm,Tailwind,RainDance,Protect|||M|||50|,,,,,Dark\n|inactive|Battle timer is ON: inactive players will automatically lose when time's up. (requested by 360pk)\n|c|\u2606Jakobtc|GL\n|inactive|360pk has 60 seconds left.\n|inactive|Jakobtc has 60 seconds left.\n|\n|t:|1745947890\n|start\n|switch|p1a: Incineroar|Incineroar, L50, M|100/100\n|switch|p1b: Terapagos|Terapagos, L50, M|100/100\n|switch|p2a: Incineroar|Incineroar, L50, F|100/100\n|switch|p2b: Urshifu|Urshifu-Rapid-Strike, L50, F|100/100\n|-activate|p1b: Terapagos|ability: Tera Shift\n|detailschange|p1b: Terapagos|Terapagos-Terastal, L50, M\n|-heal|p1b: Terapagos|100/100|[silent]\n|-ability|p1a: Incineroar|Intimidate|boost\n|-unboost|p2a: Incineroar|atk|1\n|-unboost|p2b: Urshifu|atk|1\n|-ability|p2a: Incineroar|Intimidate|boost\n|-unboost|p1a: Incineroar|atk|1\n|-unboost|p1b: Terapagos|atk|1\n|turn|1\n|\n|t:|1745947910\n|switch|p1b: Koraidon|Koraidon, L50|100/100\n|-weather|SunnyDay|[from] ability: Orichalcum Pulse|[of] p1b: Koraidon\n|-activate|p1b: Koraidon|Orichalcum Pulse|[source]\n|move|p1a: Incineroar|Fake Out|p2b: Urshifu\n|-damage|p2b: Urshifu|92/100\n|move|p2a: Incineroar|Fake Out|p1b: Koraidon\n|-damage|p1b: Koraidon|94/100\n|cant|p2b: Urshifu|flinch\n|\n|-weather|SunnyDay|[upkeep]\n|upkeep\n|turn|2\n|inactive|Jakobtc has 30 seconds left.\n|\n|t:|1745947944\n|-terastallize|p2a: Incineroar|Bug\n|move|p2b: Urshifu|U-turn|p1a: Incineroar\n|-damage|p1a: Incineroar|88/100\n|-damage|p2b: Urshifu|76/100|[from] item: Rocky Helmet|[of] p1a: Incineroar\n|\n|t:|1745947949\n|switch|p2b: Tornadus|Tornadus, L50, M|100/100|[from] U-turn\n|move|p1b: Koraidon|Flame Charge|p2a: Incineroar\n|-supereffective|p2a: Incineroar\n|-damage|p2a: Incineroar|34/100\n|-boost|p1b: Koraidon|spe|1\n|-damage|p1b: Koraidon|85/100|[from] item: Life Orb\n|move|p1a: Incineroar|Parting Shot|p2a: Incineroar\n|-unboost|p2a: Incineroar|atk|1\n|-unboost|p2a: Incineroar|spa|1\n|\n|t:|1745947959\n|switch|p1a: Terapagos|Terapagos-Terastal, L50, M|100/100|[from] Parting Shot\n|move|p2a: Incineroar|Parting Shot|p1b: Koraidon\n|-unboost|p1b: Koraidon|atk|1\n|-unboost|p1b: Koraidon|spa|1\n|\n|t:|1745947966\n|switch|p2a: Urshifu|Urshifu-Rapid-Strike, L50, F|76/100|[from] Parting Shot\n|\n|-weather|SunnyDay|[upkeep]\n|upkeep\n|turn|3\n|inactive|Jakobtc has 30 seconds left.\n|\n|t:|1745947993\n|switch|p1b: Incineroar|Incineroar, L50, M|88/100\n|-ability|p1b: Incineroar|Intimidate|boost\n|-unboost|p2a: Urshifu|atk|1\n|-unboost|p2b: Tornadus|atk|1\n|move|p2b: Tornadus|Rain Dance|p2b: Tornadus\n|-weather|RainDance\n|move|p2a: Urshifu|U-turn|p1a: Terapagos\n|-activate|p1a: Terapagos|ability: Tera Shell\n|-resisted|p1a: Terapagos\n|-damage|p1a: Terapagos|95/100\n|\n|t:|1745948002\n|switch|p2a: Zacian|Zacian-Crowned, L50|100/100|[from] U-turn\n|-ability|p2a: Zacian|Intrepid Sword|boost\n|-boost|p2a: Zacian|atk|1\n|move|p1a: Terapagos|Calm Mind|p1a: Terapagos\n|-boost|p1a: Terapagos|spa|1\n|-boost|p1a: Terapagos|spd|1\n|\n|-weather|RainDance|[upkeep]\n|-heal|p1a: Terapagos|100/100|[from] item: Leftovers\n|upkeep\n|turn|4\n|\n|t:|1745948018\n|switch|p1b: Rillaboom|Rillaboom, L50, F|100/100\n|-fieldstart|move: Grassy Terrain|[from] ability: Grassy Surge|[of] p1b: Rillaboom\n|move|p2a: Zacian|Sacred Sword|p1a: Terapagos\n|-activate|p1a: Terapagos|ability: Tera Shell\n|-resisted|p1a: Terapagos\n|-damage|p1a: Terapagos|82/100\n|move|p2b: Tornadus|Bleakwind Storm|p1a: Terapagos|[spread] p1a,p1b\n|-supereffective|p1b: Rillaboom\n|-damage|p1a: Terapagos|64/100\n|-damage|p1b: Rillaboom|61/100\n|-unboost|p1b: Rillaboom|spe|1\n|move|p1a: Terapagos|Calm Mind|p1a: Terapagos\n|-boost|p1a: Terapagos|spa|1\n|-boost|p1a: Terapagos|spd|1\n|\n|-weather|RainDance|[upkeep]\n|-heal|p1a: Terapagos|70/100|[from] Grassy Terrain\n|-heal|p1a: Terapagos|76/100|[from] item: Leftovers\n|-heal|p1b: Rillaboom|67/100|[from] Grassy Terrain\n|upkeep\n|turn|5\n|\n|t:|1745948039\n|-terastallize|p1a: Terapagos|Stellar\n|detailschange|p1a: Terapagos|Terapagos-Stellar, L50, M, tera:Stellar\n|-heal|p1a: Terapagos|82/100|[silent]\n|-ability|p1a: Terapagos|Teraform Zero\n|-weather|none\n|-fieldend|move: Grassy Terrain\n|move|p1b: Rillaboom|Fake Out|p2a: Zacian\n|-resisted|p2a: Zacian\n|-damage|p2a: Zacian|95/100\n|cant|p2a: Zacian|flinch\n|move|p2b: Tornadus|Bleakwind Storm|p1a: Terapagos|[spread] p1a,p1b\n|-supereffective|p1b: Rillaboom\n|-damage|p1a: Terapagos|71/100\n|-damage|p1b: Rillaboom|24/100\n|move|p1a: Terapagos|Tera Starstorm|p2a: Zacian|[spread] p2a,p2b\n|-damage|p2a: Zacian|38/100\n|-damage|p2b: Tornadus|31/100\n|\n|-heal|p1a: Terapagos|78/100|[from] item: Leftovers\n|upkeep\n|turn|6\n|inactive|Jakobtc has 30 seconds left.\n|\n|t:|1745948067\n|switch|p1b: Incineroar|Incineroar, L50, M|88/100\n|-ability|p1b: Incineroar|Intimidate|boost\n|-unboost|p2a: Zacian|atk|1\n|-unboost|p2b: Tornadus|atk|1\n|move|p1a: Terapagos|Protect|p1a: Terapagos\n|-singleturn|p1a: Terapagos|Protect\n|move|p2a: Zacian|Sacred Sword|p1b: Incineroar\n|-supereffective|p1b: Incineroar\n|-damage|p1b: Incineroar|41/100\n|-damage|p2a: Zacian|22/100|[from] item: Rocky Helmet|[of] p1b: Incineroar\n|move|p2b: Tornadus|Bleakwind Storm|p1a: Terapagos|[spread] p1b\n|-activate|p1a: Terapagos|move: Protect\n|-damage|p1b: Incineroar|6/100\n|\n|-heal|p1a: Terapagos|84/100|[from] item: Leftovers\n|upkeep\n|turn|7\n|\n|t:|1745948083\n|switch|p1b: Rillaboom|Rillaboom, L50, F|24/100\n|-fieldstart|move: Grassy Terrain|[from] ability: Grassy Surge|[of] p1b: Rillaboom\n|move|p2a: Zacian|Protect|p2a: Zacian\n|-singleturn|p2a: Zacian|Protect\n|move|p2b: Tornadus|Bleakwind Storm|p1a: Terapagos|[spread] p1a,p1b\n|-supereffective|p1b: Rillaboom\n|-damage|p1a: Terapagos|72/100\n|-damage|p1b: Rillaboom|0 fnt\n|faint|p1b: Rillaboom\n|move|p1a: Terapagos|Tera Starstorm|p2b: Tornadus|[spread] p2b\n|-activate|p2a: Zacian|move: Protect\n|-damage|p2b: Tornadus|0 fnt\n|faint|p2b: Tornadus\n|\n|-heal|p2a: Zacian|28/100|[from] Grassy Terrain\n|-heal|p1a: Terapagos|78/100|[from] Grassy Terrain\n|-heal|p1a: Terapagos|85/100|[from] item: Leftovers\n|upkeep\n|\n|t:|1745948099\n|switch|p2b: Incineroar|Incineroar, L50, F, tera:Bug|34/100\n|switch|p1b: Koraidon|Koraidon, L50|85/100\n|-weather|SunnyDay|[from] ability: Orichalcum Pulse|[of] p1b: Koraidon\n|-activate|p1b: Koraidon|Orichalcum Pulse|[source]\n|-ability|p2b: Incineroar|Intimidate|boost\n|-unboost|p1a: Terapagos|atk|1\n|-unboost|p1b: Koraidon|atk|1\n|turn|8\n|\n|t:|1745948114\n|move|p1b: Koraidon|Protect|p1b: Koraidon\n|-singleturn|p1b: Koraidon|Protect\n|move|p1a: Terapagos|Protect|p1a: Terapagos\n|-singleturn|p1a: Terapagos|Protect\n|move|p2b: Incineroar|Fake Out|p1a: Terapagos\n|-activate|p1a: Terapagos|move: Protect\n|move|p2a: Zacian|Play Rough|p1b: Koraidon\n|-activate|p1b: Koraidon|move: Protect\n|\n|-weather|SunnyDay|[upkeep]\n|-heal|p2a: Zacian|34/100|[from] Grassy Terrain\n|-heal|p1b: Koraidon|91/100|[from] Grassy Terrain\n|-heal|p1a: Terapagos|91/100|[from] Grassy Terrain\n|-heal|p1a: Terapagos|97/100|[from] item: Leftovers\n|-heal|p2b: Incineroar|40/100|[from] Grassy Terrain\n|upkeep\n|turn|9\n|inactive|Jakobtc has 30 seconds left.\n|\n|t:|1745948142\n|switch|p1b: Incineroar|Incineroar, L50, M|6/100\n|-ability|p1b: Incineroar|Intimidate|boost\n|-unboost|p2a: Zacian|atk|1\n|-unboost|p2b: Incineroar|atk|1\n|move|p2a: Zacian|Sacred Sword|p1a: Terapagos\n|-supereffective|p1a: Terapagos\n|-damage|p1a: Terapagos|75/100\n|move|p1a: Terapagos|Tera Starstorm|p2b: Incineroar|[spread] p2a,p2b\n|-supereffective|p2b: Incineroar\n|-damage|p2a: Zacian|0 fnt\n|-damage|p2b: Incineroar|0 fnt\n|faint|p2a: Zacian\n|faint|p2b: Incineroar\n|\n|-weather|SunnyDay|[upkeep]\n|-heal|p1a: Terapagos|81/100|[from] Grassy Terrain\n|-heal|p1a: Terapagos|88/100|[from] item: Leftovers\n|-heal|p1b: Incineroar|12/100|[from] Grassy Terrain\n|upkeep\n|-message|Jakobtc forfeited.\n|\n|win|360pk\n|l|\u2606Jakobtc\n|player|p2|\n|j|\u2606Jakobtc\n|player|p2|Jakobtc|riley|\n||Jakobtc is ready for game 2.\n|inactive|360pk has 30 seconds to confirm battle start!\n||360pk is ready for game 2.\n|uhtml|next|Next: <a href=\"/battle-gen9vgc2025regibo3-2353345688\"><strong>Game 2 of 3</strong></a>\n|l|\u2606360pk\n|player|p1|\n", "uploadtime": 1745948155, "views": 25, "formatid": "gen9vgc2025regibo3", "rating": null, "private": 0, "password": null}