{"id": "gen9vgc2025regibo3-2354337209", "format": "[Gen 9] VGC 2025 Reg I (Bo3)", "players": ["ExessVGC", "BraneFX"], "log": "|j|\u2606ExessVGC\n|j|\u2606BraneFX\n|html|<table width=\"100%\"><tr><td align=\"left\">ExessVGC</td><td align=\"right\">BraneFX</tr><tr><td align=\"left\"><i class=\"fa fa-circle-o\"></i> <i class=\"fa fa-circle-o\"></i> </td><td align=\"right\"><i class=\"fa fa-circle-o\"></i> <i class=\"fa fa-circle\"></i> </tr></table>\n|uhtml|bestof|<h2><strong>Game 2</strong> of <a href=\"/game-bestof3-gen9vgc2025regibo3-2354335613\">a best-of-3</a></h2>\n|t:|1746058991\n|gametype|doubles\n|player|p1|ExessVGC|169|1218\n|player|p2|BraneFX|blackbelt-gen4dp|1235\n|teamsize|p1|6\n|teamsize|p2|6\n|gen|9\n|tier|[Gen 9] VGC 2025 Reg I (Bo3)\n|rated|\n|rule|Species Clause: Limit one of each Pok\u00e9mon\n|rule|Item Clause: Limit 1 of each item\n|clearpoke\n|poke|p1|Giratina, L50|\n|poke|p1|Grimmsnarl, L50, M|\n|poke|p1|Incineroar, L50, M|\n|poke|p1|Tornadus, L50, M|\n|poke|p1|Urshifu-*, L50, M|\n|poke|p1|Miraidon, L50|\n|poke|p2|Koraidon, L50|\n|poke|p2|Calyrex-Shadow, L50|\n|poke|p2|Chi-Yu, L50|\n|poke|p2|Indeedee-F, L50, F|\n|poke|p2|Whimsicott, L50, M|\n|poke|p2|Brute Bonnet, L50|\n|teampreview|4\n|showteam|p1|Giratina||Leftovers|Pressure|Hex,Protect,CalmMind,DragonPulse||||||50|,,,,,Fairy]Grimmsnarl||LightClay|Prankster|ThunderWave,LightScreen,Reflect,SpiritBreak|||M|||50|,,,,,Water]Incineroar||RockyHelmet|Intimidate|FakeOut,WillOWisp,PartingShot,KnockOff|||M|||50|,,,,,Water]Tornadus||CovertCloak|Prankster|RainDance,Tailwind,BleakwindStorm,Taunt|||M|||50|,,,,,Dark]Urshifu-Rapid-Strike||ChoiceScarf|UnseenFist|SurgingStrikes,CloseCombat,Uturn,AquaJet|||M|||50|,,,,,Grass]Miraidon||ChoiceSpecs|HadronEngine|DazzlingGleam,ElectroDrift,DracoMeteor,VoltSwitch||||||50|,,,,,Fairy\n|showteam|p2|Koraidon||ClearAmulet|OrichalcumPulse|CollisionCourse,FlareBlitz,FlameCharge,Protect||||||50|,,,,,Fire]Calyrex-Shadow||FocusSash|AsOneSpectrier|AstralBarrage,ExpandingForce,Disable,Protect||||||50|,,,,,Ghost]Chi-Yu||ChoiceScarf|BeadsofRuin|HeatWave,Overheat,DarkPulse,Snarl||||||50|,,,,,Fire]Indeedee-F||PsychicSeed|PsychicSurge|Psychic,FollowMe,HelpingHand,TrickRoom|||F|||50|,,,,,Dragon]Whimsicott||CovertCloak|Prankster|Moonblast,Tailwind,SunnyDay,Encore|||M|||50|,,,,,Dark]Brute Bonnet||RockyHelmet|Protosynthesis|SuckerPunch,SeedBomb,RagePowder,Spore||||||50|,,,,,Water\n|inactive|Battle timer is ON: inactive players will automatically lose when time's up. (requested by BraneFX)\n|\n|t:|1746059005\n|start\n|switch|p1a: Green Goblin|Grimmsnarl, L50, M|100/100\n|switch|p1b: Il Campione|Incineroar, L50, M|100/100\n|switch|p2a: Calyrex|Calyrex-Shadow, L50|100/100\n|switch|p2b: Whimsicott|Whimsicott, L50, M|100/100\n|-ability|p2a: Calyrex|As One\n|-ability|p2a: Calyrex|Unnerve\n|-ability|p1b: Il Campione|Intimidate|boost\n|-unboost|p2a: Calyrex|atk|1\n|-unboost|p2b: Whimsicott|atk|1\n|turn|1\n|inactive|ExessVGC has 30 seconds left.\n|inactive|BraneFX has 30 seconds left.\n|inactive|ExessVGC has 20 seconds left.\n|\n|t:|1746059042\n|switch|p2a: Koraidon|Koraidon, L50|100/100\n|-weather|SunnyDay|[from] ability: Orichalcum Pulse|[of] p2a: Koraidon\n|-activate|p2a: Koraidon|Orichalcum Pulse|[source]\n|move|p1a: Green Goblin|Light Screen|p1a: Green Goblin\n|-sidestart|p1: ExessVGC|move: Light Screen\n|move|p2b: Whimsicott|Moonblast|p1a: Green Goblin\n|-supereffective|p1a: Green Goblin\n|-damage|p1a: Green Goblin|66/100\n|move|p1b: Il Campione|Parting Shot|p2a: Koraidon\n|-fail|p2a: Koraidon|unboost|[from] item: Clear Amulet|[of] p2a: Koraidon\n|\n|-weather|SunnyDay|[upkeep]\n|upkeep\n|turn|2\n|inactive|ExessVGC has 30 seconds left.\n|inactive|BraneFX has 30 seconds left.\n|inactive|ExessVGC has 20 seconds left.\n|inactive|BraneFX has 20 seconds left.\n|\n|t:|1746059081\n|move|p2a: Koraidon|Protect|p2a: Koraidon\n|-singleturn|p2a: Koraidon|Protect\n|move|p1a: Green Goblin|Thunder Wave|p2a: Koraidon\n|-activate|p2a: Koraidon|move: Protect\n|move|p2b: Whimsicott|Moonblast|p1a: Green Goblin\n|-supereffective|p1a: Green Goblin\n|-damage|p1a: Green Goblin|28/100\n|move|p1b: Il Campione|Parting Shot|p2b: Whimsicott\n|-unboost|p2b: Whimsicott|atk|1\n|-unboost|p2b: Whimsicott|spa|1\n|\n|t:|1746059094\n|switch|p1b: Il Don|Miraidon, L50|100/100|[from] Parting Shot\n|-fieldstart|move: Electric Terrain|[from] ability: Hadron Engine|[of] p1b: Il Don\n|\n|-weather|SunnyDay|[upkeep]\n|upkeep\n|turn|3\n|\n|t:|1746059107\n|switch|p2b: Indeedee|Indeedee-F, L50, F|100/100\n|-fieldstart|move: Psychic Terrain|[from] ability: Psychic Surge|[of] p2b: Indeedee\n|-enditem|p2b: Indeedee|Psychic Seed\n|-boost|p2b: Indeedee|spd|1|[from] item: Psychic Seed\n|-terastallize|p2a: Koraidon|Fire\n|move|p1a: Green Goblin|Thunder Wave|p2a: Koraidon\n|-activate|p2a: Koraidon|move: Psychic Terrain\n|move|p1b: Il Don|Draco Meteor|p2a: Koraidon\n|-damage|p2a: Koraidon|0 fnt\n|-unboost|p1b: Il Don|spa|2\n|faint|p2a: Koraidon\n|\n|-weather|SunnyDay|[upkeep]\n|upkeep\n|\n|t:|1746059121\n|switch|p2a: Calyrex|Calyrex-Shadow, L50|100/100\n|-ability|p2a: Calyrex|As One\n|-ability|p2a: Calyrex|Unnerve\n|turn|4\n|\n|t:|1746059134\n|switch|p1b: Il Campione|Incineroar, L50, M|100/100\n|-ability|p1b: Il Campione|Intimidate|boost\n|-unboost|p2a: Calyrex|atk|1\n|-unboost|p2b: Indeedee|atk|1\n|move|p2b: Indeedee|Helping Hand|p2a: Calyrex\n|-singleturn|p2a: Calyrex|Helping Hand|[of] p2b: Indeedee\n|move|p2a: Calyrex|Astral Barrage|p1a: Green Goblin|[spread] p1a,p1b\n|-resisted|p1a: Green Goblin\n|-resisted|p1b: Il Campione\n|-damage|p1a: Green Goblin|4/100\n|-damage|p1b: Il Campione|73/100\n|move|p1a: Green Goblin|Spirit Break|p2a: Calyrex\n|-damage|p2a: Calyrex|63/100\n|-unboost|p2a: Calyrex|spa|1\n|\n|-weather|SunnyDay|[upkeep]\n|upkeep\n|turn|5\n|inactive|ExessVGC has 30 seconds left.\n|\n|t:|1746059169\n|move|p2b: Indeedee|Follow Me|p2b: Indeedee\n|-singleturn|p2b: Indeedee|move: Follow Me\n|move|p2a: Calyrex|Astral Barrage|p1b: Il Campione|[spread] p1a,p1b\n|-resisted|p1a: Green Goblin\n|-resisted|p1b: Il Campione\n|-damage|p1a: Green Goblin|0 fnt\n|-damage|p1b: Il Campione|62/100\n|faint|p1a: Green Goblin\n|-ability|p2a: Calyrex|Grim Neigh|boost\n|-boost|p2a: Calyrex|spa|1\n|move|p1b: Il Campione|Parting Shot|p2b: Indeedee\n|-unboost|p2b: Indeedee|atk|1\n|-unboost|p2b: Indeedee|spa|1\n|\n|t:|1746059179\n|switch|p1b: Il Don|Miraidon, L50|100/100|[from] Parting Shot\n|-fieldstart|move: Electric Terrain|[from] ability: Hadron Engine|[of] p1b: Il Don\n|\n|-weather|none\n|upkeep\n|\n|t:|1746059188\n|switch|p1a: Goth Princess|Giratina, L50|100/100\n|-ability|p1a: Goth Princess|Pressure\n|turn|6\n|\n|t:|1746059205\n|-terastallize|p1a: Goth Princess|Fairy\n|move|p2a: Calyrex|Protect|p2a: Calyrex\n|-singleturn|p2a: Calyrex|Protect\n|move|p1b: Il Don|Volt Switch|p2a: Calyrex\n|-activate|p2a: Calyrex|move: Protect\n|move|p1a: Goth Princess|Calm Mind|p1a: Goth Princess\n|-boost|p1a: Goth Princess|spa|1\n|-boost|p1a: Goth Princess|spd|1\n|move|p2b: Indeedee|Psychic|p1b: Il Don\n|-damage|p1b: Il Don|88/100\n|\n|upkeep\n|turn|7\n|\n|t:|1746059222\n|move|p2b: Indeedee|Follow Me|p2b: Indeedee\n|-singleturn|p2b: Indeedee|move: Follow Me\n|move|p2a: Calyrex|Disable|p1b: Il Don\n|-start|p1b: Il Don|Disable|Volt Switch\n|cant|p1b: Il Don|Disable|Volt Switch\n|move|p1a: Goth Princess|Hex|p2b: Indeedee\n|-immune|p2b: Indeedee\n|\n|upkeep\n|turn|8\n|\n|t:|1746059239\n|switch|p1b: Il Campione|Incineroar, L50, M|62/100\n|-ability|p1b: Il Campione|Intimidate|boost\n|-unboost|p2a: Calyrex|atk|1\n|-unboost|p2b: Indeedee|atk|1\n|switch|p2b: Whimsicott|Whimsicott, L50, M|100/100\n|move|p2a: Calyrex|Disable|p1a: Goth Princess\n|-start|p1a: Goth Princess|Disable|Hex\n|move|p1a: Goth Princess|Calm Mind|p1a: Goth Princess\n|-boost|p1a: Goth Princess|spa|1\n|-boost|p1a: Goth Princess|spd|1\n|\n|-sideend|p1: ExessVGC|move: Light Screen\n|upkeep\n|turn|9\n|inactive|ExessVGC has 30 seconds left.\n|inactive|ExessVGC has 20 seconds left.\n|\n|t:|1746059278\n|move|p2a: Calyrex|Protect|p2a: Calyrex\n|-singleturn|p2a: Calyrex|Protect\n|move|p1a: Goth Princess|Protect|p1a: Goth Princess\n|-singleturn|p1a: Goth Princess|Protect\n|move|p2b: Whimsicott|Encore|p1a: Goth Princess\n|-activate|p1a: Goth Princess|move: Protect\n|move|p1b: Il Campione|Will-O-Wisp|p2b: Whimsicott|[miss]\n|-miss|p1b: Il Campione|p2b: Whimsicott\n|\n|-fieldend|move: Electric Terrain\n|upkeep\n|turn|10\n|inactive|ExessVGC has 30 seconds left.\n|\n|t:|1746059311\n|switch|p2a: Indeedee|Indeedee-F, L50, F|100/100\n|-fieldstart|move: Psychic Terrain|[from] ability: Psychic Surge|[of] p2a: Indeedee\n|move|p2b: Whimsicott|Encore|p1a: Goth Princess\n|-activate|p1a: Goth Princess|move: Psychic Terrain\n|move|p1a: Goth Princess|Calm Mind|p1a: Goth Princess\n|-boost|p1a: Goth Princess|spa|1\n|-boost|p1a: Goth Princess|spd|1\n|move|p1b: Il Campione|Knock Off|p2a: Indeedee\n|-supereffective|p2a: Indeedee\n|-damage|p2a: Indeedee|49/100\n|\n|upkeep\n|turn|11\n|-message|BraneFX forfeited.\n|\n|win|ExessVGC\n|c|\u2606ExessVGC|ahahahaha that was the only way to force you\n|c|\u2606BraneFX|Misclick\n|inactive|ExessVGC has 30 seconds to confirm battle start!\n|inactive|BraneFX has 30 seconds to confirm battle start!\n|c|\u2606BraneFX|Lmao\n||BraneFX is ready for game 3.\n|c|\u2606ExessVGC|no bro\n|inactive|ExessVGC has 20 seconds to confirm battle start!\n|c|\u2606ExessVGC|you needed to switch\n||ExessVGC is ready for game 3.\n|uhtml|next|Next: <a href=\"/battle-gen9vgc2025regibo3-2354340168\"><strong>Game 3 of 3</strong></a>\n", "uploadtime": 1746059617, "views": 7, "formatid": "gen9vgc2025regibo3", "rating": null, "private": 0, "password": null}