{"id": "gen9vgc2025regibo3-2353634728", "format": "[Gen 9] VGC 2025 Reg I (Bo3)", "players": ["twiz94", "FatassPansexual"], "log": "|j|\u2606twiz94\n|j|\u2606FatassPansexual\n|html|<table width=\"100%\"><tr><td align=\"left\">twiz94</td><td align=\"right\">FatassPansexual</tr><tr><td align=\"left\"><i class=\"fa fa-circle\"></i> <i class=\"fa fa-circle-o\"></i> </td><td align=\"right\"><i class=\"fa fa-circle-o\"></i> <i class=\"fa fa-circle-o\"></i> </tr></table>\n|uhtml|bestof|<h2><strong>Game 2</strong> of <a href=\"/game-bestof3-gen9vgc2025regibo3-2353631055\">a best-of-3</a></h2>\n|t:|1745977157\n|gametype|doubles\n|player|p1|twiz94|102|1031\n|player|p2|FatassPansexual|nurse|1069\n|teamsize|p1|6\n|teamsize|p2|6\n|gen|9\n|tier|[Gen 9] VGC 2025 Reg I (Bo3)\n|rated|\n|rule|Species Clause: Limit one of each Pok\u00e9mon\n|rule|Item Clause: Limit 1 of each item\n|clearpoke\n|poke|p1|Lunala, L50|\n|poke|p1|Ho-Oh, L50|\n|poke|p1|Flutter Mane, L50|\n|poke|p1|Gastrodon, L50, M|\n|poke|p1|Grimmsnarl, L50, M|\n|poke|p1|Indeedee-F, L50, F|\n|poke|p2|Lunala, L50|\n|poke|p2|Terapagos, L50, M|\n|poke|p2|Ogerpon-Cornerstone, L50, F|\n|poke|p2|Incineroar, L50, F|\n|poke|p2|Rillaboom, L50, M|\n|poke|p2|Scream Tail, L50|\n|teampreview|4\n|showteam|p1|Lunala||PowerHerb|ShadowShield|WideGuard,MeteorBeam,MoongeistBeam,ExpandingForce||||||50|,,,,,Water]Ho-Oh||CovertCloak|Regenerator|Tailwind,SacredFire,BraveBird,LifeDew||||||50|,,,,,Grass]Flutter Mane||BoosterEnergy|Protosynthesis|Taunt,ThunderWave,Moonblast,IcyWind||||||50|,,,,,Normal]Gastrodon||Leftovers|StormDrain|Protect,EarthPower,Yawn,SludgeBomb|||M|||50|,,,,,Poison]Grimmsnarl||LightClay|Prankster|Reflect,LightScreen,FoulPlay,SpiritBreak|||M|||50|,,,,,Ghost]Indeedee-F||PsychicSeed|PsychicSurge|HelpingHand,FollowMe,TrickRoom,AlluringVoice|||F|||50|,,,,,Grass\n|showteam|p2|Lunala||PowerHerb|ShadowShield|MoongeistBeam,MeteorBeam,WideGuard,Protect||||||50|,,,,,Fairy]Terapagos||Leftovers|TeraShift|CalmMind,TeraStarstorm,Substitute,Protect|||M|||50|,,,,,Stellar]Ogerpon-Cornerstone||CornerstoneMask|Sturdy|IvyCudgel,PowerWhip,FollowMe,SpikyShield|||F|||50|,,,,,Rock]Incineroar||RockyHelmet|Intimidate|FakeOut,KnockOff,WillOWisp,PartingShot|||F|||50|,,,,,Bug]Rillaboom||AssaultVest|GrassySurge|FakeOut,WoodHammer,GrassyGlide,Uturn|||M|||50|,,,,,Fire]Scream Tail||BoosterEnergy|Protosynthesis|Encore,Disable,DazzlingGleam,Protect||||||50|,,,,,Dark\n|inactive|Battle timer is ON: inactive players will automatically lose when time's up. (requested by twiz94)\n|inactive|twiz94 has 60 seconds left.\n|inactive|FatassPansexual has 60 seconds left.\n|inactive|twiz94 has 30 seconds left.\n|inactive|twiz94 has 20 seconds left.\n|inactive|twiz94 has 15 seconds left.\n|inactive|twiz94 has 10 seconds left.\n|inactive|twiz94 has 5 seconds left.\n|\n|t:|1745977250\n|start\n|switch|p1a: Indeedee|Indeedee-F, L50, F, shiny|100/100\n|switch|p1b: Ho-Oh|Ho-Oh, L50, shiny|100/100\n|switch|p2a: Terapagos|Terapagos, L50, M|100/100\n|switch|p2b: Ogerpon|Ogerpon-Cornerstone, L50, F|100/100\n|-activate|p2a: Terapagos|ability: Tera Shift\n|detailschange|p2a: Terapagos|Terapagos-Terastal, L50, M\n|-heal|p2a: Terapagos|100/100|[silent]\n|-fieldstart|move: Psychic Terrain|[from] ability: Psychic Surge|[of] p1a: Indeedee\n|-enditem|p1a: Indeedee|Psychic Seed\n|-boost|p1a: Indeedee|spd|1|[from] item: Psychic Seed\n|turn|1\n|inactive|twiz94 has 30 seconds left.\n|inactive|twiz94 has 20 seconds left.\n|inactive|twiz94 has 15 seconds left.\n|inactive|twiz94 has 10 seconds left.\n|\n|t:|1745977299\n|switch|p1b: Grimmsnarl|Grimmsnarl, L50, M, shiny|100/100\n|move|p2b: Ogerpon|Ivy Cudgel|p1b: Grimmsnarl|[anim] Ivy Cudgel Rock\n|-damage|p1b: Grimmsnarl|41/100\n|move|p2a: Terapagos|Substitute|p2a: Terapagos\n|-start|p2a: Terapagos|Substitute\n|-damage|p2a: Terapagos|75/100\n|move|p1a: Indeedee|Alluring Voice|p2a: Terapagos\n|-damage|p2a: Terapagos|61/100\n|\n|-heal|p2a: Terapagos|67/100|[from] item: Leftovers\n|upkeep\n|turn|2\n|inactive|twiz94 has 30 seconds left.\n|\n|t:|1745977326\n|move|p2b: Ogerpon|Follow Me|p2b: Ogerpon\n|-singleturn|p2b: Ogerpon|move: Follow Me\n|move|p1b: Grimmsnarl|Reflect|p1b: Grimmsnarl\n|-sidestart|p1: twiz94|Reflect\n|move|p2a: Terapagos|Calm Mind|p2a: Terapagos\n|-boost|p2a: Terapagos|spa|1\n|-boost|p2a: Terapagos|spd|1\n|move|p1a: Indeedee|Trick Room|p1a: Indeedee\n|-fieldstart|move: Trick Room|[of] p1a: Indeedee\n|\n|-heal|p2a: Terapagos|73/100|[from] item: Leftovers\n|upkeep\n|turn|3\n|\n|t:|1745977348\n|move|p2b: Ogerpon|Follow Me|p2b: Ogerpon\n|-singleturn|p2b: Ogerpon|move: Follow Me\n|move|p1b: Grimmsnarl|Light Screen|p1b: Grimmsnarl\n|-sidestart|p1: twiz94|move: Light Screen\n|move|p1a: Indeedee|Alluring Voice|p2b: Ogerpon\n|-damage|p2b: Ogerpon|80/100\n|move|p2a: Terapagos|Calm Mind|p2a: Terapagos\n|-boost|p2a: Terapagos|spa|1\n|-boost|p2a: Terapagos|spd|1\n|\n|-heal|p2a: Terapagos|80/100|[from] item: Leftovers\n|upkeep\n|turn|4\n|inactive|FatassPansexual has 30 seconds left.\n|\n|t:|1745977383\n|move|p1a: Indeedee|Helping Hand|p1b: Grimmsnarl\n|-singleturn|p1b: Grimmsnarl|Helping Hand|[of] p1a: Indeedee\n|move|p2b: Ogerpon|Follow Me|p2b: Ogerpon\n|-singleturn|p2b: Ogerpon|move: Follow Me\n|move|p1b: Grimmsnarl|Foul Play|p2b: Ogerpon\n|-damage|p2b: Ogerpon|0 fnt\n|faint|p2b: Ogerpon\n|move|p2a: Terapagos|Calm Mind|p2a: Terapagos\n|-boost|p2a: Terapagos|spa|1\n|-boost|p2a: Terapagos|spd|1\n|\n|-heal|p2a: Terapagos|86/100|[from] item: Leftovers\n|upkeep\n|\n|t:|1745977398\n|switch|p2b: Rillaboom|Rillaboom, L50, M|100/100\n|-fieldstart|move: Grassy Terrain|[from] ability: Grassy Surge|[of] p2b: Rillaboom\n|turn|5\n|inactive|twiz94 has 30 seconds left.\n|inactive|FatassPansexual has 30 seconds left.\n|inactive|FatassPansexual has 20 seconds left.\n|inactive|FatassPansexual has 15 seconds left.\n|inactive|FatassPansexual has 10 seconds left.\n|\n|t:|1745977446\n|switch|p1b: Ho-Oh|Ho-Oh, L50, shiny|100/100\n|-terastallize|p2a: Terapagos|Stellar\n|detailschange|p2a: Terapagos|Terapagos-Stellar, L50, M, tera:Stellar\n|-heal|p2a: Terapagos|90/100|[silent]\n|-ability|p2a: Terapagos|Teraform Zero\n|-fieldend|move: Grassy Terrain\n|move|p2b: Rillaboom|Fake Out|p1a: Indeedee\n|-damage|p1a: Indeedee|91/100\n|cant|p1a: Indeedee|flinch\n|move|p2a: Terapagos|Tera Starstorm|p1a: Indeedee|[spread] p1a,p1b\n|-damage|p1a: Indeedee|52/100\n|-damage|p1b: Ho-Oh|64/100\n|\n|-heal|p2a: Terapagos|96/100|[from] item: Leftovers\n|upkeep\n|turn|6\n|c|\u2606FatassPansexual|what the hell\n|inactive|twiz94 has 30 seconds left.\n|inactive|FatassPansexual has 30 seconds left.\n|c|\u2606FatassPansexual|\ud83d\ude2d\n|inactive|twiz94 has 20 seconds left.\n|inactive|FatassPansexual has 20 seconds left.\n|inactive|FatassPansexual has 15 seconds left.\n|inactive|FatassPansexual has 10 seconds left.\n|\n|t:|1745977494\n|switch|p2b: Lunala|Lunala, L50|100/100\n|move|p1a: Indeedee|Helping Hand|p1b: Ho-Oh\n|-singleturn|p1b: Ho-Oh|Helping Hand|[of] p1a: Indeedee\n|move|p2a: Terapagos|Calm Mind|p2a: Terapagos\n|-boost|p2a: Terapagos|spa|1\n|-boost|p2a: Terapagos|spd|1\n|move|p1b: Ho-Oh|Sacred Fire|p2b: Lunala\n|-damage|p2b: Lunala|73/100\n|-status|p2b: Lunala|brn\n|\n|-heal|p2a: Terapagos|100/100|[from] item: Leftovers\n|-damage|p2b: Lunala|67/100 brn|[from] brn\n|-fieldend|move: Trick Room\n|upkeep\n|turn|7\n|c|\u2606twiz94|terapagos isnt that strong lol\n|inactive|twiz94 has 30 seconds left.\n|inactive|twiz94 has 20 seconds left.\n|c|\u2606FatassPansexual|w 4 cm boosts\n|inactive|twiz94 has 15 seconds left.\n|inactive|twiz94 has 10 seconds left.\n|inactive|twiz94 has 5 seconds left.\n|\n|t:|1745977546\n|move|p1a: Indeedee|Follow Me|p1a: Indeedee\n|-singleturn|p1a: Indeedee|move: Follow Me\n|move|p2b: Lunala|Meteor Beam||[still]\n|-prepare|p2b: Lunala|Meteor Beam\n|-boost|p2b: Lunala|spa|1\n|-enditem|p2b: Lunala|Power Herb\n|-anim|p2b: Lunala|Meteor Beam|p1a: Indeedee\n|-damage|p1a: Indeedee|24/100\n|move|p1b: Ho-Oh|Tailwind|p1b: Ho-Oh\n|-sidestart|p1: twiz94|move: Tailwind\n|move|p2a: Terapagos|Calm Mind|p2a: Terapagos\n|-boost|p2a: Terapagos|spa|1\n|-boost|p2a: Terapagos|spd|1\n|\n|-damage|p2b: Lunala|61/100 brn|[from] brn\n|upkeep\n|turn|8\n|inactive|FatassPansexual has 30 seconds left.\n|\n|t:|1745977580\n|move|p1a: Indeedee|Helping Hand|p1b: Ho-Oh\n|-singleturn|p1b: Ho-Oh|Helping Hand|[of] p1a: Indeedee\n|move|p1b: Ho-Oh|Brave Bird|p2b: Lunala\n|-damage|p2b: Lunala|0 fnt\n|faint|p2b: Lunala\n|-damage|p1b: Ho-Oh|41/100|[from] Recoil\n|move|p2a: Terapagos|Tera Starstorm|p1b: Ho-Oh|[spread] p1a,p1b\n|-damage|p1a: Indeedee|0 fnt\n|-damage|p1b: Ho-Oh|0 fnt\n|faint|p1a: Indeedee\n|faint|p1b: Ho-Oh\n|\n|upkeep\n|\n|t:|1745977596\n|switch|p2b: Rillaboom|Rillaboom, L50, M|100/100\n|switch|p1b: Lunala|Lunala, L50, shiny|100/100\n|switch|p1a: Grimmsnarl|Grimmsnarl, L50, M, shiny|41/100\n|-fieldstart|move: Grassy Terrain|[from] ability: Grassy Surge|[of] p2b: Rillaboom\n|turn|9\n|inactive|FatassPansexual has 30 seconds left.\n|inactive|FatassPansexual has 20 seconds left.\n|inactive|FatassPansexual has 15 seconds left.\n|inactive|FatassPansexual has 10 seconds left.\n|\n|t:|1745977644\n|-terastallize|p1a: Grimmsnarl|Ghost\n|move|p2a: Terapagos|Protect|p2a: Terapagos\n|-singleturn|p2a: Terapagos|Protect\n|move|p1b: Lunala|Meteor Beam||[still]\n|-prepare|p1b: Lunala|Meteor Beam\n|-boost|p1b: Lunala|spa|1\n|-enditem|p1b: Lunala|Power Herb\n|-anim|p1b: Lunala|Meteor Beam|p2b: Rillaboom|[miss]\n|-miss|p1b: Lunala|p2b: Rillaboom\n|move|p1a: Grimmsnarl|Foul Play|p2b: Rillaboom\n|-damage|p2b: Rillaboom|57/100\n|move|p2b: Rillaboom|Wood Hammer|p1a: Grimmsnarl\n|-damage|p1a: Grimmsnarl|0 fnt\n|faint|p1a: Grimmsnarl\n|-damage|p2b: Rillaboom|44/100|[from] Recoil\n|\n|-heal|p2b: Rillaboom|50/100|[from] Grassy Terrain\n|-sideend|p1: twiz94|Reflect\n|upkeep\n|turn|10\n|c|\u2606twiz94|crazy\n|\n|t:|1745977664\n|move|p1b: Lunala|Moongeist Beam|p2b: Rillaboom\n|-damage|p2b: Rillaboom|0 fnt\n|faint|p2b: Rillaboom\n|move|p2a: Terapagos|Tera Starstorm|p1b: Lunala\n|-damage|p1b: Lunala|61/100\n|\n|-heal|p1b: Lunala|67/100|[from] Grassy Terrain\n|-sideend|p1: twiz94|move: Light Screen\n|-sideend|p1: twiz94|move: Tailwind\n|upkeep\n|turn|11\n|c|\u2606twiz94|gg'\n|c|\u2606twiz94|shouldve won before this\n|\n|t:|1745977681\n|move|p1b: Lunala|Wide Guard|p1b: Lunala\n|-singleturn|p1b: Lunala|Wide Guard\n|move|p2a: Terapagos|Tera Starstorm|p1b: Lunala\n|-activate|p1b: Lunala|move: Wide Guard\n|\n|-heal|p1b: Lunala|73/100|[from] Grassy Terrain\n|upkeep\n|turn|12\n|\n|t:|1745977689\n|move|p1b: Lunala|Wide Guard|p1b: Lunala\n|-singleturn|p1b: Lunala|Wide Guard\n|move|p2a: Terapagos|Calm Mind|p2a: Terapagos\n|-boost|p2a: Terapagos|spa|1\n|-boost|p2a: Terapagos|spd|1\n|\n|-heal|p1b: Lunala|79/100|[from] Grassy Terrain\n|upkeep\n|turn|13\n|c|\u2606FatassPansexual|u wanna pp stall?\n|inactive|FatassPansexual has 30 seconds left.\n|\n|t:|1745977718\n|move|p2a: Terapagos|Protect|p2a: Terapagos\n|-singleturn|p2a: Terapagos|Protect\n|move|p1b: Lunala|Expanding Force|p2a: Terapagos\n|-activate|p2a: Terapagos|move: Protect\n|\n|-heal|p1b: Lunala|85/100|[from] Grassy Terrain\n|-fieldend|move: Grassy Terrain\n|upkeep\n|turn|14\n|c|\u2606twiz94|its gg here either way.\n|inactive|twiz94 has 30 seconds left.\n|inactive|FatassPansexual has 30 seconds left.\n|\n|t:|1745977753\n|move|p1b: Lunala|Expanding Force|p2a: Terapagos\n|-activate|p2a: Terapagos|move: Substitute|[damage]\n|move|p2a: Terapagos|Calm Mind|p2a: Terapagos\n|-boost|p2a: Terapagos|spa|0\n|-boost|p2a: Terapagos|spd|0\n|\n|upkeep\n|turn|15\n|\n|t:|1745977766\n|move|p2a: Terapagos|Protect|p2a: Terapagos\n|-singleturn|p2a: Terapagos|Protect\n|move|p1b: Lunala|Wide Guard||[still]\n|-fail|p1b: Lunala\n|\n|upkeep\n|turn|16\n|inactive|FatassPansexual has 30 seconds left.\n|\n|t:|1745977797\n|move|p1b: Lunala|Expanding Force|p2a: Terapagos\n|-end|p2a: Terapagos|Substitute\n|move|p2a: Terapagos|Calm Mind|p2a: Terapagos\n|-boost|p2a: Terapagos|spa|0\n|-boost|p2a: Terapagos|spd|0\n|\n|upkeep\n|turn|17\n|inactive|FatassPansexual has 30 seconds left.\n|\n|t:|1745977813\n|move|p1b: Lunala|Wide Guard|p1b: Lunala\n|-singleturn|p1b: Lunala|Wide Guard\n|move|p2a: Terapagos|Tera Starstorm|p1b: Lunala\n|-activate|p1b: Lunala|move: Wide Guard\n|\n|upkeep\n|turn|18\n|inactive|FatassPansexual has 25 seconds left this turn.\n|\n|t:|1745977821\n|move|p1b: Lunala|Expanding Force|p2a: Terapagos\n|-damage|p2a: Terapagos|90/100\n|move|p2a: Terapagos|Substitute|p2a: Terapagos\n|-start|p2a: Terapagos|Substitute\n|-damage|p2a: Terapagos|65/100\n|\n|-heal|p2a: Terapagos|71/100|[from] item: Leftovers\n|upkeep\n|turn|19\n|inactive|FatassPansexual has 25 seconds left this turn.\n|inactive|twiz94 has 30 seconds left.\n|c|\u2606twiz94|you suck at this if you win lol\n|inactive|twiz94 has 20 seconds left.\n|c|\u2606twiz94|so far at least\n|\n|t:|1745977840\n|move|p2a: Terapagos|Protect|p2a: Terapagos\n|-singleturn|p2a: Terapagos|Protect\n|move|p1b: Lunala|Wide Guard||[still]\n|-fail|p1b: Lunala\n|\n|-heal|p2a: Terapagos|78/100|[from] item: Leftovers\n|upkeep\n|turn|20\n|inactive|twiz94 has 20 seconds left this turn.\n|inactive|FatassPansexual has 25 seconds left this turn.\n|inactive|twiz94 has 15 seconds left.\n|inactive|FatassPansexual has 20 seconds left.\n|inactive|FatassPansexual has 15 seconds left.\n|\n|t:|1745977850\n|move|p1b: Lunala|Wide Guard|p1b: Lunala\n|-singleturn|p1b: Lunala|Wide Guard\n|move|p2a: Terapagos|Calm Mind|p2a: Terapagos\n|-boost|p2a: Terapagos|spa|0\n|-boost|p2a: Terapagos|spd|0\n|\n|-heal|p2a: Terapagos|84/100|[from] item: Leftovers\n|upkeep\n|turn|21\n|inactive|twiz94 has 15 seconds left this turn.\n|inactive|FatassPansexual has 15 seconds left this turn.\n|inactive|twiz94 has 10 seconds left.\n|inactive|FatassPansexual has 10 seconds left.\n|\n|t:|1745977858\n|move|p1b: Lunala|Wide Guard|p1b: Lunala\n|-singleturn|p1b: Lunala|Wide Guard\n|move|p2a: Terapagos|Tera Starstorm|p1b: Lunala\n|-activate|p1b: Lunala|move: Wide Guard\n|\n|-heal|p2a: Terapagos|90/100|[from] item: Leftovers\n|upkeep\n|turn|22\n|inactive|twiz94 has 10 seconds left this turn.\n|inactive|FatassPansexual has 10 seconds left this turn.\n|inactive|twiz94 has 5 seconds left.\n|\n|t:|1745977865\n|move|p1b: Lunala|Wide Guard|p1b: Lunala\n|-singleturn|p1b: Lunala|Wide Guard\n|move|p2a: Terapagos|Calm Mind|p2a: Terapagos\n|-boost|p2a: Terapagos|spa|0\n|-boost|p2a: Terapagos|spd|0\n|\n|-heal|p2a: Terapagos|96/100|[from] item: Leftovers\n|upkeep\n|turn|23\n|inactive|twiz94 has 5 seconds left this turn.\n|inactive|FatassPansexual has 10 seconds left this turn.\n|-message|twiz94 lost due to inactivity.\n|\n|win|FatassPansexual\n||twiz94 is ready for game 3.\n|c|\u2606FatassPansexual|\ud83d\ude2d\n|inactive|FatassPansexual has 30 seconds to confirm battle start!\n||FatassPansexual is ready for game 3.\n|uhtml|next|Next: <a href=\"/battle-gen9vgc2025regibo3-2353640840\"><strong>Game 3 of 3</strong></a>\n|l|\u2606twiz94\n|player|p1|\n", "uploadtime": 1745978304, "views": 50, "formatid": "gen9vgc2025regibo3", "rating": null, "private": 0, "password": null}