{"id": "gen9vgc2025regibo3-2354741085", "format": "[Gen 9] VGC 2025 Reg I (Bo3)", "players": ["Thorton506", "LeonardPlayz"], "log": "|j|\u2606Thorton506\n|j|\u2606LeonardPlayz\n|html|<table width=\"100%\"><tr><td align=\"left\">Thorton506</td><td align=\"right\">LeonardPlayz</tr><tr><td align=\"left\"><i class=\"fa fa-circle-o\"></i> <i class=\"fa fa-circle-o\"></i> </td><td align=\"right\"><i class=\"fa fa-circle-o\"></i> <i class=\"fa fa-circle\"></i> </tr></table>\n|uhtml|bestof|<h2><strong>Game 2</strong> of <a href=\"/game-bestof3-gen9vgc2025regibo3-2354739023\">a best-of-3</a></h2>\n|t:|1746115661\n|gametype|doubles\n|player|p1|Thorton506|crasherwake|1038\n|player|p2|LeonardPlayz|hilbert-wonderlauncher|1081\n|teamsize|p1|6\n|teamsize|p2|6\n|gen|9\n|tier|[Gen 9] VGC 2025 Reg I (Bo3)\n|rated|\n|rule|Species Clause: Limit one of each Pok\u00e9mon\n|rule|Item Clause: Limit 1 of each item\n|clearpoke\n|poke|p1|Zacian-*, L50|\n|poke|p1|Koraidon, L50|\n|poke|p1|Walking Wake, L50|\n|poke|p1|Chien-Pao, L50|\n|poke|p1|Ogerpon-Cornerstone, L50, F|\n|poke|p1|Thundurus, L50, M|\n|poke|p2|Kyurem-White, L50|\n|poke|p2|Koraidon, L50|\n|poke|p2|Incineroar, L50, F|\n|poke|p2|Flutter Mane, L50|\n|poke|p2|Indeedee-F, L50, F|\n|poke|p2|Heatran, L50, F|\n|teampreview|4\n|showteam|p1|Zacian-Crowned||RustedSword|IntrepidSword|behemothblade,PlayRough,Substitute,Protect||||||50|,,,,,Normal]Koraidon||ClearAmulet|OrichalcumPulse|FlareBlitz,CollisionCourse,ScaleShot,Protect||||||50|,,,,,Fire]Walking Wake||LifeOrb|Protosynthesis|HydroSteam,DracoMeteor,Snarl,Protect||||||50|,,,,,Water]Chien-Pao||FocusSash|SwordofRuin|IcicleCrash,Crunch,SuckerPunch,Protect||||||50|,,,,,Stellar]Ogerpon-Cornerstone||CornerstoneMask|Sturdy|IvyCudgel,HornLeech,FollowMe,SpikyShield|||F|||50|,,,,,Rock]Thundurus||SitrusBerry|Prankster|WildboltStorm,ThunderWave,EerieImpulse,Leer|||M|||50|,,,,,Steel\n|showteam|p2|Kyurem-White||CovertCloak|Turboblaze|FusionFlare,EarthPower,FreezeDry,Protect||||||50|,,,,,Fire]Koraidon||LifeOrb|OrichalcumPulse|FlareBlitz,CloseCombat,FlameCharge,Protect||||||50|,,,,,Fire]Incineroar||AssaultVest|Intimidate|FakeOut,FlareBlitz,KnockOff,Uturn|||F|||50|,,,,,Grass]Flutter Mane||ChoiceSpecs|Protosynthesis|Moonblast,ShadowBall,Thunderbolt,IcyWind||||||50|,,,,,Fairy]Indeedee-F||RockyHelmet|PsychicSurge|FollowMe,HelpingHand,Imprison,TrickRoom|||F|||50|,,,,,Water]Heatran||WideLens|FlashFire|MagmaStorm,HeavySlam,EarthPower,Protect|||F|||50|,,,,,Fairy\n|inactive|Battle timer is ON: inactive players will automatically lose when time's up. (requested by LeonardPlayz)\n|inactive|LeonardPlayz has 60 seconds left.\n|\n|t:|1746115694\n|start\n|switch|p1a: Zacian|Zacian-Crowned, L50|100/100\n|switch|p1b: Chien-Pao|Chien-Pao, L50|100/100\n|switch|p2a: Kyurem|Kyurem-White, L50|100/100\n|switch|p2b: Incineroar|Incineroar, L50, F|100/100\n|-ability|p1a: Zacian|Intrepid Sword|boost\n|-boost|p1a: Zacian|atk|1\n|-ability|p1b: Chien-Pao|Sword of Ruin\n|-ability|p2a: Kyurem|Turboblaze\n|-ability|p2b: Incineroar|Intimidate|boost\n|-unboost|p1a: Zacian|atk|1\n|-unboost|p1b: Chien-Pao|atk|1\n|turn|1\n|\n|t:|1746115712\n|move|p1a: Zacian|Protect|p1a: Zacian\n|-singleturn|p1a: Zacian|Protect\n|move|p1b: Chien-Pao|Protect|p1b: Chien-Pao\n|-singleturn|p1b: Chien-Pao|Protect\n|move|p2b: Incineroar|Fake Out|p1a: Zacian\n|-activate|p1a: Zacian|move: Protect\n|move|p2a: Kyurem|Fusion Flare|p1b: Chien-Pao\n|-activate|p1b: Chien-Pao|move: Protect\n|\n|upkeep\n|turn|2\n|\n|t:|1746115725\n|switch|p1b: Koraidon|Koraidon, L50|100/100\n|-weather|SunnyDay|[from] ability: Orichalcum Pulse|[of] p1b: Koraidon\n|-activate|p1b: Koraidon|Orichalcum Pulse|[source]\n|-terastallize|p2a: Kyurem|Fire\n|move|p1a: Zacian|Play Rough|p2a: Kyurem\n|-resisted|p2a: Kyurem\n|-damage|p2a: Kyurem|78/100\n|move|p2a: Kyurem|Fusion Flare|p1b: Koraidon\n|-resisted|p1b: Koraidon\n|-damage|p1b: Koraidon|60/100\n|move|p2b: Incineroar|U-turn|p1b: Koraidon\n|-resisted|p1b: Koraidon\n|-damage|p1b: Koraidon|53/100\n|\n|t:|1746115738\n|switch|p2b: Flutter Mane|Flutter Mane, L50|100/100|[from] U-turn\n|-activate|p2b: Flutter Mane|ability: Protosynthesis\n|-start|p2b: Flutter Mane|protosynthesisspe\n|\n|-weather|SunnyDay|[upkeep]\n|upkeep\n|turn|3\n|\n|t:|1746115753\n|-end|p2b: Flutter Mane|Protosynthesis|[silent]\n|switch|p2b: Incineroar|Incineroar, L50, F|100/100\n|-ability|p2b: Incineroar|Intimidate|boost\n|-unboost|p1a: Zacian|atk|1\n|-fail|p1b: Koraidon|unboost|[from] item: Clear Amulet|[of] p1b: Koraidon\n|move|p1a: Zacian|Protect|p1a: Zacian\n|-singleturn|p1a: Zacian|Protect\n|move|p1b: Koraidon|Collision Course|p2a: Kyurem\n|-damage|p2a: Kyurem|17/100\n|move|p2a: Kyurem|Fusion Flare|p1a: Zacian\n|-activate|p1a: Zacian|move: Protect\n|\n|-weather|SunnyDay|[upkeep]\n|upkeep\n|turn|4\n|\n|t:|1746115775\n|switch|p1a: Walking Wake|Walking Wake, L50|100/100\n|-activate|p1a: Walking Wake|ability: Protosynthesis\n|-start|p1a: Walking Wake|protosynthesisspe\n|move|p1b: Koraidon|Protect|p1b: Koraidon\n|-singleturn|p1b: Koraidon|Protect\n|move|p2b: Incineroar|Fake Out|p1a: Walking Wake\n|-damage|p1a: Walking Wake|89/100\n|move|p2a: Kyurem|Fusion Flare|p1a: Walking Wake\n|-resisted|p1a: Walking Wake\n|-damage|p1a: Walking Wake|58/100\n|\n|-weather|SunnyDay|[upkeep]\n|upkeep\n|turn|5\n|\n|t:|1746115793\n|switch|p2a: Flutter Mane|Flutter Mane, L50|100/100\n|-activate|p2a: Flutter Mane|ability: Protosynthesis\n|-start|p2a: Flutter Mane|protosynthesisspe\n|-terastallize|p1a: Walking Wake|Water\n|move|p1a: Walking Wake|Hydro Steam|p2b: Incineroar\n|-supereffective|p2b: Incineroar\n|-damage|p2b: Incineroar|0 fnt\n|faint|p2b: Incineroar\n|-damage|p1a: Walking Wake|48/100|[from] item: Life Orb\n|move|p1b: Koraidon|Collision Course|p2a: Flutter Mane\n|-immune|p2a: Flutter Mane\n|\n|-weather|SunnyDay|[upkeep]\n|upkeep\n|\n|t:|1746115812\n|switch|p2b: Kyurem|Kyurem-White, L50, tera:Fire|17/100\n|-ability|p2b: Kyurem|Turboblaze\n|turn|6\n|\n|t:|1746115827\n|move|p2b: Kyurem|Protect|p2b: Kyurem\n|-singleturn|p2b: Kyurem|Protect\n|move|p2a: Flutter Mane|Icy Wind|p1b: Koraidon|[spread] p1a,p1b\n|-resisted|p1a: Walking Wake\n|-supereffective|p1b: Koraidon\n|-damage|p1a: Walking Wake|35/100\n|-damage|p1b: Koraidon|18/100\n|-unboost|p1a: Walking Wake|spe|1\n|move|p1a: Walking Wake|Hydro Steam|p2b: Kyurem\n|-activate|p2b: Kyurem|move: Protect\n|move|p1b: Koraidon|Flare Blitz|p2a: Flutter Mane\n|-damage|p2a: Flutter Mane|0 fnt\n|faint|p2a: Flutter Mane\n|-end|p2a: Flutter Mane|Protosynthesis|[silent]\n|-damage|p1b: Koraidon|0 fnt|[from] Recoil\n|faint|p1b: Koraidon\n|\n|-weather|none\n|-end|p1a: Walking Wake|Protosynthesis\n|upkeep\n|\n|t:|1746115842\n|switch|p2a: Heatran|Heatran, L50, F|100/100\n|switch|p1b: Zacian|Zacian-Crowned, L50|100/100\n|turn|7\n|\n|t:|1746115855\n|move|p1b: Zacian|Behemoth Blade|p2b: Kyurem\n|-resisted|p2b: Kyurem\n|-damage|p2b: Kyurem|0 fnt\n|faint|p2b: Kyurem\n|move|p1a: Walking Wake|Hydro Steam|p2a: Heatran\n|-supereffective|p2a: Heatran\n|-damage|p2a: Heatran|0 fnt\n|faint|p2a: Heatran\n|-damage|p1a: Walking Wake|25/100|[from] item: Life Orb\n|\n|win|Thorton506\n||LeonardPlayz is ready for game 3.\n|inactive|Thorton506 has 30 seconds to confirm battle start!\n||Thorton506 is ready for game 3.\n|uhtml|next|Next: <a href=\"/battle-gen9vgc2025regibo3-2354743402\"><strong>Game 3 of 3</strong></a>\n|l|\u2606Thorton506\n|player|p1|\n", "uploadtime": 1746116063, "views": 22, "formatid": "gen9vgc2025regibo3", "rating": null, "private": 0, "password": null}