{"id": "gen9vgc2025regibo3-2353913758", "format": "[Gen 9] VGC 2025 Reg I (Bo3)", "players": ["CHICKEN JOCKEYY", "Sawadaburner"], "log": "|j|\u2606CHICKEN JOCKEYY\n|j|\u2606Sawadaburner\n|html|<table width=\"100%\"><tr><td align=\"left\">CHICKEN JOCKEYY</td><td align=\"right\">Sawadaburner</tr><tr><td align=\"left\"><i class=\"fa fa-circle-o\"></i> <i class=\"fa fa-circle-o\"></i> </td><td align=\"right\"><i class=\"fa fa-circle-o\"></i> <i class=\"fa fa-circle-o\"></i> </tr></table>\n|uhtml|bestof|<h2><strong>Game 1</strong> of <a href=\"/game-bestof3-gen9vgc2025regibo3-2353913757\">a best-of-3</a></h2>\n|t:|1746018255\n|gametype|doubles\n|player|p1|CHICKEN JOCKEYY|hiker-gen4|1267\n|player|p2|Sawadaburner|169|1312\n|teamsize|p1|6\n|teamsize|p2|6\n|gen|9\n|tier|[Gen 9] VGC 2025 Reg I (Bo3)\n|rated|\n|rule|Species Clause: Limit one of each Pok\u00e9mon\n|rule|Item Clause: Limit 1 of each item\n|clearpoke\n|poke|p1|Zacian-*, L50|\n|poke|p1|Kyogre, L50|\n|poke|p1|Incineroar, L50, F|\n|poke|p1|Urshifu-*, L50, F|\n|poke|p1|Amoonguss, L50, M|\n|poke|p1|Tornadus, L50, M|\n|poke|p2|Lunala, L50|\n|poke|p2|Koraidon, L50|\n|poke|p2|Jumpluff, L50, M|\n|poke|p2|Raging Bolt, L50|\n|poke|p2|Ursaluna, L50, M|\n|poke|p2|Incineroar, L50, F|\n|teampreview|4\n|showteam|p1|Zacian-Crowned||RustedSword|IntrepidSword|behemothblade,PlayRough,Substitute,Protect||||||50|,,,,,Fairy]Kyogre||MysticWater|Drizzle|WaterSpout,OriginPulse,IceBeam,Protect||||||50|,,,,,Grass]Incineroar||SafetyGoggles|Intimidate|FakeOut,KnockOff,WillOWisp,PartingShot|||F|||50|,,,,,Water]Urshifu-Rapid-Strike||ChoiceScarf|UnseenFist|SurgingStrikes,CloseCombat,Coaching,Uturn|||F|||50|,,,,,Ghost]Amoonguss||RockyHelmet|Regenerator|Spore,RagePowder,PollenPuff,Protect|||M|||50|,,,,,Steel]Tornadus||CovertCloak|Prankster|BleakwindStorm,Taunt,Tailwind,RainDance|||M|||50|,,,,,Dark\n|showteam|p2|Lunala||PowerHerb|ShadowShield|MeteorBeam,MoongeistBeam,WideGuard,TrickRoom||||||50|,,,,,Water]Koraidon||LifeOrb|OrichalcumPulse|CloseCombat,FlareBlitz,BreakingSwipe,Protect||||||50|,,,,,Fire]Jumpluff||CovertCloak|Chlorophyll|Tailwind,SleepPowder,RagePowder,Encore|||M|||50|,,,,,Dark]Raging Bolt||AssaultVest|Protosynthesis|Thunderclap,Thunderbolt,Snarl,DracoMeteor||||||50|,,,,,Electric]Ursaluna||FlameOrb|Guts|HeadlongRush,Facade,Earthquake,Protect|||M|||50|,,,,,Normal]Incineroar||SafetyGoggles|Intimidate|KnockOff,PartingShot,FlareBlitz,FakeOut|||F|||50|,,,,,Water\n|inactive|Battle timer is ON: inactive players will automatically lose when time's up. (requested by CHICKEN JOCKEYY)\n|\n|t:|1746018277\n|start\n|switch|p1a: Tornadus|Tornadus, L50, M|100/100\n|switch|p1b: Zacian|Zacian-Crowned, L50|100/100\n|switch|p2a: Luciana|Raging Bolt, L50|100/100\n|switch|p2b: Delusione|Incineroar, L50, F|100/100\n|-ability|p1b: Zacian|Intrepid Sword|boost\n|-boost|p1b: Zacian|atk|1\n|-ability|p2b: Delusione|Intimidate|boost\n|-unboost|p1a: Tornadus|atk|1\n|-unboost|p1b: Zacian|atk|1\n|turn|1\n|\n|t:|1746018296\n|move|p2b: Delusione|Fake Out|p1b: Zacian\n|-resisted|p1b: Zacian\n|-damage|p1b: Zacian|96/100\n|move|p1a: Tornadus|Tailwind|p1a: Tornadus\n|-sidestart|p1: CHICKEN JOCKEYY|move: Tailwind\n|cant|p1b: Zacian|flinch\n|move|p2a: Luciana|Thunderbolt|p1a: Tornadus\n|-supereffective|p1a: Tornadus\n|-damage|p1a: Tornadus|0 fnt\n|faint|p1a: Tornadus\n|\n|upkeep\n|\n|t:|1746018307\n|switch|p1a: Incineroar|Incineroar, L50, F|100/100\n|-ability|p1a: Incineroar|Intimidate|boost\n|-unboost|p2a: Luciana|atk|1\n|-unboost|p2b: Delusione|atk|1\n|turn|2\n|\n|t:|1746018323\n|move|p1b: Zacian|Protect|p1b: Zacian\n|-singleturn|p1b: Zacian|Protect\n|move|p1a: Incineroar|Parting Shot|p2b: Delusione\n|-unboost|p2b: Delusione|atk|1\n|-unboost|p2b: Delusione|spa|1\n|\n|t:|1746018329\n|switch|p1a: Kyogre|Kyogre, L50|100/100|[from] Parting Shot\n|-weather|RainDance|[from] ability: Drizzle|[of] p1a: Kyogre\n|move|p2a: Luciana|Thunderbolt|p1b: Zacian\n|-activate|p1b: Zacian|move: Protect\n|move|p2b: Delusione|Flare Blitz|p1b: Zacian\n|-activate|p1b: Zacian|move: Protect\n|\n|-weather|RainDance|[upkeep]\n|upkeep\n|turn|3\n|inactive|Sawadaburner has 30 seconds left.\n|\n|t:|1746018356\n|switch|p1a: Incineroar|Incineroar, L50, F|100/100\n|-ability|p1a: Incineroar|Intimidate|boost\n|-unboost|p2a: Luciana|atk|1\n|-unboost|p2b: Delusione|atk|1\n|-terastallize|p2b: Delusione|Water\n|move|p1b: Zacian|Play Rough|p2b: Delusione\n|-damage|p2b: Delusione|56/100\n|move|p2a: Luciana|Thunderbolt|p1b: Zacian\n|-damage|p1b: Zacian|55/100\n|move|p2b: Delusione|Knock Off|p1a: Incineroar\n|-resisted|p1a: Incineroar\n|-damage|p1a: Incineroar|94/100\n|-enditem|p1a: Incineroar|Safety Goggles|[from] move: Knock Off|[of] p2b: Delusione\n|\n|-weather|RainDance|[upkeep]\n|upkeep\n|turn|4\n|\n|t:|1746018375\n|-end|p2a: Luciana|Protosynthesis|[silent]\n|switch|p2a: Angiolina|Lunala, L50|100/100\n|move|p1b: Zacian|Play Rough|p2a: Angiolina\n|-damage|p2a: Angiolina|81/100\n|move|p1a: Incineroar|Parting Shot|p2a: Angiolina\n|-unboost|p2a: Angiolina|atk|1\n|-unboost|p2a: Angiolina|spa|1\n|\n|t:|1746018383\n|switch|p1a: Kyogre|Kyogre, L50|100/100|[from] Parting Shot\n|move|p2b: Delusione|Parting Shot|p1b: Zacian\n|-unboost|p1b: Zacian|atk|1\n|-unboost|p1b: Zacian|spa|1\n|\n|t:|1746018394\n|switch|p2b: Luciana|Raging Bolt, L50|100/100|[from] Parting Shot\n|\n|-weather|RainDance|[upkeep]\n|-sideend|p1: CHICKEN JOCKEYY|move: Tailwind\n|upkeep\n|turn|5\n|inactive|Sawadaburner has 30 seconds left.\n|\n|t:|1746018422\n|switch|p2a: Delusione|Incineroar, L50, F, tera:Water|56/100\n|-ability|p2a: Delusione|Intimidate|boost\n|-unboost|p1a: Kyogre|atk|1\n|-unboost|p1b: Zacian|atk|1\n|-terastallize|p1a: Kyogre|Grass\n|move|p1b: Zacian|Play Rough|p2b: Luciana\n|-supereffective|p2b: Luciana\n|-damage|p2b: Luciana|60/100\n|move|p1a: Kyogre|Ice Beam|p2b: Luciana\n|-supereffective|p2b: Luciana\n|-crit|p2b: Luciana\n|-damage|p2b: Luciana|0 fnt\n|faint|p2b: Luciana\n|-end|p2b: Luciana|Protosynthesis|[silent]\n|\n|-weather|RainDance|[upkeep]\n|upkeep\n|\n|t:|1746018445\n|switch|p2b: Gianni|Koraidon, L50|100/100\n|-weather|SunnyDay|[from] ability: Orichalcum Pulse|[of] p2b: Gianni\n|-activate|p2b: Gianni|Orichalcum Pulse|[source]\n|turn|6\n|\n|t:|1746018453\n|switch|p1a: Incineroar|Incineroar, L50, F|94/100\n|-ability|p1a: Incineroar|Intimidate|boost\n|-unboost|p2a: Delusione|atk|1\n|-unboost|p2b: Gianni|atk|1\n|move|p1b: Zacian|Protect|p1b: Zacian\n|-singleturn|p1b: Zacian|Protect\n|move|p2b: Gianni|Close Combat|p1a: Incineroar\n|-supereffective|p1a: Incineroar\n|-damage|p1a: Incineroar|0 fnt\n|-unboost|p2b: Gianni|def|1\n|-unboost|p2b: Gianni|spd|1\n|faint|p1a: Incineroar\n|-damage|p2b: Gianni|91/100|[from] item: Life Orb\n|move|p2a: Delusione|Flare Blitz|p1b: Zacian\n|-activate|p1b: Zacian|move: Protect\n|\n|-weather|SunnyDay|[upkeep]\n|upkeep\n|\n|t:|1746018462\n|switch|p1a: Kyogre|Kyogre, L50, tera:Grass|100/100\n|-weather|RainDance|[from] ability: Drizzle|[of] p1a: Kyogre\n|turn|7\n|\n|t:|1746018472\n|move|p2b: Gianni|Protect|p2b: Gianni\n|-singleturn|p2b: Gianni|Protect\n|move|p1b: Zacian|Play Rough|p2b: Gianni\n|-activate|p2b: Gianni|move: Protect\n|move|p1a: Kyogre|Water Spout|p2b: Gianni|[spread] p2a\n|-activate|p2b: Gianni|move: Protect\n|-resisted|p2a: Delusione\n|-damage|p2a: Delusione|7/100\n|move|p2a: Delusione|Parting Shot|p1b: Zacian\n|-unboost|p1b: Zacian|atk|1\n|-unboost|p1b: Zacian|spa|1\n|\n|t:|1746018474\n|switch|p2a: Angiolina|Lunala, L50|81/100|[from] Parting Shot\n|\n|-weather|RainDance|[upkeep]\n|upkeep\n|turn|8\n|\n|t:|1746018487\n|switch|p2b: Delusione|Incineroar, L50, F, tera:Water|7/100\n|-ability|p2b: Delusione|Intimidate|boost\n|-unboost|p1a: Kyogre|atk|1\n|-unboost|p1b: Zacian|atk|1\n|move|p1b: Zacian|Substitute|p1b: Zacian\n|-start|p1b: Zacian|Substitute\n|-damage|p1b: Zacian|30/100\n|move|p2a: Angiolina|Moongeist Beam|p1b: Zacian\n|-end|p1b: Zacian|Substitute\n|move|p1a: Kyogre|Ice Beam|p2b: Delusione\n|-resisted|p2b: Delusione\n|-damage|p2b: Delusione|0 fnt\n|faint|p2b: Delusione\n|\n|-weather|RainDance|[upkeep]\n|upkeep\n|\n|t:|1746018495\n|switch|p2b: Gianni|Koraidon, L50|91/100\n|-weather|SunnyDay|[from] ability: Orichalcum Pulse|[of] p2b: Gianni\n|-activate|p2b: Gianni|Orichalcum Pulse|[source]\n|turn|9\n|\n|t:|1746018510\n|move|p1a: Kyogre|Protect|p1a: Kyogre\n|-singleturn|p1a: Kyogre|Protect\n|move|p2b: Gianni|Close Combat|p1a: Kyogre\n|-activate|p1a: Kyogre|move: Protect\n|move|p1b: Zacian|Play Rough|p2b: Gianni\n|-supereffective|p2b: Gianni\n|-damage|p2b: Gianni|23/100\n|move|p2a: Angiolina|Trick Room|p2a: Angiolina\n|-fieldstart|move: Trick Room|[of] p2a: Angiolina\n|\n|-weather|SunnyDay|[upkeep]\n|upkeep\n|turn|10\n|\n|t:|1746018529\n|move|p2b: Gianni|Protect|p2b: Gianni\n|-singleturn|p2b: Gianni|Protect\n|move|p1a: Kyogre|Ice Beam|p2b: Gianni\n|-activate|p2b: Gianni|move: Protect\n|move|p2a: Angiolina|Moongeist Beam|p1b: Zacian\n|-damage|p1b: Zacian|0 fnt\n|faint|p1b: Zacian\n|\n|-weather|SunnyDay|[upkeep]\n|upkeep\n|turn|11\n|\n|t:|1746018550\n|move|p1a: Kyogre|Ice Beam|p2b: Gianni\n|-supereffective|p2b: Gianni\n|-damage|p2b: Gianni|0 fnt\n|faint|p2b: Gianni\n|move|p2a: Angiolina|Meteor Beam||[still]\n|-prepare|p2a: Angiolina|Meteor Beam\n|-boost|p2a: Angiolina|spa|1\n|-enditem|p2a: Angiolina|Power Herb\n|-anim|p2a: Angiolina|Meteor Beam|p1a: Kyogre\n|-damage|p1a: Kyogre|62/100\n|\n|-weather|SunnyDay|[upkeep]\n|upkeep\n|turn|12\n|\n|t:|1746018562\n|move|p1a: Kyogre|Protect|p1a: Kyogre\n|-singleturn|p1a: Kyogre|Protect\n|move|p2a: Angiolina|Moongeist Beam|p1a: Kyogre\n|-activate|p1a: Kyogre|move: Protect\n|\n|-weather|SunnyDay|[upkeep]\n|upkeep\n|turn|13\n|inactive|Sawadaburner has 30 seconds left.\n|inactive|Sawadaburner has 20 seconds left.\n|inactive|Sawadaburner has 15 seconds left.\n|inactive|Sawadaburner has 10 seconds left.\n|inactive|Sawadaburner has 5 seconds left.\n|\n|t:|1746018617\n|move|p1a: Kyogre|Ice Beam|p2a: Angiolina\n|-damage|p2a: Angiolina|57/100\n|move|p2a: Angiolina|Meteor Beam||[still]\n|-prepare|p2a: Angiolina|Meteor Beam\n|-boost|p2a: Angiolina|spa|1\n|\n|-weather|none\n|-fieldend|move: Trick Room\n|upkeep\n|turn|14\n|\n|t:|1746018627\n|move|p1a: Kyogre|Protect|p1a: Kyogre\n|-singleturn|p1a: Kyogre|Protect\n|move|p2a: Angiolina|Meteor Beam|p1a: Kyogre|[from] lockedmove\n|-activate|p1a: Kyogre|move: Protect\n|\n|upkeep\n|turn|15\n|\n|t:|1746018633\n|move|p2a: Angiolina|Moongeist Beam|p1a: Kyogre\n|-damage|p1a: Kyogre|0 fnt\n|faint|p1a: Kyogre\n|\n|win|Sawadaburner\n||CHICKEN JOCKEYY is ready for game 2.\n||Sawadaburner is ready for game 2.\n|uhtml|next|Next: <a href=\"/battle-gen9vgc2025regibo3-2353917350\"><strong>Game 2 of 3</strong></a>\n|l|\u2606CHICKEN JOCKEYY\n|player|p1|\n", "uploadtime": 1746018950, "views": 6, "formatid": "gen9vgc2025regibo3", "rating": null, "private": 0, "password": null}