{"id": "gen9vgc2025regibo3-2354816073", "format": "[Gen 9] VGC 2025 Reg I (Bo3)", "players": ["kevsux", "LaneOfDeath"], "log": "|j|\u2606kevsux\n|j|\u2606LaneOfDeath\n|html|<table width=\"100%\"><tr><td align=\"left\">kevsux</td><td align=\"right\">LaneOfDeath</tr><tr><td align=\"left\"><i class=\"fa fa-circle\"></i> <i class=\"fa fa-circle-o\"></i> </td><td align=\"right\"><i class=\"fa fa-circle-o\"></i> <i class=\"fa fa-circle\"></i> </tr></table>\n|uhtml|bestof|<h2><strong>Game 3</strong> of <a href=\"/game-bestof3-gen9vgc2025regibo3-2354810792\">a best-of-3</a></h2>\n|t:|1746122213\n|gametype|doubles\n|player|p1|kevsux|brendan-gen3|1000\n|player|p2|LaneOfDeath|102|1024\n|teamsize|p1|6\n|teamsize|p2|6\n|gen|9\n|tier|[Gen 9] VGC 2025 Reg I (Bo3)\n|rated|\n|rule|Species Clause: Limit one of each Pok\u00e9mon\n|rule|Item Clause: Limit 1 of each item\n|clearpoke\n|poke|p1|Calyrex-Shadow, L50|\n|poke|p1|Terapagos, L50, M|\n|poke|p1|Incineroar, L50, M|\n|poke|p1|Ogerpon-Cornerstone, L50, F|\n|poke|p1|Urshifu-*, L50, F|\n|poke|p1|Rillaboom, L50, M|\n|poke|p2|Kyogre, L50|\n|poke|p2|Zacian-*, L50|\n|poke|p2|Raichu, L50, M|\n|poke|p2|Urshifu-*, L50, M|\n|poke|p2|Flutter Mane, L50|\n|poke|p2|Kingambit, L50, F|\n|teampreview|4\n|showteam|p1|Calyrex-Shadow||FocusSash|AsOneSpectrier|AstralBarrage,WillOWisp,Disable,Protect||||||50|,,,,,Ghost]Terapagos||Leftovers|TeraShift|TeraStarstorm,EarthPower,CalmMind,Protect|||M|||50|,,,,,Stellar]Incineroar||SitrusBerry|Intimidate|FakeOut,KnockOff,WillOWisp,PartingShot|||M|||50|,,,,,Water]Ogerpon-Cornerstone||CornerstoneMask|Sturdy|IvyCudgel,PowerWhip,FollowMe,SpikyShield|||F|||50|,,,,,Rock]Urshifu-Rapid-Strike||SplashPlate|UnseenFist|SurgingStrikes,CloseCombat,AquaJet,Detect|||F|||50|,,,,,Water]Rillaboom||AssaultVest|GrassySurge|FakeOut,WoodHammer,GrassyGlide,Uturn|||M|||50|,,,,,Fire\n|showteam|p2|Kyogre||ChoiceScarf|Drizzle|WaterSpout,OriginPulse,IceBeam,Thunder||||||50|,,,,,Water]Zacian-Crowned||RustedSword|IntrepidSword|behemothblade,PlayRough,SacredSword,Protect||||||50|,,,,,Stellar]Raichu||AssaultVest|LightningRod|FakeOut,Nuzzle,VoltSwitch,UpperHand|||M|||50|,,,,,Fairy]Urshifu-Rapid-Strike||MysticWater|UnseenFist|SurgingStrikes,CloseCombat,Taunt,Protect|||M|||50|,,,,,Water]Flutter Mane||BoosterEnergy|Protosynthesis|IcyWind,ShadowBall,Moonblast,Protect||||||50|,,,,,Fairy]Kingambit||SafetyGoggles|Defiant|KowtowCleave,SuckerPunch,SwordsDance,Protect|||F|||50|,,,,,Dark\n|inactive|Battle timer is ON: inactive players will automatically lose when time's up. (requested by kevsux)\n|\n|t:|1746122238\n|start\n|switch|p1a: Rillaboom|Rillaboom, L50, M|100/100\n|switch|p1b: Terapagos|Terapagos, L50, M|100/100\n|switch|p2a: Raichu|Raichu, L50, M, shiny|100/100\n|switch|p2b: Kyogre|Kyogre, L50|100/100\n|-activate|p1b: Terapagos|ability: Tera Shift\n|detailschange|p1b: Terapagos|Terapagos-Terastal, L50, M\n|-heal|p1b: Terapagos|100/100|[silent]\n|-weather|RainDance|[from] ability: Drizzle|[of] p2b: Kyogre\n|-fieldstart|move: Grassy Terrain|[from] ability: Grassy Surge|[of] p1a: Rillaboom\n|turn|1\n|\n|t:|1746122254\n|move|p2a: Raichu|Upper Hand|p1a: Rillaboom\n|-damage|p1a: Rillaboom|89/100\n|cant|p1a: Rillaboom|flinch\n|move|p2b: Kyogre|Ice Beam|p1a: Rillaboom\n|-supereffective|p1a: Rillaboom\n|-damage|p1a: Rillaboom|49/100\n|move|p1b: Terapagos|Calm Mind|p1b: Terapagos\n|-boost|p1b: Terapagos|spa|1\n|-boost|p1b: Terapagos|spd|1\n|\n|-weather|RainDance|[upkeep]\n|-heal|p1a: Rillaboom|55/100|[from] Grassy Terrain\n|upkeep\n|turn|2\n|inactive|kevsux has 30 seconds left.\n|inactive|kevsux has 20 seconds left.\n|\n|t:|1746122291\n|switch|p1a: Calyrex|Calyrex-Shadow, L50|100/100\n|-ability|p1a: Calyrex|As One\n|-ability|p1a: Calyrex|Unnerve\n|-terastallize|p1b: Terapagos|Stellar\n|detailschange|p1b: Terapagos|Terapagos-Stellar, L50, M, tera:Stellar\n|-heal|p1b: Terapagos|100/100|[silent]\n|-ability|p1b: Terapagos|Teraform Zero\n|-weather|none\n|-fieldend|move: Grassy Terrain\n|move|p2a: Raichu|Upper Hand||[still]\n|-fail|p2a: Raichu\n|move|p2b: Kyogre|Ice Beam|p1b: Terapagos\n|-damage|p1b: Terapagos|88/100\n|move|p1b: Terapagos|Tera Starstorm|p2b: Kyogre|[spread] p2a,p2b\n|-damage|p2a: Raichu|62/100\n|-damage|p2b: Kyogre|68/100\n|\n|-heal|p1b: Terapagos|94/100|[from] item: Leftovers\n|upkeep\n|turn|3\n|inactive|LaneOfDeath has 30 seconds left.\n|\n|t:|1746122317\n|switch|p2b: Zacian|Zacian-Crowned, L50|100/100\n|-ability|p2b: Zacian|Intrepid Sword|boost\n|-boost|p2b: Zacian|atk|1\n|move|p1a: Calyrex|Astral Barrage|p2b: Zacian|[spread] p2a,p2b\n|-damage|p2a: Raichu|15/100\n|-damage|p2b: Zacian|55/100\n|move|p2a: Raichu|Volt Switch|p1a: Calyrex\n|-damage|p1a: Calyrex|76/100\n|\n|t:|1746122337\n|switch|p2a: Kyogre|Kyogre, L50|68/100|[from] Volt Switch\n|-weather|RainDance|[from] ability: Drizzle|[of] p2a: Kyogre\n|move|p1b: Terapagos|Tera Starstorm|p2a: Kyogre|[spread] p2a,p2b\n|-damage|p2a: Kyogre|32/100\n|-damage|p2b: Zacian|19/100\n|\n|-weather|RainDance|[upkeep]\n|-heal|p1b: Terapagos|100/100|[from] item: Leftovers\n|upkeep\n|turn|4\n|inactive|kevsux has 30 seconds left.\n|\n|t:|1746122366\n|switch|p1b: Ogerpon|Ogerpon-Cornerstone, L50, F|100/100\n|-terastallize|p2a: Kyogre|Water\n|move|p1a: Calyrex|Protect|p1a: Calyrex\n|-singleturn|p1a: Calyrex|Protect\n|move|p2a: Kyogre|Origin Pulse|p1b: Ogerpon|[spread] p1b\n|-activate|p1a: Calyrex|move: Protect\n|-ability|p1b: Ogerpon|Sturdy\n|-damage|p1b: Ogerpon|1/100\n|move|p2b: Zacian|Sacred Sword|p1b: Ogerpon\n|-supereffective|p1b: Ogerpon\n|-damage|p1b: Ogerpon|0 fnt\n|faint|p1b: Ogerpon\n|\n|-weather|RainDance|[upkeep]\n|upkeep\n|\n|t:|1746122381\n|switch|p1b: Rillaboom|Rillaboom, L50, M|55/100\n|-fieldstart|move: Grassy Terrain|[from] ability: Grassy Surge|[of] p1b: Rillaboom\n|turn|5\n|\n|t:|1746122391\n|switch|p2a: Flutter Mane|Flutter Mane, L50|100/100\n|-enditem|p2a: Flutter Mane|Booster Energy\n|-activate|p2a: Flutter Mane|ability: Protosynthesis|[fromitem]\n|-start|p2a: Flutter Mane|protosynthesisspe\n|move|p1b: Rillaboom|Grassy Glide|p2a: Flutter Mane\n|-damage|p2a: Flutter Mane|21/100\n|move|p1a: Calyrex|Astral Barrage|p2b: Zacian|[spread] p2a,p2b\n|-supereffective|p2a: Flutter Mane\n|-damage|p2a: Flutter Mane|0 fnt\n|-damage|p2b: Zacian|0 fnt\n|faint|p2a: Flutter Mane\n|-end|p2a: Flutter Mane|Protosynthesis|[silent]\n|faint|p2b: Zacian\n|-ability|p1a: Calyrex|Grim Neigh|boost\n|-boost|p1a: Calyrex|spa|2\n|\n|-weather|RainDance|[upkeep]\n|-heal|p1a: Calyrex|82/100|[from] Grassy Terrain\n|-heal|p1b: Rillaboom|61/100|[from] Grassy Terrain\n|upkeep\n|\n|t:|1746122399\n|switch|p2a: Raichu|Raichu, L50, M, shiny|15/100\n|switch|p2b: Kyogre|Kyogre, L50, tera:Water|32/100\n|turn|6\n|\n|t:|1746122410\n|switch|p1b: Terapagos|Terapagos-Stellar, L50, M, tera:Stellar|100/100\n|move|p2a: Raichu|Fake Out|p1b: Terapagos\n|-damage|p1b: Terapagos|96/100\n|move|p2b: Kyogre|Origin Pulse|p1a: Calyrex|[spread] p1a,p1b\n|-damage|p1a: Calyrex|0 fnt\n|-damage|p1b: Terapagos|40/100\n|faint|p1a: Calyrex\n|\n|-weather|RainDance|[upkeep]\n|-heal|p2b: Kyogre|39/100|[from] Grassy Terrain\n|-heal|p2a: Raichu|21/100|[from] Grassy Terrain\n|-heal|p1b: Terapagos|46/100|[from] Grassy Terrain\n|-heal|p1b: Terapagos|52/100|[from] item: Leftovers\n|upkeep\n|\n|t:|1746122420\n|switch|p1a: Rillaboom|Rillaboom, L50, M|61/100\n|turn|7\n|\n|t:|1746122425\n|move|p2a: Raichu|Upper Hand|p1a: Rillaboom\n|-damage|p1a: Rillaboom|48/100\n|cant|p1a: Rillaboom|flinch\n|move|p2b: Kyogre|Origin Pulse|p1b: Terapagos|[spread] p1a,p1b\n|-resisted|p1a: Rillaboom\n|-damage|p1a: Rillaboom|20/100\n|-damage|p1b: Terapagos|0 fnt\n|faint|p1b: Terapagos\n|\n|-weather|none\n|-heal|p2b: Kyogre|45/100|[from] Grassy Terrain\n|-heal|p2a: Raichu|27/100|[from] Grassy Terrain\n|-heal|p1a: Rillaboom|26/100|[from] Grassy Terrain\n|upkeep\n|turn|8\n|\n|t:|1746122436\n|move|p2a: Raichu|Upper Hand||[still]\n|-fail|p2a: Raichu\n|move|p2b: Kyogre|Origin Pulse|p1a: Rillaboom|[miss]\n|-miss|p2b: Kyogre|p1a: Rillaboom\n|move|p1a: Rillaboom|Wood Hammer|p2b: Kyogre\n|-supereffective|p2b: Kyogre\n|-damage|p2b: Kyogre|0 fnt\n|faint|p2b: Kyogre\n|-damage|p1a: Rillaboom|13/100|[from] Recoil\n|\n|-heal|p2a: Raichu|33/100|[from] Grassy Terrain\n|-heal|p1a: Rillaboom|19/100|[from] Grassy Terrain\n|upkeep\n|turn|9\n|\n|t:|1746122445\n|move|p2a: Raichu|Nuzzle|p1a: Rillaboom\n|-resisted|p1a: Rillaboom\n|-crit|p1a: Rillaboom\n|-damage|p1a: Rillaboom|15/100\n|-status|p1a: Rillaboom|par\n|move|p1a: Rillaboom|Wood Hammer|p2a: Raichu\n|-damage|p2a: Raichu|0 fnt\n|faint|p2a: Raichu\n|-damage|p1a: Rillaboom|6/100 par|[from] Recoil\n|\n|win|kevsux\n|raw|kevsux's rating: 1000 &rarr; <strong>1043</strong><br />(+43 for winning)\n|raw|LaneOfDeath's rating: 1024 &rarr; <strong>1009</strong><br />(-15 for losing)\n|l|\u2606LaneOfDeath\n|player|p2|\n", "uploadtime": 1746122547, "views": 10, "formatid": "gen9vgc2025regibo3", "rating": 1009, "private": 0, "password": null}