{"id": "gen9vgc2025regibo3-2354694545", "format": "[Gen 9] VGC 2025 Reg I (Bo3)", "players": ["Gabeeel", "soideshowbob"], "log": "|j|\u2606Gabeeel\n|j|\u2606soideshowbob\n|html|<table width=\"100%\"><tr><td align=\"left\">Gabeeel</td><td align=\"right\">soideshowbob</tr><tr><td align=\"left\"><i class=\"fa fa-circle-o\"></i> <i class=\"fa fa-circle-o\"></i> </td><td align=\"right\"><i class=\"fa fa-circle-o\"></i> <i class=\"fa fa-circle-o\"></i> </tr></table>\n|uhtml|bestof|<h2><strong>Game 1</strong> of <a href=\"/game-bestof3-gen9vgc2025regibo3-2354694544\">a best-of-3</a></h2>\n|t:|1746111456\n|gametype|doubles\n|player|p1|Gabeeel|iris|1262\n|player|p2|soideshowbob|pokemonrangerf|1351\n|teamsize|p1|6\n|teamsize|p2|6\n|gen|9\n|tier|[Gen 9] VGC 2025 Reg I (Bo3)\n|rated|\n|rule|Species Clause: Limit one of each Pok\u00e9mon\n|rule|Item Clause: Limit 1 of each item\n|clearpoke\n|poke|p1|Ho-Oh, L50|\n|poke|p1|Koraidon, L50|\n|poke|p1|Flutter Mane, L50|\n|poke|p1|Chi-Yu, L50|\n|poke|p1|Ogerpon-Cornerstone, L50, F|\n|poke|p1|Rillaboom, L50, M|\n|poke|p2|Koraidon, L50|\n|poke|p2|Calyrex-Shadow, L50|\n|poke|p2|Weezing-Galar, L50, M|\n|poke|p2|Toedscruel, L50, M|\n|poke|p2|Typhlosion-Hisui, L50, M|\n|poke|p2|Indeedee-F, L50, F|\n|teampreview|4\n|showteam|p1|Ho-Oh||ClearAmulet|Regenerator|SacredFire,BraveBird,Tailwind,Protect||||||50|,,,,,Grass]Koraidon||LifeOrb|OrichalcumPulse|CloseCombat,FlareBlitz,HelpingHand,Protect||||||50|,,,,,Fire]Flutter Mane||FocusSash|Protosynthesis|Moonblast,ShadowBall,IcyWind,Protect||||||50|,,,,,Fairy]Chi-Yu||ChoiceScarf|BeadsofRuin|HeatWave,DarkPulse,Snarl,Overheat||||||50|,,,,,Ghost]Ogerpon-Cornerstone||CornerstoneMask|Sturdy|IvyCudgel,Taunt,FollowMe,SpikyShield|||F|||50|,,,,,Rock]Rillaboom||AssaultVest|GrassySurge|FakeOut,WoodHammer,GrassyGlide,Uturn|||M|||50|,,,,,Fire\n|showteam|p2|Koraidon||AbilityShield|OrichalcumPulse|FlareBlitz,CollisionCourse,FlameCharge,Protect||||||50|,,,,,Fire]Calyrex-Shadow||FocusSash|AsOneSpectrier|AstralBarrage,ExpandingForce,PollenPuff,Protect||||||50|,,,,,Ghost]Weezing-Galar||Leftovers|NeutralizingGas|Protect,StrangeSteam,Taunt,PoisonGas|||M|||50|,,,,,Grass]Toedscruel||CovertCloak|MyceliumMight|Spore,RagePowder,AcidSpray,EarthPower|||M|||50|,,,,,Water]Typhlosion-Hisui||ChoiceScarf|Blaze|Eruption,HeatWave,ShadowBall,Overheat|||M|||50|,,,,,Fire]Indeedee-F||SafetyGoggles|PsychicSurge|FollowMe,AlluringVoice,HelpingHand,TrickRoom|||F|||50|,,,,,Fairy\n|\n|t:|1746111533\n|start\n|switch|p1a: Chi-Yu|Chi-Yu, L50|100/100\n|switch|p1b: Koraidon|Koraidon, L50|100/100\n|switch|p2a: Weezing|Weezing-Galar, L50, M|100/100\n|switch|p2b: Typhlosion|Typhlosion-Hisui, L50, M|100/100\n|-ability|p2a: Weezing|Neutralizing Gas\n|turn|1\n|\n|t:|1746111557\n|-end|p2a: Weezing|ability: Neutralizing Gas\n|-ability|p1a: Chi-Yu|Beads of Ruin\n|-weather|SunnyDay|[from] ability: Orichalcum Pulse|[of] p1b: Koraidon\n|-activate|p1b: Koraidon|Orichalcum Pulse|[source]\n|switch|p2a: Koraidon|Koraidon, L50|100/100\n|-activate|p2a: Koraidon|ability: Orichalcum Pulse\n|-terastallize|p2b: Typhlosion|Fire\n|move|p1b: Koraidon|Protect|p1b: Koraidon\n|-singleturn|p1b: Koraidon|Protect\n|move|p2b: Typhlosion|Eruption|p1a: Chi-Yu|[spread] p1a\n|-activate|p1b: Koraidon|move: Protect\n|-resisted|p1a: Chi-Yu\n|-damage|p1a: Chi-Yu|31/100\n|move|p1a: Chi-Yu|Snarl|p2a: Koraidon|[spread] p2a,p2b\n|-resisted|p2a: Koraidon\n|-damage|p2a: Koraidon|83/100\n|-damage|p2b: Typhlosion|56/100\n|-unboost|p2a: Koraidon|spa|1\n|-unboost|p2b: Typhlosion|spa|1\n|\n|-weather|SunnyDay|[upkeep]\n|upkeep\n|turn|2\n|\n|t:|1746111585\n|move|p2b: Typhlosion|Eruption|p1a: Chi-Yu|[spread] p1a,p1b\n|-resisted|p1a: Chi-Yu\n|-resisted|p1b: Koraidon\n|-damage|p1a: Chi-Yu|8/100\n|-damage|p1b: Koraidon|73/100\n|move|p1a: Chi-Yu|Snarl|p2a: Koraidon|[spread] p2a,p2b\n|-resisted|p2a: Koraidon\n|-damage|p2a: Koraidon|67/100\n|-damage|p2b: Typhlosion|13/100\n|-unboost|p2a: Koraidon|spa|1\n|-unboost|p2b: Typhlosion|spa|1\n|move|p1b: Koraidon|Close Combat|p2a: Koraidon\n|-damage|p2a: Koraidon|0 fnt\n|-unboost|p1b: Koraidon|def|1\n|-unboost|p1b: Koraidon|spd|1\n|faint|p2a: Koraidon\n|-damage|p1b: Koraidon|63/100|[from] item: Life Orb\n|\n|-weather|SunnyDay|[upkeep]\n|upkeep\n|\n|t:|1746111611\n|switch|p2a: Calyrex|Calyrex-Shadow, L50|100/100\n|-ability|p2a: Calyrex|As One\n|-ability|p2a: Calyrex|Unnerve\n|turn|3\n|\n|t:|1746111624\n|move|p2b: Typhlosion|Eruption|p1a: Chi-Yu|[spread] p1a,p1b\n|-resisted|p1a: Chi-Yu\n|-resisted|p1b: Koraidon\n|-damage|p1a: Chi-Yu|1/100\n|-damage|p1b: Koraidon|53/100\n|move|p1a: Chi-Yu|Snarl|p2a: Calyrex|[spread] p2b\n|-miss|p1a: Chi-Yu|p2a: Calyrex\n|-damage|p2b: Typhlosion|0 fnt\n|faint|p2b: Typhlosion\n|move|p2a: Calyrex|Astral Barrage|p1a: Chi-Yu|[spread] p1a,p1b\n|-resisted|p1a: Chi-Yu\n|-crit|p1a: Chi-Yu\n|-damage|p1a: Chi-Yu|0 fnt\n|-damage|p1b: Koraidon|0 fnt\n|faint|p1a: Chi-Yu\n|faint|p1b: Koraidon\n|-ability|p2a: Calyrex|Grim Neigh|boost\n|-boost|p2a: Calyrex|spa|2\n|\n|-weather|SunnyDay|[upkeep]\n|upkeep\n|\n|t:|1746111645\n|switch|p1b: Rillaboom|Rillaboom, L50, M|100/100\n|switch|p2b: Weezing|Weezing-Galar, L50, M|100/100\n|switch|p1a: Ho-Oh|Ho-Oh, L50|100/100\n|-ability|p2b: Weezing|Neutralizing Gas\n|turn|4\n|inactive|Battle timer is ON: inactive players will automatically lose when time's up. (requested by Gabeeel)\n|\n|t:|1746111661\n|move|p1b: Rillaboom|Fake Out|p2b: Weezing\n|-damage|p2b: Weezing|90/100\n|move|p2a: Calyrex|Astral Barrage|p1b: Rillaboom|[spread] p1a,p1b\n|-damage|p1a: Ho-Oh|29/100\n|-damage|p1b: Rillaboom|37/100\n|move|p1a: Ho-Oh|Tailwind|p1a: Ho-Oh\n|-sidestart|p1: Gabeeel|move: Tailwind\n|cant|p2b: Weezing|flinch\n|\n|-weather|SunnyDay|[upkeep]\n|-heal|p2b: Weezing|96/100|[from] item: Leftovers\n|upkeep\n|turn|5\n|inactive|Gabeeel has 30 seconds left.\n|inactive|Gabeeel has 20 seconds left.\n|\n|t:|1746111697\n|move|p2a: Calyrex|Protect|p2a: Calyrex\n|-singleturn|p2a: Calyrex|Protect\n|move|p2b: Weezing|Protect|p2b: Weezing\n|-singleturn|p2b: Weezing|Protect\n|move|p1a: Ho-Oh|Sacred Fire|p2a: Calyrex\n|-activate|p2a: Calyrex|move: Protect\n|move|p1b: Rillaboom|Grassy Glide|p2a: Calyrex\n|-activate|p2a: Calyrex|move: Protect\n|\n|-weather|none\n|-heal|p2b: Weezing|100/100|[from] item: Leftovers\n|upkeep\n|turn|6\n|\n|t:|1746111707\n|move|p1a: Ho-Oh|Sacred Fire|p2a: Calyrex\n|-damage|p2a: Calyrex|36/100\n|-status|p2a: Calyrex|brn\n|move|p2a: Calyrex|Astral Barrage|p1a: Ho-Oh|[spread] p1a,p1b\n|-damage|p1a: Ho-Oh|0 fnt\n|-damage|p1b: Rillaboom|0 fnt\n|faint|p1a: Ho-Oh\n|faint|p1b: Rillaboom\n|\n|win|soideshowbob\n||Gabeeel is ready for game 2.\n|inactive|soideshowbob has 30 seconds to confirm battle start!\n||soideshowbob is ready for game 2.\n|uhtml|next|Next: <a href=\"/battle-gen9vgc2025regibo3-2354697328\"><strong>Game 2 of 3</strong></a>\n|l|\u2606Gabeeel\n|player|p1|\n", "uploadtime": 1746111979, "views": 5, "formatid": "gen9vgc2025regibo3", "rating": null, "private": 0, "password": null}