{"id": "gen9vgc2025regibo3-2353738405", "format": "[Gen 9] VGC 2025 Reg I (Bo3)", "players": ["Wo0oorthy", "Chocokoala VGC"], "log": "|j|\u2606Wo0oorthy\n|j|\u2606Chocokoala VGC\n|html|<table width=\"100%\"><tr><td align=\"left\">Wo0oorthy</td><td align=\"right\">Chocokoala VGC</tr><tr><td align=\"left\"><i class=\"fa fa-circle-o\"></i> <i class=\"fa fa-circle-o\"></i> </td><td align=\"right\"><i class=\"fa fa-circle-o\"></i> <i class=\"fa fa-circle-o\"></i> </tr></table>\n|uhtml|bestof|<h2><strong>Game 1</strong> of <a href=\"/game-bestof3-gen9vgc2025regibo3-2353738404\">a best-of-3</a></h2>\n|t:|1745991469\n|gametype|doubles\n|player|p1|Wo0oorthy|dawn-gen4pt|1121\n|player|p2|Chocokoala VGC|aaron|1094\n|teamsize|p1|6\n|teamsize|p2|6\n|gen|9\n|tier|[Gen 9] VGC 2025 Reg I (Bo3)\n|rated|\n|rule|Species Clause: Limit one of each Pok\u00e9mon\n|rule|Item Clause: Limit 1 of each item\n|clearpoke\n|poke|p1|Koraidon, L50|\n|poke|p1|Ho-Oh, L50|\n|poke|p1|Venusaur, L50, M|\n|poke|p1|Umbreon, L50, M|\n|poke|p1|Flutter Mane, L50|\n|poke|p1|Ogerpon-Cornerstone, L50, F|\n|poke|p2|Zacian-*, L50|\n|poke|p2|Lunala, L50|\n|poke|p2|Urshifu-*, L50, F|\n|poke|p2|Rillaboom, L50, M|\n|poke|p2|Incineroar, L50, F|\n|poke|p2|Tornadus, L50, M|\n|teampreview|4\n|showteam|p1|Koraidon||LifeOrb|OrichalcumPulse|CloseCombat,Protect,Uturn,FlareBlitz||||||50|,,,,,Fire]Ho-Oh||RockyHelmet|Regenerator|SacredFire,BraveBird,Tailwind,Protect||||||50|,,,,,Ground]Venusaur||AssaultVest|Chlorophyll|GigaDrain,EarthPower,SludgeBomb,WeatherBall|||M|||50|,,,,,Water]Umbreon||SitrusBerry|InnerFocus|Moonlight,FoulPlay,Snarl,Yawn|||M|||50|,,,,,Poison]Flutter Mane||FocusSash|Protosynthesis|ThunderWave,ShadowBall,DazzlingGleam,Protect||||||50|,,,,,Normal]Ogerpon-Cornerstone||CornerstoneMask|Sturdy|SpikyShield,FollowMe,IvyCudgel,KnockOff|||F|||50|,,,,,Rock\n|showteam|p2|Zacian-Crowned||RustedSword|IntrepidSword|behemothblade,PlayRough,SwordsDance,Protect||||||50|,,,,,Fire]Lunala||PowerHerb|ShadowShield|MoongeistBeam,MeteorBeam,WideGuard,TrickRoom||||||50|,,,,,Dark]Urshifu-Rapid-Strike||FocusSash|UnseenFist|AquaJet,Detect,SurgingStrikes,CloseCombat|||F|||50|,,,,,Water]Rillaboom||AssaultVest|GrassySurge|FakeOut,GrassyGlide,Uturn,WoodHammer|||M|||50|,,,,,Fire]Incineroar||RockyHelmet|Intimidate|FakeOut,WillOWisp,PartingShot,KnockOff|||F|||50|,,,,,Grass]Tornadus||CovertCloak|Prankster|BleakwindStorm,RainDance,Tailwind,Taunt|||M|||50|,,,,,Dark\n|inactive|Battle timer is ON: inactive players will automatically lose when time's up. (requested by Chocokoala VGC)\n|inactive|Chocokoala VGC has 60 seconds left.\n|\n|t:|1745991503\n|start\n|switch|p1a: Koraidon|Koraidon, L50|100/100\n|switch|p1b: Ho-Oh|Ho-Oh, L50|100/100\n|switch|p2a: Tornadus|Tornadus, L50, M|100/100\n|switch|p2b: Lunala|Lunala, L50|100/100\n|-weather|SunnyDay|[from] ability: Orichalcum Pulse|[of] p1a: Koraidon\n|-activate|p1a: Koraidon|Orichalcum Pulse|[source]\n|turn|1\n|inactive|Wo0oorthy has 30 seconds left.\n|inactive|Wo0oorthy has 20 seconds left.\n|\n|t:|1745991542\n|-terastallize|p1b: Ho-Oh|Ground\n|move|p2a: Tornadus|Rain Dance|p2a: Tornadus\n|-weather|RainDance\n|move|p1a: Koraidon|U-turn|p2b: Lunala\n|-damage|p2b: Lunala|87/100\n|-damage|p1a: Koraidon|91/100|[from] item: Life Orb\n|\n|t:|1745991548\n|switch|p1a: Flutter Mane|Flutter Mane, L50|100/100|[from] U-turn\n|move|p2b: Lunala|Meteor Beam||[still]\n|-prepare|p2b: Lunala|Meteor Beam\n|-boost|p2b: Lunala|spa|1\n|-enditem|p2b: Lunala|Power Herb\n|-anim|p2b: Lunala|Meteor Beam|p1b: Ho-Oh\n|-resisted|p1b: Ho-Oh\n|-damage|p1b: Ho-Oh|81/100\n|move|p1b: Ho-Oh|Tailwind|p1b: Ho-Oh\n|-sidestart|p1: Wo0oorthy|move: Tailwind\n|\n|-weather|RainDance|[upkeep]\n|upkeep\n|turn|2\n|inactive|Wo0oorthy has 30 seconds left.\n|inactive|Chocokoala VGC has 30 seconds left.\n|\n|t:|1745991576\n|switch|p1b: Koraidon|Koraidon, L50|91/100\n|-weather|SunnyDay|[from] ability: Orichalcum Pulse|[of] p1b: Koraidon\n|-activate|p1a: Flutter Mane|ability: Protosynthesis\n|-start|p1a: Flutter Mane|protosynthesisspe\n|-activate|p1b: Koraidon|Orichalcum Pulse|[source]\n|-terastallize|p2b: Lunala|Dark\n|move|p1a: Flutter Mane|Shadow Ball|p2b: Lunala\n|-resisted|p2b: Lunala\n|-damage|p2b: Lunala|71/100\n|-unboost|p2b: Lunala|spd|1\n|move|p2a: Tornadus|Bleakwind Storm|p1a: Flutter Mane|[spread] p1a,p1b\n|-supereffective|p1b: Koraidon\n|-crit|p1b: Koraidon\n|-damage|p1a: Flutter Mane|63/100\n|-damage|p1b: Koraidon|0 fnt\n|faint|p1b: Koraidon\n|move|p2b: Lunala|Trick Room|p2b: Lunala\n|-fieldstart|move: Trick Room|[of] p2b: Lunala\n|\n|-weather|SunnyDay|[upkeep]\n|upkeep\n|\n|t:|1745991594\n|switch|p1b: Venusaur|Venusaur, L50, M|100/100\n|turn|3\n|inactive|Wo0oorthy has 30 seconds left.\n|inactive|Wo0oorthy has 20 seconds left.\n|\n|t:|1745991630\n|move|p2b: Lunala|Moongeist Beam|p1a: Flutter Mane\n|-supereffective|p1a: Flutter Mane\n|-damage|p1a: Flutter Mane|0 fnt\n|faint|p1a: Flutter Mane\n|-end|p1a: Flutter Mane|Protosynthesis|[silent]\n|move|p2a: Tornadus|Bleakwind Storm|p1b: Venusaur\n|-supereffective|p1b: Venusaur\n|-damage|p1b: Venusaur|37/100\n|-unboost|p1b: Venusaur|spe|1\n|move|p1b: Venusaur|Giga Drain|p2b: Lunala\n|-damage|p2b: Lunala|33/100\n|-heal|p1b: Venusaur|66/100|[from] drain|[of] p2b: Lunala\n|\n|-weather|SunnyDay|[upkeep]\n|upkeep\n|\n|t:|1745991644\n|switch|p1a: Ho-Oh|Ho-Oh, L50, tera:Ground|100/100\n|turn|4\n|\n|t:|1745991654\n|move|p2a: Tornadus|Rain Dance|p2a: Tornadus\n|-weather|RainDance\n|move|p2b: Lunala|Moongeist Beam|p1b: Venusaur\n|-damage|p1b: Venusaur|7/100\n|move|p1b: Venusaur|Giga Drain|p2b: Lunala\n|-damage|p2b: Lunala|0 fnt\n|-heal|p1b: Venusaur|31/100|[from] drain|[of] p2b: Lunala\n|faint|p2b: Lunala\n|move|p1a: Ho-Oh|Sacred Fire|p2a: Tornadus\n|-damage|p2a: Tornadus|67/100\n|\n|-weather|RainDance|[upkeep]\n|-sideend|p1: Wo0oorthy|move: Tailwind\n|upkeep\n|\n|t:|1745991661\n|switch|p2b: Incineroar|Incineroar, L50, F|100/100\n|-ability|p2b: Incineroar|Intimidate|boost\n|-unboost|p1a: Ho-Oh|atk|1\n|-unboost|p1b: Venusaur|atk|1\n|turn|5\n|\n|t:|1745991680\n|move|p1a: Ho-Oh|Protect|p1a: Ho-Oh\n|-singleturn|p1a: Ho-Oh|Protect\n|move|p2b: Incineroar|Fake Out|p1a: Ho-Oh\n|-activate|p1a: Ho-Oh|move: Protect\n|move|p1b: Venusaur|Earth Power|p2b: Incineroar\n|-supereffective|p2b: Incineroar\n|-damage|p2b: Incineroar|50/100\n|move|p2a: Tornadus|Bleakwind Storm|p1b: Venusaur|[spread] p1b\n|-activate|p1a: Ho-Oh|move: Protect\n|-supereffective|p1b: Venusaur\n|-damage|p1b: Venusaur|0 fnt\n|faint|p1b: Venusaur\n|\n|-weather|RainDance|[upkeep]\n|upkeep\n|turn|6\n|\n|t:|1745991698\n|move|p2b: Incineroar|Will-O-Wisp|p1a: Ho-Oh\n|-status|p1a: Ho-Oh|brn\n|move|p1a: Ho-Oh|Sacred Fire|p2a: Tornadus\n|-damage|p2a: Tornadus|57/100\n|move|p2a: Tornadus|Bleakwind Storm|p1a: Ho-Oh\n|-damage|p1a: Ho-Oh|75/100 brn\n|-unboost|p1a: Ho-Oh|spe|1\n|\n|-weather|RainDance|[upkeep]\n|-damage|p1a: Ho-Oh|69/100 brn|[from] brn\n|-fieldend|move: Trick Room\n|upkeep\n|turn|7\n|\n|t:|1745991713\n|move|p2a: Tornadus|Taunt|p1a: Ho-Oh\n|-start|p1a: Ho-Oh|move: Taunt\n|move|p2b: Incineroar|Parting Shot|p1a: Ho-Oh\n|-unboost|p1a: Ho-Oh|atk|1\n|-unboost|p1a: Ho-Oh|spa|1\n|\n|t:|1745991719\n|switch|p2b: Zacian|Zacian-Crowned, L50|100/100|[from] Parting Shot\n|-ability|p2b: Zacian|Intrepid Sword|boost\n|-boost|p2b: Zacian|atk|1\n|move|p1a: Ho-Oh|Sacred Fire|p2a: Tornadus\n|-damage|p2a: Tornadus|50/100\n|\n|-weather|RainDance|[upkeep]\n|-damage|p1a: Ho-Oh|64/100 brn|[from] brn\n|upkeep\n|turn|8\n|-message|Wo0oorthy forfeited.\n|\n|win|Chocokoala VGC\n|l|\u2606Wo0oorthy\n|player|p1|\n||Wo0oorthy is ready for game 2.\n||Chocokoala VGC is ready for game 2.\n|uhtml|next|Next: <a href=\"/battle-gen9vgc2025regibo3-2353739904\"><strong>Game 2 of 3</strong></a>\n", "uploadtime": 1745992004, "views": 22, "formatid": "gen9vgc2025regibo3", "rating": null, "private": 0, "password": null}