{"id": "gen9vgc2025regibo3-2354455058", "format": "[Gen 9] VGC 2025 Reg I (Bo3)", "players": ["gingerv", "idkloldude"], "log": "|j|\u2606gingerv\n|j|\u2606idkloldude\n|html|<table width=\"100%\"><tr><td align=\"left\">gingerv</td><td align=\"right\">idkloldude</tr><tr><td align=\"left\"><i class=\"fa fa-circle-o\"></i> <i class=\"fa fa-circle-o\"></i> </td><td align=\"right\"><i class=\"fa fa-circle-o\"></i> <i class=\"fa fa-circle-o\"></i> </tr></table>\n|uhtml|bestof|<h2><strong>Game 1</strong> of <a href=\"/game-bestof3-gen9vgc2025regibo3-2354455057\">a best-of-3</a></h2>\n|t:|1746074153\n|gametype|doubles\n|player|p1|gingerv|102|\n|player|p2|idkloldude|elesa|\n|teamsize|p1|6\n|teamsize|p2|6\n|gen|9\n|tier|[Gen 9] VGC 2025 Reg I (Bo3)\n|rule|Species Clause: Limit one of each Pok\u00e9mon\n|rule|Item Clause: Limit 1 of each item\n|clearpoke\n|poke|p1|Calyrex-Shadow, L50|\n|poke|p1|Terapagos, L50, M|\n|poke|p1|Rillaboom, L50, F|\n|poke|p1|Incineroar, L50, F|\n|poke|p1|Urshifu-*, L50, M|\n|poke|p1|Amoonguss, L50, M|\n|poke|p2|Calyrex-Shadow, L50|\n|poke|p2|Terapagos, L50, M|\n|poke|p2|Rillaboom, L50, M|\n|poke|p2|Incineroar, L50, M|\n|poke|p2|Urshifu-*, L50, F|\n|poke|p2|Ogerpon-Cornerstone, L50, F|\n|teampreview|4\n|showteam|p1|Calyrex-Shadow||FocusSash|AsOneSpectrier|AstralBarrage,Encore,Disable,Protect||||||50|,,,,,Ghost]Terapagos||Leftovers|TeraShift|TeraStarstorm,EarthPower,CalmMind,Protect|||M|||50|,,,,,Stellar]Rillaboom||AssaultVest|GrassySurge|WoodHammer,GrassyGlide,FakeOut,Uturn|||F|||50|,,,,,Fire]Incineroar||SafetyGoggles|Intimidate|KnockOff,WillOWisp,FakeOut,PartingShot|||F|||50|,,,,,Water]Urshifu-Rapid-Strike||ChoiceScarf|UnseenFist|CloseCombat,SurgingStrikes,Uturn,AquaJet|||M|||50|,,,,,Water]Amoonguss||RockyHelmet|Regenerator|SludgeBomb,RagePowder,Spore,Protect|||M|||50|,,,,,Water\n|showteam|p2|Calyrex-Shadow||FocusSash|AsOneSpectrier|AstralBarrage,WillOWisp,Disable,Protect||||||50|,,,,,Ghost]Terapagos||Leftovers|TeraShift|TeraStarstorm,CalmMind,EarthPower,Protect|||M|||50|,,,,,Stellar]Rillaboom||AssaultVest|GrassySurge|WoodHammer,GrassyGlide,Uturn,FakeOut|||M|||50|,,,,,Grass]Incineroar||SafetyGoggles|Intimidate|KnockOff,FakeOut,PartingShot,WillOWisp|||M|||50|,,,,,Ghost]Urshifu-Rapid-Strike||ChoiceScarf|UnseenFist|SurgingStrikes,CloseCombat,AquaJet,Uturn|||F|||50|,,,,,Water]Ogerpon-Cornerstone||CornerstoneMask|Sturdy|IvyCudgel,SpikyShield,FollowMe,PowerWhip|||F|||50|,,,,,Rock\n|inactive|Battle timer is ON: inactive players will automatically lose when time's up. (requested by idkloldude)\n|c|\u2606idkloldude|glhf\n|c|\u2606gingerv|glhf!!!\n|c|\u2606idkloldude|almost a mirror lmao\n|c|\u2606gingerv|ye haha\n|inactive|idkloldude has 60 seconds left.\n|\n|t:|1746074205\n|start\n|switch|p1a: Terapagos|Terapagos, L50, M|100/100\n|switch|p1b: Rillaboom|Rillaboom, L50, F|100/100\n|switch|p2a: Terapagos|Terapagos, L50, M|100/100\n|switch|p2b: Ogerpon|Ogerpon-Cornerstone, L50, F|100/100\n|-activate|p1a: Terapagos|ability: Tera Shift\n|detailschange|p1a: Terapagos|Terapagos-Terastal, L50, M\n|-heal|p1a: Terapagos|100/100|[silent]\n|-activate|p2a: Terapagos|ability: Tera Shift\n|detailschange|p2a: Terapagos|Terapagos-Terastal, L50, M\n|-heal|p2a: Terapagos|100/100|[silent]\n|-fieldstart|move: Grassy Terrain|[from] ability: Grassy Surge|[of] p1b: Rillaboom\n|turn|1\n|inactive|idkloldude has 30 seconds left.\n|inactive|gingerv has 30 seconds left.\n|\n|t:|1746074239\n|move|p1b: Rillaboom|Fake Out|p2b: Ogerpon\n|-resisted|p2b: Ogerpon\n|-damage|p2b: Ogerpon|93/100\n|cant|p2b: Ogerpon|flinch\n|move|p2a: Terapagos|Calm Mind|p2a: Terapagos\n|-boost|p2a: Terapagos|spa|1\n|-boost|p2a: Terapagos|spd|1\n|move|p1a: Terapagos|Calm Mind|p1a: Terapagos\n|-boost|p1a: Terapagos|spa|1\n|-boost|p1a: Terapagos|spd|1\n|\n|-heal|p2b: Ogerpon|99/100|[from] Grassy Terrain\n|upkeep\n|turn|2\n|\n|t:|1746074259\n|move|p2b: Ogerpon|Ivy Cudgel|p1b: Rillaboom|[anim] Ivy Cudgel Rock\n|-damage|p1b: Rillaboom|50/100\n|move|p2a: Terapagos|Tera Starstorm|p1b: Rillaboom\n|-damage|p1b: Rillaboom|2/100\n|move|p1a: Terapagos|Calm Mind|p1a: Terapagos\n|-boost|p1a: Terapagos|spa|1\n|-boost|p1a: Terapagos|spd|1\n|move|p1b: Rillaboom|Wood Hammer|p2b: Ogerpon\n|-damage|p2b: Ogerpon|10/100\n|-damage|p1b: Rillaboom|0 fnt|[from] Recoil\n|faint|p1b: Rillaboom\n|\n|-heal|p2b: Ogerpon|16/100|[from] Grassy Terrain\n|upkeep\n|\n|t:|1746074264\n|switch|p1b: Calyrex|Calyrex-Shadow, L50|100/100\n|-ability|p1b: Calyrex|As One\n|-ability|p1b: Calyrex|Unnerve\n|turn|3\n|\n|t:|1746074281\n|-terastallize|p2a: Terapagos|Stellar\n|detailschange|p2a: Terapagos|Terapagos-Stellar, L50, M, tera:Stellar\n|-heal|p2a: Terapagos|100/100|[silent]\n|-ability|p2a: Terapagos|Teraform Zero\n|-fieldend|move: Grassy Terrain\n|move|p2b: Ogerpon|Spiky Shield|p2b: Ogerpon\n|-singleturn|p2b: Ogerpon|move: Protect\n|move|p1b: Calyrex|Encore|p2a: Terapagos\n|-start|p2a: Terapagos|Encore\n|move|p2a: Terapagos|Tera Starstorm|p1a: Terapagos|[spread] p1a,p1b\n|-activate|p1a: Terapagos|ability: Tera Shell\n|-resisted|p1a: Terapagos\n|-damage|p1a: Terapagos|89/100\n|-damage|p1b: Calyrex|48/100\n|move|p1a: Terapagos|Calm Mind|p1a: Terapagos\n|-boost|p1a: Terapagos|spa|1\n|-boost|p1a: Terapagos|spd|1\n|\n|-heal|p1a: Terapagos|95/100|[from] item: Leftovers\n|upkeep\n|turn|4\n|inactive|idkloldude has 30 seconds left.\n|\n|t:|1746074311\n|-terastallize|p1a: Terapagos|Stellar\n|detailschange|p1a: Terapagos|Terapagos-Stellar, L50, M, tera:Stellar\n|-heal|p1a: Terapagos|96/100|[silent]\n|move|p2b: Ogerpon|Follow Me|p2b: Ogerpon\n|-singleturn|p2b: Ogerpon|move: Follow Me\n|move|p1b: Calyrex|Astral Barrage|p2b: Ogerpon|[spread] p2b\n|-immune|p2a: Terapagos\n|-damage|p2b: Ogerpon|0 fnt\n|faint|p2b: Ogerpon\n|-ability|p1b: Calyrex|Grim Neigh|boost\n|-boost|p1b: Calyrex|spa|1\n|move|p2a: Terapagos|Tera Starstorm|p1a: Terapagos|[spread] p1a,p1b\n|-supereffective|p1a: Terapagos\n|-damage|p1a: Terapagos|70/100\n|-damage|p1b: Calyrex|0 fnt\n|faint|p1b: Calyrex\n|move|p1a: Terapagos|Tera Starstorm|p2a: Terapagos\n|-supereffective|p2a: Terapagos\n|-damage|p2a: Terapagos|13/100\n|\n|-heal|p2a: Terapagos|19/100|[from] item: Leftovers\n|-heal|p1a: Terapagos|76/100|[from] item: Leftovers\n|upkeep\n|inactive|idkloldude has 30 seconds left.\n|\n|t:|1746074336\n|switch|p1b: Incineroar|Incineroar, L50, F|100/100\n|switch|p2b: Calyrex|Calyrex-Shadow, L50|100/100\n|-ability|p2b: Calyrex|As One\n|-ability|p2b: Calyrex|Unnerve\n|-ability|p1b: Incineroar|Intimidate|boost\n|-unboost|p2a: Terapagos|atk|1\n|-unboost|p2b: Calyrex|atk|1\n|turn|5\n|inactive|gingerv has 30 seconds left.\n|inactive|gingerv has 20 seconds left.\n|inactive|gingerv has 15 seconds left.\n|\n|t:|1746074377\n|move|p2b: Calyrex|Protect|p2b: Calyrex\n|-singleturn|p2b: Calyrex|Protect\n|move|p1a: Terapagos|Tera Starstorm|p2a: Terapagos|[spread] p2a\n|-activate|p2b: Calyrex|move: Protect\n|-supereffective|p2a: Terapagos\n|-damage|p2a: Terapagos|0 fnt\n|faint|p2a: Terapagos\n|move|p1b: Incineroar|Knock Off|p2b: Calyrex\n|-activate|p2b: Calyrex|move: Protect\n|\n|-heal|p1a: Terapagos|82/100|[from] item: Leftovers\n|upkeep\n|\n|t:|1746074384\n|switch|p2a: Rillaboom|Rillaboom, L50, M|100/100\n|-fieldstart|move: Grassy Terrain|[from] ability: Grassy Surge|[of] p2a: Rillaboom\n|turn|6\n|\n|t:|1746074395\n|move|p1a: Terapagos|Protect|p1a: Terapagos\n|-singleturn|p1a: Terapagos|Protect\n|move|p2a: Rillaboom|Fake Out|p1b: Incineroar\n|-damage|p1b: Incineroar|90/100\n|move|p2b: Calyrex|Disable|p1a: Terapagos\n|-activate|p1a: Terapagos|move: Protect\n|cant|p1b: Incineroar|flinch\n|\n|-heal|p1a: Terapagos|88/100|[from] Grassy Terrain\n|-heal|p1a: Terapagos|95/100|[from] item: Leftovers\n|-heal|p1b: Incineroar|96/100|[from] Grassy Terrain\n|upkeep\n|turn|7\n|\n|t:|1746074414\n|move|p2b: Calyrex|Protect|p2b: Calyrex\n|-singleturn|p2b: Calyrex|Protect\n|move|p1a: Terapagos|Tera Starstorm|p2b: Calyrex|[spread] p2a\n|-activate|p2b: Calyrex|move: Protect\n|-damage|p2a: Rillaboom|48/100\n|move|p2a: Rillaboom|Wood Hammer|p1a: Terapagos\n|-damage|p1a: Terapagos|58/100\n|-damage|p2a: Rillaboom|33/100|[from] Recoil\n|move|p1b: Incineroar|Will-O-Wisp|p2a: Rillaboom\n|-status|p2a: Rillaboom|brn\n|\n|-heal|p1a: Terapagos|65/100|[from] Grassy Terrain\n|-heal|p1a: Terapagos|71/100|[from] item: Leftovers\n|-heal|p2a: Rillaboom|39/100 brn|[from] Grassy Terrain\n|-heal|p1b: Incineroar|100/100|[from] Grassy Terrain\n|-damage|p2a: Rillaboom|33/100 brn|[from] brn\n|upkeep\n|turn|8\n|\n|t:|1746074427\n|move|p2a: Rillaboom|Grassy Glide|p1a: Terapagos\n|-damage|p1a: Terapagos|62/100\n|move|p2b: Calyrex|Disable|p1a: Terapagos\n|-start|p1a: Terapagos|Disable|Tera Starstorm\n|move|p1a: Terapagos|Earth Power|p2b: Calyrex\n|-damage|p2b: Calyrex|19/100\n|move|p1b: Incineroar|Knock Off|p2b: Calyrex\n|-supereffective|p2b: Calyrex\n|-damage|p2b: Calyrex|0 fnt\n|-enditem|p2b: Calyrex|Focus Sash|[from] move: Knock Off|[of] p1b: Incineroar\n|faint|p2b: Calyrex\n|\n|-heal|p1a: Terapagos|68/100|[from] Grassy Terrain\n|-heal|p1a: Terapagos|74/100|[from] item: Leftovers\n|-heal|p2a: Rillaboom|39/100 brn|[from] Grassy Terrain\n|-damage|p2a: Rillaboom|33/100 brn|[from] brn\n|upkeep\n|turn|9\n|\n|t:|1746074440\n|move|p1a: Terapagos|Earth Power|p2a: Rillaboom\n|-resisted|p2a: Rillaboom\n|-damage|p2a: Rillaboom|10/100 brn\n|move|p2a: Rillaboom|Wood Hammer|p1a: Terapagos\n|-damage|p1a: Terapagos|53/100\n|-damage|p2a: Rillaboom|1/100 brn|[from] Recoil\n|move|p1b: Incineroar|Knock Off|p2a: Rillaboom\n|-damage|p2a: Rillaboom|0 fnt\n|-enditem|p2a: Rillaboom|Assault Vest|[from] move: Knock Off|[of] p1b: Incineroar\n|faint|p2a: Rillaboom\n|\n|win|gingerv\n||idkloldude is ready for game 2.\n||gingerv is ready for game 2.\n|uhtml|next|Next: <a href=\"/battle-gen9vgc2025regibo3-2354456839\"><strong>Game 2 of 3</strong></a>\n|j| loudboxx\n|j| Xam94\n|l| Xam94\n|l| loudboxx\n|j| Xam94\n", "uploadtime": 1746074721, "views": 8, "formatid": "gen9vgc2025regibo3", "rating": null, "private": 0, "password": null}