{"id": "gen9vgc2025regibo3-2353541355", "format": "[Gen 9] VGC 2025 Reg I (Bo3)", "players": ["playest", "ZangiefVGC"], "log": "|j|\u2606playest\n|j|\u2606ZangiefVGC\n|html|<table width=\"100%\"><tr><td align=\"left\">playest</td><td align=\"right\">ZangiefVGC</tr><tr><td align=\"left\"><i class=\"fa fa-circle-o\"></i> <i class=\"fa fa-circle-o\"></i> </td><td align=\"right\"><i class=\"fa fa-circle-o\"></i> <i class=\"fa fa-circle-o\"></i> </tr></table>\n|uhtml|bestof|<h2><strong>Game 1</strong> of <a href=\"/game-bestof3-gen9vgc2025regibo3-2353541354\">a best-of-3</a></h2>\n|t:|1745966227\n|gametype|doubles\n|player|p1|playest|infielder|1303\n|player|p2|ZangiefVGC|steven|1298\n|teamsize|p1|6\n|teamsize|p2|6\n|gen|9\n|tier|[Gen 9] VGC 2025 Reg I (Bo3)\n|rated|\n|rule|Species Clause: Limit one of each Pok\u00e9mon\n|rule|Item Clause: Limit 1 of each item\n|clearpoke\n|poke|p1|Calyrex-Shadow, L50|\n|poke|p1|Miraidon, L50|\n|poke|p1|Urshifu-*, L50, F|\n|poke|p1|Tornadus, L50, M|\n|poke|p1|Chi-Yu, L50|\n|poke|p1|Snorlax, L50, M|\n|poke|p2|Koraidon, L50|\n|poke|p2|Lunala, L50|\n|poke|p2|Incineroar, L50, F|\n|poke|p2|Rillaboom, L50, M|\n|poke|p2|Scream Tail, L50|\n|poke|p2|Walking Wake, L50|\n|teampreview|4\n|showteam|p1|Calyrex-Shadow||FocusSash|AsOneSpectrier|Protect,Psychic,Taunt,AstralBarrage||||||50|,,,,,Normal]Miraidon||ChoiceSpecs|HadronEngine|ElectroDrift,DracoMeteor,DazzlingGleam,Snarl||||||50|,,,,,Fairy]Urshifu-Rapid-Strike||MysticWater|UnseenFist|Detect,AquaJet,CloseCombat,SurgingStrikes|||F|||50|,,,,,Water]Tornadus||CovertCloak|Prankster|Protect,Tailwind,RainDance,BleakwindStorm|||M|||50|,,,,,Dark]Chi-Yu||ChoiceScarf|BeadsofRuin|HeatWave,Snarl,DarkPulse,Overheat||||||50|,,,,,Ghost]Snorlax||Leftovers|ThickFat|Protect,Yawn,HelpingHand,BodySlam|||M|||50|,,,,,Water\n|showteam|p2|Koraidon||LifeOrb|OrichalcumPulse|CloseCombat,FlareBlitz,FlameCharge,Protect||||||50|,,,,,Fire]Lunala||PowerHerb|ShadowShield|MoongeistBeam,MeteorBeam,HeatWave,Tailwind||||||50|,,,,,Water]Incineroar||SafetyGoggles|Intimidate|FakeOut,KnockOff,PartingShot,FlareBlitz|||F|||50|,,,,,Bug]Rillaboom||AssaultVest|GrassySurge|FakeOut,WoodHammer,GrassyGlide,Uturn|||M|||50|,,,,,Fire]Scream Tail||BoosterEnergy|Protosynthesis|Encore,Disable,PsychicFangs,LightScreen||||||50|,,,,,Ghost]Walking Wake||ChoiceSpecs|Protosynthesis|DracoMeteor,HydroSteam,Flamethrower,DragonPulse||||||50|,,,,,Water\n|inactive|Battle timer is ON: inactive players will automatically lose when time's up. (requested by playest)\n|inactive|playest has 60 seconds left.\n|inactive|ZangiefVGC has 60 seconds left.\n|\n|t:|1745966273\n|start\n|switch|p1a: Chi-Yu|Chi-Yu, L50|100/100\n|switch|p1b: Tornadus|Tornadus, L50, M|100/100\n|switch|p2a: Incineroar|Incineroar, L50, F|100/100\n|switch|p2b: Koraidon|Koraidon, L50|100/100\n|-ability|p1a: Chi-Yu|Beads of Ruin\n|-weather|SunnyDay|[from] ability: Orichalcum Pulse|[of] p2b: Koraidon\n|-activate|p2b: Koraidon|Orichalcum Pulse|[source]\n|-ability|p2a: Incineroar|Intimidate|boost\n|-unboost|p1a: Chi-Yu|atk|1\n|-unboost|p1b: Tornadus|atk|1\n|turn|1\n|inactive|playest has 30 seconds left.\n|\n|t:|1745966299\n|switch|p1a: Miraidon|Miraidon, L50|100/100\n|-fieldstart|move: Electric Terrain|[from] ability: Hadron Engine|[of] p1a: Miraidon\n|-terastallize|p2b: Koraidon|Fire\n|move|p1b: Tornadus|Rain Dance|p1b: Tornadus\n|-weather|RainDance\n|move|p2b: Koraidon|Flame Charge|p1b: Tornadus\n|-damage|p1b: Tornadus|71/100\n|-boost|p2b: Koraidon|spe|1\n|-damage|p2b: Koraidon|91/100|[from] item: Life Orb\n|move|p2a: Incineroar|Parting Shot|p1a: Miraidon\n|-unboost|p1a: Miraidon|atk|1\n|-unboost|p1a: Miraidon|spa|1\n|\n|t:|1745966310\n|switch|p2a: Rillaboom|Rillaboom, L50, M|100/100|[from] Parting Shot\n|-fieldstart|move: Grassy Terrain|[from] ability: Grassy Surge|[of] p2a: Rillaboom\n|\n|-weather|RainDance|[upkeep]\n|-heal|p2b: Koraidon|97/100|[from] Grassy Terrain\n|upkeep\n|turn|2\n|\n|t:|1745966325\n|switch|p1a: Calyrex|Calyrex-Shadow, L50|100/100\n|-ability|p1a: Calyrex|As One\n|-ability|p1a: Calyrex|Unnerve\n|move|p2a: Rillaboom|Fake Out|p1a: Calyrex\n|-immune|p1a: Calyrex\n|move|p2b: Koraidon|Flame Charge|p1b: Tornadus\n|-damage|p1b: Tornadus|40/100\n|-boost|p2b: Koraidon|spe|1\n|-damage|p2b: Koraidon|87/100|[from] item: Life Orb\n|move|p1b: Tornadus|Bleakwind Storm|p2b: Koraidon|[spread] p2a,p2b\n|-supereffective|p2a: Rillaboom\n|-damage|p2a: Rillaboom|54/100\n|-damage|p2b: Koraidon|51/100\n|\n|-weather|RainDance|[upkeep]\n|-heal|p2b: Koraidon|57/100|[from] Grassy Terrain\n|-heal|p2a: Rillaboom|60/100|[from] Grassy Terrain\n|upkeep\n|turn|3\n|\n|t:|1745966345\n|move|p1b: Tornadus|Tailwind|p1b: Tornadus\n|-sidestart|p1: playest|move: Tailwind\n|move|p2a: Rillaboom|Grassy Glide|p1a: Calyrex\n|-damage|p1a: Calyrex|59/100\n|move|p1a: Calyrex|Astral Barrage|p2b: Koraidon|[spread] p2a,p2b\n|-damage|p2a: Rillaboom|29/100\n|-damage|p2b: Koraidon|5/100\n|move|p2b: Koraidon|Flare Blitz|p1a: Calyrex\n|-damage|p1a: Calyrex|9/100\n|-damage|p2b: Koraidon|0 fnt|[from] Recoil\n|faint|p2b: Koraidon\n|\n|-weather|RainDance|[upkeep]\n|-heal|p1a: Calyrex|15/100|[from] Grassy Terrain\n|-heal|p2a: Rillaboom|34/100|[from] Grassy Terrain\n|upkeep\n|\n|t:|1745966353\n|switch|p2b: Incineroar|Incineroar, L50, F|100/100\n|-ability|p2b: Incineroar|Intimidate|boost\n|-unboost|p1a: Calyrex|atk|1\n|-unboost|p1b: Tornadus|atk|1\n|turn|4\n|inactive|playest has 30 seconds left.\n|\n|t:|1745966383\n|switch|p1a: Miraidon|Miraidon, L50|100/100\n|-fieldstart|move: Electric Terrain|[from] ability: Hadron Engine|[of] p1a: Miraidon\n|switch|p2a: Walking Wake|Walking Wake, L50|100/100\n|move|p1b: Tornadus|Bleakwind Storm|p2b: Incineroar|[spread] p2a,p2b\n|-damage|p2a: Walking Wake|59/100\n|-damage|p2b: Incineroar|66/100\n|-unboost|p2b: Incineroar|spe|1\n|move|p2b: Incineroar|Knock Off|p1b: Tornadus\n|-damage|p1b: Tornadus|0 fnt\n|-enditem|p1b: Tornadus|Covert Cloak|[from] move: Knock Off|[of] p2b: Incineroar\n|faint|p1b: Tornadus\n|\n|-weather|RainDance|[upkeep]\n|upkeep\n|\n|t:|1745966404\n|switch|p1b: Calyrex|Calyrex-Shadow, L50|15/100\n|-ability|p1b: Calyrex|As One\n|-ability|p1b: Calyrex|Unnerve\n|turn|5\n|inactive|playest has 30 seconds left.\n|inactive|playest has 20 seconds left.\n|\n|t:|1745966441\n|-end|p2a: Walking Wake|Protosynthesis|[silent]\n|switch|p2a: Rillaboom|Rillaboom, L50, M|34/100\n|-fieldstart|move: Grassy Terrain|[from] ability: Grassy Surge|[of] p2a: Rillaboom\n|-terastallize|p1a: Miraidon|Fairy\n|move|p1b: Calyrex|Astral Barrage|p2a: Rillaboom|[spread] p2a,p2b\n|-resisted|p2b: Incineroar\n|-damage|p2a: Rillaboom|0 fnt\n|-damage|p2b: Incineroar|43/100\n|faint|p2a: Rillaboom\n|-ability|p1b: Calyrex|Grim Neigh|boost\n|-boost|p1b: Calyrex|spa|1\n|move|p1a: Miraidon|Dazzling Gleam|p2b: Incineroar\n|-damage|p2b: Incineroar|0 fnt\n|faint|p2b: Incineroar\n|\n|-weather|none\n|-heal|p1b: Calyrex|20/100|[from] Grassy Terrain\n|upkeep\n|-message|ZangiefVGC forfeited.\n|\n|win|playest\n||ZangiefVGC is ready for game 2.\n||playest is ready for game 2.\n|uhtml|next|Next: <a href=\"/battle-gen9vgc2025regibo3-2353543316\"><strong>Game 2 of 3</strong></a>\n|l|\u2606ZangiefVGC\n|player|p2|\n", "uploadtime": 1745966577, "views": 10, "formatid": "gen9vgc2025regibo3", "rating": null, "private": 0, "password": null}