{"id": "gen9vgc2025regibo3-2355146038", "format": "[Gen 9] VGC 2025 Reg I (Bo3)", "players": ["ComfyTurty", "stotty"], "log": "|j|\u2606ComfyTurty\n|j|\u2606stotty\n|html|<table width=\"100%\"><tr><td align=\"left\">ComfyTurty</td><td align=\"right\">stotty</tr><tr><td align=\"left\"><i class=\"fa fa-circle\"></i> <i class=\"fa fa-circle-o\"></i> </td><td align=\"right\"><i class=\"fa fa-circle-o\"></i> <i class=\"fa fa-circle-o\"></i> </tr></table>\n|uhtml|bestof|<h2><strong>Game 2</strong> of <a href=\"/game-bestof3-gen9vgc2025regibo3-2355143969\">a best-of-3</a></h2>\n|t:|1746158505\n|gametype|doubles\n|player|p1|ComfyTurty|pokemonbreeder-gen4|1000\n|player|p2|stotty|266|1051\n|teamsize|p1|6\n|teamsize|p2|6\n|gen|9\n|tier|[Gen 9] VGC 2025 Reg I (Bo3)\n|rated|\n|rule|Species Clause: Limit one of each Pok\u00e9mon\n|rule|Item Clause: Limit 1 of each item\n|clearpoke\n|poke|p1|Koraidon, L50|\n|poke|p1|Terapagos, L50, M|\n|poke|p1|Incineroar, L50, F|\n|poke|p1|Rillaboom, L50, F|\n|poke|p1|Ogerpon-Cornerstone, L50, F|\n|poke|p1|Flutter Mane, L50|\n|poke|p2|Calyrex-Shadow, L50|\n|poke|p2|Koraidon, L50|\n|poke|p2|Tinkaton, L50, F|\n|poke|p2|Whimsicott, L50, F|\n|poke|p2|Cresselia, L50, F|\n|poke|p2|Heatran, L50, F|\n|teampreview|4\n|showteam|p1|Koraidon||LifeOrb|OrichalcumPulse|CloseCombat,FlareBlitz,FlameCharge,Protect||||||50|,,,,,Fire]Terapagos||Leftovers|TeraShift|TeraStarstorm,EarthPower,CalmMind,Protect|||M|||50|,,,,,Stellar]Incineroar||RockyHelmet|Intimidate|FakeOut,KnockOff,WillOWisp,PartingShot|||F|||50|,,,,,Bug]Rillaboom||AssaultVest|GrassySurge|WoodHammer,GrassyGlide,Uturn,FakeOut|||F|||50|,,,,,Water]Ogerpon-Cornerstone||CornerstoneMask|Sturdy|IvyCudgel,PowerWhip,FollowMe,SpikyShield|||F|||50|,,,,,Rock]Flutter Mane||FocusSash|Protosynthesis|Moonblast,ShadowBall,IcyWind,Protect||||||50|,,,,,Normal\n|showteam|p2|Calyrex-Shadow||LifeOrb|AsOneSpectrier|AstralBarrage,Psychic,Protect,DarkPulse||||||50|,,,,,Ghost]Koraidon||ClearAmulet|OrichalcumPulse|CollisionCourse,Protect,DragonClaw,FlameCharge||||||50|,,,,,Fire]Tinkaton|||MoldBreaker|FakeOut,Thief,GigatonHammer,Protect|||F|||50|,,,,,Fairy]Whimsicott||CovertCloak|Prankster|HelpingHand,Tailwind,Taunt,Moonblast|||F|||50|,,,,,Dark]Cresselia||Leftovers|Levitate|SkillSwap,HelpingHand,LunarBlessing,Psychic|||F|||50|,,,,,Dark]Heatran||AssaultVest|FlameBody|MagmaStorm,FlashCannon,EarthPower,LavaPlume|||F|||50|,,,,,Grass\n|inactive|Battle timer is ON: inactive players will automatically lose when time's up. (requested by ComfyTurty)\n|inactive|ComfyTurty has 60 seconds left.\n|\n|t:|1746158541\n|start\n|switch|p1a: Terapagos|Terapagos, L50, M|100/100\n|switch|p1b: Incineroar|Incineroar, L50, F|100/100\n|switch|p2a: Tinkaton|Tinkaton, L50, F, shiny|100/100\n|switch|p2b: Whimsicott|Whimsicott, L50, F, shiny|100/100\n|-activate|p1a: Terapagos|ability: Tera Shift\n|detailschange|p1a: Terapagos|Terapagos-Terastal, L50, M\n|-heal|p1a: Terapagos|100/100|[silent]\n|-ability|p2a: Tinkaton|Mold Breaker\n|-ability|p1b: Incineroar|Intimidate|boost\n|-unboost|p2a: Tinkaton|atk|1\n|-unboost|p2b: Whimsicott|atk|1\n|turn|1\n|inactive|ComfyTurty has 30 seconds left.\n|inactive|stotty has 30 seconds left.\n|inactive|ComfyTurty has 20 seconds left.\n|inactive|stotty has 20 seconds left.\n|inactive|stotty has 15 seconds left.\n|\n|t:|1746158585\n|move|p1a: Terapagos|Protect|p1a: Terapagos\n|-singleturn|p1a: Terapagos|Protect\n|move|p2a: Tinkaton|Fake Out|p1a: Terapagos\n|-activate|p1a: Terapagos|move: Protect\n|move|p2b: Whimsicott|Taunt|p1a: Terapagos\n|-activate|p1a: Terapagos|move: Protect\n|move|p1b: Incineroar|Parting Shot|p2a: Tinkaton\n|-unboost|p2a: Tinkaton|atk|1\n|-unboost|p2a: Tinkaton|spa|1\n|\n|t:|1746158595\n|switch|p1b: Ogerpon|Ogerpon-Cornerstone, L50, F|100/100|[from] Parting Shot\n|\n|upkeep\n|turn|2\n|inactive|stotty has 30 seconds left.\n|\n|t:|1746158624\n|move|p1b: Ogerpon|Follow Me|p1b: Ogerpon\n|-singleturn|p1b: Ogerpon|move: Follow Me\n|move|p2b: Whimsicott|Tailwind|p2b: Whimsicott\n|-sidestart|p2: stotty|move: Tailwind\n|move|p2a: Tinkaton|Thief|p1b: Ogerpon\n|-damage|p1b: Ogerpon|94/100\n|move|p1a: Terapagos|Calm Mind|p1a: Terapagos\n|-boost|p1a: Terapagos|spa|1\n|-boost|p1a: Terapagos|spd|1\n|\n|upkeep\n|turn|3\n|inactive|ComfyTurty has 30 seconds left.\n|inactive|stotty has 30 seconds left.\n|\n|t:|1746158657\n|move|p1b: Ogerpon|Spiky Shield|p1b: Ogerpon\n|-singleturn|p1b: Ogerpon|move: Protect\n|move|p2b: Whimsicott|Taunt|p1a: Terapagos\n|-start|p1a: Terapagos|move: Taunt\n|move|p2a: Tinkaton|Gigaton Hammer|p1b: Ogerpon\n|-activate|p1b: Ogerpon|move: Protect\n|cant|p1a: Terapagos|move: Taunt|Calm Mind\n|\n|upkeep\n|turn|4\n|inactive|ComfyTurty has 30 seconds left.\n|\n|t:|1746158683\n|switch|p2a: Koraidon|Koraidon, L50|100/100\n|-weather|SunnyDay|[from] ability: Orichalcum Pulse|[of] p2a: Koraidon\n|-activate|p2a: Koraidon|Orichalcum Pulse|[source]\n|-terastallize|p1a: Terapagos|Stellar\n|detailschange|p1a: Terapagos|Terapagos-Stellar, L50, M, tera:Stellar\n|-heal|p1a: Terapagos|100/100|[silent]\n|-ability|p1a: Terapagos|Teraform Zero\n|-weather|none\n|move|p2b: Whimsicott|Moonblast|p1a: Terapagos\n|-damage|p1a: Terapagos|90/100\n|-unboost|p1a: Terapagos|spa|1\n|move|p1b: Ogerpon|Ivy Cudgel|p2a: Koraidon|[anim] Ivy Cudgel Rock\n|-resisted|p2a: Koraidon\n|-damage|p2a: Koraidon|73/100\n|move|p1a: Terapagos|Tera Starstorm|p2b: Whimsicott|[spread] p2a,p2b\n|-damage|p2a: Koraidon|41/100\n|-damage|p2b: Whimsicott|54/100\n|\n|-heal|p1a: Terapagos|96/100|[from] item: Leftovers\n|upkeep\n|turn|5\n|inactive|ComfyTurty has 30 seconds left.\n|inactive|stotty has 30 seconds left.\n|\n|t:|1746158713\n|move|p2b: Whimsicott|Helping Hand|p2a: Koraidon\n|-singleturn|p2a: Koraidon|Helping Hand|[of] p2b: Whimsicott\n|move|p1b: Ogerpon|Follow Me|p1b: Ogerpon\n|-singleturn|p1b: Ogerpon|move: Follow Me\n|move|p2a: Koraidon|Collision Course|p1b: Ogerpon\n|-supereffective|p1b: Ogerpon\n|-damage|p1b: Ogerpon|0 fnt\n|faint|p1b: Ogerpon\n|move|p1a: Terapagos|Tera Starstorm|p2b: Whimsicott|[spread] p2a,p2b\n|-damage|p2a: Koraidon|11/100\n|-damage|p2b: Whimsicott|5/100\n|\n|-heal|p1a: Terapagos|100/100|[from] item: Leftovers\n|-end|p1a: Terapagos|move: Taunt\n|-sideend|p2: stotty|move: Tailwind\n|upkeep\n|\n|t:|1746158732\n|switch|p1b: Incineroar|Incineroar, L50, F|100/100\n|-ability|p1b: Incineroar|Intimidate|boost\n|-fail|p2a: Koraidon|unboost|[from] item: Clear Amulet|[of] p2a: Koraidon\n|-unboost|p2b: Whimsicott|atk|1\n|turn|6\n|\n|t:|1746158753\n|move|p2a: Koraidon|Protect|p2a: Koraidon\n|-singleturn|p2a: Koraidon|Protect\n|move|p1b: Incineroar|Fake Out|p2a: Koraidon\n|-activate|p2a: Koraidon|move: Protect\n|move|p2b: Whimsicott|Tailwind|p2b: Whimsicott\n|-sidestart|p2: stotty|move: Tailwind\n|move|p1a: Terapagos|Tera Starstorm|p2b: Whimsicott|[spread] p2b\n|-activate|p2a: Koraidon|move: Protect\n|-damage|p2b: Whimsicott|0 fnt\n|faint|p2b: Whimsicott\n|\n|upkeep\n|\n|t:|1746158777\n|switch|p2b: Tinkaton|Tinkaton, L50, F, shiny|100/100\n|-ability|p2b: Tinkaton|Mold Breaker\n|turn|7\n|inactive|ComfyTurty has 30 seconds left.\n|inactive|ComfyTurty has 20 seconds left.\n|\n|t:|1746158813\n|move|p1a: Terapagos|Protect|p1a: Terapagos\n|-singleturn|p1a: Terapagos|Protect\n|move|p2b: Tinkaton|Fake Out|p1a: Terapagos\n|-activate|p1a: Terapagos|move: Protect\n|move|p2a: Koraidon|Collision Course|p1b: Incineroar\n|-supereffective|p1b: Incineroar\n|-damage|p1b: Incineroar|0 fnt\n|-damage|p2a: Koraidon|0 fnt|[from] item: Rocky Helmet|[of] p1b: Incineroar\n|faint|p1b: Incineroar\n|faint|p2a: Koraidon\n|\n|upkeep\n|\n|t:|1746158824\n|switch|p2a: Calyrex|Calyrex-Shadow, L50|100/100\n|switch|p1b: Koraidon|Koraidon, L50|100/100\n|-ability|p2a: Calyrex|As One\n|-ability|p2a: Calyrex|Unnerve\n|-weather|SunnyDay|[from] ability: Orichalcum Pulse|[of] p1b: Koraidon\n|-activate|p1b: Koraidon|Orichalcum Pulse|[source]\n|turn|8\n|inactive|ComfyTurty has 30 seconds left.\n|\n|t:|1746158855\n|-terastallize|p2a: Calyrex|Ghost\n|move|p2a: Calyrex|Astral Barrage|p1b: Koraidon|[spread] p1b\n|-immune|p1a: Terapagos\n|-damage|p1b: Koraidon|0 fnt\n|faint|p1b: Koraidon\n|-ability|p2a: Calyrex|Grim Neigh|boost\n|-boost|p2a: Calyrex|spa|1\n|-damage|p2a: Calyrex|91/100|[from] item: Life Orb\n|move|p2b: Tinkaton|Gigaton Hammer|p1a: Terapagos\n|-damage|p1a: Terapagos|79/100\n|move|p1a: Terapagos|Calm Mind|p1a: Terapagos\n|-boost|p1a: Terapagos|spa|1\n|-boost|p1a: Terapagos|spd|1\n|\n|-weather|SunnyDay|[upkeep]\n|-heal|p1a: Terapagos|85/100|[from] item: Leftovers\n|upkeep\n|turn|9\n|inactive|stotty has 30 seconds left.\n|\n|t:|1746158889\n|move|p2a: Calyrex|Psychic|p1a: Terapagos\n|-damage|p1a: Terapagos|48/100\n|-damage|p2a: Calyrex|81/100|[from] item: Life Orb\n|move|p2b: Tinkaton|Thief|p1a: Terapagos\n|-damage|p1a: Terapagos|43/100\n|-enditem|p1a: Terapagos|Leftovers|[silent]|[from] move: Thief|[of] p2b: Tinkaton\n|-item|p2b: Tinkaton|Leftovers|[from] move: Thief|[of] p1a: Terapagos\n|move|p1a: Terapagos|Tera Starstorm|p2b: Tinkaton|[spread] p2a,p2b\n|-supereffective|p2a: Calyrex\n|-damage|p2a: Calyrex|0 fnt\n|-damage|p2b: Tinkaton|56/100\n|faint|p2a: Calyrex\n|\n|-weather|SunnyDay|[upkeep]\n|-heal|p2b: Tinkaton|62/100|[from] item: Leftovers\n|-sideend|p2: stotty|move: Tailwind\n|upkeep\n|turn|10\n|\n|t:|1746158911\n|move|p2b: Tinkaton|Thief|p1a: Terapagos\n|-damage|p1a: Terapagos|37/100\n|move|p1a: Terapagos|Earth Power|p2b: Tinkaton\n|-supereffective|p2b: Tinkaton\n|-damage|p2b: Tinkaton|0 fnt\n|faint|p2b: Tinkaton\n|\n|win|ComfyTurty\n|raw|ComfyTurty's rating: 1000 &rarr; <strong>1046</strong><br />(+46 for winning)\n|raw|stotty's rating: 1051 &rarr; <strong>1031</strong><br />(-20 for losing)\n", "uploadtime": 1746158919, "views": 2, "formatid": "gen9vgc2025regibo3", "rating": 1031, "private": 0, "password": null}