{"id": "gen9vgc2025regibo3-2354126628", "format": "[Gen 9] VGC 2025 Reg I (Bo3)", "players": ["tzarii", "Sticky Glob"], "log": "|j|\u2606tzarii\n|j|\u2606Sticky Glob\n|html|<table width=\"100%\"><tr><td align=\"left\">tzarii</td><td align=\"right\">Sticky Glob</tr><tr><td align=\"left\"><i class=\"fa fa-circle-o\"></i> <i class=\"fa fa-circle-o\"></i> </td><td align=\"right\"><i class=\"fa fa-circle-o\"></i> <i class=\"fa fa-circle-o\"></i> </tr></table>\n|uhtml|bestof|<h2><strong>Game 1</strong> of <a href=\"/game-bestof3-gen9vgc2025regibo3-2354126627\">a best-of-3</a></h2>\n|t:|1746037127\n|gametype|doubles\n|player|p1|tzarii|lady-gen4|1216\n|player|p2|Sticky Glob|clown|1321\n|teamsize|p1|6\n|teamsize|p2|6\n|gen|9\n|tier|[Gen 9] VGC 2025 Reg I (Bo3)\n|rated|\n|rule|Species Clause: Limit one of each Pok\u00e9mon\n|rule|Item Clause: Limit 1 of each item\n|clearpoke\n|poke|p1|Koraidon, L50|\n|poke|p1|Groudon, L50|\n|poke|p1|Flutter Mane, L50|\n|poke|p1|Scovillain, L50, M|\n|poke|p1|Rillaboom, L50, M|\n|poke|p1|Urshifu-*, L50, M|\n|poke|p2|Calyrex-Shadow, L50|\n|poke|p2|Tornadus, L50, M|\n|poke|p2|Urshifu-*, L50, M|\n|poke|p2|Zamazenta-*, L50|\n|poke|p2|Rillaboom, L50, F|\n|poke|p2|Chien-Pao, L50|\n|teampreview|4\n|showteam|p1|Koraidon||ClearAmulet|OrichalcumPulse|FlameCharge,CloseCombat,FlareBlitz,Protect||||||50|,,,,,Fire]Groudon||AssaultVest|Drought|PrecipiceBlades,HeatCrash,RockSlide,HighHorsepower||||||50|,,,,,Water]Flutter Mane||FocusSash|Protosynthesis|Moonblast,IcyWind,ShadowBall,Protect||||||50|,,,,,Fairy]Scovillain||CovertCloak|Chlorophyll|Overheat,SpicyExtract,WillOWisp,ScaryFace|||M|||50|,,,,,Fire]Rillaboom||MiracleSeed|GrassySurge|FakeOut,GrassyGlide,WoodHammer,Protect|||M|||50|,,,,,Water]Urshifu||ChoiceBand|UnseenFist|WickedBlow,CloseCombat,Uturn,SuckerPunch|||M|||50|,,,,,Dark\n|showteam|p2|Calyrex-Shadow||FocusSash|AsOneSpectrier|AstralBarrage,Psychic,Encore,Protect||||||50|,,,,,Ghost]Tornadus||RockyHelmet|Prankster|Tailwind,RainDance,BleakwindStorm,Protect|||M|||50|,,,,,Dark]Urshifu-Rapid-Strike||MysticWater|UnseenFist|SurgingStrikes,CloseCombat,AquaJet,Detect|||M|||50|,,,,,Water]Zamazenta-Crowned||RustedShield|DauntlessShield|BodyPress,HeavySlam,WideGuard,Protect||||||50|,,,,,Ghost]Rillaboom||AssaultVest|GrassySurge|WoodHammer,Uturn,GrassyGlide,FakeOut|||F|||50|,,,,,Fire]Chien-Pao||LifeOrb|SwordofRuin|IcicleCrash,IceShard,SuckerPunch,Protect||||||50|,,,,,Stellar\n|inactive|Battle timer is ON: inactive players will automatically lose when time's up. (requested by Sticky Glob)\n|inactive|tzarii has 60 seconds left.\n|\n|t:|1746037182\n|start\n|switch|p1a: Rillaboom|Rillaboom, L50, M|100/100\n|switch|p1b: Urshifu|Urshifu, L50, M|100/100\n|switch|p2a: Calyrex|Calyrex-Shadow, L50|100/100\n|switch|p2b: Tornadus|Tornadus, L50, M|100/100\n|-ability|p2a: Calyrex|As One\n|-ability|p2a: Calyrex|Unnerve\n|-fieldstart|move: Grassy Terrain|[from] ability: Grassy Surge|[of] p1a: Rillaboom\n|turn|1\n|inactive|tzarii has 30 seconds left.\n|\n|t:|1746037210\n|-terastallize|p1b: Urshifu|Dark\n|move|p1a: Rillaboom|Fake Out|p2b: Tornadus\n|-damage|p2b: Tornadus|83/100\n|-damage|p1a: Rillaboom|84/100|[from] item: Rocky Helmet|[of] p2b: Tornadus\n|move|p2a: Calyrex|Astral Barrage|p1a: Rillaboom|[spread] p1a,p1b\n|-resisted|p1b: Urshifu\n|-damage|p1a: Rillaboom|18/100\n|-damage|p1b: Urshifu|57/100\n|move|p1b: Urshifu|Wicked Blow|p2b: Tornadus\n|-crit|p2b: Tornadus\n|-damage|p2b: Tornadus|0 fnt\n|-damage|p1b: Urshifu|40/100|[from] item: Rocky Helmet|[of] p2b: Tornadus\n|faint|p2b: Tornadus\n|\n|-heal|p1b: Urshifu|46/100|[from] Grassy Terrain\n|-heal|p1a: Rillaboom|24/100|[from] Grassy Terrain\n|upkeep\n|\n|t:|1746037223\n|switch|p2b: Zamazenta|Zamazenta-Crowned, L50|100/100\n|-ability|p2b: Zamazenta|Dauntless Shield|boost\n|-boost|p2b: Zamazenta|def|1\n|turn|2\n|\n|t:|1746037240\n|move|p1a: Rillaboom|Grassy Glide|p2a: Calyrex\n|-damage|p2a: Calyrex|39/100\n|move|p2a: Calyrex|Astral Barrage|p1b: Urshifu|[spread] p1a,p1b\n|-resisted|p1b: Urshifu\n|-damage|p1a: Rillaboom|0 fnt\n|-damage|p1b: Urshifu|3/100\n|faint|p1a: Rillaboom\n|-ability|p2a: Calyrex|Grim Neigh|boost\n|-boost|p2a: Calyrex|spa|1\n|move|p2b: Zamazenta|Body Press|p1b: Urshifu\n|-supereffective|p1b: Urshifu\n|-damage|p1b: Urshifu|0 fnt\n|faint|p1b: Urshifu\n|\n|-heal|p2a: Calyrex|45/100|[from] Grassy Terrain\n|upkeep\n|\n|t:|1746037244\n|switch|p1b: Flutter Mane|Flutter Mane, L50|100/100\n|switch|p1a: Koraidon|Koraidon, L50|100/100\n|-weather|SunnyDay|[from] ability: Orichalcum Pulse|[of] p1a: Koraidon\n|-activate|p1b: Flutter Mane|ability: Protosynthesis\n|-start|p1b: Flutter Mane|protosynthesisspe\n|-activate|p1a: Koraidon|Orichalcum Pulse|[source]\n|turn|3\n|inactive|Sticky Glob has 30 seconds left.\n|inactive|tzarii has 30 seconds left.\n|\n|t:|1746037275\n|-terastallize|p2b: Zamazenta|Ghost\n|move|p1b: Flutter Mane|Shadow Ball|p2a: Calyrex\n|-supereffective|p2a: Calyrex\n|-damage|p2a: Calyrex|0 fnt\n|faint|p2a: Calyrex\n|move|p1a: Koraidon|Flare Blitz|p2b: Zamazenta\n|-damage|p2b: Zamazenta|65/100\n|-damage|p1a: Koraidon|89/100|[from] Recoil\n|move|p2b: Zamazenta|Heavy Slam|p1b: Flutter Mane\n|-supereffective|p1b: Flutter Mane\n|-enditem|p1b: Flutter Mane|Focus Sash\n|-damage|p1b: Flutter Mane|1/100\n|\n|-weather|SunnyDay|[upkeep]\n|-heal|p1b: Flutter Mane|7/100|[from] Grassy Terrain\n|-heal|p1a: Koraidon|95/100|[from] Grassy Terrain\n|-heal|p2b: Zamazenta|71/100|[from] Grassy Terrain\n|upkeep\n|\n|t:|1746037281\n|switch|p2a: Chien-Pao|Chien-Pao, L50|100/100\n|-ability|p2a: Chien-Pao|Sword of Ruin\n|turn|4\n|\n|t:|1746037297\n|move|p1b: Flutter Mane|Protect|p1b: Flutter Mane\n|-singleturn|p1b: Flutter Mane|Protect\n|move|p2a: Chien-Pao|Protect|p2a: Chien-Pao\n|-singleturn|p2a: Chien-Pao|Protect\n|move|p1a: Koraidon|Flame Charge|p2a: Chien-Pao\n|-activate|p2a: Chien-Pao|move: Protect\n|move|p2b: Zamazenta|Body Press|p1a: Koraidon\n|-damage|p1a: Koraidon|13/100\n|\n|-weather|SunnyDay|[upkeep]\n|-heal|p1b: Flutter Mane|14/100|[from] Grassy Terrain\n|-heal|p1a: Koraidon|19/100|[from] Grassy Terrain\n|-heal|p2b: Zamazenta|77/100|[from] Grassy Terrain\n|upkeep\n|turn|5\n|\n|t:|1746037311\n|move|p1b: Flutter Mane|Protect||[still]\n|-fail|p1b: Flutter Mane\n|move|p2a: Chien-Pao|Ice Shard|p1b: Flutter Mane\n|-damage|p1b: Flutter Mane|0 fnt\n|faint|p1b: Flutter Mane\n|-end|p1b: Flutter Mane|Protosynthesis|[silent]\n|-damage|p2a: Chien-Pao|91/100|[from] item: Life Orb\n|move|p1a: Koraidon|Flame Charge|p2a: Chien-Pao\n|-supereffective|p2a: Chien-Pao\n|-damage|p2a: Chien-Pao|0 fnt\n|-boost|p1a: Koraidon|spe|1\n|faint|p2a: Chien-Pao\n|move|p2b: Zamazenta|Body Press|p1a: Koraidon\n|-damage|p1a: Koraidon|0 fnt\n|faint|p1a: Koraidon\n|\n|win|Sticky Glob\n||tzarii is ready for game 2.\n||Sticky Glob is ready for game 2.\n|uhtml|next|Next: <a href=\"/battle-gen9vgc2025regibo3-2354128776\"><strong>Game 2 of 3</strong></a>\n|l|\u2606tzarii\n|player|p1|\n|l|\u2606Sticky Glob\n|player|p2|\n", "uploadtime": 1746037709, "views": 6, "formatid": "gen9vgc2025regibo3", "rating": null, "private": 0, "password": null}