{"id": "gen9vgc2025regibo3-2354521809", "format": "[Gen 9] VGC 2025 Reg I (Bo3)", "players": ["r4ka", "therealpaulcannon"], "log": "|j|\u2606r4ka\n|j|\u2606therealpaulcannon\n|html|<table width=\"100%\"><tr><td align=\"left\">r4ka</td><td align=\"right\">therealpaulcannon</tr><tr><td align=\"left\"><i class=\"fa fa-circle-o\"></i> <i class=\"fa fa-circle-o\"></i> </td><td align=\"right\"><i class=\"fa fa-circle-o\"></i> <i class=\"fa fa-circle-o\"></i> </tr></table>\n|uhtml|bestof|<h2><strong>Game 1</strong> of <a href=\"/game-bestof3-gen9vgc2025regibo3-2354521808\">a best-of-3</a></h2>\n|t:|1746087039\n|gametype|doubles\n|player|p1|r4ka|265|1229\n|player|p2|therealpaulcannon|265|1364\n|teamsize|p1|6\n|teamsize|p2|6\n|gen|9\n|tier|[Gen 9] VGC 2025 Reg I (Bo3)\n|rated|\n|rule|Species Clause: Limit one of each Pok\u00e9mon\n|rule|Item Clause: Limit 1 of each item\n|clearpoke\n|poke|p1|Miraidon, L50|\n|poke|p1|Lunala, L50|\n|poke|p1|Whimsicott, L50, F|\n|poke|p1|Chi-Yu, L50|\n|poke|p1|Urshifu-*, L50, M|\n|poke|p1|Iron Hands, L50|\n|poke|p2|Volcarona, L50, F|\n|poke|p2|Rillaboom, L50, F|\n|poke|p2|Annihilape, L50, F|\n|poke|p2|Incineroar, L50, F|\n|poke|p2|Terapagos, L50, M|\n|poke|p2|Zamazenta-*, L50|\n|teampreview|4\n|showteam|p1|Miraidon||ChoiceSpecs|HadronEngine|ElectroDrift,VoltSwitch,DracoMeteor,DazzlingGleam||||||50|,,,,,Fairy]Lunala||ElectricSeed|ShadowShield|MoongeistBeam,Psyshock,TrickRoom,WideGuard||||||50|,,,,,Water]Whimsicott||CovertCloak|Prankster|Moonblast,Tailwind,Encore,LightScreen|||F|||50|,,,,,Dark]Chi-Yu||ChoiceScarf|BeadsofRuin|HeatWave,DarkPulse,Overheat,Snarl||||||50|,,,,,Ghost]Urshifu-Rapid-Strike||FocusSash|UnseenFist|SurgingStrikes,CloseCombat,AquaJet,Detect|||M|||50|,,,,,Stellar]Iron Hands||AssaultVest|QuarkDrive|DrainPunch,LowKick,HeavySlam,FakeOut||||||50|,,,,,Water\n|showteam|p2|Volcarona||SafetyGoggles|FlameBody|FieryDance,RagePowder,WillOWisp,Tailwind|||F|||50|,,,,,Water]Rillaboom||AssaultVest|GrassySurge|WoodHammer,GrassyGlide,Uturn,FakeOut|||F|||50|,,,,,Fire]Annihilape||ChoiceScarf|Defiant|CloseCombat,FinalGambit,Uturn,ShadowClaw|||F|||50|,,,,,Grass]Incineroar||RockyHelmet|Intimidate|WillOWisp,FakeOut,KnockOff,PartingShot|||F|||50|,,,,,Ghost]Terapagos||Leftovers|TeraShift|TeraStarstorm,Protect,CalmMind,EarthPower|||M|||50|,,,,,Stellar]Zamazenta-Crowned||RustedShield|DauntlessShield|BodyPress,HeavySlam,WideGuard,Protect||||||50|,,,,,Dragon\n|inactive|Battle timer is ON: inactive players will automatically lose when time's up. (requested by therealpaulcannon)\n|inactive|r4ka has 60 seconds left.\n|inactive|therealpaulcannon has 60 seconds left.\n|inactive|therealpaulcannon has 30 seconds left.\n|\n|t:|1746087105\n|start\n|switch|p1a: Chi-Yu|Chi-Yu, L50|100/100\n|switch|p1b: Whimsicott|Whimsicott, L50, F|100/100\n|switch|p2a: Terapagos|Terapagos, L50, M|100/100\n|switch|p2b: Incineroar|Incineroar, L50, F|100/100\n|-activate|p2a: Terapagos|ability: Tera Shift\n|detailschange|p2a: Terapagos|Terapagos-Terastal, L50, M\n|-heal|p2a: Terapagos|100/100|[silent]\n|-ability|p1a: Chi-Yu|Beads of Ruin\n|-ability|p2b: Incineroar|Intimidate|boost\n|-unboost|p1a: Chi-Yu|atk|1\n|-unboost|p1b: Whimsicott|atk|1\n|turn|1\n|inactive|r4ka has 30 seconds left.\n|inactive|therealpaulcannon has 30 seconds left.\n|inactive|therealpaulcannon has 20 seconds left.\n|\n|t:|1746087142\n|switch|p1b: Iron Hands|Iron Hands, L50|100/100\n|-terastallize|p1a: Chi-Yu|Ghost\n|move|p1a: Chi-Yu|Heat Wave|p2a: Terapagos|[spread] p2a,p2b\n|-activate|p2a: Terapagos|ability: Tera Shell\n|-resisted|p2a: Terapagos\n|-resisted|p2b: Incineroar\n|-crit|p2b: Incineroar\n|-damage|p2a: Terapagos|77/100\n|-damage|p2b: Incineroar|65/100\n|move|p2a: Terapagos|Tera Starstorm|p1b: Iron Hands\n|-damage|p1b: Iron Hands|57/100\n|move|p2b: Incineroar|Parting Shot|p1a: Chi-Yu\n|-unboost|p1a: Chi-Yu|atk|1\n|-unboost|p1a: Chi-Yu|spa|1\n|\n|t:|1746087161\n|switch|p2b: Rillaboom|Rillaboom, L50, F|100/100|[from] Parting Shot\n|-fieldstart|move: Grassy Terrain|[from] ability: Grassy Surge|[of] p2b: Rillaboom\n|\n|-heal|p2a: Terapagos|83/100|[from] Grassy Terrain\n|-heal|p2a: Terapagos|89/100|[from] item: Leftovers\n|-heal|p1b: Iron Hands|63/100|[from] Grassy Terrain\n|upkeep\n|turn|2\n|\n|t:|1746087173\n|switch|p2b: Incineroar|Incineroar, L50, F|65/100\n|-ability|p2b: Incineroar|Intimidate|boost\n|-unboost|p1a: Chi-Yu|atk|1\n|-unboost|p1b: Iron Hands|atk|1\n|move|p2a: Terapagos|Protect|p2a: Terapagos\n|-singleturn|p2a: Terapagos|Protect\n|move|p1a: Chi-Yu|Heat Wave|p2b: Incineroar|[spread] \n|-activate|p2a: Terapagos|move: Protect\n|-miss|p1a: Chi-Yu|p2b: Incineroar\n|move|p1b: Iron Hands|Drain Punch|p2a: Terapagos\n|-activate|p2a: Terapagos|move: Protect\n|\n|-heal|p2a: Terapagos|95/100|[from] Grassy Terrain\n|-heal|p2a: Terapagos|100/100|[from] item: Leftovers\n|-heal|p2b: Incineroar|71/100|[from] Grassy Terrain\n|-heal|p1b: Iron Hands|69/100|[from] Grassy Terrain\n|upkeep\n|turn|3\n|inactive|therealpaulcannon has 30 seconds left.\n|\n|t:|1746087204\n|switch|p1a: Whimsicott|Whimsicott, L50, F|100/100\n|-end|p1b: Iron Hands|Quark Drive|[silent]\n|switch|p1b: Miraidon|Miraidon, L50|100/100\n|-fieldstart|move: Electric Terrain|[from] ability: Hadron Engine|[of] p1b: Miraidon\n|move|p2b: Incineroar|Fake Out|p1b: Miraidon\n|-damage|p1b: Miraidon|89/100\n|move|p2a: Terapagos|Calm Mind|p2a: Terapagos\n|-boost|p2a: Terapagos|spa|1\n|-boost|p2a: Terapagos|spd|1\n|\n|upkeep\n|turn|4\n|inactive|r4ka has 30 seconds left.\n|inactive|therealpaulcannon has 30 seconds left.\n|\n|t:|1746087231\n|switch|p2b: Rillaboom|Rillaboom, L50, F|100/100\n|-fieldstart|move: Grassy Terrain|[from] ability: Grassy Surge|[of] p2b: Rillaboom\n|-terastallize|p2a: Terapagos|Stellar\n|detailschange|p2a: Terapagos|Terapagos-Stellar, L50, M, tera:Stellar\n|-heal|p2a: Terapagos|100/100|[silent]\n|-ability|p2a: Terapagos|Teraform Zero\n|-fieldend|move: Grassy Terrain\n|move|p1a: Whimsicott|Encore|p2a: Terapagos\n|-start|p2a: Terapagos|Encore\n|move|p1b: Miraidon|Volt Switch|p2b: Rillaboom\n|-resisted|p2b: Rillaboom\n|-damage|p2b: Rillaboom|80/100\n|\n|t:|1746087250\n|switch|p1b: Chi-Yu|Chi-Yu, L50, tera:Ghost|100/100|[from] Volt Switch\n|-ability|p1b: Chi-Yu|Beads of Ruin\n|move|p2a: Terapagos|Calm Mind|p2a: Terapagos\n|-boost|p2a: Terapagos|spa|1\n|-boost|p2a: Terapagos|spd|1\n|\n|upkeep\n|turn|5\n|\n|t:|1746087267\n|switch|p2b: Incineroar|Incineroar, L50, F|71/100\n|-ability|p2b: Incineroar|Intimidate|boost\n|-unboost|p1a: Whimsicott|atk|1\n|-unboost|p1b: Chi-Yu|atk|1\n|move|p1b: Chi-Yu|Heat Wave|p2a: Terapagos|[spread] p2a,p2b\n|-resisted|p2b: Incineroar\n|-damage|p2a: Terapagos|84/100\n|-damage|p2b: Incineroar|44/100\n|-status|p2a: Terapagos|brn\n|move|p1a: Whimsicott|Moonblast|p2b: Incineroar\n|-damage|p2b: Incineroar|12/100\n|move|p2a: Terapagos|Calm Mind|p2a: Terapagos\n|-boost|p2a: Terapagos|spa|1\n|-boost|p2a: Terapagos|spd|1\n|\n|-heal|p2a: Terapagos|90/100 brn|[from] item: Leftovers\n|-damage|p2a: Terapagos|84/100 brn|[from] brn\n|upkeep\n|turn|6\n|-message|therealpaulcannon forfeited.\n|raw|r4ka's rating: 1229 &rarr; <strong>1263</strong><br />(+34 for winning)\n|raw|therealpaulcannon's rating: 1364 &rarr; <strong>1337</strong><br />(-27 for losing)\n|\n|win|r4ka\n|l|\u2606therealpaulcannon\n|player|p2|\n|l|\u2606r4ka\n|player|p1|\n", "uploadtime": 1746087680, "views": 13, "formatid": "gen9vgc2025regibo3", "rating": 1263, "private": 0, "password": null}