{"id": "gen9vgc2025regibo3-2353653597", "format": "[Gen 9] VGC 2025 Reg I (Bo3)", "players": ["kufh dsfv yrc6yff", "Igles"], "log": "|j|\u2606kufh dsfv yrc6yff\n|j|\u2606Igles\n|html|<table width=\"100%\"><tr><td align=\"left\">kufh dsfv yrc6yff</td><td align=\"right\">Igles</tr><tr><td align=\"left\"><i class=\"fa fa-circle-o\"></i> <i class=\"fa fa-circle-o\"></i> </td><td align=\"right\"><i class=\"fa fa-circle-o\"></i> <i class=\"fa fa-circle-o\"></i> </tr></table>\n|uhtml|bestof|<h2><strong>Game 1</strong> of <a href=\"/game-bestof3-gen9vgc2025regibo3-2353653596\">a best-of-3</a></h2>\n|t:|1745979420\n|gametype|doubles\n|player|p1|kufh dsfv yrc6yff|musician|1014\n|player|p2|Igles|unknownf|1108\n|teamsize|p1|6\n|teamsize|p2|6\n|gen|9\n|tier|[Gen 9] VGC 2025 Reg I (Bo3)\n|rated|\n|rule|Species Clause: Limit one of each Pok\u00e9mon\n|rule|Item Clause: Limit 1 of each item\n|clearpoke\n|poke|p1|Koraidon, L50|\n|poke|p1|Terapagos, L50, M|\n|poke|p1|Rillaboom, L50, M|\n|poke|p1|Heatran, L50, F|\n|poke|p1|Incineroar, L50, M|\n|poke|p1|Ogerpon-Cornerstone, L50, F|\n|poke|p2|Armarouge, L50, M|\n|poke|p2|Indeedee-F, L50, F|\n|poke|p2|Amoonguss, L50, F|\n|poke|p2|Farigiraf, L50, M|\n|poke|p2|Ursaluna-Bloodmoon, L50, M|\n|poke|p2|Conkeldurr, L50, M|\n|teampreview|4\n|showteam|p1|Koraidon||AbilityShield|OrichalcumPulse|CollisionCourse,DracoMeteor,Flamethrower,FlameCharge||||||50|,,,,,Fighting]Terapagos||Leftovers|TeraShift|Protect,TeraStarstorm,CalmMind,Substitute|||M|||50|,,,,,Stellar]Rillaboom||AssaultVest|GrassySurge|FakeOut,WoodHammer,GrassyGlide,Uturn|||M|||50|,,,,,Grass]Heatran||SitrusBerry|FlashFire|MagmaStorm,HeavySlam,TeraBlast,Protect|||F|||50|,,,,,Fairy]Incineroar||RockyHelmet|Intimidate|FakeOut,KnockOff,PartingShot,WillOWisp|||M|||50|,,,,,Ghost]Ogerpon-Cornerstone||CornerstoneMask|Sturdy|IvyCudgel,PowerWhip,FollowMe,SpikyShield|||F|||50|,,,,,Rock\n|showteam|p2|Armarouge||ChoiceSpecs|FlashFire|AuraSphere,ArmorCannon,ExpandingForce,HeatWave|||M|||50|,,,,,Normal]Indeedee-F||PsychicSeed|PsychicSurge|FollowMe,Protect,Psyshock,HelpingHand|||F|||50|,,,,,Steel]Amoonguss||RockyHelmet|Regenerator|PollenPuff,RagePowder,Protect,Spore|||F|||50|,,,,,Water]Farigiraf||ThroatSpray|ArmorTail|ExpandingForce,HyperVoice,TrickRoom,Protect|||M|||50|,,,,,Normal]Ursaluna-Bloodmoon||AssaultVest|MindsEye|Snarl,EarthPower,HyperVoice,BloodMoon|||M|||50|,,,,,Normal]Conkeldurr||FlameOrb|Guts|Facade,KnockOff,BrickBreak,WideGuard|||M|||50|,,,,,Fighting\n|inactive|Battle timer is ON: inactive players will automatically lose when time's up. (requested by Igles)\n|\n|t:|1745979452\n|start\n|switch|p1a: Koraidon|Koraidon, L50|100/100\n|switch|p1b: Terapagos|Terapagos, L50, M|100/100\n|switch|p2a: Nice Cat|Indeedee-F, L50, F|100/100\n|switch|p2b: Farigiraf|Farigiraf, L50, M|100/100\n|-activate|p1b: Terapagos|ability: Tera Shift\n|detailschange|p1b: Terapagos|Terapagos-Terastal, L50, M\n|-heal|p1b: Terapagos|100/100|[silent]\n|-weather|SunnyDay|[from] ability: Orichalcum Pulse|[of] p1a: Koraidon\n|-activate|p1a: Koraidon|Orichalcum Pulse|[source]\n|-fieldstart|move: Psychic Terrain|[from] ability: Psychic Surge|[of] p2a: Nice Cat\n|-enditem|p2a: Nice Cat|Psychic Seed\n|-boost|p2a: Nice Cat|spd|1|[from] item: Psychic Seed\n|turn|1\n|\n|t:|1745979475\n|-terastallize|p1b: Terapagos|Stellar\n|detailschange|p1b: Terapagos|Terapagos-Stellar, L50, M, tera:Stellar\n|-heal|p1b: Terapagos|100/100|[silent]\n|-ability|p1b: Terapagos|Teraform Zero\n|-weather|none\n|-fieldend|move: Psychic Terrain\n|move|p2a: Nice Cat|Follow Me|p2a: Nice Cat\n|-singleturn|p2a: Nice Cat|move: Follow Me\n|move|p1a: Koraidon|Collision Course|p2a: Nice Cat\n|-damage|p2a: Nice Cat|42/100\n|move|p1b: Terapagos|Calm Mind|p1b: Terapagos\n|-boost|p1b: Terapagos|spa|1\n|-boost|p1b: Terapagos|spd|1\n|move|p2b: Farigiraf|Trick Room|p2b: Farigiraf\n|-fieldstart|move: Trick Room|[of] p2b: Farigiraf\n|\n|upkeep\n|turn|2\n|inactive|Igles has 30 seconds left.\n|\n|t:|1745979503\n|switch|p2b: Armarouge|Armarouge, L50, M, shiny|100/100\n|move|p1b: Terapagos|Tera Starstorm|p2a: Nice Cat|[spread] p2a,p2b\n|-damage|p2a: Nice Cat|6/100\n|-damage|p2b: Armarouge|38/100\n|move|p2a: Nice Cat|Psyshock|p1b: Terapagos\n|-damage|p1b: Terapagos|85/100\n|move|p1a: Koraidon|Collision Course|p2b: Armarouge\n|-resisted|p2b: Armarouge\n|-damage|p2b: Armarouge|15/100\n|\n|-heal|p1b: Terapagos|91/100|[from] item: Leftovers\n|upkeep\n|turn|3\n|inactive|Igles has 30 seconds left.\n|\n|t:|1745979531\n|move|p2a: Nice Cat|Helping Hand|p2b: Armarouge\n|-singleturn|p2b: Armarouge|Helping Hand|[of] p2a: Nice Cat\n|move|p2b: Armarouge|Heat Wave|p1b: Terapagos|[spread] p1a\n|-miss|p2b: Armarouge|p1b: Terapagos\n|-resisted|p1a: Koraidon\n|-damage|p1a: Koraidon|48/100\n|move|p1b: Terapagos|Tera Starstorm|p2a: Nice Cat|[spread] p2a,p2b\n|-damage|p2a: Nice Cat|0 fnt\n|-damage|p2b: Armarouge|0 fnt\n|faint|p2a: Nice Cat\n|faint|p2b: Armarouge\n|move|p1a: Koraidon|Flame Charge|p2: Nice Cat|[notarget]\n|-fail|p1a: Koraidon\n|\n|-heal|p1b: Terapagos|97/100|[from] item: Leftovers\n|upkeep\n|\n|t:|1745979539\n|switch|p2b: Farigiraf|Farigiraf, L50, M|100/100\n|switch|p2a: Conkeldurr|Conkeldurr, L50, M|100/100\n|turn|4\n|\n|t:|1745979554\n|-terastallize|p2b: Farigiraf|Normal\n|move|p1b: Terapagos|Protect|p1b: Terapagos\n|-singleturn|p1b: Terapagos|Protect\n|move|p2a: Conkeldurr|Wide Guard|p2a: Conkeldurr\n|-singleturn|p2a: Conkeldurr|Wide Guard\n|move|p2b: Farigiraf|Hyper Voice|p1a: Koraidon|[spread] p1a\n|-activate|p1b: Terapagos|move: Protect\n|-damage|p1a: Koraidon|6/100\n|-enditem|p2b: Farigiraf|Throat Spray\n|-boost|p2b: Farigiraf|spa|1|[from] item: Throat Spray\n|move|p1a: Koraidon|Collision Course|p2a: Conkeldurr\n|-damage|p2a: Conkeldurr|57/100\n|\n|-heal|p1b: Terapagos|100/100|[from] item: Leftovers\n|-status|p2a: Conkeldurr|brn|[from] item: Flame Orb\n|upkeep\n|turn|5\n|\n|t:|1745979576\n|move|p2a: Conkeldurr|Brick Break|p1b: Terapagos\n|-supereffective|p1b: Terapagos\n|-crit|p1b: Terapagos\n|-damage|p1b: Terapagos|0 fnt\n|faint|p1b: Terapagos\n|move|p2b: Farigiraf|Hyper Voice|p1a: Koraidon\n|-damage|p1a: Koraidon|0 fnt\n|faint|p1a: Koraidon\n|\n|-damage|p2a: Conkeldurr|50/100 brn|[from] brn\n|-fieldend|move: Trick Room\n|upkeep\n|\n|t:|1745979586\n|switch|p1a: Rillaboom|Rillaboom, L50, M|100/100\n|switch|p1b: Incineroar|Incineroar, L50, M|100/100\n|-fieldstart|move: Grassy Terrain|[from] ability: Grassy Surge|[of] p1a: Rillaboom\n|-ability|p1b: Incineroar|Intimidate|boost\n|-unboost|p2a: Conkeldurr|atk|1\n|-unboost|p2b: Farigiraf|atk|1\n|turn|6\n|\n|t:|1745979606\n|move|p1a: Rillaboom|Fake Out||[still]\n|cant|p2b: Farigiraf|ability: Armor Tail|Fake Out|[of] p1a: Rillaboom\n|move|p1b: Incineroar|Knock Off|p2a: Conkeldurr\n|-resisted|p2a: Conkeldurr\n|-damage|p2a: Conkeldurr|34/100 brn\n|-enditem|p2a: Conkeldurr|Flame Orb|[from] move: Knock Off|[of] p1b: Incineroar\n|move|p2a: Conkeldurr|Brick Break|p1b: Incineroar\n|-supereffective|p1b: Incineroar\n|-damage|p1b: Incineroar|13/100\n|-damage|p2a: Conkeldurr|17/100 brn|[from] item: Rocky Helmet|[of] p1b: Incineroar\n|move|p2b: Farigiraf|Trick Room|p2b: Farigiraf\n|-fieldstart|move: Trick Room|[of] p2b: Farigiraf\n|\n|-heal|p2a: Conkeldurr|23/100 brn|[from] Grassy Terrain\n|-heal|p1b: Incineroar|19/100|[from] Grassy Terrain\n|-damage|p2a: Conkeldurr|17/100 brn|[from] brn\n|upkeep\n|turn|7\n|inactive|kufh dsfv yrc6yff has 30 seconds left.\n|inactive|Igles has 30 seconds left.\n|\n|t:|1745979644\n|move|p1a: Rillaboom|Grassy Glide||[still]\n|cant|p2b: Farigiraf|ability: Armor Tail|Grassy Glide|[of] p1a: Rillaboom\n|move|p2a: Conkeldurr|Facade|p1a: Rillaboom\n|-damage|p1a: Rillaboom|39/100\n|move|p2b: Farigiraf|Hyper Voice|p1b: Incineroar|[spread] p1a,p1b\n|-damage|p1a: Rillaboom|0 fnt\n|-damage|p1b: Incineroar|0 fnt\n|faint|p1a: Rillaboom\n|faint|p1b: Incineroar\n|\n|win|Igles\n||Igles is ready for game 2.\n||Igles is ready for game 2.\n", "uploadtime": 1745979652, "views": 9, "formatid": "gen9vgc2025regibo3", "rating": null, "private": 0, "password": null}