{"id": "gen9vgc2025regibo3-2353560948", "format": "[Gen 9] VGC 2025 Reg I (Bo3)", "players": ["SillyFishLips", "EtienneN7"], "log": "|j|\u2606SillyFishLips\n|j|\u2606EtienneN7\n|html|<table width=\"100%\"><tr><td align=\"left\">SillyFishLips</td><td align=\"right\">EtienneN7</tr><tr><td align=\"left\"><i class=\"fa fa-circle-o\"></i> <i class=\"fa fa-circle-o\"></i> </td><td align=\"right\"><i class=\"fa fa-circle-o\"></i> <i class=\"fa fa-circle\"></i> </tr></table>\n|uhtml|bestof|<h2><strong>Game 2</strong> of <a href=\"/game-bestof3-gen9vgc2025regibo3-2353559015\">a best-of-3</a></h2>\n|t:|1745968467\n|gametype|doubles\n|player|p1|SillyFishLips|169|1043\n|player|p2|EtienneN7|dawn|1074\n|teamsize|p1|6\n|teamsize|p2|6\n|gen|9\n|tier|[Gen 9] VGC 2025 Reg I (Bo3)\n|rated|\n|rule|Species Clause: Limit one of each Pok\u00e9mon\n|rule|Item Clause: Limit 1 of each item\n|clearpoke\n|poke|p1|Groudon, L50|\n|poke|p1|Lunala, L50|\n|poke|p1|Raging Bolt, L50|\n|poke|p1|Brute Bonnet, L50|\n|poke|p1|Urshifu-*, L50, M|\n|poke|p1|Farigiraf, L50, F|\n|poke|p2|Zamazenta-*, L50|\n|poke|p2|Incineroar, L50, F|\n|poke|p2|Amoonguss, L50, F|\n|poke|p2|Tornadus, L50, M|\n|poke|p2|Urshifu-*, L50, M|\n|poke|p2|Groudon, L50|\n|teampreview|4\n|showteam|p1|Groudon||ClearAmulet|Drought|PrecipiceBlades,SwordsDance,Protect,HeatCrash||||||50|,,,,,Fire]Lunala||Leftovers|ShadowShield|WideGuard,TrickRoom,MoongeistBeam,CalmMind||||||50|,,,,,Dark]Raging Bolt||AssaultVest|Protosynthesis|Snarl,DracoMeteor,Thunderclap,Thunderbolt||||||50|,,,,,Fairy]Brute Bonnet||SitrusBerry|Protosynthesis|Spore,SuckerPunch,RagePowder,Protect||||||50|,,,,,Fire]Urshifu-Rapid-Strike||FocusSash|UnseenFist|SurgingStrikes,CloseCombat,Detect,Uturn|||M|||50|,,,,,Stellar]Farigiraf||SafetyGoggles|ArmorTail|HelpingHand,HyperVoice,Protect,TrickRoom|||F|||50|,,,,,Fairy\n|showteam|p2|Zamazenta-Crowned||RustedShield|DauntlessShield|BodyPress,HeavySlam,WideGuard,IronDefense||||||50|,,,,,Ground]Incineroar||RockyHelmet|Intimidate|FakeOut,Uturn,DarkestLariat,WillOWisp|||F|||50|,,,,,Ghost]Amoonguss||SitrusBerry|Regenerator|RagePowder,Spore,SludgeBomb,PollenPuff|||F|||50|,,,,,Dark]Tornadus||CovertCloak|Prankster|Tailwind,Taunt,BleakwindStorm,SunnyDay|||M|||50|,,,,,Flying]Urshifu-Rapid-Strike||FocusSash|UnseenFist|AquaJet,SurgingStrikes,Detect,CloseCombat|||M|||50|,,,,,Fighting]Groudon||Leftovers|Drought|Protect,EarthPower,Eruption,SolarBeam||||||50|,,,,,Grass\n|\n|t:|1745968492\n|start\n|switch|p1a: Brute Bonnet|Brute Bonnet, L50|100/100\n|switch|p1b: Farigiraf|Farigiraf, L50, F|100/100\n|switch|p2a: Incineroar|Incineroar, L50, F|100/100\n|switch|p2b: Groudon|Groudon, L50|100/100\n|-weather|SunnyDay|[from] ability: Drought|[of] p2b: Groudon\n|-activate|p1a: Brute Bonnet|ability: Protosynthesis\n|-start|p1a: Brute Bonnet|protosynthesisatk\n|-ability|p2a: Incineroar|Intimidate|boost\n|-unboost|p1a: Brute Bonnet|atk|1\n|-unboost|p1b: Farigiraf|atk|1\n|turn|1\n|inactive|Battle timer is ON: inactive players will automatically lose when time's up. (requested by EtienneN7)\n|inactive|SillyFishLips has 60 seconds left.\n|\n|t:|1745968538\n|move|p2b: Groudon|Eruption|p1a: Brute Bonnet|[spread] p1a,p1b\n|-supereffective|p1a: Brute Bonnet\n|-damage|p1a: Brute Bonnet|17/100\n|-damage|p1b: Farigiraf|56/100\n|-enditem|p1a: Brute Bonnet|Sitrus Berry|[eat]\n|-heal|p1a: Brute Bonnet|42/100|[from] item: Sitrus Berry\n|move|p2a: Incineroar|Will-O-Wisp|p1a: Brute Bonnet\n|-status|p1a: Brute Bonnet|brn\n|move|p1a: Brute Bonnet|Spore|p2a: Incineroar\n|-status|p2a: Incineroar|slp|[from] move: Spore\n|move|p1b: Farigiraf|Trick Room|p1b: Farigiraf\n|-fieldstart|move: Trick Room|[of] p1b: Farigiraf\n|\n|-weather|SunnyDay|[upkeep]\n|-damage|p1a: Brute Bonnet|36/100 brn|[from] brn\n|upkeep\n|turn|2\n|inactive|SillyFishLips has 30 seconds left.\n|inactive|EtienneN7 has 30 seconds left.\n|\n|t:|1745968577\n|-end|p1a: Brute Bonnet|Protosynthesis|[silent]\n|switch|p1a: Groudon|Groudon, L50|100/100\n|switch|p2b: Amoonguss|Amoonguss, L50, F|100/100\n|move|p1b: Farigiraf|Protect|p1b: Farigiraf\n|-singleturn|p1b: Farigiraf|Protect\n|cant|p2a: Incineroar|slp\n|\n|-weather|SunnyDay|[upkeep]\n|upkeep\n|turn|3\n|inactive|SillyFishLips has 30 seconds left.\n|inactive|EtienneN7 has 30 seconds left.\n|\n|t:|1745968605\n|switch|p1a: Brute Bonnet|Brute Bonnet, L50|36/100 brn\n|-activate|p1a: Brute Bonnet|ability: Protosynthesis\n|-start|p1a: Brute Bonnet|protosynthesisatk\n|move|p2b: Amoonguss|Spore|p1a: Brute Bonnet\n|-immune|p1a: Brute Bonnet\n|cant|p2a: Incineroar|slp\n|move|p1b: Farigiraf|Hyper Voice|p2a: Incineroar|[spread] p2a,p2b\n|-damage|p2a: Incineroar|81/100 slp\n|-damage|p2b: Amoonguss|77/100\n|\n|-weather|SunnyDay|[upkeep]\n|-damage|p1a: Brute Bonnet|29/100 brn|[from] brn\n|upkeep\n|turn|4\n|inactive|SillyFishLips has 30 seconds left.\n|\n|t:|1745968632\n|move|p1a: Brute Bonnet|Protect|p1a: Brute Bonnet\n|-singleturn|p1a: Brute Bonnet|Protect\n|move|p2b: Amoonguss|Pollen Puff|p2a: Incineroar\n|-heal|p2a: Incineroar|100/100 slp\n|move|p1b: Farigiraf|Hyper Voice|p2a: Incineroar|[spread] p2a,p2b\n|-damage|p2a: Incineroar|81/100 slp\n|-damage|p2b: Amoonguss|56/100\n|-curestatus|p2a: Incineroar|slp|[msg]\n|move|p2a: Incineroar|Darkest Lariat|p1b: Farigiraf\n|-supereffective|p1b: Farigiraf\n|-damage|p1b: Farigiraf|0 fnt\n|faint|p1b: Farigiraf\n|\n|-weather|SunnyDay|[upkeep]\n|-damage|p1a: Brute Bonnet|23/100 brn|[from] brn\n|upkeep\n|\n|t:|1745968649\n|switch|p1b: Groudon|Groudon, L50|100/100\n|turn|5\n|\n|t:|1745968674\n|move|p1b: Groudon|Protect|p1b: Groudon\n|-singleturn|p1b: Groudon|Protect\n|move|p2b: Amoonguss|Spore|p1b: Groudon\n|-activate|p1b: Groudon|move: Protect\n|move|p1a: Brute Bonnet|Spore|p2a: Incineroar\n|-status|p2a: Incineroar|slp|[from] move: Spore\n|cant|p2a: Incineroar|slp\n|\n|-weather|none\n|-end|p1a: Brute Bonnet|Protosynthesis\n|-damage|p1a: Brute Bonnet|17/100 brn|[from] brn\n|-fieldend|move: Trick Room\n|upkeep\n|turn|6\n|inactive|SillyFishLips has 30 seconds left.\n|inactive|EtienneN7 has 30 seconds left.\n|inactive|EtienneN7 has 20 seconds left.\n|inactive|EtienneN7 has 15 seconds left.\n|\n|t:|1745968714\n|switch|p2b: Zamazenta|Zamazenta-Crowned, L50|100/100\n|-ability|p2b: Zamazenta|Dauntless Shield|boost\n|-boost|p2b: Zamazenta|def|1\n|move|p1b: Groudon|Heat Crash|p2b: Zamazenta\n|-supereffective|p2b: Zamazenta\n|-damage|p2b: Zamazenta|84/100\n|cant|p2a: Incineroar|slp\n|move|p1a: Brute Bonnet|Spore|p2a: Incineroar\n|-fail|p2a: Incineroar|slp\n|\n|-damage|p1a: Brute Bonnet|11/100 brn|[from] brn\n|upkeep\n|turn|7\n|inactive|SillyFishLips has 30 seconds left.\n|\n|t:|1745968745\n|move|p1a: Brute Bonnet|Rage Powder|p1a: Brute Bonnet\n|-singleturn|p1a: Brute Bonnet|move: Rage Powder\n|move|p2b: Zamazenta|Body Press|p1a: Brute Bonnet\n|-supereffective|p1a: Brute Bonnet\n|-damage|p1a: Brute Bonnet|0 fnt\n|faint|p1a: Brute Bonnet\n|-end|p1a: Brute Bonnet|Protosynthesis|[silent]\n|move|p1b: Groudon|Swords Dance|p1b: Groudon\n|-boost|p1b: Groudon|atk|2\n|-curestatus|p2a: Incineroar|slp|[msg]\n|move|p2a: Incineroar|U-turn|p1b: Groudon\n|-damage|p1b: Groudon|89/100\n|\n|t:|1745968756\n|switch|p2a: Groudon|Groudon, L50|100/100|[from] U-turn\n|-weather|SunnyDay|[from] ability: Drought|[of] p2a: Groudon\n|\n|-weather|SunnyDay|[upkeep]\n|upkeep\n|\n|t:|1745968771\n|switch|p1a: Lunala|Lunala, L50|100/100\n|turn|8\n|inactive|SillyFishLips has 30 seconds left.\n|\n|t:|1745968804\n|move|p2b: Zamazenta|Body Press|p1b: Groudon\n|-damage|p1b: Groudon|49/100\n|move|p1b: Groudon|Precipice Blades|p2a: Groudon|[spread] p2a,p2b\n|-supereffective|p2b: Zamazenta\n|-damage|p2a: Groudon|28/100\n|-damage|p2b: Zamazenta|0 fnt\n|faint|p2b: Zamazenta\n|move|p2a: Groudon|Eruption|p1a: Lunala|[spread] p1a,p1b\n|-damage|p1a: Lunala|96/100\n|-damage|p1b: Groudon|36/100\n|move|p1a: Lunala|Trick Room|p1a: Lunala\n|-fieldstart|move: Trick Room|[of] p1a: Lunala\n|\n|-weather|SunnyDay|[upkeep]\n|-heal|p2a: Groudon|33/100|[from] item: Leftovers\n|-heal|p1a: Lunala|100/100|[from] item: Leftovers\n|upkeep\n|\n|t:|1745968819\n|switch|p2b: Amoonguss|Amoonguss, L50, F|89/100\n|turn|9\n|inactive|SillyFishLips has 30 seconds left.\n|\n|t:|1745968849\n|move|p2b: Amoonguss|Spore|p1a: Lunala\n|-status|p1a: Lunala|slp|[from] move: Spore\n|move|p1b: Groudon|Heat Crash|p2b: Amoonguss\n|-supereffective|p2b: Amoonguss\n|-damage|p2b: Amoonguss|0 fnt\n|faint|p2b: Amoonguss\n|move|p2a: Groudon|Solar Beam||[still]\n|-prepare|p2a: Groudon|Solar Beam\n|-anim|p2a: Groudon|Solar Beam|p1b: Groudon\n|-supereffective|p1b: Groudon\n|-damage|p1b: Groudon|0 fnt\n|faint|p1b: Groudon\n|cant|p1a: Lunala|slp\n|\n|-weather|SunnyDay|[upkeep]\n|-heal|p2a: Groudon|39/100|[from] item: Leftovers\n|upkeep\n|\n|t:|1745968863\n|switch|p2b: Incineroar|Incineroar, L50, F|81/100\n|-ability|p2b: Incineroar|Intimidate|boost\n|-unboost|p1a: Lunala|atk|1\n|turn|10\n|\n|t:|1745968887\n|-terastallize|p1a: Lunala|Dark\n|move|p2b: Incineroar|Darkest Lariat|p1a: Lunala\n|-resisted|p1a: Lunala\n|-damage|p1a: Lunala|95/100 slp\n|move|p2a: Groudon|Earth Power|p1a: Lunala\n|-damage|p1a: Lunala|66/100 slp\n|-curestatus|p1a: Lunala|slp|[msg]\n|move|p1a: Lunala|Calm Mind|p1a: Lunala\n|-boost|p1a: Lunala|spa|1\n|-boost|p1a: Lunala|spd|1\n|\n|-weather|SunnyDay|[upkeep]\n|-heal|p2a: Groudon|45/100|[from] item: Leftovers\n|-heal|p1a: Lunala|72/100|[from] item: Leftovers\n|upkeep\n|turn|11\n|inactive|EtienneN7 has 30 seconds left.\n|inactive|EtienneN7 has 20 seconds left.\n|inactive|EtienneN7 has 15 seconds left.\n|inactive|EtienneN7 has 10 seconds left.\n|\n|t:|1745968933\n|move|p2b: Incineroar|Darkest Lariat|p1a: Lunala\n|-resisted|p1a: Lunala\n|-damage|p1a: Lunala|60/100\n|move|p2a: Groudon|Earth Power|p1a: Lunala\n|-damage|p1a: Lunala|40/100\n|move|p1a: Lunala|Moongeist Beam|p2a: Groudon\n|-damage|p2a: Groudon|0 fnt\n|faint|p2a: Groudon\n|\n|-weather|none\n|-heal|p1a: Lunala|45/100|[from] item: Leftovers\n|upkeep\n|turn|12\n|\n|t:|1745968952\n|move|p2b: Incineroar|U-turn|p1a: Lunala\n|-supereffective|p1a: Lunala\n|-damage|p1a: Lunala|18/100\n|move|p1a: Lunala|Moongeist Beam|p2b: Incineroar\n|-resisted|p2b: Incineroar\n|-damage|p2b: Incineroar|49/100\n|\n|-heal|p1a: Lunala|24/100|[from] item: Leftovers\n|-fieldend|move: Trick Room\n|upkeep\n|turn|13\n|\n|t:|1745968965\n|move|p1a: Lunala|Moongeist Beam|p2b: Incineroar\n|-resisted|p2b: Incineroar\n|-damage|p2b: Incineroar|17/100\n|move|p2b: Incineroar|U-turn|p1a: Lunala\n|-supereffective|p1a: Lunala\n|-damage|p1a: Lunala|0 fnt\n|faint|p1a: Lunala\n|\n|win|EtienneN7\n|raw|SillyFishLips's rating: 1043 &rarr; <strong>1028</strong><br />(-15 for losing)\n|raw|EtienneN7's rating: 1074 &rarr; <strong>1100</strong><br />(+26 for winning)\n|c|\u2606EtienneN7|ggwp\n|l|\u2606SillyFishLips\n|player|p1|\n", "uploadtime": 1745969074, "views": 19, "formatid": "gen9vgc2025regibo3", "rating": 1028, "private": 0, "password": null}