{"id": "gen9vgc2025regibo3-2354351090", "format": "[Gen 9] VGC 2025 Reg I (Bo3)", "players": ["Most Bread", "mavvyvgc"], "log": "|j|\u2606Most Bread\n|j|\u2606mavvyvgc\n|html|<table width=\"100%\"><tr><td align=\"left\">Most Bread</td><td align=\"right\">mavvyvgc</tr><tr><td align=\"left\"><i class=\"fa fa-circle-o\"></i> <i class=\"fa fa-circle-o\"></i> </td><td align=\"right\"><i class=\"fa fa-circle-o\"></i> <i class=\"fa fa-circle-o\"></i> </tr></table>\n|uhtml|bestof|<h2><strong>Game 1</strong> of <a href=\"/game-bestof3-gen9vgc2025regibo3-2354351089\">a best-of-3</a></h2>\n|t:|1746060675\n|gametype|doubles\n|player|p1|Most Bread|baker|1075\n|player|p2|mavvyvgc|riley|1070\n|teamsize|p1|6\n|teamsize|p2|6\n|gen|9\n|tier|[Gen 9] VGC 2025 Reg I (Bo3)\n|rated|\n|rule|Species Clause: Limit one of each Pok\u00e9mon\n|rule|Item Clause: Limit 1 of each item\n|clearpoke\n|poke|p1|Zamazenta-*, L50|\n|poke|p1|Calyrex-Shadow, L50|\n|poke|p1|Whimsicott, L50, M|\n|poke|p1|Ditto, L50|\n|poke|p1|Grimmsnarl, L50, M|\n|poke|p1|Clefairy, L50, F|\n|poke|p2|Calyrex-Shadow, L50|\n|poke|p2|Kyurem-White, L50|\n|poke|p2|Slowking, L50, F|\n|poke|p2|Tornadus, L50, M|\n|poke|p2|Rillaboom, L50, F|\n|poke|p2|Incineroar, L50, M|\n|teampreview|4\n|showteam|p1|Zamazenta-Crowned||RustedShield|DauntlessShield|BodyPress,behemothbash,WideGuard,Protect||||||50|,,,,,Dragon]Calyrex-Shadow||ChoiceSpecs|AsOneSpectrier|AstralBarrage,PollenPuff,Psyshock,ShadowBall||||||50|,,,,,Ghost]Whimsicott||CovertCloak|Prankster|Tailwind,HelpingHand,Encore,Moonblast|||M|||50|,,,,,Dark]Ditto||FocusSash|Imposter|Transform||||||50|,,,,,Normal]Grimmsnarl||LightClay|Prankster|Reflect,LightScreen,SuckerPunch,FakeOut|||M|||50|,,,,,Steel]Clefairy||Eviolite|FriendGuard|FollowMe,AfterYou,HelpingHand,Protect|||F|||50|,,,,,Fairy\n|showteam|p2|Calyrex-Shadow||FocusSash|AsOneSpectrier|DarkPulse,AstralBarrage,NastyPlot,Protect||||||50|,,,,,Dark]Kyurem-White||NeverMeltIce|Turboblaze|Protect,Blizzard,DragonPulse,FusionFlare||||||50|,,,,,Ground]Slowking||RockyHelmet|Oblivious|Psychic,TrickRoom,ChillyReception,HelpingHand|||F|||50|,,,,,Ground]Tornadus||CovertCloak|Prankster|Tailwind,BleakwindStorm,Protect,Snowscape|||M|||50|,,,,,Dark]Rillaboom||GrassySeed|GrassySurge|DrumBeating,Uturn,GrassyGlide,FakeOut|||F|||50|,,,,,Grass]Incineroar||AssaultVest|Intimidate|FakeOut,KnockOff,FlareBlitz,Uturn|||M|||50|,,,,,Fire\n|\n|t:|1746060733\n|start\n|switch|p1a: Grimmsnarl|Grimmsnarl, L50, M|100/100\n|switch|p1b: Zamazenta|Zamazenta-Crowned, L50|100/100\n|switch|p2a: Slowking|Slowking, L50, F|100/100\n|switch|p2b: Incineroar|Incineroar, L50, M|100/100\n|-ability|p1b: Zamazenta|Dauntless Shield|boost\n|-boost|p1b: Zamazenta|def|1\n|-ability|p2b: Incineroar|Intimidate|boost\n|-unboost|p1a: Grimmsnarl|atk|1\n|-unboost|p1b: Zamazenta|atk|1\n|turn|1\n|\n|t:|1746060759\n|move|p1a: Grimmsnarl|Fake Out|p2a: Slowking\n|-damage|p2a: Slowking|94/100\n|-damage|p1a: Grimmsnarl|84/100|[from] item: Rocky Helmet|[of] p2a: Slowking\n|move|p1b: Zamazenta|Body Press|p2b: Incineroar\n|-supereffective|p2b: Incineroar\n|-crit|p2b: Incineroar\n|-damage|p2b: Incineroar|0 fnt\n|faint|p2b: Incineroar\n|cant|p2a: Slowking|flinch\n|\n|upkeep\n|\n|t:|1746060777\n|switch|p2b: Calyrex|Calyrex-Shadow, L50|100/100\n|-ability|p2b: Calyrex|As One\n|-ability|p2b: Calyrex|Unnerve\n|turn|2\n|\n|t:|1746060813\n|move|p1a: Grimmsnarl|Sucker Punch||[still]\n|-fail|p1a: Grimmsnarl\n|move|p2b: Calyrex|Nasty Plot|p2b: Calyrex\n|-boost|p2b: Calyrex|spa|2\n|move|p1b: Zamazenta|Behemoth Bash|p2b: Calyrex\n|-damage|p2b: Calyrex|67/100\n|-prepare|p2a: Slowking|Chilly Reception|[premajor]\n|move|p2a: Slowking|Chilly Reception|p2a: Slowking\n|-weather|Snowscape\n|\n|t:|1746060826\n|switch|p2a: Kyurem|Kyurem-White, L50|100/100|[from] Chilly Reception\n|-ability|p2a: Kyurem|Turboblaze\n|\n|-weather|Snowscape|[upkeep]\n|upkeep\n|turn|3\n|\n|t:|1746060856\n|-terastallize|p2a: Kyurem|Ground\n|move|p2b: Calyrex|Protect|p2b: Calyrex\n|-singleturn|p2b: Calyrex|Protect\n|move|p1a: Grimmsnarl|Sucker Punch||[still]\n|-fail|p1a: Grimmsnarl\n|move|p1b: Zamazenta|Body Press|p2a: Kyurem\n|-damage|p2a: Kyurem|34/100\n|move|p2a: Kyurem|Fusion Flare|p1b: Zamazenta\n|-supereffective|p1b: Zamazenta\n|-damage|p1b: Zamazenta|35/100\n|\n|-weather|Snowscape|[upkeep]\n|upkeep\n|turn|4\n|\n|t:|1746060877\n|move|p2a: Kyurem|Protect|p2a: Kyurem\n|-singleturn|p2a: Kyurem|Protect\n|move|p1a: Grimmsnarl|Sucker Punch||[still]\n|-fail|p1a: Grimmsnarl\n|move|p2b: Calyrex|Astral Barrage|p1a: Grimmsnarl|[spread] p1a,p1b\n|-resisted|p1a: Grimmsnarl\n|-damage|p1a: Grimmsnarl|35/100\n|-damage|p1b: Zamazenta|0 fnt\n|faint|p1b: Zamazenta\n|-ability|p2b: Calyrex|Grim Neigh|boost\n|-boost|p2b: Calyrex|spa|1\n|\n|-weather|Snowscape|[upkeep]\n|upkeep\n|\n|t:|1746060897\n|switch|p1b: Whimsicott|Whimsicott, L50, M, shiny|100/100\n|turn|5\n|\n|t:|1746060908\n|switch|p2a: Slowking|Slowking, L50, F|94/100\n|move|p1b: Whimsicott|Tailwind|p1b: Whimsicott\n|-sidestart|p1: Most Bread|move: Tailwind\n|move|p1a: Grimmsnarl|Sucker Punch|p2b: Calyrex\n|-supereffective|p2b: Calyrex\n|-damage|p2b: Calyrex|0 fnt\n|faint|p2b: Calyrex\n|\n|-weather|Snowscape|[upkeep]\n|upkeep\n|\n|t:|1746060916\n|switch|p2b: Kyurem|Kyurem-White, L50, tera:Ground|34/100\n|-ability|p2b: Kyurem|Turboblaze\n|turn|6\n|c|\u2606mavvyvgc|dang gg\n|c|\u2606Most Bread|gg!\n|\n|t:|1746060951\n|move|p2a: Slowking|Helping Hand|p2b: Kyurem\n|-singleturn|p2b: Kyurem|Helping Hand|[of] p2a: Slowking\n|move|p1a: Grimmsnarl|Light Screen|p1a: Grimmsnarl\n|-sidestart|p1: Most Bread|move: Light Screen\n|move|p1b: Whimsicott|Moonblast|p2b: Kyurem\n|-damage|p2b: Kyurem|10/100\n|-unboost|p2b: Kyurem|spa|1\n|move|p2b: Kyurem|Blizzard|p1b: Whimsicott|[spread] p1a,p1b\n|-supereffective|p1b: Whimsicott\n|-damage|p1a: Grimmsnarl|0 fnt\n|-damage|p1b: Whimsicott|0 fnt\n|faint|p1a: Grimmsnarl\n|faint|p1b: Whimsicott\n|\n|-weather|none\n|upkeep\n|\n|t:|1746060960\n|switch|p1b: Calyrex|Calyrex-Shadow, L50|100/100\n|-ability|p1b: Calyrex|As One\n|-ability|p1b: Calyrex|Unnerve\n|turn|7\n|\n|t:|1746060974\n|-terastallize|p1b: Calyrex|Ghost\n|move|p2b: Kyurem|Protect|p2b: Kyurem\n|-singleturn|p2b: Kyurem|Protect\n|move|p1b: Calyrex|Astral Barrage|p2a: Slowking|[spread] p2a\n|-activate|p2b: Kyurem|move: Protect\n|-supereffective|p2a: Slowking\n|-damage|p2a: Slowking|0 fnt\n|faint|p2a: Slowking\n|-ability|p1b: Calyrex|Grim Neigh|boost\n|-boost|p1b: Calyrex|spa|1\n|\n|upkeep\n|turn|8\n|\n|t:|1746060995\n|move|p1b: Calyrex|Astral Barrage|p2b: Kyurem\n|-damage|p2b: Kyurem|0 fnt\n|faint|p2b: Kyurem\n|\n|win|Most Bread\n||Most Bread is ready for game 2.\n||mavvyvgc is ready for game 2.\n|uhtml|next|Next: <a href=\"/battle-gen9vgc2025regibo3-2354353820\"><strong>Game 2 of 3</strong></a>\n", "uploadtime": 1746061614, "views": 13, "formatid": "gen9vgc2025regibo3", "rating": null, "private": 0, "password": null}