{"id": "gen9vgc2025regibo3-2353666286", "format": "[Gen 9] VGC 2025 Reg I (Bo3)", "players": ["Buaazin", "sebtct"], "log": "|j|\u2606Buaazin\n|j|\u2606sebtct\n|html|<table width=\"100%\"><tr><td align=\"left\">Buaazin</td><td align=\"right\">sebtct</tr><tr><td align=\"left\"><i class=\"fa fa-circle-o\"></i> <i class=\"fa fa-circle-o\"></i> </td><td align=\"right\"><i class=\"fa fa-circle-o\"></i> <i class=\"fa fa-circle\"></i> </tr></table>\n|uhtml|bestof|<h2><strong>Game 2</strong> of <a href=\"/game-bestof3-gen9vgc2025regibo3-2353663553\">a best-of-3</a></h2>\n|t:|1745980980\n|gametype|doubles\n|player|p1|Buaazin|2|1241\n|player|p2|sebtct|1|1248\n|teamsize|p1|6\n|teamsize|p2|6\n|gen|9\n|tier|[Gen 9] VGC 2025 Reg I (Bo3)\n|rated|\n|rule|Species Clause: Limit one of each Pok\u00e9mon\n|rule|Item Clause: Limit 1 of each item\n|clearpoke\n|poke|p1|Kyogre, L50|\n|poke|p1|Zamazenta-*, L50|\n|poke|p1|Rillaboom, L50, F|\n|poke|p1|Incineroar, L50, M|\n|poke|p1|Thundurus-Therian, L50, M|\n|poke|p1|Farigiraf, L50, F|\n|poke|p2|Calyrex-Shadow, L50|\n|poke|p2|Koraidon, L50|\n|poke|p2|Chi-Yu, L50|\n|poke|p2|Raging Bolt, L50|\n|poke|p2|Ogerpon-Hearthflame, L50, F|\n|poke|p2|Whimsicott, L50, F|\n|teampreview|4\n|showteam|p1|Kyogre||LifeOrb|Drizzle|OriginPulse,Thunder,IceBeam,Protect||||||50|,,,,,Grass]Zamazenta-Crowned||RustedShield|DauntlessShield|BodyPress,HeavySlam,WideGuard,Protect||||||50|,,,,,Dragon]Rillaboom||AssaultVest|GrassySurge|FakeOut,WoodHammer,GrassyGlide,Uturn|||F|||50|,,,,,Fire]Incineroar||SitrusBerry|Intimidate|FakeOut,KnockOff,PartingShot,WillOWisp|||M|||50|,,,,,Ghost]Thundurus-Therian||ChoiceScarf|VoltAbsorb|WildboltStorm,Electroweb,WeatherBall,VoltSwitch|||M|||50|,,,,,Water]Farigiraf||SafetyGoggles|ArmorTail|FoulPlay,Psychic,HelpingHand,TrickRoom|||F|||50|,,,,,Water\n|showteam|p2|Calyrex-Shadow||FocusSash|AsOneSpectrier|AstralBarrage,Imprison,Psychic,Protect||||||50|,,,,,Dark]Koraidon||LifeOrb|OrichalcumPulse|FlareBlitz,FlameCharge,CloseCombat,Protect||||||50|,,,,,Fire]Chi-Yu||ChoiceScarf|BeadsofRuin|HeatWave,Overheat,DarkPulse,Snarl||||||50|,,,,,Ghost]Raging Bolt||AssaultVest|Protosynthesis|Thunderclap,Thunderbolt,DracoMeteor,Electroweb||||||50|,,,,,Fairy]Ogerpon-Hearthflame||HearthflameMask|MoldBreaker|IvyCudgel,HornLeech,FollowMe,SpikyShield|||F|||50|,,,,,Fire]Whimsicott||CovertCloak|Prankster|Moonblast,Encore,Tailwind,SunnyDay|||F|||50|,,,,,Dark\n|inactive|Battle timer is ON: inactive players will automatically lose when time's up. (requested by sebtct)\n|\n|t:|1745981003\n|start\n|switch|p1a: Zamazenta|Zamazenta-Crowned, L50|100/100\n|switch|p1b: Incineroar|Incineroar, L50, M|100/100\n|switch|p2a: Chi-Yu|Chi-Yu, L50|100/100\n|switch|p2b: Calyrex|Calyrex-Shadow, L50|100/100\n|-ability|p2b: Calyrex|As One\n|-ability|p2b: Calyrex|Unnerve\n|-ability|p2a: Chi-Yu|Beads of Ruin\n|-ability|p1a: Zamazenta|Dauntless Shield|boost\n|-boost|p1a: Zamazenta|def|1\n|-ability|p1b: Incineroar|Intimidate|boost\n|-unboost|p2a: Chi-Yu|atk|1\n|-unboost|p2b: Calyrex|atk|1\n|turn|1\n|\n|t:|1745981018\n|move|p1a: Zamazenta|Protect|p1a: Zamazenta\n|-singleturn|p1a: Zamazenta|Protect\n|move|p2a: Chi-Yu|Overheat|p1a: Zamazenta\n|-activate|p1a: Zamazenta|move: Protect\n|move|p2b: Calyrex|Psychic|p1a: Zamazenta\n|-activate|p1a: Zamazenta|move: Protect\n|move|p1b: Incineroar|Knock Off|p2b: Calyrex\n|-supereffective|p2b: Calyrex\n|-enditem|p2b: Calyrex|Focus Sash\n|-damage|p2b: Calyrex|1/100\n|\n|upkeep\n|turn|2\n|inactive|Buaazin has 30 seconds left.\n|inactive|Buaazin has 20 seconds left.\n|inactive|Buaazin has 15 seconds left.\n|inactive|Buaazin has 10 seconds left.\n|inactive|Buaazin has 5 seconds left.\n|\n|t:|1745981069\n|switch|p1a: Kyogre|Kyogre, L50|100/100\n|-weather|RainDance|[from] ability: Drizzle|[of] p1a: Kyogre\n|move|p2a: Chi-Yu|Overheat|p1a: Kyogre\n|-resisted|p1a: Kyogre\n|-damage|p1a: Kyogre|87/100\n|-unboost|p2a: Chi-Yu|spa|2\n|move|p2b: Calyrex|Psychic|p1a: Kyogre\n|-crit|p1a: Kyogre\n|-damage|p1a: Kyogre|8/100\n|move|p1b: Incineroar|Knock Off|p2b: Calyrex\n|-supereffective|p2b: Calyrex\n|-damage|p2b: Calyrex|0 fnt\n|faint|p2b: Calyrex\n|\n|-weather|RainDance|[upkeep]\n|upkeep\n|\n|t:|1745981085\n|switch|p2b: Raging Bolt|Raging Bolt, L50|100/100\n|turn|3\n|\n|t:|1745981106\n|switch|p2a: Koraidon|Koraidon, L50|100/100\n|-weather|SunnyDay|[from] ability: Orichalcum Pulse|[of] p2a: Koraidon\n|-activate|p2b: Raging Bolt|ability: Protosynthesis\n|-start|p2b: Raging Bolt|protosynthesisspa\n|-activate|p2a: Koraidon|Orichalcum Pulse|[source]\n|switch|p1a: Zamazenta|Zamazenta-Crowned, L50|100/100\n|move|p2b: Raging Bolt|Electroweb|p1a: Zamazenta|[spread] p1a,p1b\n|-crit|p1b: Incineroar\n|-damage|p1a: Zamazenta|81/100\n|-damage|p1b: Incineroar|63/100\n|-unboost|p1a: Zamazenta|spe|1\n|-unboost|p1b: Incineroar|spe|1\n|move|p1b: Incineroar|Parting Shot|p2b: Raging Bolt\n|-unboost|p2b: Raging Bolt|atk|1\n|-unboost|p2b: Raging Bolt|spa|1\n|\n|t:|1745981122\n|switch|p1b: Kyogre|Kyogre, L50|8/100|[from] Parting Shot\n|-weather|RainDance|[from] ability: Drizzle|[of] p1b: Kyogre\n|-end|p2b: Raging Bolt|Protosynthesis\n|\n|-weather|RainDance|[upkeep]\n|upkeep\n|turn|4\n|inactive|Buaazin has 30 seconds left.\n|inactive|Buaazin has 20 seconds left.\n|inactive|Buaazin has 15 seconds left.\n|inactive|Buaazin has 10 seconds left.\n|\n|t:|1745981170\n|switch|p2a: Chi-Yu|Chi-Yu, L50|100/100\n|-ability|p2a: Chi-Yu|Beads of Ruin\n|move|p1b: Kyogre|Protect|p1b: Kyogre\n|-singleturn|p1b: Kyogre|Protect\n|move|p1a: Zamazenta|Body Press|p2b: Raging Bolt\n|-damage|p2b: Raging Bolt|70/100\n|move|p2b: Raging Bolt|Electroweb|p1b: Kyogre|[spread] p1a\n|-activate|p1b: Kyogre|move: Protect\n|-damage|p1a: Zamazenta|67/100\n|-unboost|p1a: Zamazenta|spe|1\n|\n|-weather|RainDance|[upkeep]\n|upkeep\n|turn|5\n|inactive|Buaazin has 30 seconds left.\n|\n|t:|1745981202\n|switch|p1b: Farigiraf|Farigiraf, L50, F|100/100\n|move|p1a: Zamazenta|Protect|p1a: Zamazenta\n|-singleturn|p1a: Zamazenta|Protect\n|move|p2a: Chi-Yu|Dark Pulse|p1b: Farigiraf\n|-supereffective|p1b: Farigiraf\n|-damage|p1b: Farigiraf|2/100\n|move|p2b: Raging Bolt|Thunderbolt|p1a: Zamazenta\n|-activate|p1a: Zamazenta|move: Protect\n|\n|-weather|RainDance|[upkeep]\n|upkeep\n|turn|6\n|inactive|Buaazin has 30 seconds left.\n|inactive|Buaazin has 20 seconds left.\n|inactive|Buaazin has 15 seconds left.\n|inactive|sebtct has 30 seconds left.\n|\n|t:|1745981244\n|-terastallize|p2a: Chi-Yu|Ghost\n|move|p1b: Farigiraf|Helping Hand|p1a: Zamazenta\n|-singleturn|p1a: Zamazenta|Helping Hand|[of] p1b: Farigiraf\n|move|p2a: Chi-Yu|Dark Pulse|p1b: Farigiraf\n|-supereffective|p1b: Farigiraf\n|-damage|p1b: Farigiraf|0 fnt\n|faint|p1b: Farigiraf\n|move|p2b: Raging Bolt|Thunderbolt|p1a: Zamazenta\n|-damage|p1a: Zamazenta|34/100\n|move|p1a: Zamazenta|Body Press|p2b: Raging Bolt\n|-damage|p2b: Raging Bolt|21/100\n|\n|-weather|RainDance|[upkeep]\n|upkeep\n|\n|t:|1745981259\n|switch|p1b: Incineroar|Incineroar, L50, M|63/100\n|-ability|p1b: Incineroar|Intimidate|boost\n|-unboost|p2a: Chi-Yu|atk|1\n|-unboost|p2b: Raging Bolt|atk|1\n|turn|7\n|inactive|Buaazin has 30 seconds left.\n|inactive|sebtct has 30 seconds left.\n|inactive|Buaazin has 20 seconds left.\n|inactive|Buaazin has 15 seconds left.\n|inactive|sebtct has 20 seconds left.\n|inactive|sebtct has 15 seconds left.\n|\n|t:|1745981305\n|switch|p2a: Koraidon|Koraidon, L50|100/100\n|-weather|SunnyDay|[from] ability: Orichalcum Pulse|[of] p2a: Koraidon\n|-activate|p2b: Raging Bolt|ability: Protosynthesis\n|-start|p2b: Raging Bolt|protosynthesisspa\n|-activate|p2a: Koraidon|Orichalcum Pulse|[source]\n|move|p1b: Incineroar|Fake Out|p2b: Raging Bolt\n|-damage|p2b: Raging Bolt|13/100\n|cant|p2b: Raging Bolt|flinch\n|move|p1a: Zamazenta|Body Press|p2b: Raging Bolt\n|-damage|p2b: Raging Bolt|0 fnt\n|faint|p2b: Raging Bolt\n|-end|p2b: Raging Bolt|Protosynthesis|[silent]\n|\n|-weather|SunnyDay|[upkeep]\n|upkeep\n|\n|t:|1745981313\n|switch|p2b: Chi-Yu|Chi-Yu, L50, tera:Ghost|100/100\n|-ability|p2b: Chi-Yu|Beads of Ruin\n|turn|8\n|inactive|Buaazin has 30 seconds left.\n|inactive|sebtct has 30 seconds left.\n|inactive|Buaazin has 20 seconds left.\n|inactive|Buaazin has 15 seconds left.\n|inactive|Buaazin has 10 seconds left.\n|inactive|Buaazin has 5 seconds left.\n|inactive|sebtct has 20 seconds left.\n|\n|t:|1745981367\n|switch|p1a: Kyogre|Kyogre, L50|8/100\n|-weather|RainDance|[from] ability: Drizzle|[of] p1a: Kyogre\n|-terastallize|p1b: Incineroar|Ghost\n|move|p2b: Chi-Yu|Dark Pulse|p1a: Kyogre\n|-damage|p1a: Kyogre|0 fnt\n|faint|p1a: Kyogre\n|move|p2a: Koraidon|Close Combat|p1b: Incineroar\n|-immune|p1b: Incineroar\n|move|p1b: Incineroar|Knock Off|p2b: Chi-Yu\n|-supereffective|p2b: Chi-Yu\n|-damage|p2b: Chi-Yu|0 fnt\n|-enditem|p2b: Chi-Yu|Choice Scarf|[from] move: Knock Off|[of] p1b: Incineroar\n|faint|p2b: Chi-Yu\n|\n|-weather|RainDance|[upkeep]\n|upkeep\n|\n|t:|1745981383\n|switch|p1a: Zamazenta|Zamazenta-Crowned, L50|34/100\n|turn|9\n|\n|t:|1745981398\n|move|p2a: Koraidon|Protect|p2a: Koraidon\n|-singleturn|p2a: Koraidon|Protect\n|move|p1a: Zamazenta|Protect|p1a: Zamazenta\n|-singleturn|p1a: Zamazenta|Protect\n|move|p1b: Incineroar|Will-O-Wisp|p2a: Koraidon\n|-activate|p2a: Koraidon|move: Protect\n|\n|-weather|RainDance|[upkeep]\n|upkeep\n|turn|10\n|\n|t:|1745981420\n|move|p2a: Koraidon|Close Combat|p1a: Zamazenta\n|-supereffective|p1a: Zamazenta\n|-damage|p1a: Zamazenta|0 fnt\n|-unboost|p2a: Koraidon|def|1\n|-unboost|p2a: Koraidon|spd|1\n|faint|p1a: Zamazenta\n|-damage|p2a: Koraidon|91/100|[from] item: Life Orb\n|move|p1b: Incineroar|Will-O-Wisp|p2a: Koraidon\n|-status|p2a: Koraidon|brn\n|\n|-weather|RainDance|[upkeep]\n|-damage|p2a: Koraidon|85/100 brn|[from] brn\n|upkeep\n|turn|11\n|\n|t:|1745981432\n|move|p2a: Koraidon|Flame Charge|p1b: Incineroar\n|-damage|p1b: Incineroar|59/100\n|-boost|p2a: Koraidon|spe|1\n|-damage|p2a: Koraidon|75/100 brn|[from] item: Life Orb\n|move|p1b: Incineroar|Knock Off|p2a: Koraidon\n|-resisted|p2a: Koraidon\n|-damage|p2a: Koraidon|48/100 brn\n|-enditem|p2a: Koraidon|Life Orb|[from] move: Knock Off|[of] p1b: Incineroar\n|\n|-weather|RainDance|[upkeep]\n|-damage|p2a: Koraidon|41/100 brn|[from] brn\n|upkeep\n|turn|12\n|\n|t:|1745981448\n|move|p2a: Koraidon|Protect|p2a: Koraidon\n|-singleturn|p2a: Koraidon|Protect\n|move|p1b: Incineroar|Parting Shot|p2a: Koraidon\n|-activate|p2a: Koraidon|move: Protect\n|\n|-weather|none\n|-damage|p2a: Koraidon|35/100 brn|[from] brn\n|upkeep\n|turn|13\n|inactive|Buaazin has 30 seconds left.\n|\n|t:|1745981457\n|move|p2a: Koraidon|Flare Blitz|p1b: Incineroar\n|-damage|p1b: Incineroar|43/100\n|-enditem|p1b: Incineroar|Sitrus Berry|[eat]\n|-heal|p1b: Incineroar|67/100|[from] item: Sitrus Berry\n|-damage|p2a: Koraidon|29/100 brn|[from] Recoil\n|move|p1b: Incineroar|Knock Off|p2a: Koraidon\n|-resisted|p2a: Koraidon\n|-damage|p2a: Koraidon|12/100 brn\n|\n|-damage|p2a: Koraidon|6/100 brn|[from] brn\n|upkeep\n|turn|14\n|inactive|Buaazin has 30 seconds left this turn.\n|\n|t:|1745981466\n|move|p2a: Koraidon|Flare Blitz|p1b: Incineroar\n|-damage|p1b: Incineroar|51/100\n|-damage|p2a: Koraidon|0 fnt|[from] Recoil\n|faint|p2a: Koraidon\n|\n|win|Buaazin\n|inactive|Buaazin has 25 seconds left this turn.\n||Buaazin is ready for game 3.\n||sebtct is ready for game 3.\n|uhtml|next|Next: <a href=\"/battle-gen9vgc2025regibo3-2353670264\"><strong>Game 3 of 3</strong></a>\n", "uploadtime": 1745981753, "views": 6, "formatid": "gen9vgc2025regibo3", "rating": null, "private": 0, "password": null}