{"id": "gen9vgc2025regibo3-2354383172", "format": "[Gen 9] VGC 2025 Reg I (Bo3)", "players": ["ControlGeek", "Todra507"], "log": "|j|\u2606ControlGeek\n|j|\u2606Todra507\n|html|<table width=\"100%\"><tr><td align=\"left\">ControlGeek</td><td align=\"right\">Todra507</tr><tr><td align=\"left\"><i class=\"fa fa-circle-o\"></i> <i class=\"fa fa-circle-o\"></i> </td><td align=\"right\"><i class=\"fa fa-circle-o\"></i> <i class=\"fa fa-circle-o\"></i> </tr></table>\n|uhtml|bestof|<h2><strong>Game 1</strong> of <a href=\"/game-bestof3-gen9vgc2025regibo3-2354383171\">a best-of-3</a></h2>\n|t:|1746064600\n|gametype|doubles\n|player|p1|ControlGeek|102|\n|player|p2|Todra507|101|\n|teamsize|p1|6\n|teamsize|p2|6\n|gen|9\n|tier|[Gen 9] VGC 2025 Reg I (Bo3)\n|rule|Species Clause: Limit one of each Pok\u00e9mon\n|rule|Item Clause: Limit 1 of each item\n|clearpoke\n|poke|p1|Koraidon, L50|\n|poke|p1|Lunala, L50|\n|poke|p1|Whimsicott, L50, F|\n|poke|p1|Entei, L50|\n|poke|p1|Scream Tail, L50|\n|poke|p1|Frosmoth, L50, M|\n|poke|p2|Zamazenta-*, L50|\n|poke|p2|Calyrex-Shadow, L50|\n|poke|p2|Tornadus, L50, M|\n|poke|p2|Urshifu-*, L50, F|\n|poke|p2|Rillaboom, L50, F|\n|poke|p2|Chien-Pao, L50|\n|teampreview|4\n|showteam|p1|Koraidon||LifeOrb|OrichalcumPulse|CloseCombat,FlareBlitz,FlameCharge,Protect||||||50|,,,,,Fire]Lunala||PowerHerb|ShadowShield|MoongeistBeam,MeteorBeam,TrickRoom,WideGuard||||||50|,,,,,Fairy]Whimsicott||FocusSash|Prankster|Moonblast,Tailwind,SunnyDay,MistyTerrain|||F|||50|,,,,,Ghost]Entei||ChoiceBand|InnerFocus|SacredFire,ExtremeSpeed,StompingTantrum,Crunch||||||50|,,,,,Normal]Scream Tail||BoosterEnergy|Protosynthesis|Encore,Disable,DazzlingGleam,Protect||||||50|,,,,,Fairy]Frosmoth||CovertCloak|IceScales|IceBeam,StruggleBug,HelpingHand,WideGuard|||M|||50|,,,,,Water\n|showteam|p2|Zamazenta-Crowned||RustedShield|DauntlessShield|BodyPress,HeavySlam,WideGuard,Protect||||||50|,,,,,Ghost]Calyrex-Shadow||FocusSash|AsOneSpectrier|AstralBarrage,Psychic,Encore,Protect||||||50|,,,,,Ghost]Tornadus||RockyHelmet|Prankster|BleakwindStorm,Tailwind,RainDance,Protect|||M|||50|,,,,,Dark]Urshifu-Rapid-Strike||MysticWater|UnseenFist|SurgingStrikes,CloseCombat,AquaJet,Detect|||F|||50|,,,,,Water]Rillaboom||AssaultVest|GrassySurge|WoodHammer,GrassyGlide,Uturn,FakeOut|||F|||50|,,,,,Fire]Chien-Pao||LifeOrb|SwordofRuin|SuckerPunch,IcicleCrash,IceShard,Protect||||||50|,,,,,Stellar\n|inactive|Battle timer is ON: inactive players will automatically lose when time's up. (requested by Todra507)\n|\n|t:|1746064629\n|start\n|switch|p1a: Khonshu|Lunala, L50|100/100\n|switch|p1b: Flurry|Frosmoth, L50, M, shiny|100/100\n|switch|p2a: Calyrex|Calyrex-Shadow, L50|100/100\n|switch|p2b: Tornadus|Tornadus, L50, M|100/100\n|-ability|p2a: Calyrex|As One\n|-ability|p2a: Calyrex|Unnerve\n|turn|1\n|\n|t:|1746064650\n|switch|p2b: Chien-Pao|Chien-Pao, L50|100/100\n|-ability|p2b: Chien-Pao|Sword of Ruin\n|move|p1b: Flurry|Wide Guard|p1b: Flurry\n|-singleturn|p1b: Flurry|Wide Guard\n|move|p2a: Calyrex|Astral Barrage|p1b: Flurry|[spread] \n|-activate|p1a: Khonshu|move: Wide Guard\n|-activate|p1b: Flurry|move: Wide Guard\n|move|p1a: Khonshu|Trick Room|p1a: Khonshu\n|-fieldstart|move: Trick Room|[of] p1a: Khonshu\n|\n|upkeep\n|turn|2\n|inactive|ControlGeek has 30 seconds left.\n|\n|t:|1746064679\n|-terastallize|p1a: Khonshu|Fairy\n|move|p2b: Chien-Pao|Protect|p2b: Chien-Pao\n|-singleturn|p2b: Chien-Pao|Protect\n|move|p1b: Flurry|Struggle Bug|p2b: Chien-Pao|[spread] p2a\n|-activate|p2b: Chien-Pao|move: Protect\n|-damage|p2a: Calyrex|83/100\n|-unboost|p2a: Calyrex|spa|1\n|move|p1a: Khonshu|Meteor Beam||[still]\n|-prepare|p1a: Khonshu|Meteor Beam\n|-boost|p1a: Khonshu|spa|1\n|-enditem|p1a: Khonshu|Power Herb\n|-anim|p1a: Khonshu|Meteor Beam|p2b: Chien-Pao\n|-activate|p2b: Chien-Pao|move: Protect\n|move|p2a: Calyrex|Astral Barrage|p1a: Khonshu|[spread] p1a,p1b\n|-damage|p1a: Khonshu|88/100\n|-damage|p1b: Flurry|82/100\n|\n|upkeep\n|turn|3\n|inactive|Todra507 has 30 seconds left.\n|\n|t:|1746064714\n|switch|p2b: Urshifu|Urshifu-Rapid-Strike, L50, F|100/100\n|move|p1b: Flurry|Struggle Bug|p2b: Urshifu|[spread] p2a,p2b\n|-resisted|p2b: Urshifu\n|-damage|p2a: Calyrex|68/100\n|-damage|p2b: Urshifu|89/100\n|-unboost|p2a: Calyrex|spa|1\n|-unboost|p2b: Urshifu|spa|1\n|move|p1a: Khonshu|Moongeist Beam|p2b: Urshifu\n|-damage|p2b: Urshifu|0 fnt\n|faint|p2b: Urshifu\n|move|p2a: Calyrex|Astral Barrage|p1a: Khonshu|[spread] p1a,p1b\n|-damage|p1a: Khonshu|70/100\n|-damage|p1b: Flurry|69/100\n|\n|upkeep\n|\n|t:|1746064730\n|switch|p2b: Tornadus|Tornadus, L50, M|100/100\n|turn|4\n|\n|t:|1746064755\n|switch|p2a: Chien-Pao|Chien-Pao, L50|100/100\n|-ability|p2a: Chien-Pao|Sword of Ruin\n|-terastallize|p2b: Tornadus|Dark\n|move|p1b: Flurry|Wide Guard|p1b: Flurry\n|-singleturn|p1b: Flurry|Wide Guard\n|move|p1a: Khonshu|Moongeist Beam|p2a: Chien-Pao\n|-resisted|p2a: Chien-Pao\n|-damage|p2a: Chien-Pao|33/100\n|move|p2b: Tornadus|Bleakwind Storm|p1a: Khonshu|[spread] \n|-activate|p1a: Khonshu|move: Wide Guard\n|-activate|p1b: Flurry|move: Wide Guard\n|\n|upkeep\n|turn|5\n|\n|t:|1746064775\n|move|p2a: Chien-Pao|Protect|p2a: Chien-Pao\n|-singleturn|p2a: Chien-Pao|Protect\n|move|p2b: Tornadus|Rain Dance|p2b: Tornadus\n|-weather|RainDance\n|move|p1b: Flurry|Struggle Bug|p2a: Chien-Pao|[spread] p2b\n|-activate|p2a: Chien-Pao|move: Protect\n|-supereffective|p2b: Tornadus\n|-damage|p2b: Tornadus|67/100\n|-unboost|p2b: Tornadus|spa|1\n|move|p1a: Khonshu|Moongeist Beam|p2a: Chien-Pao\n|-activate|p2a: Chien-Pao|move: Protect\n|\n|-weather|RainDance|[upkeep]\n|-fieldend|move: Trick Room\n|upkeep\n|turn|6\n|\n|t:|1746064800\n|move|p1a: Khonshu|Wide Guard|p1a: Khonshu\n|-singleturn|p1a: Khonshu|Wide Guard\n|move|p2a: Chien-Pao|Icicle Crash|p1a: Khonshu\n|-crit|p1a: Khonshu\n|-damage|p1a: Khonshu|0 fnt\n|faint|p1a: Khonshu\n|-damage|p2a: Chien-Pao|24/100|[from] item: Life Orb\n|move|p2b: Tornadus|Bleakwind Storm|p1b: Flurry\n|-activate|p1b: Flurry|move: Wide Guard\n|move|p1b: Flurry|Struggle Bug|p2b: Tornadus|[spread] p2a,p2b\n|-supereffective|p2a: Chien-Pao\n|-supereffective|p2b: Tornadus\n|-damage|p2a: Chien-Pao|0 fnt\n|-damage|p2b: Tornadus|32/100\n|-unboost|p2b: Tornadus|spa|1\n|faint|p2a: Chien-Pao\n|\n|-weather|RainDance|[upkeep]\n|upkeep\n|inactive|ControlGeek has 30 seconds left.\n|\n|t:|1746064825\n|switch|p2a: Calyrex|Calyrex-Shadow, L50|68/100\n|switch|p1a: Joyboy|Koraidon, L50|100/100\n|-ability|p2a: Calyrex|As One\n|-ability|p2a: Calyrex|Unnerve\n|-weather|SunnyDay|[from] ability: Orichalcum Pulse|[of] p1a: Joyboy\n|-activate|p1a: Joyboy|Orichalcum Pulse|[source]\n|turn|7\n|\n|t:|1746064847\n|switch|p1a: Flame Emperor|Entei, L50|100/100\n|move|p2a: Calyrex|Psychic|p1a: Flame Emperor\n|-damage|p1a: Flame Emperor|35/100\n|move|p2b: Tornadus|Bleakwind Storm|p1a: Flame Emperor|[spread] p1a,p1b\n|-supereffective|p1b: Flurry\n|-damage|p1a: Flame Emperor|19/100\n|-damage|p1b: Flurry|52/100\n|-unboost|p1a: Flame Emperor|spe|1\n|move|p1b: Flurry|Struggle Bug|p2b: Tornadus|[spread] p2a,p2b\n|-supereffective|p2b: Tornadus\n|-damage|p2a: Calyrex|52/100\n|-damage|p2b: Tornadus|0 fnt\n|-unboost|p2a: Calyrex|spa|1\n|faint|p2b: Tornadus\n|\n|-weather|SunnyDay|[upkeep]\n|upkeep\n|turn|8\n|\n|t:|1746064862\n|move|p2a: Calyrex|Astral Barrage|p1b: Flurry|[spread] p1a,p1b\n|-damage|p1a: Flame Emperor|0 fnt\n|-damage|p1b: Flurry|34/100\n|faint|p1a: Flame Emperor\n|-ability|p2a: Calyrex|Grim Neigh|boost\n|-boost|p2a: Calyrex|spa|1\n|move|p1b: Flurry|Struggle Bug|p2a: Calyrex\n|-damage|p2a: Calyrex|30/100\n|-unboost|p2a: Calyrex|spa|1\n|\n|-weather|SunnyDay|[upkeep]\n|upkeep\n|\n|t:|1746064872\n|switch|p1a: Joyboy|Koraidon, L50|100/100\n|-activate|p1a: Joyboy|ability: Orichalcum Pulse\n|turn|9\n|\n|t:|1746064879\n|move|p2a: Calyrex|Protect|p2a: Calyrex\n|-singleturn|p2a: Calyrex|Protect\n|move|p1a: Joyboy|Flame Charge|p2a: Calyrex\n|-activate|p2a: Calyrex|move: Protect\n|move|p1b: Flurry|Ice Beam|p2a: Calyrex\n|-activate|p2a: Calyrex|move: Protect\n|\n|-weather|SunnyDay|[upkeep]\n|upkeep\n|turn|10\n|\n|t:|1746064890\n|move|p2a: Calyrex|Psychic|p1a: Joyboy\n|-supereffective|p1a: Joyboy\n|-damage|p1a: Joyboy|24/100\n|-unboost|p1a: Joyboy|spd|1\n|move|p1a: Joyboy|Flame Charge|p2a: Calyrex\n|-damage|p2a: Calyrex|0 fnt\n|-boost|p1a: Joyboy|spe|1\n|faint|p2a: Calyrex\n|-damage|p1a: Joyboy|15/100|[from] item: Life Orb\n|\n|win|ControlGeek\n||Todra507 is ready for game 2.\n|inactive|ControlGeek has 30 seconds to confirm battle start!\n||ControlGeek is ready for game 2.\n|uhtml|next|Next: <a href=\"/battle-gen9vgc2025regibo3-2354385620\"><strong>Game 2 of 3</strong></a>\n|l|\u2606ControlGeek\n|player|p1|\n", "uploadtime": 1746065258, "views": 19, "formatid": "gen9vgc2025regibo3", "rating": null, "private": 0, "password": null}