{"id": "gen9vgc2025regibo3-2354102092", "format": "[Gen 9] VGC 2025 Reg I (Bo3)", "players": ["Carlitos Alcazar", "je8"], "log": "|j|\u2606Carlitos Alcazar\n|j|\u2606je8\n|html|<table width=\"100%\"><tr><td align=\"left\">Carlitos Alcazar</td><td align=\"right\">je8</tr><tr><td align=\"left\"><i class=\"fa fa-circle-o\"></i> <i class=\"fa fa-circle-o\"></i> </td><td align=\"right\"><i class=\"fa fa-circle-o\"></i> <i class=\"fa fa-circle\"></i> </tr></table>\n|uhtml|bestof|<h2><strong>Game 2</strong> of <a href=\"/game-bestof3-gen9vgc2025regibo3-2354097563\">a best-of-3</a></h2>\n|t:|1746035007\n|gametype|doubles\n|player|p1|Carlitos Alcazar|roughneck|1243\n|player|p2|je8|265|1201\n|teamsize|p1|6\n|teamsize|p2|6\n|gen|9\n|tier|[Gen 9] VGC 2025 Reg I (Bo3)\n|rated|\n|rule|Species Clause: Limit one of each Pok\u00e9mon\n|rule|Item Clause: Limit 1 of each item\n|clearpoke\n|poke|p1|Miraidon, L50|\n|poke|p1|Calyrex-Ice, L50|\n|poke|p1|Whimsicott, L50, F|\n|poke|p1|Ogerpon-Hearthflame, L50, F|\n|poke|p1|Farigiraf, L50, F|\n|poke|p1|Iron Hands, L50|\n|poke|p2|Calyrex-Shadow, L50|\n|poke|p2|Kyogre, L50|\n|poke|p2|Tornadus, L50, M|\n|poke|p2|Indeedee-F, L50, F|\n|poke|p2|Urshifu-*, L50, M|\n|poke|p2|Raging Bolt, L50|\n|teampreview|4\n|showteam|p1|Miraidon||ChoiceSpecs|HadronEngine|ElectroDrift,DracoMeteor,VoltSwitch,DazzlingGleam||||||50|,,,,,Fairy]Calyrex-Ice||ClearAmulet|AsOneGlastrier|GlacialLance,HighHorsepower,TrickRoom,Protect||||||50|,,,,,Water]Whimsicott||CovertCloak|Prankster|Moonblast,Tailwind,LightScreen,Encore|||F|||50|,,,,,Dark]Ogerpon-Hearthflame||HearthflameMask|MoldBreaker|IvyCudgel,WoodHammer,FollowMe,SpikyShield|||F|||50|,,,,,Fire]Farigiraf||ElectricSeed|ArmorTail|FoulPlay,PsychicNoise,TrickRoom,HelpingHand|||F|||50|,,,,,Water]Iron Hands||AssaultVest|QuarkDrive|DrainPunch,WildCharge,HeavySlam,FakeOut||||||50|,,,,,Water\n|showteam|p2|Calyrex-Shadow||FocusSash|AsOneSpectrier|Protect,Encore,Psychic,AstralBarrage||||||50|,,,,,Ghost]Kyogre||MysticWater|Drizzle|Protect,OriginPulse,IceBeam,Thunder||||||50|,,,,,Grass]Tornadus||CovertCloak|Prankster|BleakwindStorm,Tailwind,RainDance,Hurricane|||M|||50|,,,,,Dark]Indeedee-F||PsychicSeed|PsychicSurge|FollowMe,TrickRoom,Imprison,HelpingHand|||F|||50|,,,,,Grass]Urshifu-Rapid-Strike||ChoiceScarf|UnseenFist|CloseCombat,SurgingStrikes,AquaJet,IcePunch|||M|||50|,,,,,Water]Raging Bolt||BoosterEnergy|Protosynthesis|Protect,Thunder,DragonPulse,Thunderclap||||||50|,,,,,Fairy\n|\n|t:|1746035069\n|start\n|switch|p1a: Miraidon|Miraidon, L50|100/100\n|switch|p1b: Whimsicott|Whimsicott, L50, F|100/100\n|switch|p2a: Calyrex|Calyrex-Shadow, L50|100/100\n|switch|p2b: Kyogre|Kyogre, L50|100/100\n|-ability|p2a: Calyrex|As One\n|-ability|p2a: Calyrex|Unnerve\n|-fieldstart|move: Electric Terrain|[from] ability: Hadron Engine|[of] p1a: Miraidon\n|-weather|RainDance|[from] ability: Drizzle|[of] p2b: Kyogre\n|turn|1\n|\n|t:|1746035128\n|-terastallize|p2b: Kyogre|Grass\n|move|p1b: Whimsicott|Light Screen|p1b: Whimsicott\n|-sidestart|p1: Carlitos Alcazar|move: Light Screen\n|move|p2a: Calyrex|Astral Barrage|p1b: Whimsicott|[spread] p1a,p1b\n|-damage|p1a: Miraidon|68/100\n|-damage|p1b: Whimsicott|56/100\n|move|p1a: Miraidon|Volt Switch|p2b: Kyogre\n|-resisted|p2b: Kyogre\n|-damage|p2b: Kyogre|66/100\n|\n|t:|1746035156\n|switch|p1a: Iron Hands|Iron Hands, L50|100/100|[from] Volt Switch\n|-activate|p1a: Iron Hands|ability: Quark Drive\n|-start|p1a: Iron Hands|quarkdriveatk\n|move|p2b: Kyogre|Ice Beam|p1a: Iron Hands\n|-damage|p1a: Iron Hands|87/100\n|\n|-weather|RainDance|[upkeep]\n|upkeep\n|turn|2\n|\n|t:|1746035201\n|switch|p2b: Raging Bolt|Raging Bolt, L50|100/100\n|-enditem|p2b: Raging Bolt|Booster Energy\n|-activate|p2b: Raging Bolt|ability: Protosynthesis|[fromitem]\n|-start|p2b: Raging Bolt|protosynthesisspa\n|move|p1b: Whimsicott|Tailwind|p1b: Whimsicott\n|-sidestart|p1: Carlitos Alcazar|move: Tailwind\n|move|p2a: Calyrex|Astral Barrage|p1a: Iron Hands|[spread] p1a,p1b\n|-damage|p1a: Iron Hands|67/100\n|-damage|p1b: Whimsicott|14/100\n|move|p1a: Iron Hands|Wild Charge|p2a: Calyrex\n|-enditem|p2a: Calyrex|Focus Sash\n|-damage|p2a: Calyrex|1/100\n|-damage|p1a: Iron Hands|48/100|[from] Recoil\n|\n|-weather|RainDance|[upkeep]\n|upkeep\n|turn|3\n|\n|t:|1746035246\n|switch|p1b: Miraidon|Miraidon, L50|68/100\n|-activate|p1b: Miraidon|ability: Hadron Engine\n|move|p2b: Raging Bolt|Thunderclap||[still]\n|-fail|p2b: Raging Bolt\n|move|p2a: Calyrex|Psychic|p1a: Iron Hands\n|-supereffective|p1a: Iron Hands\n|-damage|p1a: Iron Hands|11/100\n|move|p1a: Iron Hands|Drain Punch|p2b: Raging Bolt\n|-damage|p2b: Raging Bolt|55/100\n|-heal|p1a: Iron Hands|32/100|[from] drain|[of] p2b: Raging Bolt\n|\n|-weather|RainDance|[upkeep]\n|upkeep\n|turn|4\n|\n|t:|1746035274\n|-terastallize|p1b: Miraidon|Fairy\n|move|p2a: Calyrex|Protect|p2a: Calyrex\n|-singleturn|p2a: Calyrex|Protect\n|move|p2b: Raging Bolt|Protect|p2b: Raging Bolt\n|-singleturn|p2b: Raging Bolt|Protect\n|move|p1b: Miraidon|Dazzling Gleam|p2a: Calyrex|[spread] \n|-activate|p2a: Calyrex|move: Protect\n|-activate|p2b: Raging Bolt|move: Protect\n|move|p1a: Iron Hands|Drain Punch|p2b: Raging Bolt\n|-activate|p2b: Raging Bolt|move: Protect\n|\n|-weather|RainDance|[upkeep]\n|upkeep\n|turn|5\n|\n|t:|1746035301\n|move|p2b: Raging Bolt|Thunderclap|p1b: Miraidon\n|-damage|p1b: Miraidon|26/100\n|move|p1b: Miraidon|Dazzling Gleam|p2a: Calyrex|[spread] p2a,p2b\n|-supereffective|p2b: Raging Bolt\n|-damage|p2a: Calyrex|0 fnt\n|-damage|p2b: Raging Bolt|0 fnt\n|faint|p2a: Calyrex\n|faint|p2b: Raging Bolt\n|-end|p2b: Raging Bolt|Protosynthesis|[silent]\n|move|p1a: Iron Hands|Wild Charge|p2: Calyrex|[notarget]\n|-fail|p1a: Iron Hands\n|\n|-weather|none\n|-sideend|p1: Carlitos Alcazar|move: Light Screen\n|-sideend|p1: Carlitos Alcazar|move: Tailwind\n|-fieldend|move: Electric Terrain\n|-end|p1a: Iron Hands|Quark Drive\n|upkeep\n|\n|t:|1746035312\n|switch|p2a: Urshifu|Urshifu-Rapid-Strike, L50, M|100/100\n|switch|p2b: Kyogre|Kyogre, L50, tera:Grass|66/100\n|-weather|RainDance|[from] ability: Drizzle|[of] p2b: Kyogre\n|turn|6\n|\n|t:|1746035336\n|switch|p1b: Farigiraf|Farigiraf, L50, F|100/100\n|move|p2a: Urshifu|Surging Strikes|p1b: Farigiraf\n|-crit|p1b: Farigiraf\n|-damage|p1b: Farigiraf|75/100\n|-crit|p1b: Farigiraf\n|-damage|p1b: Farigiraf|46/100\n|-crit|p1b: Farigiraf\n|-damage|p1b: Farigiraf|19/100\n|-hitcount|p1b: Farigiraf|3\n|move|p2b: Kyogre|Origin Pulse|p1b: Farigiraf|[spread] p1a,p1b\n|-damage|p1a: Iron Hands|0 fnt\n|-damage|p1b: Farigiraf|0 fnt\n|faint|p1a: Iron Hands\n|-end|p1a: Iron Hands|Quark Drive|[silent]\n|faint|p1b: Farigiraf\n|\n|-weather|RainDance|[upkeep]\n|upkeep\n|\n|t:|1746035353\n|switch|p1b: Whimsicott|Whimsicott, L50, F|14/100\n|switch|p1a: Miraidon|Miraidon, L50, tera:Fairy|26/100\n|-fieldstart|move: Electric Terrain|[from] ability: Hadron Engine|[of] p1a: Miraidon\n|turn|7\n|\n|t:|1746035361\n|move|p1b: Whimsicott|Tailwind|p1b: Whimsicott\n|-sidestart|p1: Carlitos Alcazar|move: Tailwind\n|move|p1a: Miraidon|Dazzling Gleam|p2a: Urshifu|[spread] p2a,p2b\n|-supereffective|p2a: Urshifu\n|-damage|p2a: Urshifu|0 fnt\n|-damage|p2b: Kyogre|16/100\n|faint|p2a: Urshifu\n|move|p2b: Kyogre|Origin Pulse|p1a: Miraidon|[spread] p1a,p1b\n|-resisted|p1b: Whimsicott\n|-damage|p1a: Miraidon|0 fnt\n|-damage|p1b: Whimsicott|0 fnt\n|faint|p1a: Miraidon\n|faint|p1b: Whimsicott\n|\n|win|je8\n|raw|Carlitos Alcazar's rating: 1243 &rarr; <strong>1215</strong><br />(-28 for losing)\n|raw|je8's rating: 1201 &rarr; <strong>1229</strong><br />(+28 for winning)\n|l|\u2606je8\n|player|p2|\n", "uploadtime": 1746035391, "views": 22, "formatid": "gen9vgc2025regibo3", "rating": 1215, "private": 0, "password": null}