{"id": "gen9vgc2025regibo3-2353775184", "format": "[Gen 9] VGC 2025 Reg I (Bo3)", "players": ["alteraltaltaccount", "TrCJags"], "log": "|j|\u203dalteraltaltaccount\n|j|\u2606TrCJags\n|html|<table width=\"100%\"><tr><td align=\"left\">alteraltaltaccount</td><td align=\"right\">TrCJags</tr><tr><td align=\"left\"><i class=\"fa fa-circle\"></i> <i class=\"fa fa-circle-o\"></i> </td><td align=\"right\"><i class=\"fa fa-circle-o\"></i> <i class=\"fa fa-circle-o\"></i> </tr></table>\n|uhtml|bestof|<h2><strong>Game 2</strong> of <a href=\"/game-bestof3-gen9vgc2025regibo3-2353773742\">a best-of-3</a></h2>\n|t:|1745997864\n|gametype|doubles\n|player|p1|alteraltaltaccount|lucas|1069\n|player|p2|TrCJags|scientist-gen4dp|1189\n|teamsize|p1|6\n|teamsize|p2|6\n|gen|9\n|tier|[Gen 9] VGC 2025 Reg I (Bo3)\n|rated|\n|rule|Species Clause: Limit one of each Pok\u00e9mon\n|rule|Item Clause: Limit 1 of each item\n|clearpoke\n|poke|p1|Miraidon, L50|\n|poke|p1|Whimsicott, L50, M|\n|poke|p1|Farigiraf, L50, F|\n|poke|p1|Ogerpon-Hearthflame, L50, F|\n|poke|p1|Urshifu-*, L50, F|\n|poke|p1|Kyogre, L50|\n|poke|p2|Calyrex-Shadow, L50|\n|poke|p2|Koraidon, L50|\n|poke|p2|Ogerpon-Cornerstone, L50, F|\n|poke|p2|Chi-Yu, L50|\n|poke|p2|Raging Bolt, L50|\n|poke|p2|Jumpluff, L50, F|\n|teampreview|4\n|showteam|p1|Miraidon||ChoiceSpecs|HadronEngine|ElectroDrift,VoltSwitch,DazzlingGleam,DragonPulse||||||50|,,,,,Fairy]Whimsicott||CovertCloak|Prankster|Moonblast,Encore,LightScreen,Tailwind|||M|||50|,,,,,Dark]Farigiraf||RockyHelmet|ArmorTail|TrickRoom,HelpingHand,FoulPlay,Protect|||F|||50|,,,,,Water]Ogerpon-Hearthflame||HearthflameMask|MoldBreaker|IvyCudgel,HornLeech,SpikyShield,FollowMe|||F|||50|,,,,,Fire]Urshifu||FocusSash|UnseenFist|PoisonJab,CloseCombat,WickedBlow,SuckerPunch|||F|||50|,,,,,Poison]Kyogre||ChoiceScarf|Drizzle|WaterSpout,OriginPulse,Thunder,IceBeam||||||50|,,,,,Grass\n|showteam|p2|Calyrex-Shadow||FocusSash|AsOneSpectrier|AstralBarrage,DrainingKiss,Protect,Encore||||||50|,,,,,Fairy]Koraidon||LifeOrb|OrichalcumPulse|FlareBlitz,FlameCharge,CloseCombat,Protect||||||50|,,,,,Fire]Ogerpon-Cornerstone||CornerstoneMask|Sturdy|IvyCudgel,Taunt,SpikyShield,FollowMe|||F|||50|,,,,,Rock]Chi-Yu||ChoiceScarf|BeadsofRuin|HeatWave,DarkPulse,Snarl,Overheat||||||50|,,,,,Ghost]Raging Bolt||SafetyGoggles|Protosynthesis|Thunderclap,DracoMeteor,VoltSwitch,Protect||||||50|,,,,,Electric]Jumpluff||CovertCloak|Chlorophyll|RagePowder,SleepPowder,Tailwind,PollenPuff|||F|||50|,,,,,Dark\n|\n|t:|1745997924\n|start\n|switch|p1a: Miraidon|Miraidon, L50|100/100\n|switch|p1b: Whimsicott|Whimsicott, L50, M|100/100\n|switch|p2a: Ogerpon|Ogerpon-Cornerstone, L50, F|100/100\n|switch|p2b: Chi-Yu|Chi-Yu, L50|100/100\n|-ability|p2b: Chi-Yu|Beads of Ruin\n|-fieldstart|move: Electric Terrain|[from] ability: Hadron Engine|[of] p1a: Miraidon\n|turn|1\n|\n|t:|1745997959\n|-terastallize|p1b: Whimsicott|Dark\n|move|p2a: Ogerpon|Follow Me|p2a: Ogerpon\n|-singleturn|p2a: Ogerpon|move: Follow Me\n|move|p1b: Whimsicott|Light Screen|p1b: Whimsicott\n|-sidestart|p1: alteraltaltaccount|move: Light Screen\n|move|p2b: Chi-Yu|Snarl|p1b: Whimsicott|[spread] p1a,p1b\n|-resisted|p1b: Whimsicott\n|-damage|p1a: Miraidon|81/100\n|-damage|p1b: Whimsicott|86/100\n|-unboost|p1a: Miraidon|spa|1\n|move|p1a: Miraidon|Dragon Pulse|p2a: Ogerpon\n|-damage|p2a: Ogerpon|26/100\n|\n|upkeep\n|turn|2\n|\n|t:|1745997981\n|move|p2a: Ogerpon|Follow Me|p2a: Ogerpon\n|-singleturn|p2a: Ogerpon|move: Follow Me\n|move|p1b: Whimsicott|Tailwind|p1b: Whimsicott\n|-sidestart|p1: alteraltaltaccount|move: Tailwind\n|move|p1a: Miraidon|Dragon Pulse|p2a: Ogerpon\n|-damage|p2a: Ogerpon|0 fnt\n|faint|p2a: Ogerpon\n|move|p2b: Chi-Yu|Snarl|p1b: Whimsicott|[spread] p1a,p1b\n|-resisted|p1b: Whimsicott\n|-damage|p1a: Miraidon|63/100\n|-damage|p1b: Whimsicott|73/100\n|-unboost|p1a: Miraidon|spa|1\n|\n|upkeep\n|\n|t:|1745998010\n|switch|p2a: Calyrex|Calyrex-Shadow, L50|100/100\n|-ability|p2a: Calyrex|As One\n|-ability|p2a: Calyrex|Unnerve\n|turn|3\n|\n|t:|1745998033\n|switch|p1a: Urshifu|Urshifu, L50, F|100/100\n|-terastallize|p2a: Calyrex|Fairy\n|move|p1b: Whimsicott|Moonblast|p2a: Calyrex\n|-damage|p2a: Calyrex|63/100\n|move|p2b: Chi-Yu|Snarl|p1b: Whimsicott|[spread] p1a,p1b\n|-resisted|p1a: Urshifu\n|-resisted|p1b: Whimsicott\n|-damage|p1a: Urshifu|92/100\n|-damage|p1b: Whimsicott|60/100\n|-unboost|p1a: Urshifu|spa|1\n|move|p2a: Calyrex|Draining Kiss|p1b: Whimsicott\n|-supereffective|p1b: Whimsicott\n|-damage|p1b: Whimsicott|0 fnt\n|-heal|p2a: Calyrex|100/100|[from] drain|[of] p1b: Whimsicott\n|faint|p1b: Whimsicott\n|-ability|p2a: Calyrex|Grim Neigh|boost\n|-boost|p2a: Calyrex|spa|1\n|\n|upkeep\n|\n|t:|1745998041\n|switch|p1b: Kyogre|Kyogre, L50|100/100\n|-weather|RainDance|[from] ability: Drizzle|[of] p1b: Kyogre\n|turn|4\n|\n|t:|1745998062\n|switch|p2b: Koraidon|Koraidon, L50|100/100\n|-weather|SunnyDay|[from] ability: Orichalcum Pulse|[of] p2b: Koraidon\n|-activate|p2b: Koraidon|Orichalcum Pulse|[source]\n|move|p1b: Kyogre|Water Spout|p2b: Koraidon|[spread] p2a,p2b\n|-resisted|p2b: Koraidon\n|-damage|p2a: Calyrex|68/100\n|-damage|p2b: Koraidon|84/100\n|move|p1a: Urshifu|Poison Jab|p2a: Calyrex\n|-supereffective|p2a: Calyrex\n|-damage|p2a: Calyrex|0 fnt\n|faint|p2a: Calyrex\n|\n|-weather|SunnyDay|[upkeep]\n|upkeep\n|\n|t:|1745998075\n|switch|p2a: Chi-Yu|Chi-Yu, L50|100/100\n|-ability|p2a: Chi-Yu|Beads of Ruin\n|turn|5\n|\n|t:|1745998118\n|switch|p1b: Miraidon|Miraidon, L50|63/100\n|-activate|p1b: Miraidon|ability: Hadron Engine\n|move|p1a: Urshifu|Close Combat|p2a: Chi-Yu\n|-supereffective|p2a: Chi-Yu\n|-damage|p2a: Chi-Yu|0 fnt\n|-unboost|p1a: Urshifu|def|1\n|-unboost|p1a: Urshifu|spd|1\n|faint|p2a: Chi-Yu\n|move|p2b: Koraidon|Close Combat|p1a: Urshifu\n|-supereffective|p1a: Urshifu\n|-crit|p1a: Urshifu\n|-damage|p1a: Urshifu|0 fnt\n|-unboost|p2b: Koraidon|def|1\n|-unboost|p2b: Koraidon|spd|1\n|faint|p1a: Urshifu\n|-damage|p2b: Koraidon|74/100|[from] item: Life Orb\n|\n|-weather|SunnyDay|[upkeep]\n|-sideend|p1: alteraltaltaccount|move: Light Screen\n|-sideend|p1: alteraltaltaccount|move: Tailwind\n|-fieldend|move: Electric Terrain\n|upkeep\n|\n|t:|1745998122\n|switch|p1a: Kyogre|Kyogre, L50|100/100\n|-weather|RainDance|[from] ability: Drizzle|[of] p1a: Kyogre\n|turn|6\n|\n|t:|1745998156\n|move|p1a: Kyogre|Ice Beam|p2b: Koraidon\n|-supereffective|p2b: Koraidon\n|-damage|p2b: Koraidon|0 fnt\n|faint|p2b: Koraidon\n|\n|win|alteraltaltaccount\n|raw|alteraltaltaccount's rating: 1069 &rarr; <strong>1109</strong><br />(+40 for winning)\n|raw|TrCJags's rating: 1189 &rarr; <strong>1156</strong><br />(-33 for losing)\n|l|\u203dalteraltaltaccount\n|player|p1|\n", "uploadtime": 1745998204, "views": 11, "formatid": "gen9vgc2025regibo3", "rating": 1109, "private": 0, "password": null}