{"id": "gen9vgc2025regibo3-2354373836", "format": "[Gen 9] VGC 2025 Reg I (Bo3)", "players": ["boogieboy653", "Fireball'n777"], "log": "|j|\u2606boogieboy653\n|j|\u2606Fireball'n777\n|html|<table width=\"100%\"><tr><td align=\"left\">boogieboy653</td><td align=\"right\">Fireball&apos;n777</tr><tr><td align=\"left\"><i class=\"fa fa-circle\"></i> <i class=\"fa fa-circle-o\"></i> </td><td align=\"right\"><i class=\"fa fa-circle-o\"></i> <i class=\"fa fa-circle\"></i> </tr></table>\n|uhtml|bestof|<h2><strong>Game 3</strong> of <a href=\"/game-bestof3-gen9vgc2025regibo3-2354370281\">a best-of-3</a></h2>\n|t:|1746063444\n|gametype|doubles\n|player|p1|boogieboy653|ghetsis|1060\n|player|p2|Fireball'n777|gentleman-gen4dp|1129\n|teamsize|p1|6\n|teamsize|p2|6\n|gen|9\n|tier|[Gen 9] VGC 2025 Reg I (Bo3)\n|rated|\n|rule|Species Clause: Limit one of each Pok\u00e9mon\n|rule|Item Clause: Limit 1 of each item\n|clearpoke\n|poke|p1|Groudon, L50|\n|poke|p1|Lunala, L50|\n|poke|p1|Smeargle, L50, M|\n|poke|p1|Gouging Fire, L50|\n|poke|p1|Ogerpon-Cornerstone, L50, F|\n|poke|p1|Raging Bolt, L50|\n|poke|p2|Calyrex-Ice, L50|\n|poke|p2|Koraidon, L50|\n|poke|p2|Flutter Mane, L50|\n|poke|p2|Raging Bolt, L50|\n|poke|p2|Rillaboom, L50, F|\n|poke|p2|Incineroar, L50, M|\n|teampreview|4\n|showteam|p1|Groudon||ClearAmulet|Drought|PrecipiceBlades,HeatCrash,BulkUp,Protect||||||50|,,,,,Fire]Lunala||PowerHerb|ShadowShield|TrickRoom,MoongeistBeam,MeteorBeam,ExpandingForce||||||50|,,,,,Water]Smeargle||FocusSash|Moody|SpikyShield,Decorate,FollowMe,FakeOut|||M|||50|,,,,,Ghost]Gouging Fire||BoosterEnergy|Protosynthesis|BurningBulwark,FlareBlitz,DragonClaw,MorningSun||||||50|,,,,,Dragon]Ogerpon-Cornerstone||CornerstoneMask|Sturdy|IvyCudgel,WoodHammer,FollowMe,SpikyShield|||F|||50|,,,,,Rock]Raging Bolt||AssaultVest|Protosynthesis|DracoMeteor,Discharge,Thunderclap,Snarl||||||50|,,,,,Fairy\n|showteam|p2|Calyrex-Ice||ClearAmulet|AsOneGlastrier|GlacialLance,HighHorsepower,TrickRoom,Protect||||||50|,,,,,Water]Koraidon||LifeOrb|OrichalcumPulse|FlareBlitz,ScaleShot,CollisionCourse,Protect||||||50|,,,,,Fire]Flutter Mane||FocusSash|Protosynthesis|Moonblast,IcyWind,Taunt,Protect||||||50|,,,,,Normal]Raging Bolt||AssaultVest|Protosynthesis|Thunder,DracoMeteor,Thunderclap,Snarl||||||50|,,,,,Fairy]Rillaboom||MiracleSeed|GrassySurge|GrassyGlide,WoodHammer,FakeOut,Uturn|||F|||50|,,,,,Grass]Incineroar||SafetyGoggles|Intimidate|FlareBlitz,KnockOff,PartingShot,FakeOut|||M|||50|,,,,,Fairy\n|inactive|Battle timer is ON: inactive players will automatically lose when time's up. (requested by Fireball'n777)\n|\n|t:|1746063472\n|start\n|switch|p1a: Groudon|Groudon, L50|100/100\n|switch|p1b: Lunala|Lunala, L50, shiny|100/100\n|switch|p2a: Flutter Mane|Flutter Mane, L50|100/100\n|switch|p2b: Incineroar|Incineroar, L50, M|100/100\n|-weather|SunnyDay|[from] ability: Drought|[of] p1a: Groudon\n|-activate|p2a: Flutter Mane|ability: Protosynthesis\n|-start|p2a: Flutter Mane|protosynthesisspe\n|-ability|p2b: Incineroar|Intimidate|boost\n|-fail|p1a: Groudon|unboost|[from] item: Clear Amulet|[of] p1a: Groudon\n|-unboost|p1b: Lunala|atk|1\n|turn|1\n|\n|t:|1746063495\n|-terastallize|p1b: Lunala|Water\n|move|p2a: Flutter Mane|Icy Wind|p1b: Lunala|[spread] p1a,p1b\n|-supereffective|p1a: Groudon\n|-resisted|p1b: Lunala\n|-damage|p1a: Groudon|78/100\n|-damage|p1b: Lunala|98/100\n|-unboost|p1b: Lunala|spe|1\n|move|p1a: Groudon|Heat Crash|p2a: Flutter Mane\n|-enditem|p2a: Flutter Mane|Focus Sash\n|-damage|p2a: Flutter Mane|1/100\n|move|p2b: Incineroar|Knock Off|p1b: Lunala\n|-damage|p1b: Lunala|70/100\n|-enditem|p1b: Lunala|Power Herb|[from] move: Knock Off|[of] p2b: Incineroar\n|move|p1b: Lunala|Trick Room|p1b: Lunala\n|-fieldstart|move: Trick Room|[of] p1b: Lunala\n|\n|-weather|SunnyDay|[upkeep]\n|upkeep\n|turn|2\n|inactive|boogieboy653 has 30 seconds left.\n|inactive|Fireball'n777 has 30 seconds left.\n|inactive|boogieboy653 has 20 seconds left.\n|inactive|Fireball'n777 has 20 seconds left.\n|inactive|boogieboy653 has 15 seconds left.\n|inactive|Fireball'n777 has 15 seconds left.\n|inactive|Fireball'n777 has 10 seconds left.\n|\n|t:|1746063542\n|move|p1b: Lunala|Moongeist Beam|p2b: Incineroar\n|-resisted|p2b: Incineroar\n|-damage|p2b: Incineroar|82/100\n|move|p2b: Incineroar|Flare Blitz|p1a: Groudon\n|-damage|p1a: Groudon|28/100\n|-damage|p2b: Incineroar|65/100|[from] Recoil\n|move|p1a: Groudon|Precipice Blades|p2b: Incineroar|[spread] p2a\n|-miss|p1a: Groudon|p2b: Incineroar\n|-damage|p2a: Flutter Mane|0 fnt\n|faint|p2a: Flutter Mane\n|-end|p2a: Flutter Mane|Protosynthesis|[silent]\n|\n|-weather|SunnyDay|[upkeep]\n|upkeep\n|\n|t:|1746063546\n|switch|p2a: Calyrex|Calyrex-Ice, L50|100/100\n|-ability|p2a: Calyrex|As One\n|-ability|p2a: Calyrex|Unnerve\n|turn|3\n|inactive|boogieboy653 has 30 seconds left.\n|\n|t:|1746063574\n|switch|p1a: Ogerpon|Ogerpon-Cornerstone, L50, F|100/100\n|-terastallize|p2a: Calyrex|Water\n|move|p2a: Calyrex|Glacial Lance|p1b: Lunala|[spread] p1a,p1b\n|-supereffective|p1a: Ogerpon\n|-resisted|p1b: Lunala\n|-ability|p1a: Ogerpon|Sturdy\n|-damage|p1a: Ogerpon|1/100\n|-damage|p1b: Lunala|48/100\n|move|p1b: Lunala|Moongeist Beam|p2a: Calyrex\n|-damage|p2a: Calyrex|59/100\n|move|p2b: Incineroar|Parting Shot|p1b: Lunala\n|-unboost|p1b: Lunala|atk|1\n|-unboost|p1b: Lunala|spa|1\n|\n|t:|1746063588\n|switch|p2b: Koraidon|Koraidon, L50|100/100|[from] Parting Shot\n|-activate|p2b: Koraidon|ability: Orichalcum Pulse\n|\n|-weather|SunnyDay|[upkeep]\n|upkeep\n|turn|4\n|inactive|boogieboy653 has 30 seconds left.\n|inactive|Fireball'n777 has 30 seconds left.\n|inactive|boogieboy653 has 20 seconds left.\n|inactive|boogieboy653 has 15 seconds left.\n|\n|t:|1746063630\n|switch|p2b: Incineroar|Incineroar, L50, M|65/100\n|-ability|p2b: Incineroar|Intimidate|boost\n|-unboost|p1a: Ogerpon|atk|1\n|-unboost|p1b: Lunala|atk|1\n|move|p1a: Ogerpon|Spiky Shield|p1a: Ogerpon\n|-singleturn|p1a: Ogerpon|move: Protect\n|move|p2a: Calyrex|Glacial Lance|p1a: Ogerpon|[spread] p1b\n|-activate|p1a: Ogerpon|move: Protect\n|-resisted|p1b: Lunala\n|-damage|p1b: Lunala|25/100\n|move|p1b: Lunala|Expanding Force|p2b: Incineroar\n|-immune|p2b: Incineroar\n|\n|-weather|SunnyDay|[upkeep]\n|upkeep\n|turn|5\n|inactive|Fireball'n777 has 30 seconds left.\n|\n|t:|1746063656\n|move|p2b: Incineroar|Fake Out|p1b: Lunala\n|-damage|p1b: Lunala|17/100\n|move|p2a: Calyrex|Glacial Lance|p1b: Lunala|[spread] p1a,p1b\n|-supereffective|p1a: Ogerpon\n|-resisted|p1b: Lunala\n|-damage|p1a: Ogerpon|0 fnt\n|-damage|p1b: Lunala|0 fnt\n|faint|p1a: Ogerpon\n|faint|p1b: Lunala\n|-ability|p2a: Calyrex|Chilling Neigh|boost\n|-boost|p2a: Calyrex|atk|2\n|\n|-weather|none\n|-fieldend|move: Trick Room\n|upkeep\n|\n|t:|1746063661\n|switch|p1a: Groudon|Groudon, L50|28/100\n|switch|p1b: Raging Bolt|Raging Bolt, L50|100/100\n|-weather|SunnyDay|[from] ability: Drought|[of] p1a: Groudon\n|-activate|p1b: Raging Bolt|ability: Protosynthesis\n|-start|p1b: Raging Bolt|protosynthesisspa\n|turn|6\n|inactive|Fireball'n777 has 30 seconds left.\n|\n|t:|1746063691\n|switch|p2b: Koraidon|Koraidon, L50|100/100\n|-activate|p2b: Koraidon|ability: Orichalcum Pulse\n|move|p2a: Calyrex|Protect|p2a: Calyrex\n|-singleturn|p2a: Calyrex|Protect\n|move|p1a: Groudon|Precipice Blades|p2b: Koraidon|[spread] p2b\n|-activate|p2a: Calyrex|move: Protect\n|-crit|p2b: Koraidon\n|-damage|p2b: Koraidon|28/100\n|move|p1b: Raging Bolt|Discharge|p2b: Koraidon|[spread] p2b\n|-activate|p2a: Calyrex|move: Protect\n|-immune|p1a: Groudon\n|-resisted|p2b: Koraidon\n|-damage|p2b: Koraidon|6/100\n|\n|-weather|SunnyDay|[upkeep]\n|upkeep\n|turn|7\n|inactive|boogieboy653 has 30 seconds left.\n|inactive|boogieboy653 has 20 seconds left.\n|\n|t:|1746063730\n|move|p1a: Groudon|Protect|p1a: Groudon\n|-singleturn|p1a: Groudon|Protect\n|move|p2b: Koraidon|Scale Shot|p1b: Raging Bolt\n|-supereffective|p1b: Raging Bolt\n|-damage|p1b: Raging Bolt|67/100\n|-supereffective|p1b: Raging Bolt\n|-damage|p1b: Raging Bolt|29/100\n|-hitcount|p1b: Raging Bolt|2\n|-unboost|p2b: Koraidon|def|1\n|-boost|p2b: Koraidon|spe|1\n|-damage|p2b: Koraidon|0 fnt|[from] item: Life Orb\n|faint|p2b: Koraidon\n|move|p1b: Raging Bolt|Discharge|p2a: Calyrex|[spread] p2a\n|-activate|p1a: Groudon|move: Protect\n|-supereffective|p2a: Calyrex\n|-damage|p2a: Calyrex|3/100\n|-status|p2a: Calyrex|par\n|move|p2a: Calyrex|Glacial Lance|p1b: Raging Bolt|[spread] p1b\n|-activate|p1a: Groudon|move: Protect\n|-supereffective|p1b: Raging Bolt\n|-damage|p1b: Raging Bolt|0 fnt\n|faint|p1b: Raging Bolt\n|-end|p1b: Raging Bolt|Protosynthesis|[silent]\n|-ability|p2a: Calyrex|Chilling Neigh|boost\n|-boost|p2a: Calyrex|atk|1\n|\n|-weather|SunnyDay|[upkeep]\n|upkeep\n|\n|t:|1746063735\n|switch|p2b: Incineroar|Incineroar, L50, M|65/100\n|-ability|p2b: Incineroar|Intimidate|boost\n|-fail|p1a: Groudon|unboost|[from] item: Clear Amulet|[of] p1a: Groudon\n|turn|8\n|\n|t:|1746063750\n|move|p1a: Groudon|Protect||[still]\n|-fail|p1a: Groudon\n|move|p2b: Incineroar|Fake Out|p1a: Groudon\n|-damage|p1a: Groudon|20/100\n|move|p2a: Calyrex|Glacial Lance|p1a: Groudon\n|-supereffective|p1a: Groudon\n|-damage|p1a: Groudon|0 fnt\n|faint|p1a: Groudon\n|\n|win|Fireball'n777\n|raw|boogieboy653's rating: 1060 &rarr; <strong>1045</strong><br />(-15 for losing)\n|raw|Fireball&apos;n777's rating: 1129 &rarr; <strong>1149</strong><br />(+20 for winning)\n", "uploadtime": 1746063755, "views": 9, "formatid": "gen9vgc2025regibo3", "rating": 1045, "private": 0, "password": null}