{"id": "gen9vgc2025regibo3-2353671135", "format": "[Gen 9] VGC 2025 Reg I (Bo3)", "players": ["CityPopThatThang", "navicorrin"], "log": "|j|\u2606CityPopThatThang\n|j|\u2606navicorrin\n|html|<table width=\"100%\"><tr><td align=\"left\">CityPopThatThang</td><td align=\"right\">navicorrin</tr><tr><td align=\"left\"><i class=\"fa fa-circle-o\"></i> <i class=\"fa fa-circle-o\"></i> </td><td align=\"right\"><i class=\"fa fa-circle-o\"></i> <i class=\"fa fa-circle\"></i> </tr></table>\n|uhtml|bestof|<h2><strong>Game 2</strong> of <a href=\"/game-bestof3-gen9vgc2025regibo3-2353667818\">a best-of-3</a></h2>\n|t:|1745981581\n|gametype|doubles\n|player|p1|CityPopThatThang|guzma|1071\n|player|p2|navicorrin|caitlin|1026\n|teamsize|p1|6\n|teamsize|p2|6\n|gen|9\n|tier|[Gen 9] VGC 2025 Reg I (Bo3)\n|rated|\n|rule|Species Clause: Limit one of each Pok\u00e9mon\n|rule|Item Clause: Limit 1 of each item\n|clearpoke\n|poke|p1|Calyrex-Ice, L50|\n|poke|p1|Lunala, L50|\n|poke|p1|Indeedee-F, L50, F|\n|poke|p1|Ursaluna-Bloodmoon, L50, M|\n|poke|p1|Urshifu-*, L50, M|\n|poke|p1|Smeargle, L50, M|\n|poke|p2|Amoonguss, L50, M|\n|poke|p2|Rillaboom, L50, F|\n|poke|p2|Toxapex, L50, F|\n|poke|p2|Kyogre, L50|\n|poke|p2|Zamazenta-*, L50|\n|poke|p2|Snorlax, L50, M|\n|teampreview|4\n|showteam|p1|Calyrex-Ice||NeverMeltIce|AsOneGlastrier|GlacialLance,HighHorsepower,TrickRoom,Protect||||||50|,,,,,Fire]Lunala||PowerHerb|ShadowShield|MoongeistBeam,ExpandingForce,MeteorBeam,TrickRoom||||||50|,,,,,Water]Indeedee-F||PsychicSeed|PsychicSurge|AlluringVoice,TrickRoom,FollowMe,HealPulse|||F|||50|,,,,,Fairy]Ursaluna-Bloodmoon||LifeOrb|MindsEye|HyperVoice,EarthPower,BloodMoon,Protect|||M|||50|,,,,,Poison]Urshifu||ChoiceBand|UnseenFist|WickedBlow,CloseCombat,SuckerPunch,IronHead|||M|||50|,,,,,Grass]Smeargle||FocusSash|OwnTempo|FollowMe,FakeOut,Spore,Decorate|||M|||50|,,,,,Grass\n|showteam|p2|Amoonguss||RockyHelmet|Regenerator|PollenPuff,RagePowder,Protect,Spore|||M|||50|,,,,,Dragon]Rillaboom||AssaultVest|GrassySurge|GrassyGlide,Uturn,FakeOut,WoodHammer|||F|||50|,,,,,Water]Toxapex||CovertCloak|Regenerator|Infestation,BanefulBunker,Recover,Toxic|||F|||50|,,,,,Dark]Kyogre||MysticWater|Drizzle|WaterSpout,OriginPulse,Thunder,IceBeam||||||50|,,,,,Grass]Zamazenta-Crowned||RustedShield|DauntlessShield|WideGuard,Protect,BodyPress,behemothbash||||||50|,,,,,Water]Snorlax||AguavBerry|Gluttony|Crunch,Yawn,Protect,DoubleEdge|||M|||50|,,,,,Fairy\n|inactive|Battle timer is ON: inactive players will automatically lose when time's up. (requested by navicorrin)\n|\n|t:|1745981635\n|start\n|switch|p1a: Lunala|Lunala, L50|100/100\n|switch|p1b: Urshifu|Urshifu, L50, M|100/100\n|switch|p2a: Amoonguss|Amoonguss, L50, M, shiny|100/100\n|switch|p2b: Kyogre|Kyogre, L50, shiny|100/100\n|-weather|RainDance|[from] ability: Drizzle|[of] p2b: Kyogre\n|turn|1\n|\n|t:|1745981659\n|switch|p1b: Indeedee|Indeedee-F, L50, F|100/100\n|-fieldstart|move: Psychic Terrain|[from] ability: Psychic Surge|[of] p1b: Indeedee\n|-enditem|p1b: Indeedee|Psychic Seed\n|-boost|p1b: Indeedee|spd|1|[from] item: Psychic Seed\n|-terastallize|p1a: Lunala|Water\n|move|p2a: Amoonguss|Protect|p2a: Amoonguss\n|-singleturn|p2a: Amoonguss|Protect\n|move|p2b: Kyogre|Water Spout|p1b: Indeedee|[spread] p1a,p1b\n|-resisted|p1a: Lunala\n|-damage|p1a: Lunala|81/100\n|-damage|p1b: Indeedee|21/100\n|move|p1a: Lunala|Expanding Force|p2a: Amoonguss|[spread] p2b\n|-activate|p2a: Amoonguss|move: Protect\n|-damage|p2b: Kyogre|46/100\n|\n|-weather|RainDance|[upkeep]\n|upkeep\n|turn|2\n|inactive|CityPopThatThang has 30 seconds left.\n|inactive|navicorrin has 30 seconds left.\n|inactive|CityPopThatThang has 20 seconds left.\n|inactive|navicorrin has 20 seconds left.\n|inactive|CityPopThatThang has 15 seconds left.\n|inactive|CityPopThatThang has 10 seconds left.\n|\n|t:|1745981707\n|-terastallize|p2a: Amoonguss|Dragon\n|move|p2b: Kyogre|Thunder|p1a: Lunala\n|-supereffective|p1a: Lunala\n|-damage|p1a: Lunala|24/100\n|move|p1a: Lunala|Meteor Beam||[still]\n|-prepare|p1a: Lunala|Meteor Beam\n|-boost|p1a: Lunala|spa|1\n|-enditem|p1a: Lunala|Power Herb\n|-anim|p1a: Lunala|Meteor Beam|p2b: Kyogre\n|-damage|p2b: Kyogre|0 fnt\n|faint|p2b: Kyogre\n|move|p1b: Indeedee|Heal Pulse|p1a: Lunala\n|-heal|p1a: Lunala|74/100\n|move|p2a: Amoonguss|Spore|p1a: Lunala\n|-status|p1a: Lunala|slp|[from] move: Spore\n|\n|-weather|RainDance|[upkeep]\n|upkeep\n|\n|t:|1745981731\n|switch|p2b: Toxapex|Toxapex, L50, F, shiny|100/100\n|turn|3\n|\n|t:|1745981744\n|switch|p1b: Urshifu|Urshifu, L50, M|100/100\n|cant|p1a: Lunala|slp\n|move|p2a: Amoonguss|Spore|p1b: Urshifu\n|-status|p1b: Urshifu|slp|[from] move: Spore\n|move|p2b: Toxapex|Infestation|p1a: Lunala\n|-crit|p1a: Lunala\n|-damage|p1a: Lunala|70/100 slp\n|-activate|p1a: Lunala|move: Infestation|[of] p2b: Toxapex\n|\n|-weather|RainDance|[upkeep]\n|-damage|p1a: Lunala|58/100 slp|[from] move: Infestation|[partiallytrapped]\n|upkeep\n|turn|4\n|\n|t:|1745981763\n|cant|p1b: Urshifu|slp\n|-curestatus|p1a: Lunala|slp|[msg]\n|move|p1a: Lunala|Expanding Force|p2b: Toxapex|[spread] p2a,p2b\n|-supereffective|p2b: Toxapex\n|-damage|p2a: Amoonguss|15/100\n|-damage|p2b: Toxapex|0 fnt\n|faint|p2b: Toxapex\n|move|p2a: Amoonguss|Pollen Puff|p1a: Lunala\n|-damage|p1a: Lunala|45/100\n|\n|-weather|RainDance|[upkeep]\n|-end|p1a: Lunala|Infestation|[partiallytrapped]|[silent]\n|upkeep\n|\n|t:|1745981775\n|switch|p2b: Rillaboom|Rillaboom, L50, F, shiny|100/100\n|-fieldstart|move: Grassy Terrain|[from] ability: Grassy Surge|[of] p2b: Rillaboom\n|turn|5\n|\n|t:|1745981799\n|switch|p1a: Indeedee|Indeedee-F, L50, F|21/100\n|-fieldstart|move: Psychic Terrain|[from] ability: Psychic Surge|[of] p1a: Indeedee\n|cant|p1b: Urshifu|slp\n|move|p2b: Rillaboom|Grassy Glide|p1a: Indeedee\n|-damage|p1a: Indeedee|0 fnt\n|faint|p1a: Indeedee\n|move|p2a: Amoonguss|Pollen Puff|p1b: Urshifu\n|-crit|p1b: Urshifu\n|-damage|p1b: Urshifu|68/100 slp\n|\n|-weather|none\n|upkeep\n|\n|t:|1745981807\n|switch|p1a: Calyrex|Calyrex-Ice, L50|100/100\n|-ability|p1a: Calyrex|As One\n|-ability|p1a: Calyrex|Unnerve\n|turn|6\n|\n|t:|1745981823\n|-curestatus|p1b: Urshifu|slp|[msg]\n|move|p1b: Urshifu|Wicked Blow|p2a: Amoonguss\n|-crit|p2a: Amoonguss\n|-damage|p2a: Amoonguss|0 fnt\n|-damage|p1b: Urshifu|51/100|[from] item: Rocky Helmet|[of] p2a: Amoonguss\n|faint|p2a: Amoonguss\n|move|p2b: Rillaboom|Wood Hammer|p1b: Urshifu\n|-damage|p1b: Urshifu|0 fnt\n|faint|p1b: Urshifu\n|-damage|p2b: Rillaboom|85/100|[from] Recoil\n|move|p1a: Calyrex|Glacial Lance|p2b: Rillaboom\n|-supereffective|p2b: Rillaboom\n|-damage|p2b: Rillaboom|0 fnt\n|faint|p2b: Rillaboom\n|\n|win|CityPopThatThang\n||navicorrin is ready for game 3.\n||CityPopThatThang is ready for game 3.\n|uhtml|next|Next: <a href=\"/battle-gen9vgc2025regibo3-2353673121\"><strong>Game 3 of 3</strong></a>\n", "uploadtime": 1745982106, "views": 13, "formatid": "gen9vgc2025regibo3", "rating": null, "private": 0, "password": null}