{"id": "gen9vgc2025regibo3-2354228676", "format": "[Gen 9] VGC 2025 Reg I (Bo3)", "players": ["FloH314", "getsigilyph"], "log": "|j|\u2606FloH314\n|j|\u2606getsigilyph\n|html|<table width=\"100%\"><tr><td align=\"left\">FloH314</td><td align=\"right\">getsigilyph</tr><tr><td align=\"left\"><i class=\"fa fa-circle\"></i> <i class=\"fa fa-circle-o\"></i> </td><td align=\"right\"><i class=\"fa fa-circle-o\"></i> <i class=\"fa fa-circle\"></i> </tr></table>\n|uhtml|bestof|<h2><strong>Game 3</strong> of <a href=\"/game-bestof3-gen9vgc2025regibo3-2354225059\">a best-of-3</a></h2>\n|t:|1746046868\n|gametype|doubles\n|player|p1|FloH314|102|1120\n|player|p2|getsigilyph|maid|1042\n|teamsize|p1|6\n|teamsize|p2|6\n|gen|9\n|tier|[Gen 9] VGC 2025 Reg I (Bo3)\n|rated|\n|rule|Species Clause: Limit one of each Pok\u00e9mon\n|rule|Item Clause: Limit 1 of each item\n|clearpoke\n|poke|p1|Excadrill, L50, F|\n|poke|p1|Necrozma-Dawn-Wings, L50|\n|poke|p1|Tyranitar, L50, M|\n|poke|p1|Indeedee-F, L50, F|\n|poke|p1|Cresselia, L50, F|\n|poke|p1|Calyrex-Ice, L50|\n|poke|p2|Groudon, L50|\n|poke|p2|Incineroar, L50, F|\n|poke|p2|Jumpluff, L50, M|\n|poke|p2|Raging Bolt, L50|\n|poke|p2|Lunala, L50|\n|poke|p2|Ogerpon-Hearthflame, L50, F|\n|teampreview|4\n|showteam|p1|Excadrill||AssaultVest|SandForce|IronHead,HighHorsepower,Earthquake,RockSlide|||F|||50|,,,,,Water]Necrozma-Dawn-Wings||PsychicSeed|PrismArmor|TrickRoom,PowerGem,ExpandingForce,MoongeistBeam||||||50|,,,,,Rock]Tyranitar||IronBall|SandStream|Fling,Protect,RockSlide,KnockOff|||M|||50|,,,,,Dark]Indeedee-F||SafetyGoggles|PsychicSurge|HelpingHand,TrickRoom,FollowMe,DazzlingGleam|||F|||50|,,,,,Fairy]Cresselia||MentalHerb|Levitate|TrickRoom,HelpingHand,LunarBlessing,Moonblast|||F|||50|,,,,,Dark]Calyrex-Ice||ClearAmulet|AsOneGlastrier|Protect,GlacialLance,HighHorsepower,TrickRoom||||||50|,,,,,Water\n|showteam|p2|Groudon||ClearAmulet|Drought|PrecipiceBlades,SwordsDance,Protect,HeatCrash||||||50|,,,,,Fire]Incineroar||RockyHelmet|Intimidate|FakeOut,KnockOff,FlareBlitz,PartingShot|||F|||50|,,,,,Bug]Jumpluff||CovertCloak|Chlorophyll|Tailwind,Encore,SleepPowder,RagePowder|||M|||50|,,,,,Dark]Raging Bolt||AssaultVest|Protosynthesis|Thunderclap,DracoMeteor,Electroweb,Thunderbolt||||||50|,,,,,Fairy]Lunala||Leftovers|ShadowShield|MoongeistBeam,Moonblast,CalmMind,Protect||||||50|,,,,,Fairy]Ogerpon-Hearthflame||HearthflameMask|MoldBreaker|IvyCudgel,SpikyShield,FollowMe,HornLeech|||F|||50|,,,,,Fire\n|\n|t:|1746046897\n|start\n|switch|p1a: Indeedee|Indeedee-F, L50, F|100/100\n|switch|p1b: Tyranitar|Tyranitar, L50, M|100/100\n|switch|p2a: Gillete|Groudon, L50|100/100\n|switch|p2b: Jumpluff|Jumpluff, L50, M, shiny|100/100\n|-weather|SunnyDay|[from] ability: Drought|[of] p2a: Gillete\n|-fieldstart|move: Psychic Terrain|[from] ability: Psychic Surge|[of] p1a: Indeedee\n|-weather|Sandstorm|[from] ability: Sand Stream|[of] p1b: Tyranitar\n|turn|1\n|\n|t:|1746046916\n|move|p1b: Tyranitar|Protect|p1b: Tyranitar\n|-singleturn|p1b: Tyranitar|Protect\n|move|p2b: Jumpluff|Sleep Powder|p1b: Tyranitar\n|-activate|p1b: Tyranitar|move: Protect\n|move|p2a: Gillete|Precipice Blades|p1b: Tyranitar|[spread] \n|-activate|p1b: Tyranitar|move: Protect\n|-miss|p2a: Gillete|p1a: Indeedee\n|move|p1a: Indeedee|Trick Room|p1a: Indeedee\n|-fieldstart|move: Trick Room|[of] p1a: Indeedee\n|\n|-weather|Sandstorm|[upkeep]\n|-damage|p2b: Jumpluff|94/100|[from] Sandstorm\n|upkeep\n|turn|2\n|\n|t:|1746046963\n|move|p1a: Indeedee|Helping Hand|p1b: Tyranitar\n|-singleturn|p1b: Tyranitar|Helping Hand|[of] p1a: Indeedee\n|move|p1b: Tyranitar|Rock Slide|p2b: Jumpluff|[spread] p2a\n|-miss|p1b: Tyranitar|p2b: Jumpluff\n|-resisted|p2a: Gillete\n|-damage|p2a: Gillete|84/100\n|move|p2a: Gillete|Precipice Blades|p1a: Indeedee|[spread] p1a\n|-miss|p2a: Gillete|p1b: Tyranitar\n|-damage|p1a: Indeedee|49/100\n|move|p2b: Jumpluff|Sleep Powder|p1b: Tyranitar\n|-status|p1b: Tyranitar|slp|[from] move: Sleep Powder\n|\n|-weather|Sandstorm|[upkeep]\n|-damage|p2b: Jumpluff|88/100|[from] Sandstorm\n|upkeep\n|turn|3\n|\n|t:|1746046995\n|move|p1a: Indeedee|Follow Me|p1a: Indeedee\n|-singleturn|p1a: Indeedee|move: Follow Me\n|cant|p1b: Tyranitar|slp\n|move|p2a: Gillete|Swords Dance|p2a: Gillete\n|-boost|p2a: Gillete|atk|2\n|move|p2b: Jumpluff|Encore|p1a: Indeedee\n|-start|p1a: Indeedee|Encore\n|\n|-weather|Sandstorm|[upkeep]\n|-damage|p2b: Jumpluff|82/100|[from] Sandstorm\n|upkeep\n|turn|4\n|\n|t:|1746047007\n|move|p1a: Indeedee|Follow Me|p1a: Indeedee\n|-singleturn|p1a: Indeedee|move: Follow Me\n|cant|p1b: Tyranitar|slp\n|move|p2a: Gillete|Precipice Blades|p1a: Indeedee|[spread] p1a,p1b\n|-supereffective|p1b: Tyranitar\n|-damage|p1a: Indeedee|0 fnt\n|-damage|p1b: Tyranitar|0 fnt\n|faint|p1a: Indeedee\n|faint|p1b: Tyranitar\n|move|p2b: Jumpluff|Sleep Powder|p1: Indeedee|[notarget]\n|-fail|p2b: Jumpluff\n|\n|-weather|Sandstorm|[upkeep]\n|-damage|p2b: Jumpluff|76/100|[from] Sandstorm\n|upkeep\n|\n|t:|1746047019\n|switch|p1b: Calyrex|Calyrex-Ice, L50|100/100\n|switch|p1a: Necrozma|Necrozma-Dawn-Wings, L50|100/100\n|-ability|p1b: Calyrex|As One\n|-ability|p1b: Calyrex|Unnerve\n|-enditem|p1a: Necrozma|Psychic Seed\n|-boost|p1a: Necrozma|spd|1|[from] item: Psychic Seed\n|turn|5\n|\n|t:|1746047039\n|move|p1b: Calyrex|Glacial Lance|p2b: Jumpluff|[spread] p2a,p2b\n|-supereffective|p2a: Gillete\n|-supereffective|p2b: Jumpluff\n|-damage|p2a: Gillete|11/100\n|-damage|p2b: Jumpluff|0 fnt\n|faint|p2b: Jumpluff\n|-ability|p1b: Calyrex|Chilling Neigh|boost\n|-boost|p1b: Calyrex|atk|1\n|move|p1a: Necrozma|Expanding Force|p2a: Gillete\n|-damage|p2a: Gillete|0 fnt\n|faint|p2a: Gillete\n|\n|-weather|none\n|-fieldend|move: Trick Room\n|-fieldend|move: Psychic Terrain\n|upkeep\n|\n|t:|1746047044\n|switch|p2b: Ogerpon|Ogerpon-Hearthflame, L50, F|100/100\n|switch|p2a: Lunala|Lunala, L50|100/100\n|-ability|p2b: Ogerpon|Mold Breaker\n|turn|6\n|\n|t:|1746047076\n|-terastallize|p2b: Ogerpon|Fire\n|detailschange|p2b: Ogerpon|Ogerpon-Hearthflame-Tera, L50, F, tera:Fire\n|-ability|p2b: Ogerpon|Embody Aspect (Hearthflame)|boost\n|-boost|p2b: Ogerpon|atk|1\n|-terastallize|p1b: Calyrex|Water\n|move|p2b: Ogerpon|Ivy Cudgel|p1b: Calyrex|[anim] Ivy Cudgel Fire\n|-resisted|p1b: Calyrex\n|-damage|p1b: Calyrex|64/100\n|move|p2a: Lunala|Moongeist Beam|p1a: Necrozma\n|-supereffective|p1a: Necrozma\n|-damage|p1a: Necrozma|11/100\n|move|p1b: Calyrex|Glacial Lance|p2a: Lunala|[spread] p2a,p2b\n|-resisted|p2b: Ogerpon\n|-damage|p2a: Lunala|62/100\n|-damage|p2b: Ogerpon|55/100\n|move|p1a: Necrozma|Trick Room|p1a: Necrozma\n|-fieldstart|move: Trick Room|[of] p1a: Necrozma\n|\n|-heal|p2a: Lunala|68/100|[from] item: Leftovers\n|upkeep\n|turn|7\n|\n|t:|1746047100\n|move|p1b: Calyrex|High Horsepower|p2b: Ogerpon\n|-supereffective|p2b: Ogerpon\n|-damage|p2b: Ogerpon|0 fnt\n|faint|p2b: Ogerpon\n|-ability|p1b: Calyrex|Chilling Neigh|boost\n|-boost|p1b: Calyrex|atk|1\n|move|p1a: Necrozma|Moongeist Beam|p2a: Lunala\n|-supereffective|p2a: Lunala\n|-damage|p2a: Lunala|0 fnt\n|faint|p2a: Lunala\n|\n|win|FloH314\n|raw|FloH314's rating: 1120 &rarr; <strong>1139</strong><br />(+19 for winning)\n|raw|getsigilyph's rating: 1042 &rarr; <strong>1029</strong><br />(-13 for losing)\n", "uploadtime": 1746047143, "views": 13, "formatid": "gen9vgc2025regibo3", "rating": 1029, "private": 0, "password": null}