{"id": "gen9vgc2025regibo3-2354837179", "format": "[Gen 9] VGC 2025 Reg I (Bo3)", "players": ["Ziik", "laZb0nes2"], "log": "|j|\u2606Ziik\n|j|\u2606laZb0nes2\n|html|<table width=\"100%\"><tr><td align=\"left\">Ziik</td><td align=\"right\">laZb0nes2</tr><tr><td align=\"left\"><i class=\"fa fa-circle-o\"></i> <i class=\"fa fa-circle-o\"></i> </td><td align=\"right\"><i class=\"fa fa-circle-o\"></i> <i class=\"fa fa-circle-o\"></i> </tr></table>\n|uhtml|bestof|<h2><strong>Game 1</strong> of <a href=\"/game-bestof3-gen9vgc2025regibo3-2354837178\">a best-of-3</a></h2>\n|t:|1746124038\n|gametype|doubles\n|player|p1|Ziik|psychic|1100\n|player|p2|laZb0nes2|waiter-gen4|1117\n|teamsize|p1|6\n|teamsize|p2|6\n|gen|9\n|tier|[Gen 9] VGC 2025 Reg I (Bo3)\n|rated|\n|rule|Species Clause: Limit one of each Pok\u00e9mon\n|rule|Item Clause: Limit 1 of each item\n|clearpoke\n|poke|p1|Gouging Fire, L50|\n|poke|p1|Koraidon, L50|\n|poke|p1|Chien-Pao, L50|\n|poke|p1|Flutter Mane, L50|\n|poke|p1|Lunala, L50|\n|poke|p1|Whimsicott, L50, F|\n|poke|p2|Zacian-*, L50|\n|poke|p2|Kyogre, L50|\n|poke|p2|Tornadus, L50, M|\n|poke|p2|Amoonguss, L50, M|\n|poke|p2|Incineroar, L50, F|\n|poke|p2|Urshifu-*, L50, F|\n|teampreview|4\n|showteam|p1|Gouging Fire||ClearAmulet|Protosynthesis|BurningBulwark,Howl,Crunch,FlareBlitz||||||50|,,,,,Fairy]Koraidon||LifeOrb|OrichalcumPulse|Protect,BreakingSwipe,FlareBlitz,CloseCombat||||||50|,,,,,Fire]Chien-Pao||FocusSash|SwordofRuin|Protect,SuckerPunch,SacredSword,IceSpinner||||||50|,,,,,Ghost]Flutter Mane||BoosterEnergy|Protosynthesis|Protect,IcyWind,Moonblast,Taunt||||||50|,,,,,Normal]Lunala||PowerHerb|ShadowShield|MeteorBeam,MoongeistBeam,ExpandingForce,WideGuard||||||50|,,,,,Fairy]Whimsicott||CovertCloak|Prankster|Tailwind,LightScreen,Encore,Moonblast|||F|||50|,,,,,Dark\n|showteam|p2|Zacian-Crowned||RustedSword|IntrepidSword|behemothblade,PlayRough,Substitute,Protect||||||50|,,,,,Fairy]Kyogre||MysticWater|Drizzle|WaterSpout,OriginPulse,IceBeam,Protect||||||50|,,,,,Grass]Tornadus||CovertCloak|Prankster|BleakwindStorm,Tailwind,RainDance,Taunt|||M|||50|,,,,,Dark]Amoonguss||RockyHelmet|Regenerator|PollenPuff,Spore,RagePowder,Protect|||M|||50|,,,,,Steel]Incineroar||SafetyGoggles|Intimidate|KnockOff,FakeOut,WillOWisp,PartingShot|||F|||50|,,,,,Water]Urshifu-Rapid-Strike||ChoiceScarf|UnseenFist|SurgingStrikes,CloseCombat,AquaJet,Uturn|||F|||50|,,,,,Ghost\n|inactive|Battle timer is ON: inactive players will automatically lose when time's up. (requested by Ziik)\n|inactive|laZb0nes2 has 60 seconds left.\n|\n|t:|1746124094\n|start\n|switch|p1a: Whimsicott|Whimsicott, L50, F|100/100\n|switch|p1b: Lunala|Lunala, L50|100/100\n|switch|p2a: Incineroar|Incineroar, L50, F|100/100\n|switch|p2b: Zacian|Zacian-Crowned, L50|100/100\n|-ability|p2b: Zacian|Intrepid Sword|boost\n|-boost|p2b: Zacian|atk|1\n|-ability|p2a: Incineroar|Intimidate|boost\n|-unboost|p1a: Whimsicott|atk|1\n|-unboost|p1b: Lunala|atk|1\n|turn|1\n|\n|t:|1746124118\n|switch|p2a: Kyogre|Kyogre, L50|100/100\n|-weather|RainDance|[from] ability: Drizzle|[of] p2a: Kyogre\n|move|p1a: Whimsicott|Tailwind|p1a: Whimsicott\n|-sidestart|p1: Ziik|move: Tailwind\n|move|p1b: Lunala|Meteor Beam||[still]\n|-prepare|p1b: Lunala|Meteor Beam\n|-boost|p1b: Lunala|spa|1\n|-enditem|p1b: Lunala|Power Herb\n|-anim|p1b: Lunala|Meteor Beam|p2a: Kyogre\n|-damage|p2a: Kyogre|58/100\n|move|p2b: Zacian|Substitute|p2b: Zacian\n|-start|p2b: Zacian|Substitute\n|-damage|p2b: Zacian|76/100\n|\n|-weather|RainDance|[upkeep]\n|upkeep\n|turn|2\n|inactive|Ziik has 30 seconds left.\n|inactive|laZb0nes2 has 30 seconds left.\n|inactive|laZb0nes2 has 20 seconds left.\n|inactive|laZb0nes2 has 15 seconds left.\n|\n|t:|1746124159\n|move|p1a: Whimsicott|Light Screen|p1a: Whimsicott\n|-sidestart|p1: Ziik|move: Light Screen\n|move|p1b: Lunala|Moongeist Beam|p2b: Zacian\n|-end|p2b: Zacian|Substitute\n|move|p2b: Zacian|Behemoth Blade|p1b: Lunala\n|-damage|p1b: Lunala|69/100\n|move|p2a: Kyogre|Ice Beam|p1b: Lunala\n|-damage|p1b: Lunala|53/100\n|\n|-weather|RainDance|[upkeep]\n|upkeep\n|turn|3\n|inactive|laZb0nes2 has 30 seconds left.\n|inactive|Ziik has 30 seconds left.\n|\n|t:|1746124196\n|move|p1a: Whimsicott|Moonblast|p2a: Kyogre\n|-damage|p2a: Kyogre|42/100\n|move|p1b: Lunala|Moongeist Beam|p2b: Zacian\n|-crit|p2b: Zacian\n|-damage|p2b: Zacian|0 fnt\n|faint|p2b: Zacian\n|move|p2a: Kyogre|Origin Pulse|p1a: Whimsicott|[spread] p1b\n|-miss|p2a: Kyogre|p1a: Whimsicott\n|-damage|p1b: Lunala|11/100\n|\n|-weather|RainDance|[upkeep]\n|upkeep\n|\n|t:|1746124210\n|switch|p2b: Tornadus|Tornadus, L50, M|100/100\n|turn|4\n|\n|t:|1746124228\n|move|p1b: Lunala|Wide Guard|p1b: Lunala\n|-singleturn|p1b: Lunala|Wide Guard\n|move|p1a: Whimsicott|Encore|p2a: Kyogre\n|-start|p2a: Kyogre|Encore\n|move|p2b: Tornadus|Tailwind|p2b: Tornadus\n|-sidestart|p2: laZb0nes2|move: Tailwind\n|move|p2a: Kyogre|Origin Pulse|p1a: Whimsicott|[spread] \n|-activate|p1a: Whimsicott|move: Wide Guard\n|-activate|p1b: Lunala|move: Wide Guard\n|\n|-weather|RainDance|[upkeep]\n|-sideend|p1: Ziik|move: Tailwind\n|upkeep\n|turn|5\n|\n|t:|1746124248\n|switch|p2a: Incineroar|Incineroar, L50, F|100/100\n|-ability|p2a: Incineroar|Intimidate|boost\n|-unboost|p1a: Whimsicott|atk|1\n|-unboost|p1b: Lunala|atk|1\n|move|p1b: Lunala|Wide Guard|p1b: Lunala\n|-singleturn|p1b: Lunala|Wide Guard\n|move|p2b: Tornadus|Taunt|p1a: Whimsicott\n|-start|p1a: Whimsicott|move: Taunt\n|cant|p1a: Whimsicott|move: Taunt|Encore\n|\n|-weather|none\n|upkeep\n|turn|6\n|inactive|laZb0nes2 has 30 seconds left.\n|inactive|laZb0nes2 has 20 seconds left.\n|inactive|laZb0nes2 has 15 seconds left.\n|j| s10 ultra baby\n|\n|t:|1746124293\n|switch|p1a: Gouging Fire|Gouging Fire, L50|100/100\n|move|p1b: Lunala|Wide Guard|p1b: Lunala\n|-singleturn|p1b: Lunala|Wide Guard\n|move|p2b: Tornadus|Bleakwind Storm|p1a: Gouging Fire|[spread] \n|-activate|p1a: Gouging Fire|move: Wide Guard\n|-activate|p1b: Lunala|move: Wide Guard\n|move|p2a: Incineroar|Parting Shot|p1b: Lunala\n|-unboost|p1b: Lunala|atk|1\n|-unboost|p1b: Lunala|spa|1\n|\n|t:|1746124304\n|switch|p2a: Kyogre|Kyogre, L50|42/100|[from] Parting Shot\n|-weather|RainDance|[from] ability: Drizzle|[of] p2a: Kyogre\n|\n|-weather|RainDance|[upkeep]\n|-sideend|p1: Ziik|move: Light Screen\n|upkeep\n|turn|7\n|inactive|laZb0nes2 has 30 seconds left.\n|\n|t:|1746124331\n|move|p1a: Gouging Fire|Burning Bulwark|p1a: Gouging Fire\n|-singleturn|p1a: Gouging Fire|move: Protect\n|move|p1b: Lunala|Wide Guard|p1b: Lunala\n|-singleturn|p1b: Lunala|Wide Guard\n|move|p2b: Tornadus|Taunt|p1b: Lunala\n|-start|p1b: Lunala|move: Taunt\n|move|p2a: Kyogre|Ice Beam|p1b: Lunala\n|-damage|p1b: Lunala|0 fnt\n|faint|p1b: Lunala\n|\n|-weather|RainDance|[upkeep]\n|-sideend|p2: laZb0nes2|move: Tailwind\n|upkeep\n|\n|t:|1746124344\n|switch|p1b: Koraidon|Koraidon, L50|100/100\n|-weather|SunnyDay|[from] ability: Orichalcum Pulse|[of] p1b: Koraidon\n|-activate|p1a: Gouging Fire|ability: Protosynthesis\n|-start|p1a: Gouging Fire|protosynthesisspe\n|-activate|p1b: Koraidon|Orichalcum Pulse|[source]\n|turn|8\n|\n|t:|1746124368\n|-terastallize|p1b: Koraidon|Fire\n|move|p2a: Kyogre|Protect|p2a: Kyogre\n|-singleturn|p2a: Kyogre|Protect\n|move|p2b: Tornadus|Rain Dance|p2b: Tornadus\n|-weather|RainDance\n|-end|p1a: Gouging Fire|Protosynthesis\n|move|p1b: Koraidon|Close Combat|p2a: Kyogre\n|-activate|p2a: Kyogre|move: Protect\n|move|p1a: Gouging Fire|Howl|p1a: Gouging Fire|[spread] p1a,p1b\n|-boost|p1a: Gouging Fire|atk|1\n|-boost|p1b: Koraidon|atk|1\n|\n|-weather|RainDance|[upkeep]\n|upkeep\n|turn|9\n|inactive|laZb0nes2 has 30 seconds left.\n|\n|t:|1746124397\n|move|p1b: Koraidon|Protect|p1b: Koraidon\n|-singleturn|p1b: Koraidon|Protect\n|move|p2b: Tornadus|Tailwind|p2b: Tornadus\n|-sidestart|p2: laZb0nes2|move: Tailwind\n|move|p2a: Kyogre|Water Spout|p1a: Gouging Fire|[spread] p1a\n|-activate|p1b: Koraidon|move: Protect\n|-damage|p1a: Gouging Fire|54/100\n|move|p1a: Gouging Fire|Crunch|p2a: Kyogre\n|-damage|p2a: Kyogre|8/100\n|\n|-weather|RainDance|[upkeep]\n|upkeep\n|turn|10\n|\n|t:|1746124422\n|switch|p2b: Incineroar|Incineroar, L50, F|100/100\n|-ability|p2b: Incineroar|Intimidate|boost\n|-fail|p1a: Gouging Fire|unboost|[from] item: Clear Amulet|[of] p1a: Gouging Fire\n|-unboost|p1b: Koraidon|atk|1\n|switch|p1b: Whimsicott|Whimsicott, L50, F|100/100\n|move|p2a: Kyogre|Origin Pulse|p1a: Gouging Fire|[spread] p1a,p1b\n|-resisted|p1b: Whimsicott\n|-damage|p1a: Gouging Fire|0 fnt\n|-damage|p1b: Whimsicott|39/100\n|faint|p1a: Gouging Fire\n|-end|p1a: Gouging Fire|Protosynthesis|[silent]\n|\n|-weather|RainDance|[upkeep]\n|upkeep\n|\n|t:|1746124434\n|switch|p1a: Koraidon|Koraidon, L50, tera:Fire|100/100\n|-weather|SunnyDay|[from] ability: Orichalcum Pulse|[of] p1a: Koraidon\n|-activate|p1a: Koraidon|Orichalcum Pulse|[source]\n|turn|11\n|inactive|laZb0nes2 has 30 seconds left.\n|\n|t:|1746124461\n|switch|p2a: Tornadus|Tornadus, L50, M|100/100\n|move|p1a: Koraidon|Protect|p1a: Koraidon\n|-singleturn|p1a: Koraidon|Protect\n|move|p2b: Incineroar|Fake Out|p1a: Koraidon\n|-activate|p1a: Koraidon|move: Protect\n|move|p1b: Whimsicott|Tailwind|p1b: Whimsicott\n|-sidestart|p1: Ziik|move: Tailwind\n|\n|-weather|SunnyDay|[upkeep]\n|upkeep\n|turn|12\n|inactive|laZb0nes2 has 30 seconds left.\n|\n|t:|1746124491\n|-terastallize|p2b: Incineroar|Water\n|move|p1b: Whimsicott|Light Screen|p1b: Whimsicott\n|-sidestart|p1: Ziik|move: Light Screen\n|move|p2a: Tornadus|Rain Dance|p2a: Tornadus\n|-weather|RainDance\n|move|p1a: Koraidon|Breaking Swipe|p2a: Tornadus|[spread] p2a,p2b\n|-damage|p2a: Tornadus|71/100\n|-damage|p2b: Incineroar|74/100\n|-unboost|p2b: Incineroar|atk|1\n|-damage|p1a: Koraidon|91/100|[from] item: Life Orb\n|move|p2b: Incineroar|Parting Shot|p1a: Koraidon\n|-unboost|p1a: Koraidon|atk|1\n|-unboost|p1a: Koraidon|spa|1\n|\n|t:|1746124503\n|switch|p2b: Kyogre|Kyogre, L50|8/100|[from] Parting Shot\n|\n|-weather|RainDance|[upkeep]\n|-sideend|p2: laZb0nes2|move: Tailwind\n|upkeep\n|turn|13\n|\n|t:|1746124517\n|switch|p2b: Incineroar|Incineroar, L50, F, tera:Water|74/100\n|-ability|p2b: Incineroar|Intimidate|boost\n|-unboost|p1a: Koraidon|atk|1\n|-unboost|p1b: Whimsicott|atk|1\n|move|p1b: Whimsicott|Encore|p2a: Tornadus\n|-start|p2a: Tornadus|Encore\n|move|p1a: Koraidon|Breaking Swipe|p2a: Tornadus|[spread] p2a,p2b\n|-damage|p2a: Tornadus|55/100\n|-damage|p2b: Incineroar|61/100\n|-unboost|p2b: Incineroar|atk|1\n|-damage|p1a: Koraidon|81/100|[from] item: Life Orb\n|move|p2a: Tornadus|Rain Dance||[still]\n|-fail|p2a: Tornadus\n|\n|-weather|RainDance|[upkeep]\n|upkeep\n|turn|14\n|inactive|Ziik has 30 seconds left.\n|inactive|laZb0nes2 has 30 seconds left.\n|inactive|laZb0nes2 has 20 seconds left.\n|inactive|laZb0nes2 has 15 seconds left.\n|inactive|laZb0nes2 has 10 seconds left.\n|inactive|laZb0nes2 has 5 seconds left.\n|\n|t:|1746124571\n|switch|p2a: Kyogre|Kyogre, L50|8/100\n|move|p1a: Koraidon|Breaking Swipe|p2a: Kyogre|[spread] p2a,p2b\n|-damage|p2a: Kyogre|0 fnt\n|-damage|p2b: Incineroar|47/100\n|-unboost|p2b: Incineroar|atk|1\n|faint|p2a: Kyogre\n|-damage|p1a: Koraidon|72/100|[from] item: Life Orb\n|move|p1b: Whimsicott|Moonblast|p2b: Incineroar\n|-crit|p2b: Incineroar\n|-damage|p2b: Incineroar|8/100\n|-unboost|p2b: Incineroar|spa|1\n|move|p2b: Incineroar|Knock Off|p1b: Whimsicott\n|-resisted|p1b: Whimsicott\n|-damage|p1b: Whimsicott|27/100\n|-enditem|p1b: Whimsicott|Covert Cloak|[from] move: Knock Off|[of] p2b: Incineroar\n|\n|-weather|RainDance|[upkeep]\n|-sideend|p1: Ziik|move: Tailwind\n|upkeep\n|\n|t:|1746124573\n|switch|p2a: Tornadus|Tornadus, L50, M|55/100\n|turn|15\n|inactive|laZb0nes2 has 30 seconds left.\n|inactive|laZb0nes2 has 20 seconds left.\n|inactive|Ziik has 30 seconds left.\n|inactive|laZb0nes2 has 15 seconds left.\n|\n|t:|1746124602\n|move|p2a: Tornadus|Tailwind|p2a: Tornadus\n|-sidestart|p2: laZb0nes2|move: Tailwind\n|move|p1a: Koraidon|Breaking Swipe|p2a: Tornadus|[spread] p2a,p2b\n|-damage|p2a: Tornadus|42/100\n|-damage|p2b: Incineroar|0 fnt\n|faint|p2b: Incineroar\n|-damage|p1a: Koraidon|62/100|[from] item: Life Orb\n|move|p1b: Whimsicott|Moonblast|p2a: Tornadus\n|-damage|p2a: Tornadus|11/100\n|\n|-weather|RainDance|[upkeep]\n|upkeep\n|turn|16\n|inactive|laZb0nes2 has 15 seconds left this turn.\n|\n|t:|1746124614\n|move|p1b: Whimsicott|Tailwind|p1b: Whimsicott\n|-sidestart|p1: Ziik|move: Tailwind\n|move|p1a: Koraidon|Breaking Swipe|p2a: Tornadus\n|-damage|p2a: Tornadus|0 fnt\n|faint|p2a: Tornadus\n|-damage|p1a: Koraidon|52/100|[from] item: Life Orb\n|\n|win|Ziik\n|inactive|laZb0nes2 has 15 seconds left this turn.\n||laZb0nes2 is ready for game 2.\n||Ziik is ready for game 2.\n|uhtml|next|Next: <a href=\"/battle-gen9vgc2025regibo3-2354843758\"><strong>Game 2 of 3</strong></a>\n|l| s10 ultra baby\n|l|\u2606laZb0nes2\n|player|p2|\n", "uploadtime": 1746124812, "views": 6, "formatid": "gen9vgc2025regibo3", "rating": null, "private": 0, "password": null}