{"id": "gen9vgc2025regibo3-2354559787", "format": "[Gen 9] VGC 2025 Reg I (Bo3)", "players": ["MidoMidori", "mincarretta"], "log": "|j|\u2606MidoMidori\n|j|\u2606mincarretta\n|html|<table width=\"100%\"><tr><td align=\"left\">MidoMidori</td><td align=\"right\">mincarretta</tr><tr><td align=\"left\"><i class=\"fa fa-circle-o\"></i> <i class=\"fa fa-circle-o\"></i> </td><td align=\"right\"><i class=\"fa fa-circle-o\"></i> <i class=\"fa fa-circle\"></i> </tr></table>\n|uhtml|bestof|<h2><strong>Game 2</strong> of <a href=\"/game-bestof3-gen9vgc2025regibo3-2354558825\">a best-of-3</a></h2>\n|t:|1746094436\n|gametype|doubles\n|player|p1|MidoMidori|roxanne-gen6|1113\n|player|p2|mincarretta|1|1000\n|teamsize|p1|6\n|teamsize|p2|6\n|gen|9\n|tier|[Gen 9] VGC 2025 Reg I (Bo3)\n|rated|\n|rule|Species Clause: Limit one of each Pok\u00e9mon\n|rule|Item Clause: Limit 1 of each item\n|clearpoke\n|poke|p1|Koraidon, L50|\n|poke|p1|Ho-Oh, L50|\n|poke|p1|Flutter Mane, L50|\n|poke|p1|Incineroar, L50, M|\n|poke|p1|Raging Bolt, L50|\n|poke|p1|Iron Treads, L50|\n|poke|p2|Grimmsnarl, L50, M|\n|poke|p2|Calyrex-Shadow, L50|\n|poke|p2|Urshifu-*, L50, M|\n|poke|p2|Indeedee-F, L50, F|\n|poke|p2|Lunala, L50|\n|poke|p2|Torkoal, L50, F|\n|teampreview|4\n|showteam|p1|Koraidon||LoadedDice|OrichalcumPulse|ScaleShot,FlareBlitz,CollisionCourse,Protect||||||50|,,,,,Fire]Ho-Oh||ClearAmulet|Regenerator|SacredFire,BraveBird,Tailwind,Protect||||||50|,,,,,Grass]Flutter Mane||FocusSash|Protosynthesis|Moonblast,IcyWind,ShadowBall,Protect||||||50|,,,,,Normal]Incineroar||SafetyGoggles|Intimidate|FakeOut,FlareBlitz,KnockOff,PartingShot|||M|||50|,,,,,Water]Raging Bolt||AssaultVest|Protosynthesis|Thunderclap,VoltSwitch,DracoMeteor,Thunderbolt||||||50|,,,,,Electric]Iron Treads||LifeOrb|QuarkDrive|HighHorsepower,IronHead,SteelRoller,Protect||||||50|,,,,,Stellar\n|showteam|p2|Grimmsnarl||CovertCloak|Prankster|FakeTears,ThunderWave,PartingShot,FoulPlay|||M|||50|,,,,,Steel]Calyrex-Shadow||LifeOrb|AsOneSpectrier|AstralBarrage,DrainingKiss,Protect,ExpandingForce||||||50|,,,,,Normal]Urshifu-Rapid-Strike||FocusSash|UnseenFist|Detect,SurgingStrikes,AquaJet,CloseCombat|||M|||50|,,,,,Water]Indeedee-F||RockyHelmet|PsychicSurge|TrickRoom,ShadowBall,HelpingHand,FollowMe|||F|||50|,,,,,Psychic]Lunala||PsychicSeed|ShadowShield|ExpandingForce,TrickRoom,MoongeistBeam,WideGuard||||||50|,,,,,Fairy]Torkoal||Charcoal|Drought|Eruption,WeatherBall,EarthPower,Protect|||F|||50|,,,,,Fire\n|inactive|Battle timer is ON: inactive players will automatically lose when time's up. (requested by mincarretta)\n|inactive|MidoMidori has 60 seconds left.\n|inactive|mincarretta has 60 seconds left.\n|\n|t:|1746094478\n|start\n|switch|p1a: Incineroar|Incineroar, L50, M|100/100\n|switch|p1b: Koraidon|Koraidon, L50|100/100\n|switch|p2a: Grimmsnarl|Grimmsnarl, L50, M|100/100\n|switch|p2b: Calyrex|Calyrex-Shadow, L50|100/100\n|-ability|p2b: Calyrex|As One\n|-ability|p2b: Calyrex|Unnerve\n|-weather|SunnyDay|[from] ability: Orichalcum Pulse|[of] p1b: Koraidon\n|-activate|p1b: Koraidon|Orichalcum Pulse|[source]\n|-ability|p1a: Incineroar|Intimidate|boost\n|-unboost|p2a: Grimmsnarl|atk|1\n|-unboost|p2b: Calyrex|atk|1\n|turn|1\n|inactive|MidoMidori has 30 seconds left.\n|inactive|mincarretta has 30 seconds left.\n|inactive|mincarretta has 20 seconds left.\n|\n|t:|1746094516\n|-terastallize|p2b: Calyrex|Normal\n|move|p1b: Koraidon|Protect|p1b: Koraidon\n|-singleturn|p1b: Koraidon|Protect\n|move|p2a: Grimmsnarl|Fake Tears|p1b: Koraidon\n|-activate|p1b: Koraidon|move: Protect\n|move|p2b: Calyrex|Astral Barrage|p1b: Koraidon|[spread] p1a\n|-activate|p1b: Koraidon|move: Protect\n|-resisted|p1a: Incineroar\n|-damage|p1a: Incineroar|66/100\n|-damage|p2b: Calyrex|91/100|[from] item: Life Orb\n|move|p1a: Incineroar|Knock Off|p2b: Calyrex\n|-damage|p2b: Calyrex|48/100\n|-enditem|p2b: Calyrex|Life Orb|[from] move: Knock Off|[of] p1a: Incineroar\n|\n|-weather|SunnyDay|[upkeep]\n|upkeep\n|turn|2\n|\n|t:|1746094530\n|switch|p1b: Ho-Oh|Ho-Oh, L50|100/100\n|move|p2a: Grimmsnarl|Fake Tears|p1b: Ho-Oh\n|-fail|p1b: Ho-Oh|unboost|[from] item: Clear Amulet|[of] p1b: Ho-Oh\n|move|p2b: Calyrex|Astral Barrage|p1a: Incineroar|[spread] p1a,p1b\n|-resisted|p1a: Incineroar\n|-damage|p1a: Incineroar|42/100\n|-damage|p1b: Ho-Oh|69/100\n|move|p1a: Incineroar|Flare Blitz|p2b: Calyrex\n|-damage|p2b: Calyrex|0 fnt\n|faint|p2b: Calyrex\n|-damage|p1a: Incineroar|28/100|[from] Recoil\n|\n|-weather|SunnyDay|[upkeep]\n|upkeep\n|\n|t:|1746094546\n|switch|p2b: Urshifu|Urshifu-Rapid-Strike, L50, M|100/100\n|turn|3\n|\n|t:|1746094568\n|switch|p1a: Flutter Mane|Flutter Mane, L50|100/100\n|-activate|p1a: Flutter Mane|ability: Protosynthesis\n|-start|p1a: Flutter Mane|protosynthesisspe\n|-terastallize|p1b: Ho-Oh|Grass\n|move|p2a: Grimmsnarl|Thunder Wave|p1b: Ho-Oh|[miss]\n|-miss|p2a: Grimmsnarl|p1b: Ho-Oh\n|move|p2b: Urshifu|Surging Strikes|p1a: Flutter Mane\n|-crit|p1a: Flutter Mane\n|-damage|p1a: Flutter Mane|79/100\n|-crit|p1a: Flutter Mane\n|-damage|p1a: Flutter Mane|55/100\n|-crit|p1a: Flutter Mane\n|-damage|p1a: Flutter Mane|32/100\n|-hitcount|p1a: Flutter Mane|3\n|move|p1b: Ho-Oh|Sacred Fire|p2b: Urshifu\n|-resisted|p2b: Urshifu\n|-damage|p2b: Urshifu|60/100\n|-status|p2b: Urshifu|brn\n|\n|-weather|SunnyDay|[upkeep]\n|-damage|p2b: Urshifu|54/100 brn|[from] brn\n|upkeep\n|turn|4\n|inactive|mincarretta has 30 seconds left.\n|\n|t:|1746094597\n|move|p2b: Urshifu|Detect|p2b: Urshifu\n|-singleturn|p2b: Urshifu|Protect\n|move|p1a: Flutter Mane|Moonblast|p2a: Grimmsnarl\n|-supereffective|p2a: Grimmsnarl\n|-damage|p2a: Grimmsnarl|16/100\n|move|p1b: Ho-Oh|Tailwind|p1b: Ho-Oh\n|-sidestart|p1: MidoMidori|move: Tailwind\n|move|p2a: Grimmsnarl|Foul Play|p1a: Flutter Mane\n|-damage|p1a: Flutter Mane|1/100\n|\n|-weather|SunnyDay|[upkeep]\n|-damage|p2b: Urshifu|48/100 brn|[from] brn\n|upkeep\n|turn|5\n|\n|t:|1746094610\n|move|p2b: Urshifu|Aqua Jet|p1a: Flutter Mane\n|-damage|p1a: Flutter Mane|0 fnt\n|faint|p1a: Flutter Mane\n|-end|p1a: Flutter Mane|Protosynthesis|[silent]\n|move|p2a: Grimmsnarl|Thunder Wave|p1b: Ho-Oh\n|-status|p1b: Ho-Oh|par\n|move|p1b: Ho-Oh|Sacred Fire|p2a: Grimmsnarl\n|-damage|p2a: Grimmsnarl|0 fnt\n|faint|p2a: Grimmsnarl\n|\n|-weather|none\n|-damage|p2b: Urshifu|41/100 brn|[from] brn\n|upkeep\n|\n|t:|1746094619\n|switch|p1a: Koraidon|Koraidon, L50|100/100\n|switch|p2a: Lunala|Lunala, L50|100/100\n|-weather|SunnyDay|[from] ability: Orichalcum Pulse|[of] p1a: Koraidon\n|-activate|p1a: Koraidon|Orichalcum Pulse|[source]\n|turn|6\n|\n|t:|1746094641\n|move|p2b: Urshifu|Detect|p2b: Urshifu\n|-singleturn|p2b: Urshifu|Protect\n|move|p1a: Koraidon|Scale Shot|p2a: Lunala\n|-damage|p2a: Lunala|92/100\n|-damage|p2a: Lunala|78/100\n|-damage|p2a: Lunala|62/100\n|-damage|p2a: Lunala|47/100\n|-damage|p2a: Lunala|32/100\n|-hitcount|p2a: Lunala|5\n|-unboost|p1a: Koraidon|def|1\n|-boost|p1a: Koraidon|spe|1\n|move|p1b: Ho-Oh|Sacred Fire|p2a: Lunala|[miss]\n|-miss|p1b: Ho-Oh|p2a: Lunala\n|move|p2a: Lunala|Trick Room|p2a: Lunala\n|-fieldstart|move: Trick Room|[of] p2a: Lunala\n|\n|-weather|SunnyDay|[upkeep]\n|-damage|p2b: Urshifu|35/100 brn|[from] brn\n|upkeep\n|turn|7\n|inactive|mincarretta has 30 seconds left.\n|\n|t:|1746094673\n|switch|p1a: Incineroar|Incineroar, L50, M|28/100\n|-ability|p1a: Incineroar|Intimidate|boost\n|-unboost|p2a: Lunala|atk|1\n|-unboost|p2b: Urshifu|atk|1\n|move|p2a: Lunala|Expanding Force|p1a: Incineroar\n|-immune|p1a: Incineroar\n|move|p1b: Ho-Oh|Sacred Fire|p2a: Lunala\n|-damage|p2a: Lunala|0 fnt\n|faint|p2a: Lunala\n|move|p2b: Urshifu|Close Combat|p1a: Incineroar\n|-supereffective|p1a: Incineroar\n|-damage|p1a: Incineroar|0 fnt\n|-unboost|p2b: Urshifu|def|1\n|-unboost|p2b: Urshifu|spd|1\n|faint|p1a: Incineroar\n|\n|-weather|SunnyDay|[upkeep]\n|-damage|p2b: Urshifu|29/100 brn|[from] brn\n|-sideend|p1: MidoMidori|move: Tailwind\n|upkeep\n|\n|t:|1746094682\n|switch|p1a: Koraidon|Koraidon, L50|100/100\n|-activate|p1a: Koraidon|ability: Orichalcum Pulse\n|turn|8\n|-message|mincarretta forfeited.\n|\n|win|MidoMidori\n|l|\u2606mincarretta\n|player|p2|\n||MidoMidori is ready for game 3.\n||mincarretta is ready for game 3.\n|uhtml|next|Next: <a href=\"/battle-gen9vgc2025regibo3-2354561138\"><strong>Game 3 of 3</strong></a>\n", "uploadtime": 1746094973, "views": 13, "formatid": "gen9vgc2025regibo3", "rating": null, "private": 0, "password": null}