{"id": "gen9vgc2025regibo3-2354769586", "format": "[Gen 9] VGC 2025 Reg I (Bo3)", "players": ["Tugi", "1strainhater"], "log": "|j|\u2606Tugi\n|j|\u26061strainhater\n|html|<table width=\"100%\"><tr><td align=\"left\">Tugi</td><td align=\"right\">1strainhater</tr><tr><td align=\"left\"><i class=\"fa fa-circle-o\"></i> <i class=\"fa fa-circle-o\"></i> </td><td align=\"right\"><i class=\"fa fa-circle-o\"></i> <i class=\"fa fa-circle\"></i> </tr></table>\n|uhtml|bestof|<h2><strong>Game 2</strong> of <a href=\"/game-bestof3-gen9vgc2025regibo3-2354765827\">a best-of-3</a></h2>\n|t:|1746118196\n|gametype|doubles\n|player|p1|Tugi|102|1145\n|player|p2|1strainhater|li|1238\n|teamsize|p1|6\n|teamsize|p2|6\n|gen|9\n|tier|[Gen 9] VGC 2025 Reg I (Bo3)\n|rated|\n|rule|Species Clause: Limit one of each Pok\u00e9mon\n|rule|Item Clause: Limit 1 of each item\n|clearpoke\n|poke|p1|Incineroar, L50, F|\n|poke|p1|Tornadus, L50, M|\n|poke|p1|Terapagos, L50, M|\n|poke|p1|Ogerpon-Cornerstone, L50, F|\n|poke|p1|Calyrex-Shadow, L50|\n|poke|p1|Rillaboom, L50, M|\n|poke|p2|Calyrex-Shadow, L50|\n|poke|p2|Zamazenta-*, L50|\n|poke|p2|Incineroar, L50, M|\n|poke|p2|Chien-Pao, L50|\n|poke|p2|Amoonguss, L50, F|\n|poke|p2|Urshifu-*, L50, F|\n|teampreview|4\n|showteam|p1|Incineroar||RockyHelmet|Intimidate|PartingShot,FakeOut,KnockOff,WillOWisp|||F|||50|,,,,,Ghost]Tornadus||CovertCloak|Prankster|BleakwindStorm,RainDance,Taunt,Tailwind|||M|||50|,,,,,Steel]Terapagos||Leftovers|TeraShift|Protect,CalmMind,EarthPower,TeraStarstorm|||M|||50|,,,,,Stellar]Ogerpon-Cornerstone||CornerstoneMask|Sturdy|IvyCudgel,FollowMe,PowerWhip,SpikyShield|||F|||50|,,,,,Rock]Calyrex-Shadow||FocusSash|AsOneSpectrier|AstralBarrage,Protect,Disable,Psychic||||||50|,,,,,Ghost]Rillaboom||AssaultVest|GrassySurge|FakeOut,DrumBeating,Uturn,GrassyGlide|||M|||50|,,,,,Fire\n|showteam|p2|Calyrex-Shadow||LifeOrb|AsOneSpectrier|AstralBarrage,Psychic,NastyPlot,Protect||||||50|,,,,,Dark]Zamazenta-Crowned||RustedShield|DauntlessShield|BodyPress,behemothbash,WideGuard,Protect||||||50|,,,,,Dragon]Incineroar||SafetyGoggles|Intimidate|FakeOut,KnockOff,PartingShot,HelpingHand|||M|||50|,,,,,Water]Chien-Pao||FocusSash|SwordofRuin|IceSpinner,ThroatChop,SuckerPunch,Protect||||||50|,,,,,Ghost]Amoonguss||RockyHelmet|Regenerator|SludgeBomb,RagePowder,Spore,Protect|||F|||50|,,,,,Dark]Urshifu-Rapid-Strike||ChoiceScarf|UnseenFist|SurgingStrikes,AquaJet,Uturn,CloseCombat|||F|||50|,,,,,Water\n|inactive|Battle timer is ON: inactive players will automatically lose when time's up. (requested by 1strainhater)\n|inactive|Tugi has 60 seconds left.\n|inactive|Tugi has 30 seconds left.\n|\n|t:|1746118257\n|start\n|switch|p1a: Rillaboom|Rillaboom, L50, M|100/100\n|switch|p1b: Terapagos|Terapagos, L50, M|100/100\n|switch|p2a: Incineroar|Incineroar, L50, M|100/100\n|switch|p2b: Urshifu|Urshifu-Rapid-Strike, L50, F|100/100\n|-activate|p1b: Terapagos|ability: Tera Shift\n|detailschange|p1b: Terapagos|Terapagos-Terastal, L50, M\n|-heal|p1b: Terapagos|100/100|[silent]\n|-fieldstart|move: Grassy Terrain|[from] ability: Grassy Surge|[of] p1a: Rillaboom\n|-ability|p2a: Incineroar|Intimidate|boost\n|-unboost|p1a: Rillaboom|atk|1\n|-unboost|p1b: Terapagos|atk|1\n|turn|1\n|inactive|Tugi has 30 seconds left.\n|inactive|Tugi has 20 seconds left.\n|\n|t:|1746118297\n|move|p1b: Terapagos|Protect|p1b: Terapagos\n|-singleturn|p1b: Terapagos|Protect\n|move|p2b: Urshifu|U-turn|p1a: Rillaboom\n|-supereffective|p1a: Rillaboom\n|-damage|p1a: Rillaboom|48/100\n|\n|t:|1746118307\n|switch|p2b: Zamazenta|Zamazenta-Crowned, L50|100/100|[from] U-turn\n|-ability|p2b: Zamazenta|Dauntless Shield|boost\n|-boost|p2b: Zamazenta|def|1\n|move|p1a: Rillaboom|Drum Beating|p2b: Zamazenta\n|-resisted|p2b: Zamazenta\n|-damage|p2b: Zamazenta|94/100\n|-unboost|p2b: Zamazenta|spe|1\n|move|p2a: Incineroar|Knock Off|p1b: Terapagos\n|-activate|p1b: Terapagos|move: Protect\n|\n|-heal|p1a: Rillaboom|54/100|[from] Grassy Terrain\n|-heal|p2b: Zamazenta|99/100|[from] Grassy Terrain\n|upkeep\n|turn|2\n|inactive|Tugi has 30 seconds left.\n|inactive|Tugi has 20 seconds left.\n|inactive|Tugi has 15 seconds left.\n|\n|t:|1746118348\n|move|p1a: Rillaboom|U-turn|p2a: Incineroar\n|-damage|p2a: Incineroar|89/100\n|\n|t:|1746118357\n|switch|p1a: Ogerpon|Ogerpon-Cornerstone, L50, F|100/100|[from] U-turn\n|move|p2b: Zamazenta|Body Press|p1a: Ogerpon\n|-supereffective|p1a: Ogerpon\n|-ability|p1a: Ogerpon|Sturdy\n|-damage|p1a: Ogerpon|1/100\n|move|p1b: Terapagos|Calm Mind|p1b: Terapagos\n|-boost|p1b: Terapagos|spa|1\n|-boost|p1b: Terapagos|spd|1\n|move|p2a: Incineroar|Knock Off|p1b: Terapagos\n|-activate|p1b: Terapagos|ability: Tera Shell\n|-resisted|p1b: Terapagos\n|-damage|p1b: Terapagos|85/100\n|-enditem|p1b: Terapagos|Leftovers|[from] move: Knock Off|[of] p2a: Incineroar\n|\n|-heal|p1a: Ogerpon|7/100|[from] Grassy Terrain\n|-heal|p1b: Terapagos|91/100|[from] Grassy Terrain\n|-heal|p2b: Zamazenta|100/100|[from] Grassy Terrain\n|-heal|p2a: Incineroar|95/100|[from] Grassy Terrain\n|upkeep\n|turn|3\n|inactive|Tugi has 30 seconds left.\n|inactive|Tugi has 20 seconds left.\n|inactive|Tugi has 15 seconds left.\n|inactive|Tugi has 10 seconds left.\n|inactive|Tugi has 5 seconds left.\n|\n|t:|1746118409\n|move|p1a: Ogerpon|Follow Me|p1a: Ogerpon\n|-singleturn|p1a: Ogerpon|move: Follow Me\n|move|p1b: Terapagos|Earth Power|p2b: Zamazenta\n|-supereffective|p2b: Zamazenta\n|-crit|p2b: Zamazenta\n|-damage|p2b: Zamazenta|0 fnt\n|faint|p2b: Zamazenta\n|move|p2a: Incineroar|Parting Shot|p1a: Ogerpon\n|-unboost|p1a: Ogerpon|atk|1\n|-unboost|p1a: Ogerpon|spa|1\n|\n|t:|1746118417\n|switch|p2a: Urshifu|Urshifu-Rapid-Strike, L50, F|100/100|[from] Parting Shot\n|\n|-heal|p1a: Ogerpon|13/100|[from] Grassy Terrain\n|-heal|p1b: Terapagos|97/100|[from] Grassy Terrain\n|upkeep\n|\n|t:|1746118419\n|switch|p2b: Incineroar|Incineroar, L50, M|95/100\n|-ability|p2b: Incineroar|Intimidate|boost\n|-unboost|p1a: Ogerpon|atk|1\n|-unboost|p1b: Terapagos|atk|1\n|turn|4\n|inactive|Tugi has 30 seconds left.\n|inactive|Tugi has 20 seconds left.\n|\n|t:|1746118455\n|move|p2b: Incineroar|Fake Out|p1a: Ogerpon\n|-resisted|p1a: Ogerpon\n|-damage|p1a: Ogerpon|6/100\n|cant|p1a: Ogerpon|flinch\n|move|p2a: Urshifu|Close Combat|p1b: Terapagos\n|-supereffective|p1b: Terapagos\n|-damage|p1b: Terapagos|0 fnt\n|-unboost|p2a: Urshifu|def|1\n|-unboost|p2a: Urshifu|spd|1\n|faint|p1b: Terapagos\n|\n|-heal|p1a: Ogerpon|11/100|[from] Grassy Terrain\n|-heal|p2b: Incineroar|100/100|[from] Grassy Terrain\n|upkeep\n|\n|t:|1746118469\n|switch|p1b: Calyrex|Calyrex-Shadow, L50|100/100\n|-ability|p1b: Calyrex|As One\n|-ability|p1b: Calyrex|Unnerve\n|turn|5\n|\n|t:|1746118491\n|-terastallize|p1b: Calyrex|Ghost\n|move|p1a: Ogerpon|Follow Me|p1a: Ogerpon\n|-singleturn|p1a: Ogerpon|move: Follow Me\n|move|p2a: Urshifu|Close Combat|p1a: Ogerpon\n|-supereffective|p1a: Ogerpon\n|-crit|p1a: Ogerpon\n|-damage|p1a: Ogerpon|0 fnt\n|-unboost|p2a: Urshifu|def|1\n|-unboost|p2a: Urshifu|spd|1\n|faint|p1a: Ogerpon\n|move|p1b: Calyrex|Astral Barrage|p2b: Incineroar|[spread] p2a,p2b\n|-resisted|p2b: Incineroar\n|-damage|p2a: Urshifu|0 fnt\n|-damage|p2b: Incineroar|66/100\n|faint|p2a: Urshifu\n|-ability|p1b: Calyrex|Grim Neigh|boost\n|-boost|p1b: Calyrex|spa|1\n|move|p2b: Incineroar|Knock Off|p1b: Calyrex\n|-supereffective|p1b: Calyrex\n|-damage|p1b: Calyrex|11/100\n|-enditem|p1b: Calyrex|Focus Sash|[from] move: Knock Off|[of] p2b: Incineroar\n|\n|-heal|p1b: Calyrex|17/100|[from] Grassy Terrain\n|-heal|p2b: Incineroar|72/100|[from] Grassy Terrain\n|-fieldend|move: Grassy Terrain\n|upkeep\n|\n|t:|1746118510\n|switch|p1a: Rillaboom|Rillaboom, L50, M|54/100\n|switch|p2a: Chien-Pao|Chien-Pao, L50|100/100\n|-ability|p2a: Chien-Pao|Sword of Ruin\n|-fieldstart|move: Grassy Terrain|[from] ability: Grassy Surge|[of] p1a: Rillaboom\n|turn|6\n|inactive|Tugi has 30 seconds left.\n|inactive|Tugi has 20 seconds left.\n|inactive|Tugi has 15 seconds left.\n|inactive|Tugi has 10 seconds left.\n|inactive|Tugi has 5 seconds left.\n|\n|t:|1746118562\n|-terastallize|p2a: Chien-Pao|Ghost\n|move|p1a: Rillaboom|Fake Out|p2a: Chien-Pao\n|-immune|p2a: Chien-Pao\n|move|p1b: Calyrex|Disable|p2b: Incineroar\n|-start|p2b: Incineroar|Disable|Knock Off\n|move|p2a: Chien-Pao|Throat Chop|p1b: Calyrex\n|-supereffective|p1b: Calyrex\n|-damage|p1b: Calyrex|0 fnt\n|faint|p1b: Calyrex\n|cant|p2b: Incineroar|Disable|Knock Off\n|\n|-heal|p1a: Rillaboom|60/100|[from] Grassy Terrain\n|-heal|p2b: Incineroar|78/100|[from] Grassy Terrain\n|upkeep\n|turn|7\n|\n|t:|1746118577\n|move|p2b: Incineroar|Helping Hand|p2a: Chien-Pao\n|-singleturn|p2a: Chien-Pao|Helping Hand|[of] p2b: Incineroar\n|move|p1a: Rillaboom|Grassy Glide|p2a: Chien-Pao\n|-damage|p2a: Chien-Pao|51/100\n|move|p2a: Chien-Pao|Ice Spinner|p1a: Rillaboom\n|-supereffective|p1a: Rillaboom\n|-damage|p1a: Rillaboom|0 fnt\n|-fieldend|move: Grassy Terrain\n|faint|p1a: Rillaboom\n|\n|win|1strainhater\n|raw|Tugi's rating: 1145 &rarr; <strong>1127</strong><br />(-18 for losing)\n|raw|1strainhater's rating: 1238 &rarr; <strong>1256</strong><br />(+18 for winning)\n|l|\u26061strainhater\n|player|p2|\n", "uploadtime": 1746118581, "views": 7, "formatid": "gen9vgc2025regibo3", "rating": 1127, "private": 0, "password": null}