{"id": "gen9vgc2025regibo3-2354443626", "format": "[Gen 9] VGC 2025 Reg I (Bo3)", "players": ["sadfkl", "spongebob601"], "log": "|j|\u2606sadfkl\n|j|\u2606spongebob601\n|html|<table width=\"100%\"><tr><td align=\"left\">sadfkl</td><td align=\"right\">spongebob601</tr><tr><td align=\"left\"><i class=\"fa fa-circle-o\"></i> <i class=\"fa fa-circle-o\"></i> </td><td align=\"right\"><i class=\"fa fa-circle-o\"></i> <i class=\"fa fa-circle-o\"></i> </tr></table>\n|uhtml|bestof|<h2><strong>Game 1</strong> of <a href=\"/game-bestof3-gen9vgc2025regibo3-2354443625\">a best-of-3</a></h2>\n|t:|1746072438\n|gametype|doubles\n|player|p1|sadfkl|ethan|1120\n|player|p2|spongebob601|170|1073\n|teamsize|p1|6\n|teamsize|p2|6\n|gen|9\n|tier|[Gen 9] VGC 2025 Reg I (Bo3)\n|rated|\n|rule|Species Clause: Limit one of each Pok\u00e9mon\n|rule|Item Clause: Limit 1 of each item\n|clearpoke\n|poke|p1|Koraidon, L50|\n|poke|p1|Calyrex-Shadow, L50|\n|poke|p1|Indeedee-F, L50, F|\n|poke|p1|Iron Bundle, L50|\n|poke|p1|Chi-Yu, L50|\n|poke|p1|Brute Bonnet, L50|\n|poke|p2|Calyrex-Shadow, L50|\n|poke|p2|Zamazenta-*, L50|\n|poke|p2|Incineroar, L50, M|\n|poke|p2|Raging Bolt, L50|\n|poke|p2|Gothitelle, L50, M|\n|poke|p2|Grimmsnarl, L50, M|\n|teampreview|4\n|showteam|p1|Koraidon||LifeOrb|OrichalcumPulse|CollisionCourse,FlareBlitz,Protect,LowKick||||||50|,,,,,Fire]Calyrex-Shadow||FocusSash|AsOneSpectrier|AstralBarrage,ExpandingForce,Protect,PollenPuff||||||50|,,,,,Dark]Indeedee-F||PsychicSeed|PsychicSurge|AlluringVoice,FollowMe,HelpingHand,TrickRoom|||F|||50|,,,,,Water]Iron Bundle||BoosterEnergy|QuarkDrive|IcyWind,Taunt,Encore,FreezeDry||||||50|,,,,,Ghost]Chi-Yu||ChoiceScarf|BeadsofRuin|HeatWave,DarkPulse,Snarl,Overheat||||||50|,,,,,Fire]Brute Bonnet||CovertCloak|Protosynthesis|SeedBomb,SuckerPunch,Spore,RagePowder||||||50|,,,,,Water\n|showteam|p2|Calyrex-Shadow||SitrusBerry|AsOneSpectrier|Snarl,AstralBarrage,Protect,Substitute||||||50|,,,,,Dragon]Zamazenta-Crowned||RustedShield|DauntlessShield|BodyPress,IronDefense,Snarl,WideGuard||||||50|,,,,,Dragon]Incineroar||RockyHelmet|Intimidate|KnockOff,PartingShot,FakeOut,WillOWisp|||M|||50|,,,,,Dragon]Raging Bolt||AguavBerry|Protosynthesis|Thunderclap,CalmMind,DragonPulse,Snarl||||||50|,,,,,Fairy]Gothitelle||Leftovers|ShadowTag|FakeOut,Psyshock,Protect,HealPulse|||M|||50|,,,,,Steel]Grimmsnarl||LightClay|Prankster|LightScreen,Reflect,SpiritBreak,ThunderWave|||M|||50|,,,,,Ghost\n|inactive|Battle timer is ON: inactive players will automatically lose when time's up. (requested by spongebob601)\n|inactive|spongebob601 has 60 seconds left.\n|\n|t:|1746072529\n|start\n|switch|p1a: Indeedee|Indeedee-F, L50, F|100/100\n|switch|p1b: Koraidon|Koraidon, L50|100/100\n|switch|p2a: Zamazenta|Zamazenta-Crowned, L50|100/100\n|switch|p2b: Gothitelle|Gothitelle, L50, M|100/100\n|-weather|SunnyDay|[from] ability: Orichalcum Pulse|[of] p1b: Koraidon\n|-activate|p1b: Koraidon|Orichalcum Pulse|[source]\n|-ability|p2a: Zamazenta|Dauntless Shield|boost\n|-boost|p2a: Zamazenta|def|1\n|-fieldstart|move: Psychic Terrain|[from] ability: Psychic Surge|[of] p1a: Indeedee\n|-enditem|p1a: Indeedee|Psychic Seed\n|-boost|p1a: Indeedee|spd|1|[from] item: Psychic Seed\n|turn|1\n|inactive|sadfkl has 30 seconds left.\n|inactive|spongebob601 has 30 seconds left.\n|\n|t:|1746072559\n|-terastallize|p1b: Koraidon|Fire\n|-terastallize|p2a: Zamazenta|Dragon\n|move|p1b: Koraidon|Flare Blitz|p2b: Gothitelle\n|-damage|p2b: Gothitelle|0 fnt\n|faint|p2b: Gothitelle\n|-damage|p1b: Koraidon|68/100|[from] Recoil\n|-damage|p1b: Koraidon|58/100|[from] item: Life Orb\n|move|p2a: Zamazenta|Iron Defense|p2a: Zamazenta\n|-boost|p2a: Zamazenta|def|2\n|move|p1a: Indeedee|Alluring Voice|p2a: Zamazenta\n|-supereffective|p2a: Zamazenta\n|-damage|p2a: Zamazenta|78/100\n|-start|p2a: Zamazenta|confusion\n|\n|-weather|SunnyDay|[upkeep]\n|upkeep\n|\n|t:|1746072580\n|switch|p2b: Calyrex|Calyrex-Shadow, L50|100/100\n|-ability|p2b: Calyrex|As One\n|-ability|p2b: Calyrex|Unnerve\n|turn|2\n|inactive|sadfkl has 30 seconds left.\n|\n|t:|1746072608\n|move|p1a: Indeedee|Follow Me|p1a: Indeedee\n|-singleturn|p1a: Indeedee|move: Follow Me\n|move|p1b: Koraidon|Flare Blitz|p2b: Calyrex\n|-damage|p2b: Calyrex|0 fnt\n|faint|p2b: Calyrex\n|-damage|p1b: Koraidon|19/100|[from] Recoil\n|-damage|p1b: Koraidon|10/100|[from] item: Life Orb\n|-activate|p2a: Zamazenta|confusion\n|-damage|p2a: Zamazenta|76/100|[from] confusion\n|\n|-weather|SunnyDay|[upkeep]\n|upkeep\n|\n|t:|1746072618\n|switch|p2b: Raging Bolt|Raging Bolt, L50|100/100\n|-activate|p2b: Raging Bolt|ability: Protosynthesis\n|-start|p2b: Raging Bolt|protosynthesisspa\n|turn|3\n|\n|t:|1746072632\n|move|p1b: Koraidon|Collision Course|p2b: Raging Bolt\n|-damage|p2b: Raging Bolt|29/100\n|-damage|p1b: Koraidon|0 fnt|[from] item: Life Orb\n|faint|p1b: Koraidon\n|-activate|p2a: Zamazenta|confusion\n|move|p2a: Zamazenta|Snarl|p1a: Indeedee\n|-supereffective|p1a: Indeedee\n|-crit|p1a: Indeedee\n|-damage|p1a: Indeedee|71/100\n|-unboost|p1a: Indeedee|spa|1\n|move|p2b: Raging Bolt|Snarl|p1a: Indeedee\n|-supereffective|p1a: Indeedee\n|-damage|p1a: Indeedee|41/100\n|-unboost|p1a: Indeedee|spa|1\n|move|p1a: Indeedee|Alluring Voice|p2a: Zamazenta\n|-supereffective|p2a: Zamazenta\n|-damage|p2a: Zamazenta|64/100\n|\n|-weather|SunnyDay|[upkeep]\n|upkeep\n|\n|t:|1746072642\n|switch|p1b: Calyrex|Calyrex-Shadow, L50|100/100\n|-ability|p1b: Calyrex|As One\n|-ability|p1b: Calyrex|Unnerve\n|turn|4\n|inactive|spongebob601 has 30 seconds left.\n|inactive|spongebob601 has 20 seconds left.\n|\n|t:|1746072681\n|-end|p2a: Zamazenta|confusion\n|move|p2a: Zamazenta|Wide Guard|p2a: Zamazenta\n|-singleturn|p2a: Zamazenta|Wide Guard\n|move|p1b: Calyrex|Expanding Force|p2b: Raging Bolt|[spread] \n|-activate|p2a: Zamazenta|move: Wide Guard\n|-activate|p2b: Raging Bolt|move: Wide Guard\n|move|p2b: Raging Bolt|Calm Mind|p2b: Raging Bolt\n|-boost|p2b: Raging Bolt|spa|1\n|-boost|p2b: Raging Bolt|spd|1\n|move|p1a: Indeedee|Alluring Voice|p2a: Zamazenta\n|-supereffective|p2a: Zamazenta\n|-damage|p2a: Zamazenta|52/100\n|\n|-weather|SunnyDay|[upkeep]\n|upkeep\n|turn|5\n|\n|t:|1746072700\n|move|p1b: Calyrex|Protect|p1b: Calyrex\n|-singleturn|p1b: Calyrex|Protect\n|move|p2a: Zamazenta|Wide Guard|p2a: Zamazenta\n|-singleturn|p2a: Zamazenta|Wide Guard\n|move|p2b: Raging Bolt|Snarl|p1b: Calyrex|[spread] \n|-activate|p1b: Calyrex|move: Protect\n|-miss|p2b: Raging Bolt|p1a: Indeedee\n|move|p1a: Indeedee|Alluring Voice|p2b: Raging Bolt\n|-supereffective|p2b: Raging Bolt\n|-damage|p2b: Raging Bolt|21/100\n|\n|-weather|none\n|-end|p2b: Raging Bolt|Protosynthesis\n|-fieldend|move: Psychic Terrain\n|upkeep\n|turn|6\n|\n|t:|1746072725\n|move|p1a: Indeedee|Follow Me|p1a: Indeedee\n|-singleturn|p1a: Indeedee|move: Follow Me\n|move|p2b: Raging Bolt|Thunderclap||[still]\n|-fail|p2b: Raging Bolt\n|move|p1b: Calyrex|Expanding Force|p2a: Zamazenta\n|-damage|p2a: Zamazenta|19/100\n|move|p2a: Zamazenta|Snarl|p1b: Calyrex|[spread] p1a,p1b\n|-supereffective|p1a: Indeedee\n|-supereffective|p1b: Calyrex\n|-damage|p1a: Indeedee|30/100\n|-damage|p1b: Calyrex|66/100\n|-unboost|p1a: Indeedee|spa|1\n|-unboost|p1b: Calyrex|spa|1\n|\n|upkeep\n|turn|7\n|\n|t:|1746072739\n|move|p1a: Indeedee|Follow Me|p1a: Indeedee\n|-singleturn|p1a: Indeedee|move: Follow Me\n|move|p1b: Calyrex|Expanding Force|p2a: Zamazenta\n|-damage|p2a: Zamazenta|0 fnt\n|faint|p2a: Zamazenta\n|-ability|p1b: Calyrex|Grim Neigh|boost\n|-boost|p1b: Calyrex|spa|1\n|move|p2b: Raging Bolt|Snarl|p1b: Calyrex|[spread] p1a,p1b\n|-supereffective|p1a: Indeedee\n|-supereffective|p1b: Calyrex\n|-damage|p1a: Indeedee|6/100\n|-damage|p1b: Calyrex|0 fnt\n|-unboost|p1a: Indeedee|spa|1\n|-enditem|p2b: Raging Bolt|Aguav Berry|[eat]\n|-heal|p2b: Raging Bolt|54/100|[from] item: Aguav Berry\n|faint|p1b: Calyrex\n|\n|upkeep\n|\n|t:|1746072747\n|switch|p1b: Chi-Yu|Chi-Yu, L50|100/100\n|-ability|p1b: Chi-Yu|Beads of Ruin\n|turn|8\n|inactive|spongebob601 has 30 seconds left.\n|\n|t:|1746072772\n|move|p1a: Indeedee|Helping Hand|p1b: Chi-Yu\n|-singleturn|p1b: Chi-Yu|Helping Hand|[of] p1a: Indeedee\n|move|p1b: Chi-Yu|Dark Pulse|p2b: Raging Bolt\n|-damage|p2b: Raging Bolt|7/100\n|move|p2b: Raging Bolt|Snarl|p1b: Chi-Yu|[spread] p1a,p1b\n|-supereffective|p1a: Indeedee\n|-resisted|p1b: Chi-Yu\n|-damage|p1a: Indeedee|0 fnt\n|-damage|p1b: Chi-Yu|89/100\n|-unboost|p1b: Chi-Yu|spa|1\n|faint|p1a: Indeedee\n|\n|upkeep\n|turn|9\n|\n|t:|1746072784\n|move|p2b: Raging Bolt|Thunderclap|p1b: Chi-Yu\n|-damage|p1b: Chi-Yu|25/100\n|move|p1b: Chi-Yu|Dark Pulse|p2b: Raging Bolt\n|-damage|p2b: Raging Bolt|0 fnt\n|faint|p2b: Raging Bolt\n|-end|p2b: Raging Bolt|Protosynthesis|[silent]\n|\n|win|sadfkl\n||sadfkl is ready for game 2.\n||spongebob601 is ready for game 2.\n|uhtml|next|Next: <a href=\"/battle-gen9vgc2025regibo3-2354445970\"><strong>Game 2 of 3</strong></a>\n|l|\u2606sadfkl\n|player|p1|\n", "uploadtime": 1746073096, "views": 14, "formatid": "gen9vgc2025regibo3", "rating": null, "private": 0, "password": null}