{"id": "gen9vgc2025regibo3-2353714987", "format": "[Gen 9] VGC 2025 Reg I (Bo3)", "players": ["johnbanned", "lycheesnail"], "log": "|j|\u2606johnbanned\n|j|\u2606lycheesnail\n|html|<table width=\"100%\"><tr><td align=\"left\">johnbanned</td><td align=\"right\">lycheesnail</tr><tr><td align=\"left\"><i class=\"fa fa-circle-o\"></i> <i class=\"fa fa-circle-o\"></i> </td><td align=\"right\"><i class=\"fa fa-circle-o\"></i> <i class=\"fa fa-circle-o\"></i> </tr></table>\n|uhtml|bestof|<h2><strong>Game 1</strong> of <a href=\"/game-bestof3-gen9vgc2025regibo3-2353714986\">a best-of-3</a></h2>\n|t:|1745987607\n|gametype|doubles\n|player|p1|johnbanned|baker|\n|player|p2|lycheesnail|preschoolerf|\n|teamsize|p1|6\n|teamsize|p2|6\n|gen|9\n|tier|[Gen 9] VGC 2025 Reg I (Bo3)\n|rule|Species Clause: Limit one of each Pok\u00e9mon\n|rule|Item Clause: Limit 1 of each item\n|clearpoke\n|poke|p1|Grimmsnarl, L50, M|\n|poke|p1|Ditto, L50|\n|poke|p1|Lunala, L50|\n|poke|p1|Articuno-Galar, L50|\n|poke|p1|Corviknight, L50, F|\n|poke|p1|Eternatus, L50|\n|poke|p2|Calyrex-Ice, L50|\n|poke|p2|Necrozma-Dawn-Wings, L50|\n|poke|p2|Indeedee-F, L50, F|\n|poke|p2|Smeargle, L50, F|\n|poke|p2|Urshifu-*, L50, F|\n|poke|p2|Torkoal, L50, M|\n|teampreview|4\n|showteam|p1|Grimmsnarl||LightClay|Prankster|FoulPlay,ThunderWave,LightScreen,Reflect|||M|||50|,,,,,Ghost]Ditto||ChoiceScarf|Imposter|Transform||||||50|,,,,,Ghost]Lunala||SafetyGoggles|ShadowShield|MoongeistBeam,CalmMind,Moonblast,Protect||||||50|,,,,,Fairy]Articuno-Galar||CovertCloak|Competitive|Hurricane,PsychicNoise,Protect,Tailwind||||||50|,,,,,Fairy]Corviknight||Leftovers|MirrorArmor|Roost,BulkUp,BraveBird,IronHead|||F|||50|,,,,,Ground]Eternatus||LifeOrb|Pressure|DynamaxCannon,SludgeWave,Protect,FlashCannon||||||50|,,,,,Poison\n|showteam|p2|Calyrex-Ice||ClearAmulet|AsOneGlastrier|GlacialLance,CloseCombat,TrickRoom,Protect||||||50|,,,,,Fire]Necrozma-Dawn-Wings||PowerHerb|PrismArmor|MoongeistBeam,ExpandingForce,MeteorBeam,TrickRoom||||||50|,,,,,Grass]Indeedee-F||RockyHelmet|PsychicSurge|Psychic,FollowMe,HelpingHand,TrickRoom|||F|||50|,,,,,Fairy]Smeargle||FocusSash|Technician|FakeOut,Spore,FollowMe,Decorate|||F|||50|,,,,,Grass]Urshifu||ChoiceBand|UnseenFist|WickedBlow,CloseCombat,SuckerPunch,IronHead|||F|||50|,,,,,Grass]Torkoal||ChoiceSpecs|Drought|Eruption,HeatWave,EarthPower,WeatherBall|||M|||50|,,,,,Fire\n|\n|t:|1745987740\n|start\n|switch|p1a: mister edgy-er|Grimmsnarl, L50, M|100/100\n|switch|p1b: not a|Lunala, L50|100/100\n|switch|p2a: Smeargle|Smeargle, L50, F|100/100\n|switch|p2b: Calyrex|Calyrex-Ice, L50|100/100\n|-ability|p2b: Calyrex|As One\n|-ability|p2b: Calyrex|Unnerve\n|turn|1\n|\n|t:|1745987775\n|-terastallize|p2b: Calyrex|Fire\n|move|p1b: not a|Protect|p1b: not a\n|-singleturn|p1b: not a|Protect\n|move|p2a: Smeargle|Fake Out|p1a: mister edgy-er\n|-damage|p1a: mister edgy-er|90/100\n|cant|p1a: mister edgy-er|flinch\n|move|p2b: Calyrex|Glacial Lance|p1b: not a|[spread] p1a\n|-activate|p1b: not a|move: Protect\n|-damage|p1a: mister edgy-er|21/100\n|\n|upkeep\n|turn|2\n|\n|t:|1745987856\n|move|p1a: mister edgy-er|Reflect|p1a: mister edgy-er\n|-sidestart|p1: johnbanned|Reflect\n|move|p2a: Smeargle|Decorate|p2b: Calyrex\n|-boost|p2b: Calyrex|atk|2\n|-boost|p2b: Calyrex|spa|2\n|move|p1b: not a|Moongeist Beam|p2b: Calyrex\n|-damage|p2b: Calyrex|63/100\n|move|p2b: Calyrex|Glacial Lance|p1a: mister edgy-er|[spread] p1a,p1b\n|-damage|p1a: mister edgy-er|0 fnt\n|-damage|p1b: not a|69/100\n|faint|p1a: mister edgy-er\n|-ability|p2b: Calyrex|Chilling Neigh|boost\n|-boost|p2b: Calyrex|atk|1\n|\n|upkeep\n|\n|t:|1745987869\n|switch|p1a: you but faster|Ditto, L50|100/100\n|-transform|p1a: you but faster|p2b: Calyrex|[from] ability: Imposter\n|-ability|p1a: you but faster|As One\n|-ability|p1a: you but faster|Unnerve\n|-start|p1a: you but faster|typechange|Psychic/Ice|[silent]\n|turn|3\n|\n|t:|1745987938\n|move|p2b: Calyrex|Protect|p2b: Calyrex\n|-singleturn|p2b: Calyrex|Protect\n|move|p2a: Smeargle|Spore|p1a: you but faster\n|-status|p1a: you but faster|slp|[from] move: Spore\n|move|p1b: not a|Moongeist Beam|p2b: Calyrex\n|-activate|p2b: Calyrex|move: Protect\n|cant|p1a: you but faster|slp\n|\n|upkeep\n|turn|4\n|\n|t:|1745987982\n|move|p1b: not a|Protect|p1b: not a\n|-singleturn|p1b: not a|Protect\n|move|p2a: Smeargle|Decorate|p2b: Calyrex\n|-boost|p2b: Calyrex|atk|2\n|-boost|p2b: Calyrex|spa|2\n|cant|p1a: you but faster|slp\n|move|p2b: Calyrex|Glacial Lance|p1a: you but faster|[spread] p1a\n|-activate|p1b: not a|move: Protect\n|-resisted|p1a: you but faster\n|-damage|p1a: you but faster|42/100 slp\n|\n|upkeep\n|turn|5\n|\n|t:|1745988043\n|move|p2a: Smeargle|Follow Me|p2a: Smeargle\n|-singleturn|p2a: Smeargle|move: Follow Me\n|move|p1b: not a|Moongeist Beam|p2a: Smeargle\n|-immune|p2a: Smeargle\n|-curestatus|p1a: you but faster|slp|[msg]\n|move|p1a: you but faster|Close Combat|p2a: Smeargle\n|-supereffective|p2a: Smeargle\n|-enditem|p2a: Smeargle|Focus Sash\n|-damage|p2a: Smeargle|1/100\n|-unboost|p1a: you but faster|def|1\n|-unboost|p1a: you but faster|spd|1\n|move|p2b: Calyrex|Glacial Lance|p1b: not a|[spread] p1a,p1b\n|-resisted|p1a: you but faster\n|-damage|p1a: you but faster|0 fnt\n|-damage|p1b: not a|0 fnt\n|faint|p1a: you but faster\n|faint|p1b: not a\n|-ability|p2b: Calyrex|Chilling Neigh|boost\n|-boost|p2b: Calyrex|atk|1\n|\n|upkeep\n|\n|t:|1745988061\n|switch|p1a: ETERNA BEAAAAAM|Eternatus, L50|100/100\n|-ability|p1a: ETERNA BEAAAAAM|Pressure\n|turn|6\n|\n|t:|1745988089\n|-terastallize|p1a: ETERNA BEAAAAAM|Poison\n|move|p1a: ETERNA BEAAAAAM|Dynamax Cannon|p2b: Calyrex\n|-damage|p2b: Calyrex|15/100\n|-damage|p1a: ETERNA BEAAAAAM|91/100|[from] item: Life Orb\n|move|p2a: Smeargle|Spore|p1a: ETERNA BEAAAAAM\n|-status|p1a: ETERNA BEAAAAAM|slp|[from] move: Spore\n|move|p2b: Calyrex|Glacial Lance|p1a: ETERNA BEAAAAAM\n|-damage|p1a: ETERNA BEAAAAAM|0 fnt\n|faint|p1a: ETERNA BEAAAAAM\n|\n|win|lycheesnail\n|inactive|johnbanned has 30 seconds to confirm battle start!\n|inactive|lycheesnail has 30 seconds to confirm battle start!\n||lycheesnail is ready for game 2.\n|l|\u2606johnbanned\n|player|p1|\n|inactive|johnbanned has 20 seconds to confirm battle start!\n||johnbanned is ready for game 2.\n|uhtml|next|Next: <a href=\"/battle-gen9vgc2025regibo3-2353718263\"><strong>Game 2 of 3</strong></a>\n", "uploadtime": 1745988390, "views": 7, "formatid": "gen9vgc2025regibo3", "rating": null, "private": 0, "password": null}