{"id": "gen9vgc2025regibo3-2354762292", "format": "[Gen 9] VGC 2025 Reg I (Bo3)", "players": ["glimmeraqua", "blackrenown"], "log": "|j|\u2606glimmeraqua\n|j|\u2606blackrenown\n|html|<table width=\"100%\"><tr><td align=\"left\">glimmeraqua</td><td align=\"right\">blackrenown</tr><tr><td align=\"left\"><i class=\"fa fa-circle-o\"></i> <i class=\"fa fa-circle-o\"></i> </td><td align=\"right\"><i class=\"fa fa-circle-o\"></i> <i class=\"fa fa-circle-o\"></i> </tr></table>\n|uhtml|bestof|<h2><strong>Game 1</strong> of <a href=\"/game-bestof3-gen9vgc2025regibo3-2354762291\">a best-of-3</a></h2>\n|t:|1746117550\n|gametype|doubles\n|player|p1|glimmeraqua|#ndplvgalarianphoenix|1195\n|player|p2|blackrenown|cheren-masters|1164\n|teamsize|p1|6\n|teamsize|p2|6\n|gen|9\n|tier|[Gen 9] VGC 2025 Reg I (Bo3)\n|rated|\n|rule|Species Clause: Limit one of each Pok\u00e9mon\n|rule|Item Clause: Limit 1 of each item\n|clearpoke\n|poke|p1|Groudon, L50|\n|poke|p1|Miraidon, L50|\n|poke|p1|Chi-Yu, L50|\n|poke|p1|Flutter Mane, L50|\n|poke|p1|Ogerpon-Cornerstone, L50, F|\n|poke|p1|Iron Hands, L50|\n|poke|p2|Tornadus, L50, M|\n|poke|p2|Calyrex-Shadow, L50|\n|poke|p2|Araquanid, L50, F|\n|poke|p2|Zapdos, L50|\n|poke|p2|Kyogre, L50|\n|poke|p2|Garganacl, L50, F|\n|teampreview|4\n|showteam|p1|Groudon||LifeOrb|Drought|PrecipiceBlades,HeatCrash,HighHorsepower,Protect||||||50|,,,,,Fire]Miraidon||ChoiceSpecs|HadronEngine|ElectroDrift,DracoMeteor,VoltSwitch,DazzlingGleam||||||50|,,,,,Fairy]Chi-Yu||ChoiceScarf|BeadsofRuin|HeatWave,DarkPulse,Overheat,Snarl||||||50|,,,,,Water]Flutter Mane||FocusSash|Protosynthesis|Moonblast,DazzlingGleam,IcyWind,Protect||||||50|,,,,,Fairy]Ogerpon-Cornerstone||CornerstoneMask|Sturdy|IvyCudgel,PowerWhip,FollowMe,SpikyShield|||F|||50|,,,,,Rock]Iron Hands||AssaultVest|QuarkDrive|DrainPunch,LowKick,WildCharge,FakeOut||||||50|,,,,,Bug\n|showteam|p2|Tornadus||CovertCloak|Prankster|Taunt,RainDance,Tailwind,BleakwindStorm|||M|||50|,,,,,Dark]Calyrex-Shadow||FocusSash|AsOneSpectrier|AstralBarrage,Psyshock,NastyPlot,Protect||||||50|,,,,,Normal]Araquanid||ClearAmulet|WaterBubble|WideGuard,Liquidation,Protect,Infestation|||F|||50|,,,,,Grass]Zapdos||ChoiceScarf|Static|VoltSwitch,WeatherBall,Hurricane,Thunder||||||50|,,,,,Water]Kyogre||Leftovers|Drizzle|WaterSpout,OriginPulse,IceBeam,Protect||||||50|,,,,,Grass]Garganacl||RockyHelmet|PurifyingSalt|SaltCure,Recover,WideGuard,Protect|||F|||50|,,,,,Bug\n|inactive|Battle timer is ON: inactive players will automatically lose when time's up. (requested by blackrenown)\n|\n|t:|1746117574\n|start\n|switch|p1a: Miraidon|Miraidon, L50|100/100\n|switch|p1b: Chi-Yu|Chi-Yu, L50|100/100\n|switch|p2a: Calyrex|Calyrex-Shadow, L50|100/100\n|switch|p2b: Tornadus|Tornadus, L50, M|100/100\n|-ability|p2a: Calyrex|As One\n|-ability|p2a: Calyrex|Unnerve\n|-ability|p1b: Chi-Yu|Beads of Ruin\n|-fieldstart|move: Electric Terrain|[from] ability: Hadron Engine|[of] p1a: Miraidon\n|turn|1\n|inactive|blackrenown has 30 seconds left.\n|\n|t:|1746117600\n|move|p2a: Calyrex|Protect|p2a: Calyrex\n|-singleturn|p2a: Calyrex|Protect\n|move|p2b: Tornadus|Tailwind|p2b: Tornadus\n|-sidestart|p2: blackrenown|move: Tailwind\n|move|p1b: Chi-Yu|Heat Wave|p2b: Tornadus|[spread] p2b\n|-activate|p2a: Calyrex|move: Protect\n|-damage|p2b: Tornadus|39/100\n|move|p1a: Miraidon|Volt Switch|p2a: Calyrex\n|-activate|p2a: Calyrex|move: Protect\n|\n|upkeep\n|turn|2\n|inactive|glimmeraqua has 30 seconds left.\n|\n|t:|1746117629\n|switch|p1b: Iron Hands|Iron Hands, L50|100/100\n|-activate|p1b: Iron Hands|ability: Quark Drive\n|-start|p1b: Iron Hands|quarkdriveatk\n|move|p2a: Calyrex|Astral Barrage|p1b: Iron Hands|[spread] p1a,p1b\n|-damage|p1a: Miraidon|55/100\n|-damage|p1b: Iron Hands|71/100\n|move|p2b: Tornadus|Bleakwind Storm|p1b: Iron Hands|[spread] p1a\n|-miss|p2b: Tornadus|p1b: Iron Hands\n|-resisted|p1a: Miraidon\n|-damage|p1a: Miraidon|41/100\n|-unboost|p1a: Miraidon|spe|1\n|move|p1a: Miraidon|Volt Switch|p2a: Calyrex\n|-enditem|p2a: Calyrex|Focus Sash\n|-damage|p2a: Calyrex|1/100\n|\n|t:|1746117645\n|switch|p1a: Groudon|Groudon, L50|100/100|[from] Volt Switch\n|-weather|SunnyDay|[from] ability: Drought|[of] p1a: Groudon\n|\n|-weather|SunnyDay|[upkeep]\n|upkeep\n|turn|3\n|inactive|blackrenown has 30 seconds left.\n|inactive|blackrenown has 20 seconds left.\n|\n|t:|1746117680\n|switch|p2a: Kyogre|Kyogre, L50|100/100\n|-weather|RainDance|[from] ability: Drizzle|[of] p2a: Kyogre\n|move|p2b: Tornadus|Bleakwind Storm|p1b: Iron Hands|[spread] p1a,p1b\n|-damage|p1a: Groudon|66/100\n|-damage|p1b: Iron Hands|55/100\n|move|p1a: Groudon|Heat Crash|p2a: Kyogre\n|-resisted|p2a: Kyogre\n|-damage|p2a: Kyogre|93/100\n|-damage|p1a: Groudon|56/100|[from] item: Life Orb\n|move|p1b: Iron Hands|Wild Charge|p2b: Tornadus\n|-supereffective|p2b: Tornadus\n|-damage|p2b: Tornadus|0 fnt\n|faint|p2b: Tornadus\n|-damage|p1b: Iron Hands|47/100|[from] Recoil\n|\n|-weather|RainDance|[upkeep]\n|-heal|p2a: Kyogre|99/100|[from] item: Leftovers\n|upkeep\n|\n|t:|1746117701\n|switch|p2b: Zapdos|Zapdos, L50|100/100\n|turn|4\n|\n|t:|1746117725\n|move|p1a: Groudon|Protect|p1a: Groudon\n|-singleturn|p1a: Groudon|Protect\n|move|p2b: Zapdos|Hurricane|p1b: Iron Hands\n|-damage|p1b: Iron Hands|18/100\n|move|p2a: Kyogre|Water Spout|p1a: Groudon|[spread] p1b\n|-activate|p1a: Groudon|move: Protect\n|-damage|p1b: Iron Hands|0 fnt\n|faint|p1b: Iron Hands\n|-end|p1b: Iron Hands|Quark Drive|[silent]\n|\n|-weather|RainDance|[upkeep]\n|-heal|p2a: Kyogre|100/100|[from] item: Leftovers\n|-sideend|p2: blackrenown|move: Tailwind\n|upkeep\n|\n|t:|1746117735\n|switch|p1b: Miraidon|Miraidon, L50|41/100\n|-activate|p1b: Miraidon|ability: Hadron Engine\n|turn|5\n|\n|t:|1746117747\n|switch|p1a: Chi-Yu|Chi-Yu, L50|100/100\n|-ability|p1a: Chi-Yu|Beads of Ruin\n|move|p2a: Kyogre|Protect|p2a: Kyogre\n|-singleturn|p2a: Kyogre|Protect\n|move|p2b: Zapdos|Hurricane|p1a: Chi-Yu\n|-damage|p1a: Chi-Yu|29/100\n|move|p1b: Miraidon|Volt Switch|p2a: Kyogre\n|-activate|p2a: Kyogre|move: Protect\n|\n|-weather|RainDance|[upkeep]\n|-fieldend|move: Electric Terrain\n|upkeep\n|turn|6\n|\n|t:|1746117767\n|switch|p1b: Groudon|Groudon, L50|56/100\n|-weather|SunnyDay|[from] ability: Drought|[of] p1b: Groudon\n|-terastallize|p2a: Kyogre|Grass\n|move|p1a: Chi-Yu|Heat Wave|p2b: Zapdos|[spread] p2a\n|-miss|p1a: Chi-Yu|p2b: Zapdos\n|-supereffective|p2a: Kyogre\n|-damage|p2a: Kyogre|0 fnt\n|faint|p2a: Kyogre\n|move|p2b: Zapdos|Hurricane|p1a: Chi-Yu|[miss]\n|-miss|p2b: Zapdos|p1a: Chi-Yu\n|\n|-weather|SunnyDay|[upkeep]\n|upkeep\n|\n|t:|1746117779\n|switch|p2a: Calyrex|Calyrex-Shadow, L50|1/100\n|-ability|p2a: Calyrex|As One\n|-ability|p2a: Calyrex|Unnerve\n|turn|7\n|\n|t:|1746117785\n|move|p2a: Calyrex|Protect|p2a: Calyrex\n|-singleturn|p2a: Calyrex|Protect\n|move|p1a: Chi-Yu|Heat Wave|p2a: Calyrex|[spread] p2b\n|-activate|p2a: Calyrex|move: Protect\n|-damage|p2b: Zapdos|13/100\n|move|p2b: Zapdos|Hurricane|p1a: Chi-Yu\n|-damage|p1a: Chi-Yu|0 fnt\n|faint|p1a: Chi-Yu\n|move|p1b: Groudon|Heat Crash|p2b: Zapdos\n|-damage|p2b: Zapdos|0 fnt\n|-status|p1b: Groudon|par|[from] ability: Static|[of] p2b: Zapdos\n|faint|p2b: Zapdos\n|-damage|p1b: Groudon|46/100 par|[from] item: Life Orb\n|\n|-weather|SunnyDay|[upkeep]\n|upkeep\n|\n|t:|1746117787\n|switch|p1a: Miraidon|Miraidon, L50|41/100\n|-fieldstart|move: Electric Terrain|[from] ability: Hadron Engine|[of] p1a: Miraidon\n|turn|8\n|\n|t:|1746117799\n|move|p2a: Calyrex|Astral Barrage|p1a: Miraidon|[spread] p1a,p1b\n|-damage|p1a: Miraidon|0 fnt\n|-damage|p1b: Groudon|0 fnt\n|faint|p1a: Miraidon\n|faint|p1b: Groudon\n|\n|win|blackrenown\n||blackrenown is ready for game 2.\n||glimmeraqua is ready for game 2.\n|uhtml|next|Next: <a href=\"/battle-gen9vgc2025regibo3-2354765174\"><strong>Game 2 of 3</strong></a>\n|l|\u2606blackrenown\n|player|p2|\n", "uploadtime": 1746118105, "views": 4, "formatid": "gen9vgc2025regibo3", "rating": null, "private": 0, "password": null}