{"id": "gen9vgc2025regibo3-2354446422", "format": "[Gen 9] VGC 2025 Reg I (Bo3)", "players": ["zaciandoggy", "Latios220044"], "log": "|j|\u2606zaciandoggy\n|j|\u203dLatios220044\n|html|<table width=\"100%\"><tr><td align=\"left\">zaciandoggy</td><td align=\"right\">Latios220044</tr><tr><td align=\"left\"><i class=\"fa fa-circle-o\"></i> <i class=\"fa fa-circle-o\"></i> </td><td align=\"right\"><i class=\"fa fa-circle-o\"></i> <i class=\"fa fa-circle-o\"></i> </tr></table>\n|uhtml|bestof|<h2><strong>Game 1</strong> of <a href=\"/game-bestof3-gen9vgc2025regibo3-2354446421\">a best-of-3</a></h2>\n|t:|1746072854\n|gametype|doubles\n|player|p1|zaciandoggy|170|1229\n|player|p2|Latios220044|sycamore-masters|1173\n|teamsize|p1|6\n|teamsize|p2|6\n|gen|9\n|tier|[Gen 9] VGC 2025 Reg I (Bo3)\n|rated|\n|rule|Species Clause: Limit one of each Pok\u00e9mon\n|rule|Item Clause: Limit 1 of each item\n|clearpoke\n|poke|p1|Zacian-*, L50|\n|poke|p1|Calyrex-Shadow, L50|\n|poke|p1|Tornadus, L50, M|\n|poke|p1|Urshifu-*, L50, M|\n|poke|p1|Incineroar, L50, F|\n|poke|p1|Ogerpon-Cornerstone, L50, F|\n|poke|p2|Lunala, L50|\n|poke|p2|Koraidon, L50|\n|poke|p2|Chi-Yu, L50|\n|poke|p2|Indeedee-F, L50, F|\n|poke|p2|Flutter Mane, L50|\n|poke|p2|Ogerpon-Hearthflame, L50, F|\n|teampreview|4\n|showteam|p1|Zacian-Crowned||RustedSword|IntrepidSword|PlayRough,behemothblade,SacredSword,Protect||||||50|,,,,,Water]Calyrex-Shadow||FocusSash|AsOneSpectrier|AstralBarrage,Psychic,Imprison,Protect||||||50|,,,,,Ghost]Tornadus||CovertCloak|Prankster|BleakwindStorm,Tailwind,RainDance,Protect|||M|||50|,,,,,Dark]Urshifu-Rapid-Strike||MysticWater|UnseenFist|SurgingStrikes,AquaJet,Taunt,Detect|||M|||50|,,,,,Water]Incineroar||RockyHelmet|Intimidate|HelpingHand,FakeOut,PartingShot,KnockOff|||F|||50|,,,,,Grass]Ogerpon-Cornerstone||CornerstoneMask|Sturdy|IvyCudgel,PowerWhip,FollowMe,SpikyShield|||F|||50|,,,,,Rock\n|showteam|p2|Lunala||PowerHerb|ShadowShield|WideGuard,MoongeistBeam,ExpandingForce,MeteorBeam||||||50|,,,,,Water]Koraidon||LifeOrb|OrichalcumPulse|CloseCombat,FlameCharge,FlareBlitz,Protect||||||50|,,,,,Fire]Chi-Yu||ChoiceScarf|BeadsofRuin|DarkPulse,Snarl,Overheat,HeatWave||||||50|,,,,,Ghost]Indeedee-F||RockyHelmet|PsychicSurge|TrickRoom,FollowMe,HelpingHand,ShadowBall|||F|||50|,,,,,Water]Flutter Mane||FocusSash|Protosynthesis|ShadowBall,Moonblast,IcyWind,Protect||||||50|,,,,,Normal]Ogerpon-Hearthflame||HearthflameMask|MoldBreaker|FollowMe,SpikyShield,IvyCudgel,WoodHammer|||F|||50|,,,,,Fire\n|inactive|Battle timer is ON: inactive players will automatically lose when time's up. (requested by Latios220044)\n|inactive|zaciandoggy has 60 seconds left.\n|inactive|Latios220044 has 60 seconds left.\n|inactive|Latios220044 has 30 seconds left.\n|inactive|Latios220044 has 20 seconds left.\n|inactive|Latios220044 has 15 seconds left.\n|\n|t:|1746072935\n|start\n|switch|p1a: Tornadus|Tornadus, L50, M|100/100\n|switch|p1b: Urshifu|Urshifu-Rapid-Strike, L50, M|100/100\n|switch|p2a: Lunala|Lunala, L50|100/100\n|switch|p2b: Indeedee|Indeedee-F, L50, F|100/100\n|-fieldstart|move: Psychic Terrain|[from] ability: Psychic Surge|[of] p2b: Indeedee\n|turn|1\n|inactive|zaciandoggy has 30 seconds left.\n|\n|t:|1746072963\n|-terastallize|p1a: Tornadus|Dark\n|move|p2b: Indeedee|Follow Me|p2b: Indeedee\n|-singleturn|p2b: Indeedee|move: Follow Me\n|move|p1a: Tornadus|Bleakwind Storm|p2b: Indeedee|[spread] p2a,p2b\n|-damage|p2a: Lunala|89/100\n|-damage|p2b: Indeedee|68/100\n|move|p1b: Urshifu|Taunt|p2b: Indeedee\n|-start|p2b: Indeedee|move: Taunt\n|move|p2a: Lunala|Meteor Beam||[still]\n|-prepare|p2a: Lunala|Meteor Beam\n|-boost|p2a: Lunala|spa|1\n|-enditem|p2a: Lunala|Power Herb\n|-anim|p2a: Lunala|Meteor Beam|p1a: Tornadus\n|-damage|p1a: Tornadus|42/100\n|\n|upkeep\n|turn|2\n|\n|t:|1746072986\n|switch|p2b: Koraidon|Koraidon, L50|100/100\n|-weather|SunnyDay|[from] ability: Orichalcum Pulse|[of] p2b: Koraidon\n|-activate|p2b: Koraidon|Orichalcum Pulse|[source]\n|move|p1a: Tornadus|Bleakwind Storm|p2b: Koraidon|[spread] p2b\n|-miss|p1a: Tornadus|p2a: Lunala\n|-supereffective|p2b: Koraidon\n|-damage|p2b: Koraidon|39/100\n|move|p1b: Urshifu|Taunt|p2a: Lunala\n|-start|p2a: Lunala|move: Taunt\n|move|p2a: Lunala|Expanding Force|p1a: Tornadus|[spread] p1b\n|-immune|p1a: Tornadus\n|-supereffective|p1b: Urshifu\n|-damage|p1b: Urshifu|0 fnt\n|faint|p1b: Urshifu\n|\n|-weather|SunnyDay|[upkeep]\n|upkeep\n|\n|t:|1746073003\n|switch|p1b: Calyrex|Calyrex-Shadow, L50|100/100\n|-ability|p1b: Calyrex|As One\n|-ability|p1b: Calyrex|Unnerve\n|turn|3\n|\n|t:|1746073023\n|switch|p2b: Indeedee|Indeedee-F, L50, F|68/100\n|move|p1b: Calyrex|Astral Barrage|p2a: Lunala|[spread] p2a\n|-immune|p2b: Indeedee\n|-supereffective|p2a: Lunala\n|-damage|p2a: Lunala|0 fnt\n|faint|p2a: Lunala\n|-ability|p1b: Calyrex|Grim Neigh|boost\n|-boost|p1b: Calyrex|spa|1\n|move|p1a: Tornadus|Bleakwind Storm|p2b: Indeedee\n|-damage|p2b: Indeedee|28/100\n|\n|-weather|SunnyDay|[upkeep]\n|upkeep\n|\n|t:|1746073029\n|switch|p2a: Chi-Yu|Chi-Yu, L50|100/100\n|-ability|p2a: Chi-Yu|Beads of Ruin\n|turn|4\n|inactive|zaciandoggy has 30 seconds left.\n|\n|t:|1746073057\n|move|p2b: Indeedee|Helping Hand|p2a: Chi-Yu\n|-singleturn|p2a: Chi-Yu|Helping Hand|[of] p2b: Indeedee\n|move|p1a: Tornadus|Tailwind|p1a: Tornadus\n|-sidestart|p1: zaciandoggy|move: Tailwind\n|move|p1b: Calyrex|Astral Barrage|p2b: Indeedee|[spread] p2a\n|-immune|p2b: Indeedee\n|-resisted|p2a: Chi-Yu\n|-crit|p2a: Chi-Yu\n|-damage|p2a: Chi-Yu|20/100\n|move|p2a: Chi-Yu|Heat Wave|p1a: Tornadus|[spread] p1a,p1b\n|-crit|p1a: Tornadus\n|-damage|p1a: Tornadus|0 fnt\n|-enditem|p1b: Calyrex|Focus Sash\n|-damage|p1b: Calyrex|1/100\n|-status|p1b: Calyrex|brn\n|faint|p1a: Tornadus\n|\n|-weather|SunnyDay|[upkeep]\n|-damage|p1b: Calyrex|0 fnt|[from] brn\n|faint|p1b: Calyrex\n|upkeep\n|\n|t:|1746073072\n|switch|p1a: Zacian|Zacian-Crowned, L50|100/100\n|-ability|p1a: Zacian|Intrepid Sword|boost\n|-boost|p1a: Zacian|atk|1\n|turn|5\n|\n|t:|1746073082\n|move|p1a: Zacian|Sacred Sword|p2a: Chi-Yu\n|-supereffective|p2a: Chi-Yu\n|-damage|p2a: Chi-Yu|0 fnt\n|faint|p2a: Chi-Yu\n|move|p2b: Indeedee|Trick Room|p2b: Indeedee\n|-fieldstart|move: Trick Room|[of] p2b: Indeedee\n|\n|-weather|SunnyDay|[upkeep]\n|-fieldend|move: Psychic Terrain\n|upkeep\n|\n|t:|1746073084\n|switch|p2a: Koraidon|Koraidon, L50|39/100\n|-activate|p2a: Koraidon|ability: Orichalcum Pulse\n|turn|6\n|\n|t:|1746073093\n|-terastallize|p2a: Koraidon|Fire\n|move|p1a: Zacian|Protect|p1a: Zacian\n|-singleturn|p1a: Zacian|Protect\n|move|p2b: Indeedee|Follow Me|p2b: Indeedee\n|-singleturn|p2b: Indeedee|move: Follow Me\n|move|p2a: Koraidon|Flare Blitz|p1a: Zacian\n|-activate|p1a: Zacian|move: Protect\n|\n|-weather|none\n|upkeep\n|turn|7\n|\n|t:|1746073103\n|move|p2b: Indeedee|Follow Me|p2b: Indeedee\n|-singleturn|p2b: Indeedee|move: Follow Me\n|move|p2a: Koraidon|Flare Blitz|p1a: Zacian\n|-supereffective|p1a: Zacian\n|-damage|p1a: Zacian|0 fnt\n|faint|p1a: Zacian\n|-damage|p2a: Koraidon|5/100|[from] Recoil\n|-damage|p2a: Koraidon|0 fnt|[from] item: Life Orb\n|faint|p2a: Koraidon\n|\n|win|Latios220044\n||zaciandoggy is ready for game 2.\n||Latios220044 is ready for game 2.\n|uhtml|next|Next: <a href=\"/battle-gen9vgc2025regibo3-2354448231\"><strong>Game 2 of 3</strong></a>\n|l|\u203dLatios220044\n|player|p2|\n", "uploadtime": 1746073409, "views": 7, "formatid": "gen9vgc2025regibo3", "rating": null, "private": 0, "password": null}