{"id": "gen9vgc2025regibo3-2353795488", "format": "[Gen 9] VGC 2025 Reg I (Bo3)", "players": ["Elbovino", "zcolor"], "log": "|j|\u2606Elbovino\n|j|\u2606zcolor\n|html|<table width=\"100%\"><tr><td align=\"left\">Elbovino</td><td align=\"right\">zcolor</tr><tr><td align=\"left\"><i class=\"fa fa-circle-o\"></i> <i class=\"fa fa-circle-o\"></i> </td><td align=\"right\"><i class=\"fa fa-circle-o\"></i> <i class=\"fa fa-circle-o\"></i> </tr></table>\n|uhtml|bestof|<h2><strong>Game 1</strong> of <a href=\"/game-bestof3-gen9vgc2025regibo3-2353795487\">a best-of-3</a></h2>\n|t:|1746001283\n|gametype|doubles\n|player|p1|Elbovino|266|1086\n|player|p2|zcolor|266|1014\n|teamsize|p1|6\n|teamsize|p2|6\n|gen|9\n|tier|[Gen 9] VGC 2025 Reg I (Bo3)\n|rated|\n|rule|Species Clause: Limit one of each Pok\u00e9mon\n|rule|Item Clause: Limit 1 of each item\n|clearpoke\n|poke|p1|Koraidon, L50|\n|poke|p1|Grimmsnarl, L50, M|\n|poke|p1|Lunala, L50|\n|poke|p1|Rillaboom, L50, F|\n|poke|p1|Incineroar, L50, M|\n|poke|p1|Ogerpon-Cornerstone, L50, F|\n|poke|p2|Farigiraf, L50, F|\n|poke|p2|Terapagos, L50, M|\n|poke|p2|Zacian-*, L50|\n|poke|p2|Ogerpon-Cornerstone, L50, F|\n|poke|p2|Incineroar, L50, M|\n|poke|p2|Haxorus, L50, F|\n|teampreview|4\n|showteam|p1|Koraidon||LifeOrb|OrichalcumPulse|CloseCombat,FlareBlitz,FlameCharge,Protect||||||50|,,,,,Fire]Grimmsnarl||LightClay|Prankster|LightScreen,Reflect,ThunderWave,SpiritBreak|||M|||50|,,,,,Ghost]Lunala||Leftovers|ShadowShield|MoongeistBeam,Moonblast,CalmMind,Protect||||||50|,,,,,Water]Rillaboom||AssaultVest|GrassySurge|FakeOut,WoodHammer,GrassyGlide,Uturn|||F|||50|,,,,,Fire]Incineroar||SafetyGoggles|Intimidate|FakeOut,PartingShot,KnockOff,Taunt|||M|||50|,,,,,Ghost]Ogerpon-Cornerstone||CornerstoneMask|Sturdy|IvyCudgel,SpikyShield,WoodHammer,FollowMe|||F|||50|,,,,,Rock\n|showteam|p2|Farigiraf||SitrusBerry|ArmorTail|TrickRoom,HelpingHand,FoulPlay,Roar|||F|||50|,,,,,Fairy]Terapagos||Leftovers|TeraShift|CalmMind,TeraStarstorm,IceBeam,Protect|||M|||50|,,,,,Stellar]Zacian-Crowned||RustedSword|IntrepidSword|behemothblade,CloseCombat,Substitute,SwordsDance||||||50|,,,,,Fighting]Ogerpon-Cornerstone||CornerstoneMask|Sturdy|FollowMe,HelpingHand,IvyCudgel,KnockOff|||F|||50|,,,,,Rock]Incineroar||CovertCloak|Intimidate|FakeOut,WillOWisp,Uturn,KnockOff|||M|||50|,,,,,Water]Haxorus||ChoiceScarf|MoldBreaker|CloseCombat,Earthquake,Outrage,GigaImpact|||F|||50|,,,,,Dragon\n|j| jhgffff\n|\n|t:|1746001317\n|start\n|switch|p1a: Grimmsnarl|Grimmsnarl, L50, M|100/100\n|switch|p1b: Lunala|Lunala, L50|100/100\n|switch|p2a: Zacian|Zacian-Crowned, L50|100/100\n|switch|p2b: Haxorus|Haxorus, L50, F|100/100\n|-ability|p2b: Haxorus|Mold Breaker\n|-ability|p2a: Zacian|Intrepid Sword|boost\n|-boost|p2a: Zacian|atk|1\n|turn|1\n|inactive|Battle timer is ON: inactive players will automatically lose when time's up. (requested by Elbovino)\n|\n|t:|1746001345\n|switch|p2a: Farigiraf|Farigiraf, L50, F|100/100\n|switch|p1b: Incineroar|Incineroar, L50, M|100/100\n|-ability|p1b: Incineroar|Intimidate|boost\n|-unboost|p2a: Farigiraf|atk|1\n|-unboost|p2b: Haxorus|atk|1\n|move|p1a: Grimmsnarl|Reflect|p1a: Grimmsnarl\n|-sidestart|p1: Elbovino|Reflect\n|move|p2b: Haxorus|Outrage|p1a: Grimmsnarl\n|-immune|p1a: Grimmsnarl\n|\n|upkeep\n|turn|2\n|inactive|zcolor has 30 seconds left.\n|inactive|zcolor has 20 seconds left.\n|inactive|zcolor has 15 seconds left.\n|\n|t:|1746001388\n|switch|p2a: Zacian|Zacian-Crowned, L50|100/100\n|move|p2b: Haxorus|Outrage|p1a: Grimmsnarl\n|-immune|p1a: Grimmsnarl\n|move|p1b: Incineroar|Knock Off|p2a: Zacian\n|-resisted|p2a: Zacian\n|-crit|p2a: Zacian\n|-damage|p2a: Zacian|82/100\n|move|p1a: Grimmsnarl|Spirit Break|p2b: Haxorus\n|-supereffective|p2b: Haxorus\n|-damage|p2b: Haxorus|22/100\n|-unboost|p2b: Haxorus|spa|1\n|\n|upkeep\n|turn|3\n|inactive|zcolor has 30 seconds left.\n|\n|t:|1746001418\n|switch|p2b: Farigiraf|Farigiraf, L50, F|100/100\n|move|p1a: Grimmsnarl|Thunder Wave||[still]\n|cant|p2b: Farigiraf|ability: Armor Tail|Thunder Wave|[of] p1a: Grimmsnarl\n|move|p2a: Zacian|Close Combat|p1b: Incineroar\n|-supereffective|p1b: Incineroar\n|-damage|p1b: Incineroar|55/100\n|-unboost|p2a: Zacian|def|1\n|-unboost|p2a: Zacian|spd|1\n|move|p1b: Incineroar|Parting Shot|p2a: Zacian\n|-unboost|p2a: Zacian|atk|1\n|-unboost|p2a: Zacian|spa|1\n|\n|t:|1746001431\n|switch|p1b: Lunala|Lunala, L50|100/100|[from] Parting Shot\n|\n|upkeep\n|turn|4\n|\n|t:|1746001454\n|switch|p2a: Terapagos|Terapagos, L50, M|100/100\n|-activate|p2a: Terapagos|ability: Tera Shift\n|detailschange|p2a: Terapagos|Terapagos-Terastal, L50, M\n|-heal|p2a: Terapagos|100/100|[silent]\n|switch|p1a: Incineroar|Incineroar, L50, M|55/100\n|-ability|p1a: Incineroar|Intimidate|boost\n|-unboost|p2a: Terapagos|atk|1\n|-unboost|p2b: Farigiraf|atk|1\n|-terastallize|p1b: Lunala|Water\n|move|p1b: Lunala|Calm Mind|p1b: Lunala\n|-boost|p1b: Lunala|spa|1\n|-boost|p1b: Lunala|spd|1\n|move|p2b: Farigiraf|Foul Play|p1b: Lunala\n|-damage|p1b: Lunala|96/100\n|\n|-heal|p1b: Lunala|100/100|[from] item: Leftovers\n|upkeep\n|turn|5\n|inactive|Elbovino has 30 seconds left.\n|inactive|zcolor has 30 seconds left.\n|inactive|Elbovino has 20 seconds left.\n|\n|t:|1746001491\n|move|p1b: Lunala|Protect|p1b: Lunala\n|-singleturn|p1b: Lunala|Protect\n|move|p2a: Terapagos|Calm Mind|p2a: Terapagos\n|-boost|p2a: Terapagos|spa|1\n|-boost|p2a: Terapagos|spd|1\n|move|p1a: Incineroar|Parting Shot|p2a: Terapagos\n|-unboost|p2a: Terapagos|atk|1\n|-unboost|p2a: Terapagos|spa|1\n|\n|t:|1746001503\n|switch|p1a: Grimmsnarl|Grimmsnarl, L50, M|100/100|[from] Parting Shot\n|move|p2b: Farigiraf|Roar|p1b: Lunala\n|drag|p1b: Incineroar|Incineroar, L50, M|55/100\n|-ability|p1b: Incineroar|Intimidate|boost\n|-unboost|p2a: Terapagos|atk|1\n|-unboost|p2b: Farigiraf|atk|1\n|\n|upkeep\n|turn|6\n|\n|t:|1746001520\n|move|p1a: Grimmsnarl|Light Screen|p1a: Grimmsnarl\n|-sidestart|p1: Elbovino|move: Light Screen\n|move|p2a: Terapagos|Calm Mind|p2a: Terapagos\n|-boost|p2a: Terapagos|spa|1\n|-boost|p2a: Terapagos|spd|1\n|move|p1b: Incineroar|Knock Off|p2b: Farigiraf\n|-supereffective|p2b: Farigiraf\n|-damage|p2b: Farigiraf|31/100\n|-enditem|p2b: Farigiraf|Sitrus Berry|[from] move: Knock Off|[of] p1b: Incineroar\n|move|p2b: Farigiraf|Trick Room|p2b: Farigiraf\n|-fieldstart|move: Trick Room|[of] p2b: Farigiraf\n|\n|upkeep\n|turn|7\n|inactive|zcolor has 30 seconds left.\n|\n|t:|1746001548\n|switch|p2b: Haxorus|Haxorus, L50, F|22/100\n|-ability|p2b: Haxorus|Mold Breaker\n|move|p1a: Grimmsnarl|Spirit Break|p2a: Terapagos\n|-activate|p2a: Terapagos|ability: Tera Shell\n|-resisted|p2a: Terapagos\n|-damage|p2a: Terapagos|88/100\n|-unboost|p2a: Terapagos|spa|1\n|move|p1b: Incineroar|Knock Off|p2a: Terapagos\n|-damage|p2a: Terapagos|58/100\n|-enditem|p2a: Terapagos|Leftovers|[from] move: Knock Off|[of] p1b: Incineroar\n|move|p2a: Terapagos|Calm Mind|p2a: Terapagos\n|-boost|p2a: Terapagos|spa|1\n|-boost|p2a: Terapagos|spd|1\n|\n|upkeep\n|turn|8\n|inactive|zcolor has 30 seconds left.\n|inactive|Elbovino has 30 seconds left.\n|\n|t:|1746001582\n|move|p2a: Terapagos|Protect|p2a: Terapagos\n|-singleturn|p2a: Terapagos|Protect\n|move|p1a: Grimmsnarl|Thunder Wave|p2a: Terapagos\n|-activate|p2a: Terapagos|move: Protect\n|move|p1b: Incineroar|Knock Off|p2b: Haxorus\n|-damage|p2b: Haxorus|0 fnt\n|-enditem|p2b: Haxorus|Choice Scarf|[from] move: Knock Off|[of] p1b: Incineroar\n|faint|p2b: Haxorus\n|\n|-sideend|p1: Elbovino|Reflect\n|upkeep\n|\n|t:|1746001596\n|switch|p2b: Farigiraf|Farigiraf, L50, F|31/100\n|turn|9\n|\n|t:|1746001616\n|-terastallize|p2a: Terapagos|Stellar\n|detailschange|p2a: Terapagos|Terapagos-Stellar, L50, M, tera:Stellar\n|-heal|p2a: Terapagos|68/100|[silent]\n|move|p2b: Farigiraf|Helping Hand|p2a: Terapagos\n|-singleturn|p2a: Terapagos|Helping Hand|[of] p2b: Farigiraf\n|move|p1a: Grimmsnarl|Reflect|p1a: Grimmsnarl\n|-sidestart|p1: Elbovino|Reflect\n|move|p1b: Incineroar|Knock Off|p2b: Farigiraf\n|-supereffective|p2b: Farigiraf\n|-damage|p2b: Farigiraf|0 fnt\n|faint|p2b: Farigiraf\n|move|p2a: Terapagos|Tera Starstorm|p1b: Incineroar|[spread] p1a,p1b\n|-damage|p1a: Grimmsnarl|48/100\n|-damage|p1b: Incineroar|0 fnt\n|faint|p1b: Incineroar\n|\n|upkeep\n|\n|t:|1746001635\n|switch|p2b: Zacian|Zacian-Crowned, L50|82/100\n|switch|p1b: Lunala|Lunala, L50, tera:Water|100/100\n|turn|10\n|\n|t:|1746001644\n|move|p1b: Lunala|Protect|p1b: Lunala\n|-singleturn|p1b: Lunala|Protect\n|move|p1a: Grimmsnarl|Thunder Wave|p2b: Zacian\n|-status|p2b: Zacian|par\n|move|p2a: Terapagos|Tera Starstorm|p1a: Grimmsnarl|[spread] p1a\n|-activate|p1b: Lunala|move: Protect\n|-damage|p1a: Grimmsnarl|12/100\n|move|p2b: Zacian|Behemoth Blade|p1a: Grimmsnarl\n|-supereffective|p1a: Grimmsnarl\n|-damage|p1a: Grimmsnarl|0 fnt\n|faint|p1a: Grimmsnarl\n|\n|-fieldend|move: Trick Room\n|upkeep\n|\n|t:|1746001651\n|switch|p1a: Koraidon|Koraidon, L50|100/100\n|-weather|SunnyDay|[from] ability: Orichalcum Pulse|[of] p1a: Koraidon\n|-activate|p1a: Koraidon|Orichalcum Pulse|[source]\n|turn|11\n|\n|t:|1746001682\n|move|p1a: Koraidon|Flame Charge|p2b: Zacian\n|-supereffective|p2b: Zacian\n|-damage|p2b: Zacian|0 fnt\n|-boost|p1a: Koraidon|spe|1\n|faint|p2b: Zacian\n|-damage|p1a: Koraidon|91/100|[from] item: Life Orb\n|move|p1b: Lunala|Moongeist Beam|p2a: Terapagos\n|-immune|p2a: Terapagos\n|move|p2a: Terapagos|Tera Starstorm|p1b: Lunala|[spread] p1a,p1b\n|-supereffective|p1b: Lunala\n|-damage|p1a: Koraidon|49/100\n|-damage|p1b: Lunala|75/100\n|\n|-weather|SunnyDay|[upkeep]\n|-heal|p1b: Lunala|81/100|[from] item: Leftovers\n|upkeep\n|turn|12\n|\n|t:|1746001701\n|move|p1a: Koraidon|Close Combat|p2a: Terapagos\n|-supereffective|p2a: Terapagos\n|-damage|p2a: Terapagos|0 fnt\n|-unboost|p1a: Koraidon|def|1\n|-unboost|p1a: Koraidon|spd|1\n|faint|p2a: Terapagos\n|-damage|p1a: Koraidon|40/100|[from] item: Life Orb\n|\n|win|Elbovino\n||Elbovino is ready for game 2.\n||zcolor is ready for game 2.\n|uhtml|next|Next: <a href=\"/battle-gen9vgc2025regibo3-2353798061\"><strong>Game 2 of 3</strong></a>\n|l| jhgffff\n|l|\u2606zcolor\n|player|p2|\n|l|\u2606Elbovino\n|player|p1|\n", "uploadtime": 1746001994, "views": 11, "formatid": "gen9vgc2025regibo3", "rating": null, "private": 0, "password": null}