{"id": "gen9vgc2025regibo3-2353432050", "format": "[Gen 9] VGC 2025 Reg I (Bo3)", "players": ["NewbyVGC", "Tinged"], "log": "|j|\u2606NewbyVGC\n|j|\u2606Tinged\n|html|<table width=\"100%\"><tr><td align=\"left\">NewbyVGC</td><td align=\"right\">Tinged</tr><tr><td align=\"left\"><i class=\"fa fa-circle-o\"></i> <i class=\"fa fa-circle-o\"></i> </td><td align=\"right\"><i class=\"fa fa-circle-o\"></i> <i class=\"fa fa-circle-o\"></i> </tr></table>\n|uhtml|bestof|<h2><strong>Game 1</strong> of <a href=\"/game-bestof3-gen9vgc2025regibo3-2353432049\">a best-of-3</a></h2>\n|t:|1745955427\n|gametype|doubles\n|player|p1|NewbyVGC|170|1070\n|player|p2|Tinged|1|1065\n|teamsize|p1|6\n|teamsize|p2|6\n|gen|9\n|tier|[Gen 9] VGC 2025 Reg I (Bo3)\n|rated|\n|rule|Species Clause: Limit one of each Pok\u00e9mon\n|rule|Item Clause: Limit 1 of each item\n|clearpoke\n|poke|p1|Koraidon, L50|\n|poke|p1|Lunala, L50|\n|poke|p1|Indeedee-F, L50, F|\n|poke|p1|Walking Wake, L50|\n|poke|p1|Brute Bonnet, L50|\n|poke|p1|Incineroar, L50, M|\n|poke|p2|Tyranitar, L50, M|\n|poke|p2|Zacian-*, L50|\n|poke|p2|Zamazenta-*, L50|\n|poke|p2|Indeedee, L50, M|\n|poke|p2|Landorus, L50, M|\n|poke|p2|Amoonguss, L50, M|\n|teampreview|4\n|showteam|p1|Koraidon||ClearAmulet|OrichalcumPulse|FlareBlitz,CollisionCourse,FlameCharge,Protect||||||50|,,,,,Fire]Lunala||PowerHerb|ShadowShield|MoongeistBeam,ExpandingForce,MeteorBeam,WideGuard||||||50|,,,,,Fairy]Indeedee-F||PsychicSeed|PsychicSurge|FollowMe,HelpingHand,TrickRoom,DazzlingGleam|||F|||50|,,,,,Fairy]Walking Wake||MysticWater|Protosynthesis|HydroSteam,DracoMeteor,Snarl,Protect||||||50|,,,,,Water]Brute Bonnet||CovertCloak|Protosynthesis|SeedBomb,SuckerPunch,RagePowder,Spore||||||50|,,,,,Water]Incineroar||AssaultVest|Intimidate|FakeOut,FlareBlitz,KnockOff,Uturn|||M|||50|,,,,,Bug\n|showteam|p2|Tyranitar||AssaultVest|SandStream|RockSlide,KnockOff,TeraBlast,LowKick|||M|||50|,,,,,Flying]Zacian-Crowned||RustedSword|IntrepidSword|behemothblade,Protect,PlayRough,Facade||||||50|,,,,,Fairy]Zamazenta-Crowned||RustedShield|DauntlessShield|WideGuard,IronDefense,BodyPress,HeavySlam||||||50|,,,,,Fighting]Indeedee||ChoiceScarf|PsychicSurge|ExpandingForce,ShadowBall,Trick,TeraBlast|||M|||50|,,,,,Fairy]Landorus||LifeOrb|SheerForce|EarthPower,SandsearStorm,SludgeBomb,Protect|||M|||50|,,,,,Poison]Amoonguss||RockyHelmet|Regenerator|PollenPuff,RagePowder,Spore,ClearSmog|||M|||50|,,,,,Water\n|\n|t:|1745955502\n|start\n|switch|p1a: Incineroar|Incineroar, L50, M|100/100\n|switch|p1b: Lunala|Lunala, L50|100/100\n|switch|p2a: Landorus|Landorus, L50, M|100/100\n|switch|p2b: Zamazenta|Zamazenta-Crowned, L50|100/100\n|-ability|p2b: Zamazenta|Dauntless Shield|boost\n|-boost|p2b: Zamazenta|def|1\n|-ability|p1a: Incineroar|Intimidate|boost\n|-unboost|p2a: Landorus|atk|1\n|-unboost|p2b: Zamazenta|atk|1\n|turn|1\n|\n|t:|1745955567\n|-terastallize|p1a: Incineroar|Bug\n|move|p2a: Landorus|Sandsear Storm|p1b: Lunala|[spread] p1a,p1b\n|-resisted|p1a: Incineroar\n|-damage|p1a: Incineroar|80/100\n|-damage|p1b: Lunala|82/100\n|move|p2b: Zamazenta|Iron Defense|p2b: Zamazenta\n|-boost|p2b: Zamazenta|def|2\n|move|p1b: Lunala|Moongeist Beam|p2b: Zamazenta\n|-damage|p2b: Zamazenta|69/100\n|move|p1a: Incineroar|U-turn|p2b: Zamazenta\n|-resisted|p2b: Zamazenta\n|-damage|p2b: Zamazenta|67/100\n|\n|t:|1745955593\n|switch|p1a: Walking Wake|Walking Wake, L50|100/100|[from] U-turn\n|\n|upkeep\n|turn|2\n|\n|t:|1745955614\n|switch|p2a: Tyranitar|Tyranitar, L50, M|100/100\n|-weather|Sandstorm|[from] ability: Sand Stream|[of] p2a: Tyranitar\n|move|p1a: Walking Wake|Protect|p1a: Walking Wake\n|-singleturn|p1a: Walking Wake|Protect\n|move|p2b: Zamazenta|Body Press|p1a: Walking Wake\n|-activate|p1a: Walking Wake|move: Protect\n|move|p1b: Lunala|Moongeist Beam|p2b: Zamazenta\n|-damage|p2b: Zamazenta|34/100\n|\n|-weather|Sandstorm|[upkeep]\n|-damage|p1a: Walking Wake|95/100|[from] Sandstorm\n|-damage|p1b: Lunala|76/100|[from] Sandstorm\n|upkeep\n|turn|3\n|\n|t:|1745955650\n|switch|p1b: Koraidon|Koraidon, L50|100/100\n|-weather|SunnyDay|[from] ability: Orichalcum Pulse|[of] p1b: Koraidon\n|-activate|p1a: Walking Wake|ability: Protosynthesis\n|-start|p1a: Walking Wake|protosynthesisspe\n|-activate|p1b: Koraidon|Orichalcum Pulse|[source]\n|move|p1a: Walking Wake|Hydro Steam|p2b: Zamazenta\n|-damage|p2b: Zamazenta|0 fnt\n|faint|p2b: Zamazenta\n|move|p2a: Tyranitar|Knock Off|p1b: Koraidon\n|-resisted|p1b: Koraidon\n|-damage|p1b: Koraidon|82/100\n|-enditem|p1b: Koraidon|Clear Amulet|[from] move: Knock Off|[of] p2a: Tyranitar\n|\n|-weather|SunnyDay|[upkeep]\n|upkeep\n|\n|t:|1745955660\n|switch|p2b: Landorus|Landorus, L50, M|100/100\n|turn|4\n|\n|t:|1745955686\n|switch|p2a: Zacian|Zacian-Crowned, L50|100/100\n|-ability|p2a: Zacian|Intrepid Sword|boost\n|-boost|p2a: Zacian|atk|1\n|move|p2b: Landorus|Protect|p2b: Landorus\n|-singleturn|p2b: Landorus|Protect\n|move|p1a: Walking Wake|Hydro Steam|p2b: Landorus\n|-activate|p2b: Landorus|move: Protect\n|move|p1b: Koraidon|Collision Course|p2a: Zacian\n|-damage|p2a: Zacian|25/100\n|\n|-weather|SunnyDay|[upkeep]\n|upkeep\n|turn|5\n|\n|t:|1745955707\n|switch|p1b: Incineroar|Incineroar, L50, M, tera:Bug|80/100\n|-ability|p1b: Incineroar|Intimidate|boost\n|-unboost|p2a: Zacian|atk|1\n|-unboost|p2b: Landorus|atk|1\n|switch|p2b: Tyranitar|Tyranitar, L50, M|100/100\n|-weather|Sandstorm|[from] ability: Sand Stream|[of] p2b: Tyranitar\n|-end|p1a: Walking Wake|Protosynthesis\n|move|p2a: Zacian|Play Rough|p1b: Incineroar\n|-damage|p1b: Incineroar|37/100\n|move|p1a: Walking Wake|Hydro Steam|p2b: Tyranitar\n|-supereffective|p2b: Tyranitar\n|-damage|p2b: Tyranitar|52/100\n|\n|-weather|Sandstorm|[upkeep]\n|-damage|p1a: Walking Wake|89/100|[from] Sandstorm\n|-damage|p1b: Incineroar|31/100|[from] Sandstorm\n|upkeep\n|turn|6\n|\n|t:|1745955742\n|switch|p1b: Koraidon|Koraidon, L50|82/100\n|-weather|SunnyDay|[from] ability: Orichalcum Pulse|[of] p1b: Koraidon\n|-activate|p1a: Walking Wake|ability: Protosynthesis\n|-start|p1a: Walking Wake|protosynthesisspe\n|-activate|p1b: Koraidon|Orichalcum Pulse|[source]\n|-terastallize|p2b: Tyranitar|Flying\n|move|p1a: Walking Wake|Hydro Steam|p2a: Zacian\n|-damage|p2a: Zacian|0 fnt\n|faint|p2a: Zacian\n|move|p2b: Tyranitar|Tera Blast|p1a: Walking Wake|[anim] Tera Blast Flying\n|-damage|p1a: Walking Wake|48/100\n|\n|-weather|SunnyDay|[upkeep]\n|upkeep\n|\n|t:|1745955752\n|switch|p2a: Landorus|Landorus, L50, M|100/100\n|turn|7\n|\n|t:|1745955760\n|move|p1a: Walking Wake|Hydro Steam|p2a: Landorus\n|-supereffective|p2a: Landorus\n|-damage|p2a: Landorus|0 fnt\n|faint|p2a: Landorus\n|move|p1b: Koraidon|Flare Blitz|p2b: Tyranitar\n|-damage|p2b: Tyranitar|0 fnt\n|faint|p2b: Tyranitar\n|-damage|p1b: Koraidon|67/100|[from] Recoil\n|\n|win|NewbyVGC\n||NewbyVGC is ready for game 2.\n|raw|NewbyVGC's rating: 1070 &rarr; <strong>1099</strong><br />(+29 for winning)\n|raw|Tinged's rating: 1065 &rarr; <strong>1046</strong><br />(-19 for losing)\n|l|\u2606Tinged\n|player|p2|\n", "uploadtime": 1745955777, "views": 9, "formatid": "gen9vgc2025regibo3", "rating": 1046, "private": 0, "password": null}