{"id": "gen9vgc2025regibo3-2354473212", "format": "[Gen 9] VGC 2025 Reg I (Bo3)", "players": ["pingabu", "ivanthesaxophonist"], "log": "|j|\u2606pingabu\n|j|\u2606ivanthesaxophonist\n|html|<table width=\"100%\"><tr><td align=\"left\">pingabu</td><td align=\"right\">ivanthesaxophonist</tr><tr><td align=\"left\"><i class=\"fa fa-circle-o\"></i> <i class=\"fa fa-circle-o\"></i> </td><td align=\"right\"><i class=\"fa fa-circle-o\"></i> <i class=\"fa fa-circle-o\"></i> </tr></table>\n|uhtml|bestof|<h2><strong>Game 1</strong> of <a href=\"/game-bestof3-gen9vgc2025regibo3-2354473211\">a best-of-3</a></h2>\n|t:|1746077277\n|gametype|doubles\n|player|p1|pingabu|169|1159\n|player|p2|ivanthesaxophonist|acetrainer-gen4dp|1095\n|teamsize|p1|6\n|teamsize|p2|6\n|gen|9\n|tier|[Gen 9] VGC 2025 Reg I (Bo3)\n|rated|\n|rule|Species Clause: Limit one of each Pok\u00e9mon\n|rule|Item Clause: Limit 1 of each item\n|clearpoke\n|poke|p1|Dusclops, L50, F|\n|poke|p1|Ursaluna-Bloodmoon, L50, M|\n|poke|p1|Gastrodon-East, L50, F|\n|poke|p1|Lunala, L50|\n|poke|p1|Indeedee-F, L50, F|\n|poke|p1|Calyrex-Ice, L50|\n|poke|p2|Zamazenta-*, L50|\n|poke|p2|Dialga-Origin, L50|\n|poke|p2|Tyranitar, L50, M|\n|poke|p2|Incineroar, L50, M|\n|poke|p2|Whimsicott, L50, M|\n|poke|p2|Scizor, L50, M|\n|teampreview|4\n|showteam|p1|Dusclops||Eviolite|Pressure|TrickRoom,Protect,WillOWisp,NightShade|||F|||50|,,,,,Ghost]Ursaluna-Bloodmoon||LifeOrb|MindsEye|BloodMoon,EarthPower,Moonblast,Protect|||M|||50|,,,,,Ghost]Gastrodon-East||RockyHelmet|StormDrain|EarthPower,Protect,Recover,HydroPump|||F|||50|,,,,,Fire]Lunala||Leftovers|ShadowShield|CalmMind,MoongeistBeam,Psychic,DazzlingGleam||||||50|,,,,,Normal]Indeedee-F||FocusSash|PsychicSurge|FollowMe,HelpingHand,HyperVoice,Psychic|||F|||50|,,,,,Psychic]Calyrex-Ice||WeaknessPolicy|AsOneGlastrier|GlacialLance,HighHorsepower,Protect,ZenHeadbutt||||||50|,,,,,Water\n|showteam|p2|Zamazenta-Crowned||RustedShield|DauntlessShield|BodyPress,IronDefense,WideGuard,HeavySlam||||||50|,,,,,Ghost]Dialga-Origin||AdamantCrystal|Telepathy|TrickRoom,DracoMeteor,Protect,FlashCannon||||||50|,,,,,Fairy]Tyranitar||AssaultVest|SandStream|KnockOff,RockSlide,Earthquake,Bulldoze|||M|||50|,,,,,Fairy]Incineroar||SafetyGoggles|Intimidate|FakeOut,KnockOff,PartingShot,FlareBlitz|||M|||50|,,,,,Grass]Whimsicott||CovertCloak|Prankster|Tailwind,Encore,Moonblast,HelpingHand|||M|||50|,,,,,Dark]Scizor||ChoiceBand|Technician|BulletPunch,Uturn,DualWingbeat,KnockOff|||M|||50|,,,,,Fire\n|inactive|Battle timer is ON: inactive players will automatically lose when time's up. (requested by pingabu)\n|inactive|ivanthesaxophonist has 60 seconds left.\n|\n|t:|1746077335\n|start\n|switch|p1a: Dusclops|Dusclops, L50, F, shiny|100/100\n|switch|p1b: Gastrodon|Gastrodon-East, L50, F|100/100\n|switch|p2a: Incineroar|Incineroar, L50, M|100/100\n|switch|p2b: Dialga|Dialga-Origin, L50|100/100\n|-ability|p2a: Incineroar|Intimidate|boost\n|-unboost|p1a: Dusclops|atk|1\n|-unboost|p1b: Gastrodon|atk|1\n|-ability|p1a: Dusclops|Pressure\n|turn|1\n|inactive|pingabu has 30 seconds left.\n|\n|t:|1746077368\n|move|p1b: Gastrodon|Protect|p1b: Gastrodon\n|-singleturn|p1b: Gastrodon|Protect\n|move|p2b: Dialga|Flash Cannon|p1a: Dusclops\n|-damage|p1a: Dusclops|72/100\n|move|p2a: Incineroar|Knock Off|p1a: Dusclops\n|-supereffective|p1a: Dusclops\n|-damage|p1a: Dusclops|26/100\n|-enditem|p1a: Dusclops|Eviolite|[from] move: Knock Off|[of] p2a: Incineroar\n|move|p1a: Dusclops|Will-O-Wisp|p2b: Dialga\n|-status|p2b: Dialga|brn\n|\n|-damage|p2b: Dialga|95/100 brn|[from] brn\n|upkeep\n|turn|2\n|inactive|ivanthesaxophonist has 30 seconds left.\n|\n|t:|1746077402\n|move|p2b: Dialga|Flash Cannon|p1a: Dusclops\n|-damage|p1a: Dusclops|0 fnt\n|faint|p1a: Dusclops\n|move|p1b: Gastrodon|Hydro Pump|p2a: Incineroar\n|-supereffective|p2a: Incineroar\n|-damage|p2a: Incineroar|44/100\n|move|p2a: Incineroar|Knock Off|p1b: Gastrodon\n|-damage|p1b: Gastrodon|60/100\n|-damage|p2a: Incineroar|28/100|[from] item: Rocky Helmet|[of] p1b: Gastrodon\n|-enditem|p1b: Gastrodon|Rocky Helmet|[from] move: Knock Off|[of] p2a: Incineroar\n|\n|-damage|p2b: Dialga|89/100 brn|[from] brn\n|upkeep\n|\n|t:|1746077412\n|switch|p1a: Ursaluna|Ursaluna-Bloodmoon, L50, M|100/100\n|turn|3\n|inactive|ivanthesaxophonist has 30 seconds left.\n|inactive|ivanthesaxophonist has 20 seconds left.\n|inactive|ivanthesaxophonist has 15 seconds left.\n|\n|t:|1746077455\n|move|p1a: Ursaluna|Protect|p1a: Ursaluna\n|-singleturn|p1a: Ursaluna|Protect\n|move|p2b: Dialga|Draco Meteor|p1a: Ursaluna\n|-activate|p1a: Ursaluna|move: Protect\n|move|p1b: Gastrodon|Earth Power|p2b: Dialga\n|-supereffective|p2b: Dialga\n|-damage|p2b: Dialga|48/100 brn\n|move|p2a: Incineroar|Knock Off|p1a: Ursaluna\n|-activate|p1a: Ursaluna|move: Protect\n|\n|-damage|p2b: Dialga|42/100 brn|[from] brn\n|upkeep\n|turn|4\n|\n|t:|1746077478\n|move|p2b: Dialga|Draco Meteor|p1a: Ursaluna\n|-damage|p1a: Ursaluna|0 fnt\n|-unboost|p2b: Dialga|spa|2\n|faint|p1a: Ursaluna\n|move|p1b: Gastrodon|Earth Power|p2a: Incineroar\n|-supereffective|p2a: Incineroar\n|-damage|p2a: Incineroar|0 fnt\n|faint|p2a: Incineroar\n|\n|-damage|p2b: Dialga|36/100 brn|[from] brn\n|upkeep\n|\n|t:|1746077490\n|switch|p1a: Calyrex|Calyrex-Ice, L50|100/100\n|switch|p2a: Zamazenta|Zamazenta-Crowned, L50|100/100\n|-ability|p1a: Calyrex|As One\n|-ability|p1a: Calyrex|Unnerve\n|-ability|p2a: Zamazenta|Dauntless Shield|boost\n|-boost|p2a: Zamazenta|def|1\n|turn|5\n|inactive|ivanthesaxophonist has 30 seconds left.\n|inactive|ivanthesaxophonist has 20 seconds left.\n|inactive|ivanthesaxophonist has 15 seconds left.\n|\n|t:|1746077545\n|-terastallize|p1a: Calyrex|Water\n|move|p2a: Zamazenta|Body Press|p1a: Calyrex\n|-damage|p1a: Calyrex|52/100\n|move|p2b: Dialga|Flash Cannon|p1a: Calyrex\n|-resisted|p1a: Calyrex\n|-damage|p1a: Calyrex|41/100\n|move|p1a: Calyrex|High Horsepower|p2b: Dialga\n|-supereffective|p2b: Dialga\n|-damage|p2b: Dialga|0 fnt\n|faint|p2b: Dialga\n|-ability|p1a: Calyrex|Chilling Neigh|boost\n|-boost|p1a: Calyrex|atk|1\n|move|p1b: Gastrodon|Earth Power|p2a: Zamazenta\n|-supereffective|p2a: Zamazenta\n|-damage|p2a: Zamazenta|60/100\n|\n|upkeep\n|\n|t:|1746077559\n|switch|p2b: Tyranitar|Tyranitar, L50, M|100/100\n|-weather|Sandstorm|[from] ability: Sand Stream|[of] p2b: Tyranitar\n|turn|6\n|inactive|ivanthesaxophonist has 30 seconds left.\n|\n|t:|1746077585\n|move|p1a: Calyrex|Protect|p1a: Calyrex\n|-singleturn|p1a: Calyrex|Protect\n|move|p2a: Zamazenta|Body Press|p1a: Calyrex\n|-activate|p1a: Calyrex|move: Protect\n|move|p2b: Tyranitar|Rock Slide|p1a: Calyrex|[spread] \n|-activate|p1a: Calyrex|move: Protect\n|-miss|p2b: Tyranitar|p1b: Gastrodon\n|move|p1b: Gastrodon|Recover|p1b: Gastrodon\n|-heal|p1b: Gastrodon|100/100\n|\n|-weather|Sandstorm|[upkeep]\n|-damage|p1a: Calyrex|35/100|[from] Sandstorm\n|upkeep\n|turn|7\n|inactive|ivanthesaxophonist has 30 seconds left.\n|\n|t:|1746077611\n|move|p2a: Zamazenta|Body Press|p1a: Calyrex\n|-damage|p1a: Calyrex|0 fnt\n|faint|p1a: Calyrex\n|move|p2b: Tyranitar|Rock Slide|p1b: Gastrodon|[miss]\n|-miss|p2b: Tyranitar|p1b: Gastrodon\n|move|p1b: Gastrodon|Earth Power|p2a: Zamazenta\n|-supereffective|p2a: Zamazenta\n|-damage|p2a: Zamazenta|23/100\n|\n|-weather|Sandstorm|[upkeep]\n|upkeep\n|turn|8\n|\n|t:|1746077629\n|move|p2a: Zamazenta|Body Press|p1b: Gastrodon\n|-damage|p1b: Gastrodon|18/100\n|move|p2b: Tyranitar|Knock Off|p1b: Gastrodon\n|-damage|p1b: Gastrodon|0 fnt\n|faint|p1b: Gastrodon\n|\n|win|ivanthesaxophonist\n||pingabu is ready for game 2.\n|l|\u2606pingabu\n|player|p1|\n||ivanthesaxophonist is ready for game 2.\n|uhtml|next|Next: <a href=\"/battle-gen9vgc2025regibo3-2354475178\"><strong>Game 2 of 3</strong></a>\n", "uploadtime": 1746078008, "views": 7, "formatid": "gen9vgc2025regibo3", "rating": null, "private": 0, "password": null}