{"id": "gen9vgc2025regibo3-2353507927", "format": "[Gen 9] VGC 2025 Reg I (Bo3)", "players": ["bvg2", "thebigmacky"], "log": "|j|\u203dbvg2\n|j|\u2606thebigmacky\n|html|<table width=\"100%\"><tr><td align=\"left\">bvg2</td><td align=\"right\">thebigmacky</tr><tr><td align=\"left\"><i class=\"fa fa-circle-o\"></i> <i class=\"fa fa-circle-o\"></i> </td><td align=\"right\"><i class=\"fa fa-circle-o\"></i> <i class=\"fa fa-circle-o\"></i> </tr></table>\n|uhtml|bestof|<h2><strong>Game 1</strong> of <a href=\"/game-bestof3-gen9vgc2025regibo3-2353507926\">a best-of-3</a></h2>\n|t:|1745962624\n|gametype|doubles\n|player|p1|bvg2|flannery|1254\n|player|p2|thebigmacky|miku-ground|1237\n|teamsize|p1|6\n|teamsize|p2|6\n|gen|9\n|tier|[Gen 9] VGC 2025 Reg I (Bo3)\n|rated|\n|rule|Species Clause: Limit one of each Pok\u00e9mon\n|rule|Item Clause: Limit 1 of each item\n|clearpoke\n|poke|p1|Calyrex-Shadow, L50|\n|poke|p1|Dondozo, L50, F|\n|poke|p1|Tatsugiri-Droopy, L50, M|\n|poke|p1|Chi-Yu, L50|\n|poke|p1|Miraidon, L50|\n|poke|p1|Sneasler, L50, M|\n|poke|p2|Koraidon, L50|\n|poke|p2|Raging Bolt, L50|\n|poke|p2|Incineroar, L50, F|\n|poke|p2|Calyrex-Shadow, L50|\n|poke|p2|Ogerpon-Cornerstone, L50, F|\n|poke|p2|Flutter Mane, L50|\n|teampreview|4\n|showteam|p1|Calyrex-Shadow||LifeOrb|AsOneSpectrier|Protect,AstralBarrage,ExpandingForce,Encore||||||50|,,,,,Normal]Dondozo||Leftovers|Unaware|Protect,BodyPress,OrderUp,WaveCrash|||F|||50|,,,,,Grass]Tatsugiri-Droopy||FocusSash|Commander|Protect,HelpingHand,DragonPulse,MuddyWater|||M|||50|,,,,,Stellar]Chi-Yu||ChoiceScarf|BeadsofRuin|ScaryFace,Snarl,HeatWave,Overheat||||||50|,,,,,Ghost]Miraidon||AssaultVest|HadronEngine|ElectroDrift,DracoMeteor,DazzlingGleam,VoltSwitch||||||50|,,,,,Fairy]Sneasler||ElectricSeed|Unburden|CloseCombat,DireClaw,ToxicSpikes,FakeOut|||M|||50|,,,,,Ghost\n|showteam|p2|Koraidon||ClearAmulet|OrichalcumPulse|FlareBlitz,CollisionCourse,FlameCharge,Protect||||||50|,,,,,Fire]Raging Bolt||AssaultVest|Protosynthesis|Thunderbolt,DracoMeteor,Thunderclap,VoltSwitch||||||50|,,,,,Electric]Incineroar||RockyHelmet|Intimidate|KnockOff,FakeOut,PartingShot,WillOWisp|||F|||50|,,,,,Bug]Calyrex-Shadow||LifeOrb|AsOneSpectrier|AstralBarrage,Psychic,NastyPlot,Protect||||||50|,,,,,Dark]Ogerpon-Cornerstone||CornerstoneMask|Sturdy|IvyCudgel,PowerWhip,FollowMe,SpikyShield|||F|||50|,,,,,Rock]Flutter Mane||FocusSash|Protosynthesis|Moonblast,ShadowBall,IcyWind,Protect||||||50|,,,,,Fairy\n|\n|t:|1745962659\n|start\n|switch|p1a: Calyrex|Calyrex-Shadow, L50|100/100\n|switch|p1b: Chi-Yu|Chi-Yu, L50|100/100\n|switch|p2a: Koraidon|Koraidon, L50|100/100\n|switch|p2b: Flutter Mane|Flutter Mane, L50, shiny|100/100\n|-ability|p1a: Calyrex|As One\n|-ability|p1a: Calyrex|Unnerve\n|-ability|p1b: Chi-Yu|Beads of Ruin\n|-weather|SunnyDay|[from] ability: Orichalcum Pulse|[of] p2a: Koraidon\n|-activate|p2b: Flutter Mane|ability: Protosynthesis\n|-start|p2b: Flutter Mane|protosynthesisspe\n|-activate|p2a: Koraidon|Orichalcum Pulse|[source]\n|turn|1\n|inactive|Battle timer is ON: inactive players will automatically lose when time's up. (requested by bvg2)\n|inactive|bvg2 has 60 seconds left.\n|inactive|thebigmacky has 60 seconds left.\n|\n|t:|1745962702\n|-terastallize|p1a: Calyrex|Normal\n|-terastallize|p2a: Koraidon|Fire\n|move|p2b: Flutter Mane|Icy Wind|p1a: Calyrex|[spread] p1a,p1b\n|-resisted|p1b: Chi-Yu\n|-damage|p1a: Calyrex|80/100\n|-damage|p1b: Chi-Yu|92/100\n|-unboost|p1a: Calyrex|spe|1\n|-unboost|p1b: Chi-Yu|spe|1\n|move|p1b: Chi-Yu|Heat Wave|p2b: Flutter Mane|[spread] p2b\n|-miss|p1b: Chi-Yu|p2a: Koraidon\n|-damage|p2b: Flutter Mane|24/100\n|move|p2a: Koraidon|Flame Charge|p1b: Chi-Yu\n|-resisted|p1b: Chi-Yu\n|-damage|p1b: Chi-Yu|40/100\n|-boost|p2a: Koraidon|spe|1\n|move|p1a: Calyrex|Astral Barrage|p2b: Flutter Mane|[spread] p2a,p2b\n|-supereffective|p2b: Flutter Mane\n|-damage|p2a: Koraidon|25/100\n|-damage|p2b: Flutter Mane|0 fnt\n|faint|p2b: Flutter Mane\n|-end|p2b: Flutter Mane|Protosynthesis|[silent]\n|-ability|p1a: Calyrex|Grim Neigh|boost\n|-boost|p1a: Calyrex|spa|1\n|-damage|p1a: Calyrex|70/100|[from] item: Life Orb\n|\n|-weather|SunnyDay|[upkeep]\n|upkeep\n|\n|t:|1745962722\n|switch|p2b: Incineroar|Incineroar, L50, F, shiny|100/100\n|-ability|p2b: Incineroar|Intimidate|boost\n|-unboost|p1a: Calyrex|atk|1\n|-unboost|p1b: Chi-Yu|atk|1\n|turn|2\n|\n|t:|1745962732\n|move|p1a: Calyrex|Protect|p1a: Calyrex\n|-singleturn|p1a: Calyrex|Protect\n|move|p2b: Incineroar|Fake Out|p1a: Calyrex\n|-activate|p1a: Calyrex|move: Protect\n|move|p2a: Koraidon|Collision Course|p1b: Chi-Yu\n|-supereffective|p1b: Chi-Yu\n|-damage|p1b: Chi-Yu|0 fnt\n|faint|p1b: Chi-Yu\n|\n|-weather|SunnyDay|[upkeep]\n|upkeep\n|\n|t:|1745962743\n|switch|p1b: Sneasler|Sneasler, L50, M|100/100\n|turn|3\n|\n|t:|1745962763\n|switch|p1a: Miraidon|Miraidon, L50|100/100\n|-fieldstart|move: Electric Terrain|[from] ability: Hadron Engine|[of] p1a: Miraidon\n|-enditem|p1b: Sneasler|Electric Seed\n|-boost|p1b: Sneasler|def|1|[from] item: Electric Seed\n|switch|p2b: Raging Bolt|Raging Bolt, L50|100/100\n|-activate|p2b: Raging Bolt|ability: Protosynthesis\n|-start|p2b: Raging Bolt|protosynthesisspa\n|move|p2a: Koraidon|Protect|p2a: Koraidon\n|-singleturn|p2a: Koraidon|Protect\n|move|p1b: Sneasler|Close Combat|p2b: Raging Bolt\n|-damage|p2b: Raging Bolt|45/100\n|-unboost|p1b: Sneasler|def|1\n|-unboost|p1b: Sneasler|spd|1\n|\n|-weather|SunnyDay|[upkeep]\n|upkeep\n|turn|4\n|inactive|thebigmacky has 30 seconds left.\n|inactive|thebigmacky has 20 seconds left.\n|inactive|thebigmacky has 15 seconds left.\n|\n|t:|1745962807\n|-end|p2b: Raging Bolt|Protosynthesis|[silent]\n|switch|p2b: Incineroar|Incineroar, L50, F, shiny|100/100\n|-ability|p2b: Incineroar|Intimidate|boost\n|-unboost|p1a: Miraidon|atk|1\n|-unboost|p1b: Sneasler|atk|1\n|move|p1b: Sneasler|Dire Claw|p2a: Koraidon\n|-damage|p2a: Koraidon|0 fnt\n|faint|p2a: Koraidon\n|move|p1a: Miraidon|Dazzling Gleam|p2b: Incineroar\n|-damage|p2b: Incineroar|67/100\n|\n|-weather|SunnyDay|[upkeep]\n|upkeep\n|\n|t:|1745962811\n|switch|p2a: Raging Bolt|Raging Bolt, L50|45/100\n|-activate|p2a: Raging Bolt|ability: Protosynthesis\n|-start|p2a: Raging Bolt|protosynthesisspa\n|turn|5\n|inactive|thebigmacky has 30 seconds left.\n|inactive|thebigmacky has 20 seconds left.\n|inactive|thebigmacky has 15 seconds left.\n|\n|t:|1745962856\n|move|p2b: Incineroar|Fake Out|p1a: Miraidon\n|-damage|p1a: Miraidon|90/100\n|move|p1b: Sneasler|Dire Claw|p2a: Raging Bolt\n|-damage|p2a: Raging Bolt|20/100\n|cant|p1a: Miraidon|flinch\n|move|p2a: Raging Bolt|Draco Meteor|p1a: Miraidon\n|-supereffective|p1a: Miraidon\n|-damage|p1a: Miraidon|0 fnt\n|-unboost|p2a: Raging Bolt|spa|2\n|faint|p1a: Miraidon\n|\n|-weather|none\n|-end|p2a: Raging Bolt|Protosynthesis\n|upkeep\n|\n|t:|1745962870\n|switch|p1a: Calyrex|Calyrex-Shadow, L50, tera:Normal|70/100\n|-ability|p1a: Calyrex|As One\n|-ability|p1a: Calyrex|Unnerve\n|turn|6\n|\n|t:|1745962884\n|move|p2a: Raging Bolt|Thunderclap|p1b: Sneasler\n|-damage|p1b: Sneasler|48/100\n|move|p1b: Sneasler|Close Combat|p2b: Incineroar\n|-supereffective|p2b: Incineroar\n|-damage|p2b: Incineroar|0 fnt\n|-unboost|p1b: Sneasler|def|1\n|-unboost|p1b: Sneasler|spd|1\n|-damage|p1b: Sneasler|31/100|[from] item: Rocky Helmet|[of] p2b: Incineroar\n|faint|p2b: Incineroar\n|move|p1a: Calyrex|Astral Barrage|p2a: Raging Bolt\n|-damage|p2a: Raging Bolt|0 fnt\n|faint|p2a: Raging Bolt\n|-end|p2a: Raging Bolt|Protosynthesis|[silent]\n|-damage|p1a: Calyrex|60/100|[from] item: Life Orb\n|\n|win|bvg2\n||thebigmacky is ready for game 2.\n|inactive|bvg2 has 30 seconds to confirm battle start!\n||bvg2 is ready for game 2.\n|uhtml|next|Next: <a href=\"/battle-gen9vgc2025regibo3-2353510557\"><strong>Game 2 of 3</strong></a>\n|l|\u2606thebigmacky\n|player|p2|\n|l|\u203dbvg2\n|player|p1|\n", "uploadtime": 1745963247, "views": 22, "formatid": "gen9vgc2025regibo3", "rating": null, "private": 0, "password": null}