{"id": "gen9vgc2025regibo3-2354402512", "format": "[Gen 9] VGC 2025 Reg I (Bo3)", "players": ["Bdogplatinum", "MolluskVGC"], "log": "|j|\u2606Bdogplatinum\n|j|\u2606MolluskVGC\n|html|<table width=\"100%\"><tr><td align=\"left\">Bdogplatinum</td><td align=\"right\">MolluskVGC</tr><tr><td align=\"left\"><i class=\"fa fa-circle-o\"></i> <i class=\"fa fa-circle-o\"></i> </td><td align=\"right\"><i class=\"fa fa-circle-o\"></i> <i class=\"fa fa-circle\"></i> </tr></table>\n|uhtml|bestof|<h2><strong>Game 2</strong> of <a href=\"/game-bestof3-gen9vgc2025regibo3-2354400855\">a best-of-3</a></h2>\n|t:|1746066997\n|gametype|doubles\n|player|p1|Bdogplatinum|101|\n|player|p2|MolluskVGC|hiker-gen4|\n|teamsize|p1|6\n|teamsize|p2|6\n|gen|9\n|tier|[Gen 9] VGC 2025 Reg I (Bo3)\n|rule|Species Clause: Limit one of each Pok\u00e9mon\n|rule|Item Clause: Limit 1 of each item\n|clearpoke\n|poke|p1|Necrozma-Dusk-Mane, L50|\n|poke|p1|Miraidon, L50|\n|poke|p1|Iron Moth, L50|\n|poke|p1|Grimmsnarl, L50, M|\n|poke|p1|Tsareena, L50, F|\n|poke|p1|Iron Hands, L50|\n|poke|p2|Miraidon, L50|\n|poke|p2|Ho-Oh, L50|\n|poke|p2|Iron Hands, L50|\n|poke|p2|Farigiraf, L50, F|\n|poke|p2|Grimmsnarl, L50, M|\n|poke|p2|Urshifu-*, L50, M|\n|teampreview|4\n|showteam|p1|Necrozma-Dusk-Mane||ClearAmulet|PrismArmor|Protect,TrickRoom,SunsteelStrike,PhotonGeyser||||||50|,,,,,Water]Miraidon||ChoiceSpecs|HadronEngine|DracoMeteor,ElectroDrift,DazzlingGleam,VoltSwitch||||||50|,,,,,Fairy]Iron Moth||BoosterEnergy|QuarkDrive|SludgeWave,AcidSpray,FieryDance,Protect||||||50|,,,,,Grass]Grimmsnarl||LightClay|Prankster|Reflect,LightScreen,SuckerPunch,SpiritBreak|||M|||50|,,,,,Ghost]Tsareena||WideLens|QueenlyMajesty|Protect,HelpingHand,TripleAxel,PowerWhip|||F|||50|,,,,,Ice]Iron Hands||AssaultVest|QuarkDrive|FakeOut,DrainPunch,LowKick,HeavySlam||||||50|,,,,,Bug\n|showteam|p2|Miraidon||ChoiceSpecs|HadronEngine|ElectroDrift,DracoMeteor,VoltSwitch,DazzlingGleam||||||50|,,,,,Fairy]Ho-Oh||ClearAmulet|Regenerator|Protect,BraveBird,SacredFire,Tailwind||||||50|,,,,,Grass]Iron Hands||AssaultVest|QuarkDrive|FakeOut,DrainPunch,WildCharge,LowKick||||||50|,,,,,Water]Farigiraf||ElectricSeed|ArmorTail|FoulPlay,PsychicNoise,HelpingHand,TrickRoom|||F|||50|,,,,,Water]Grimmsnarl||LightClay|Prankster|SpiritBreak,LightScreen,Reflect,SuckerPunch|||M|||50|,,,,,Ghost]Urshifu-Rapid-Strike||MysticWater|UnseenFist|Detect,SurgingStrikes,CloseCombat,AquaJet|||M|||50|,,,,,Water\n|\n|t:|1746067026\n|start\n|switch|p1a: Iron Hands|Iron Hands, L50|100/100\n|switch|p1b: Necrozma|Necrozma-Dusk-Mane, L50|100/100\n|switch|p2a: Miraidon|Miraidon, L50|100/100\n|switch|p2b: Grimmsnarl|Grimmsnarl, L50, M, shiny|100/100\n|-fieldstart|move: Electric Terrain|[from] ability: Hadron Engine|[of] p2a: Miraidon\n|-activate|p1a: Iron Hands|ability: Quark Drive\n|-start|p1a: Iron Hands|quarkdriveatk\n|turn|1\n|\n|t:|1746067068\n|move|p1a: Iron Hands|Fake Out|p2a: Miraidon\n|-damage|p2a: Miraidon|80/100\n|move|p2b: Grimmsnarl|Reflect|p2b: Grimmsnarl\n|-sidestart|p2: MolluskVGC|Reflect\n|cant|p2a: Miraidon|flinch\n|move|p1b: Necrozma|Sunsteel Strike|p2b: Grimmsnarl\n|-supereffective|p2b: Grimmsnarl\n|-damage|p2b: Grimmsnarl|21/100\n|\n|upkeep\n|turn|2\n|\n|t:|1746067098\n|-end|p1a: Iron Hands|Quark Drive|[silent]\n|switch|p1a: Miraidon|Miraidon, L50|100/100\n|-activate|p1a: Miraidon|ability: Hadron Engine\n|move|p2a: Miraidon|Draco Meteor|p1a: Miraidon\n|-supereffective|p1a: Miraidon\n|-damage|p1a: Miraidon|0 fnt\n|-unboost|p2a: Miraidon|spa|2\n|faint|p1a: Miraidon\n|move|p1b: Necrozma|Photon Geyser|p2a: Miraidon\n|-damage|p2a: Miraidon|39/100\n|move|p2b: Grimmsnarl|Spirit Break|p1b: Necrozma\n|-resisted|p1b: Necrozma\n|-damage|p1b: Necrozma|90/100\n|\n|upkeep\n|\n|t:|1746067107\n|switch|p1a: Iron Moth|Iron Moth, L50|100/100\n|-activate|p1a: Iron Moth|ability: Quark Drive\n|-start|p1a: Iron Moth|quarkdrivespe\n|turn|3\n|\n|t:|1746067120\n|switch|p2a: Ho-Oh|Ho-Oh, L50|100/100\n|move|p2b: Grimmsnarl|Light Screen|p2b: Grimmsnarl\n|-sidestart|p2: MolluskVGC|move: Light Screen\n|move|p1a: Iron Moth|Sludge Wave|p2b: Grimmsnarl|[spread] p2a,p2b\n|-immune|p1b: Necrozma\n|-supereffective|p2b: Grimmsnarl\n|-damage|p2a: Ho-Oh|88/100\n|-damage|p2b: Grimmsnarl|0 fnt\n|faint|p2b: Grimmsnarl\n|move|p1b: Necrozma|Photon Geyser|p2a: Ho-Oh\n|-damage|p2a: Ho-Oh|53/100\n|\n|upkeep\n|\n|t:|1746067133\n|switch|p2b: Iron Hands|Iron Hands, L50|100/100\n|-activate|p2b: Iron Hands|ability: Quark Drive\n|-start|p2b: Iron Hands|quarkdriveatk\n|turn|4\n|\n|t:|1746067149\n|move|p2b: Iron Hands|Fake Out|p1a: Iron Moth\n|-damage|p1a: Iron Moth|71/100\n|cant|p1a: Iron Moth|flinch\n|move|p2a: Ho-Oh|Sacred Fire|p1b: Necrozma\n|-supereffective|p1b: Necrozma\n|-damage|p1b: Necrozma|46/100\n|move|p1b: Necrozma|Photon Geyser|p2b: Iron Hands\n|-supereffective|p2b: Iron Hands\n|-damage|p2b: Iron Hands|46/100\n|\n|upkeep\n|turn|5\n|\n|t:|1746067186\n|-terastallize|p1b: Necrozma|Water\n|-terastallize|p2b: Iron Hands|Water\n|move|p1a: Iron Moth|Fiery Dance|p2b: Iron Hands\n|-resisted|p2b: Iron Hands\n|-damage|p2b: Iron Hands|39/100\n|move|p2a: Ho-Oh|Brave Bird|p1a: Iron Moth\n|-damage|p1a: Iron Moth|0 fnt\n|faint|p1a: Iron Moth\n|-end|p1a: Iron Moth|Quark Drive|[silent]\n|-damage|p2a: Ho-Oh|34/100|[from] Recoil\n|move|p1b: Necrozma|Photon Geyser|p2b: Iron Hands\n|-damage|p2b: Iron Hands|9/100\n|move|p2b: Iron Hands|Low Kick|p1b: Necrozma\n|-damage|p1b: Necrozma|0 fnt\n|faint|p1b: Necrozma\n|\n|-fieldend|move: Electric Terrain\n|-end|p2b: Iron Hands|Quark Drive\n|upkeep\n|\n|t:|1746067204\n|switch|p1b: Iron Hands|Iron Hands, L50|100/100\n|turn|6\n|c|\u2606Bdogplatinum|GGs\n|-message|Bdogplatinum forfeited.\n|\n|win|MolluskVGC\n|c|\u2606MolluskVGC|gg\n", "uploadtime": 1746067215, "views": 9, "formatid": "gen9vgc2025regibo3", "rating": null, "private": 0, "password": null}