{"id": "gen9vgc2025regibo3-2354109660", "format": "[Gen 9] VGC 2025 Reg I (Bo3)", "players": ["hawardelpato", "test0824"], "log": "|j|\u2606hawardelpato\n|j|\u2606test0824\n|html|<table width=\"100%\"><tr><td align=\"left\">hawardelpato</td><td align=\"right\">test0824</tr><tr><td align=\"left\"><i class=\"fa fa-circle-o\"></i> <i class=\"fa fa-circle-o\"></i> </td><td align=\"right\"><i class=\"fa fa-circle-o\"></i> <i class=\"fa fa-circle-o\"></i> </tr></table>\n|uhtml|bestof|<h2><strong>Game 1</strong> of <a href=\"/game-bestof3-gen9vgc2025regibo3-2354109659\">a best-of-3</a></h2>\n|t:|1746035666\n|gametype|doubles\n|player|p1|hawardelpato|janitor|1087\n|player|p2|test0824|scientist|1065\n|teamsize|p1|6\n|teamsize|p2|6\n|gen|9\n|tier|[Gen 9] VGC 2025 Reg I (Bo3)\n|rated|\n|rule|Species Clause: Limit one of each Pok\u00e9mon\n|rule|Item Clause: Limit 1 of each item\n|clearpoke\n|poke|p1|Kyogre, L50|\n|poke|p1|Zacian-*, L50|\n|poke|p1|Tornadus, L50, M|\n|poke|p1|Urshifu-*, L50, M|\n|poke|p1|Chien-Pao, L50|\n|poke|p1|Amoonguss, L50, M|\n|poke|p2|Solgaleo, L50|\n|poke|p2|Calyrex-Shadow, L50|\n|poke|p2|Weezing, L50, F|\n|poke|p2|Landorus, L50, M|\n|poke|p2|Whimsicott, L50, F|\n|poke|p2|Urshifu-*, L50, M|\n|teampreview|4\n|showteam|p1|Kyogre||MysticWater|Drizzle|WaterSpout,OriginPulse,IceBeam,Protect||||||50|,,,,,Grass]Zacian-Crowned||RustedSword|IntrepidSword|behemothblade,PlayRough,TeraBlast,Protect||||||50|,,,,,Ground]Tornadus||CovertCloak|Prankster|Tailwind,BleakwindStorm,RainDance,Taunt|||M|||50|,,,,,Dark]Urshifu-Rapid-Strike||ChoiceScarf|UnseenFist|SurgingStrikes,CloseCombat,AquaJet,Uturn|||M|||50|,,,,,Stellar]Chien-Pao||FocusSash|SwordofRuin|IceSpinner,SuckerPunch,SacredSword,Protect||||||50|,,,,,Ghost]Amoonguss||RockyHelmet|Regenerator|RagePowder,Spore,PollenPuff,Protect|||M|||50|,,,,,Water\n|showteam|p2|Solgaleo||WeaknessPolicy|FullMetalBody|SunsteelStrike,PsychicFangs,FlameCharge,Protect||||||50|,,,,,Fire]Calyrex-Shadow||FocusSash|AsOneSpectrier|AstralBarrage,Bulldoze,Encore,Protect||||||50|,,,,,Normal]Weezing||SitrusBerry|NeutralizingGas|Protect,Taunt,WillOWisp,SludgeBomb|||F|||50|,,,,,Grass]Landorus||ChoiceScarf|SheerForce|EarthPower,SludgeBomb,Uturn,SandsearStorm|||M|||50|,,,,,Water]Whimsicott||CovertCloak|Prankster|Tailwind,WorrySeed,Moonblast,Encore|||F|||50|,,,,,Dark]Urshifu||BlackGlasses|UnseenFist|SuckerPunch,CloseCombat,WickedBlow,Detect|||M|||50|,,,,,Dark\n|j| epom158\n|inactive|Battle timer is ON: inactive players will automatically lose when time's up. (requested by hawardelpato)\n|inactive|test0824 has 60 seconds left.\n|\n|t:|1746035737\n|start\n|switch|p1a: Zacian|Zacian-Crowned, L50|100/100\n|switch|p1b: Tornadus|Tornadus, L50, M|100/100\n|switch|p2a: Calyrex|Calyrex-Shadow, L50|100/100\n|switch|p2b: Weezing|Weezing, L50, F|100/100\n|-ability|p2b: Weezing|Neutralizing Gas\n|-ability|p2a: Calyrex|As One\n|-ability|p2a: Calyrex|Unnerve\n|turn|1\n|inactive|hawardelpato has 30 seconds left.\n|inactive|test0824 has 30 seconds left.\n|\n|t:|1746035773\n|move|p2a: Calyrex|Astral Barrage|p1b: Tornadus|[spread] p1a,p1b\n|-damage|p1a: Zacian|50/100\n|-damage|p1b: Tornadus|35/100\n|move|p1a: Zacian|Behemoth Blade|p2a: Calyrex\n|-damage|p2a: Calyrex|32/100\n|move|p1b: Tornadus|Tailwind|p1b: Tornadus\n|-sidestart|p1: hawardelpato|move: Tailwind\n|move|p2b: Weezing|Will-O-Wisp|p1a: Zacian|[miss]\n|-miss|p2b: Weezing|p1a: Zacian\n|\n|upkeep\n|turn|2\n|\n|t:|1746035790\n|move|p2a: Calyrex|Protect|p2a: Calyrex\n|-singleturn|p2a: Calyrex|Protect\n|move|p1a: Zacian|Behemoth Blade|p2a: Calyrex\n|-activate|p2a: Calyrex|move: Protect\n|move|p1b: Tornadus|Bleakwind Storm|p2b: Weezing|[spread] p2b\n|-activate|p2a: Calyrex|move: Protect\n|-damage|p2b: Weezing|74/100\n|-unboost|p2b: Weezing|spe|1\n|move|p2b: Weezing|Will-O-Wisp|p1a: Zacian|[miss]\n|-miss|p2b: Weezing|p1a: Zacian\n|\n|upkeep\n|turn|3\n|\n|t:|1746035804\n|switch|p2a: Solgaleo|Solgaleo, L50|100/100\n|move|p1a: Zacian|Behemoth Blade|p2a: Solgaleo\n|-resisted|p2a: Solgaleo\n|-damage|p2a: Solgaleo|76/100\n|move|p1b: Tornadus|Bleakwind Storm|p2b: Weezing|[spread] \n|-miss|p1b: Tornadus|p2a: Solgaleo\n|-miss|p1b: Tornadus|p2b: Weezing\n|move|p2b: Weezing|Will-O-Wisp|p1a: Zacian\n|-status|p1a: Zacian|brn\n|\n|-damage|p1a: Zacian|44/100 brn|[from] brn\n|upkeep\n|turn|4\n|j| angelicangel12\n|l| angelicangel12\n|\n|t:|1746035829\n|-terastallize|p1a: Zacian|Ground\n|move|p1a: Zacian|Tera Blast|p2a: Solgaleo|[anim] Tera Blast Ground\n|-supereffective|p2a: Solgaleo\n|-damage|p2a: Solgaleo|41/100\n|-enditem|p2a: Solgaleo|Weakness Policy\n|-boost|p2a: Solgaleo|atk|2|[from] item: Weakness Policy\n|-boost|p2a: Solgaleo|spa|2|[from] item: Weakness Policy\n|move|p1b: Tornadus|Rain Dance|p1b: Tornadus\n|-weather|RainDance\n|move|p2a: Solgaleo|Flame Charge|p1b: Tornadus\n|-damage|p1b: Tornadus|15/100\n|-boost|p2a: Solgaleo|spe|1\n|move|p2b: Weezing|Sludge Bomb|p1b: Tornadus\n|-damage|p1b: Tornadus|0 fnt\n|faint|p1b: Tornadus\n|\n|-weather|RainDance|[upkeep]\n|-damage|p1a: Zacian|38/100 brn|[from] brn\n|-sideend|p1: hawardelpato|move: Tailwind\n|upkeep\n|\n|t:|1746035840\n|switch|p1b: Urshifu|Urshifu-Rapid-Strike, L50, M|100/100\n|turn|5\n|\n|t:|1746035857\n|-terastallize|p2b: Weezing|Grass\n|move|p2a: Solgaleo|Protect|p2a: Solgaleo\n|-singleturn|p2a: Solgaleo|Protect\n|move|p1b: Urshifu|Surging Strikes|p2b: Weezing\n|-resisted|p2b: Weezing\n|-crit|p2b: Weezing\n|-damage|p2b: Weezing|59/100\n|-resisted|p2b: Weezing\n|-crit|p2b: Weezing\n|-damage|p2b: Weezing|45/100\n|-enditem|p2b: Weezing|Sitrus Berry|[eat]\n|-heal|p2b: Weezing|70/100|[from] item: Sitrus Berry\n|-resisted|p2b: Weezing\n|-crit|p2b: Weezing\n|-damage|p2b: Weezing|56/100\n|-hitcount|p2b: Weezing|3\n|move|p1a: Zacian|Tera Blast|p2a: Solgaleo|[anim] Tera Blast Ground\n|-activate|p2a: Solgaleo|move: Protect\n|move|p2b: Weezing|Will-O-Wisp|p1b: Urshifu\n|-status|p1b: Urshifu|brn\n|\n|-weather|RainDance|[upkeep]\n|-damage|p1b: Urshifu|94/100 brn|[from] brn\n|-damage|p1a: Zacian|32/100 brn|[from] brn\n|upkeep\n|turn|6\n|inactive|hawardelpato has 30 seconds left.\n|inactive|test0824 has 30 seconds left.\n|inactive|test0824 has 20 seconds left.\n|inactive|test0824 has 15 seconds left.\n|inactive|test0824 has 10 seconds left.\n|\n|t:|1746035906\n|move|p2a: Solgaleo|Psychic Fangs|p1b: Urshifu\n|-supereffective|p1b: Urshifu\n|-damage|p1b: Urshifu|0 fnt\n|faint|p1b: Urshifu\n|move|p1a: Zacian|Behemoth Blade|p2b: Weezing\n|-damage|p2b: Weezing|30/100\n|move|p2b: Weezing|Sludge Bomb|p1a: Zacian\n|-resisted|p1a: Zacian\n|-damage|p1a: Zacian|19/100 brn\n|\n|-weather|RainDance|[upkeep]\n|-damage|p1a: Zacian|13/100 brn|[from] brn\n|upkeep\n|\n|t:|1746035914\n|switch|p1b: Kyogre|Kyogre, L50|100/100\n|turn|7\n|\n|t:|1746035929\n|move|p2a: Solgaleo|Protect|p2a: Solgaleo\n|-singleturn|p2a: Solgaleo|Protect\n|move|p1a: Zacian|Tera Blast|p2a: Solgaleo|[anim] Tera Blast Ground\n|-activate|p2a: Solgaleo|move: Protect\n|move|p1b: Kyogre|Water Spout|p2b: Weezing|[spread] p2b\n|-activate|p2a: Solgaleo|move: Protect\n|-resisted|p2b: Weezing\n|-damage|p2b: Weezing|0 fnt\n|faint|p2b: Weezing\n|-end|p2b: Weezing|ability: Neutralizing Gas\n|-ability|p1a: Zacian|Intrepid Sword|boost\n|-boost|p1a: Zacian|atk|1\n|\n|-weather|RainDance|[upkeep]\n|-damage|p1a: Zacian|7/100 brn|[from] brn\n|upkeep\n|\n|t:|1746035944\n|switch|p2b: Landorus|Landorus, L50, M|100/100\n|turn|8\n|\n|t:|1746035960\n|move|p2a: Solgaleo|Psychic Fangs|p1b: Kyogre\n|-damage|p1b: Kyogre|0 fnt\n|faint|p1b: Kyogre\n|move|p2b: Landorus|Sandsear Storm|p1a: Zacian\n|-damage|p1a: Zacian|0 fnt\n|faint|p1a: Zacian\n|\n|win|test0824\n||hawardelpato is ready for game 2.\n|l|\u2606hawardelpato\n|player|p1|\n|inactive|test0824 has 30 seconds to confirm battle start!\n|l| epom158\n|inactive|test0824 has 20 seconds to confirm battle start!\n|inactive|test0824 has 10 seconds to confirm battle start!\n|uhtml|next|Next: <a href=\"/battle-gen9vgc2025regibo3-2354113573\"><strong>Game 2 of 3</strong></a>\n", "uploadtime": 1746036435, "views": 13, "formatid": "gen9vgc2025regibo3", "rating": null, "private": 0, "password": null}