{"id": "gen9vgc2025regibo3-2354331473", "format": "[Gen 9] VGC 2025 Reg I (Bo3)", "players": ["davidelgafe", "Chaotic Raos"], "log": "|j|\u2606davidelgafe\n|j|\u2606Chaotic Raos\n|html|<table width=\"100%\"><tr><td align=\"left\">davidelgafe</td><td align=\"right\">Chaotic Raos</tr><tr><td align=\"left\"><i class=\"fa fa-circle-o\"></i> <i class=\"fa fa-circle-o\"></i> </td><td align=\"right\"><i class=\"fa fa-circle-o\"></i> <i class=\"fa fa-circle\"></i> </tr></table>\n|uhtml|bestof|<h2><strong>Game 2</strong> of <a href=\"/game-bestof3-gen9vgc2025regibo3-2354329219\">a best-of-3</a></h2>\n|t:|1746058293\n|gametype|doubles\n|player|p1|davidelgafe|blue|1294\n|player|p2|Chaotic Raos|bellelba|1367\n|teamsize|p1|6\n|teamsize|p2|6\n|gen|9\n|tier|[Gen 9] VGC 2025 Reg I (Bo3)\n|rated|\n|rule|Species Clause: Limit one of each Pok\u00e9mon\n|rule|Item Clause: Limit 1 of each item\n|clearpoke\n|poke|p1|Zacian-*, L50|\n|poke|p1|Urshifu-*, L50, F|\n|poke|p1|Ogerpon-Hearthflame, L50, F|\n|poke|p1|Raging Bolt, L50|\n|poke|p1|Calyrex-Ice, L50|\n|poke|p1|Indeedee-F, L50, F|\n|poke|p2|Kyogre, L50|\n|poke|p2|Tornadus, L50, M|\n|poke|p2|Zacian-*, L50|\n|poke|p2|Amoonguss, L50, M|\n|poke|p2|Iron Hands, L50|\n|poke|p2|Flutter Mane, L50|\n|teampreview|4\n|showteam|p1|Zacian-Crowned||RustedSword|IntrepidSword|Protect,behemothblade,PlayRough,SacredSword||||||50|,,,,,Ghost]Urshifu-Rapid-Strike||FocusSash|UnseenFist|SurgingStrikes,CloseCombat,AquaJet,Protect|||F|||50|,,,,,Water]Ogerpon-Hearthflame||HearthflameMask|MoldBreaker|IvyCudgel,WoodHammer,SpikyShield,FollowMe|||F|||50|,,,,,Fire]Raging Bolt||LifeOrb|Protosynthesis|Protect,DracoMeteor,Thunderclap,Thunderbolt||||||50|,,,,,Electric]Calyrex-Ice||ClearAmulet|AsOneGlastrier|Protect,GlacialLance,HighHorsepower,TrickRoom||||||50|,,,,,Fire]Indeedee-F||PsychicSeed|PsychicSurge|FollowMe,Psychic,TrickRoom,HelpingHand|||F|||50|,,,,,Fire\n|showteam|p2|Kyogre||MysticWater|Drizzle|WaterSpout,OriginPulse,Protect,IceBeam||||||50|,,,,,Grass]Tornadus||CovertCloak|Prankster|Tailwind,BleakwindStorm,Taunt,RainDance|||M|||50|,,,,,Dark]Zacian-Crowned||RustedSword|IntrepidSword|behemothblade,PlayRough,SacredSword,Protect||||||50|,,,,,Water]Amoonguss||RockyHelmet|Regenerator|Spore,RagePowder,PollenPuff,Protect|||M|||50|,,,,,Water]Iron Hands||AssaultVest|QuarkDrive|FakeOut,WildCharge,DrainPunch,LowKick||||||50|,,,,,Grass]Flutter Mane||BoosterEnergy|Protosynthesis|ShadowBall,DazzlingGleam,IcyWind,Protect||||||50|,,,,,Fairy\n|\n|t:|1746058321\n|start\n|switch|p1a: Ogerpon|Ogerpon-Hearthflame, L50, F|100/100\n|switch|p1b: Calyrex|Calyrex-Ice, L50|100/100\n|switch|p2a: Kyogre|Kyogre, L50|100/100\n|switch|p2b: Amoonguss|Amoonguss, L50, M|100/100\n|-ability|p1b: Calyrex|As One\n|-ability|p1b: Calyrex|Unnerve\n|-ability|p1a: Ogerpon|Mold Breaker\n|-weather|RainDance|[from] ability: Drizzle|[of] p2a: Kyogre\n|turn|1\n|\n|t:|1746058347\n|switch|p2a: Zacian|Zacian-Crowned, L50|100/100\n|-ability|p2a: Zacian|Intrepid Sword|boost\n|-boost|p2a: Zacian|atk|1\n|move|p2b: Amoonguss|Protect|p2b: Amoonguss\n|-singleturn|p2b: Amoonguss|Protect\n|move|p1a: Ogerpon|Wood Hammer|p2b: Amoonguss\n|-activate|p2b: Amoonguss|move: Protect\n|move|p1b: Calyrex|Glacial Lance|p2a: Zacian|[spread] p2a\n|-activate|p2b: Amoonguss|move: Protect\n|-resisted|p2a: Zacian\n|-damage|p2a: Zacian|77/100\n|\n|-weather|RainDance|[upkeep]\n|upkeep\n|turn|2\n|\n|t:|1746058406\n|move|p2a: Zacian|Sacred Sword|p1b: Calyrex\n|-damage|p1b: Calyrex|72/100\n|move|p1a: Ogerpon|Ivy Cudgel|p2a: Zacian|[anim] Ivy Cudgel Fire\n|-supereffective|p2a: Zacian\n|-damage|p2a: Zacian|29/100\n|move|p1b: Calyrex|High Horsepower|p2a: Zacian\n|-supereffective|p2a: Zacian\n|-damage|p2a: Zacian|0 fnt\n|faint|p2a: Zacian\n|-ability|p1b: Calyrex|Chilling Neigh|boost\n|-boost|p1b: Calyrex|atk|1\n|move|p2b: Amoonguss|Spore|p1b: Calyrex\n|-status|p1b: Calyrex|slp|[from] move: Spore\n|\n|-weather|RainDance|[upkeep]\n|upkeep\n|\n|t:|1746058420\n|switch|p2a: Kyogre|Kyogre, L50|100/100\n|turn|3\n|\n|t:|1746058447\n|-terastallize|p2a: Kyogre|Grass\n|move|p1a: Ogerpon|Spiky Shield|p1a: Ogerpon\n|-singleturn|p1a: Ogerpon|move: Protect\n|move|p2a: Kyogre|Water Spout|p1b: Calyrex|[spread] p1b\n|-activate|p1a: Ogerpon|move: Protect\n|-damage|p1b: Calyrex|0 fnt\n|faint|p1b: Calyrex\n|move|p2b: Amoonguss|Pollen Puff|p2a: Kyogre\n|\n|-weather|RainDance|[upkeep]\n|upkeep\n|\n|t:|1746058462\n|switch|p1b: Zacian|Zacian-Crowned, L50|100/100\n|-ability|p1b: Zacian|Intrepid Sword|boost\n|-boost|p1b: Zacian|atk|1\n|turn|4\n|\n|t:|1746058471\n|switch|p1a: Urshifu|Urshifu-Rapid-Strike, L50, F|100/100\n|move|p1b: Zacian|Protect|p1b: Zacian\n|-singleturn|p1b: Zacian|Protect\n|move|p2b: Amoonguss|Rage Powder|p2b: Amoonguss\n|-singleturn|p2b: Amoonguss|move: Rage Powder\n|move|p2a: Kyogre|Water Spout|p1a: Urshifu|[spread] p1a\n|-activate|p1b: Zacian|move: Protect\n|-resisted|p1a: Urshifu\n|-damage|p1a: Urshifu|10/100\n|\n|-weather|RainDance|[upkeep]\n|upkeep\n|turn|5\n|\n|t:|1746058509\n|move|p1b: Zacian|Behemoth Blade|p2b: Amoonguss\n|-damage|p2b: Amoonguss|43/100\n|-damage|p1b: Zacian|84/100|[from] item: Rocky Helmet|[of] p2b: Amoonguss\n|move|p1a: Urshifu|Close Combat|p2b: Amoonguss\n|-resisted|p2b: Amoonguss\n|-damage|p2b: Amoonguss|16/100\n|-unboost|p1a: Urshifu|def|1\n|-unboost|p1a: Urshifu|spd|1\n|-damage|p1a: Urshifu|0 fnt|[from] item: Rocky Helmet|[of] p2b: Amoonguss\n|faint|p1a: Urshifu\n|move|p2a: Kyogre|Origin Pulse|p1b: Zacian\n|-damage|p1b: Zacian|0 fnt\n|faint|p1b: Zacian\n|move|p2b: Amoonguss|Spore|p1: Urshifu|[notarget]\n|-fail|p2b: Amoonguss\n|\n|-weather|none\n|upkeep\n|\n|t:|1746058516\n|switch|p1b: Ogerpon|Ogerpon-Hearthflame, L50, F|100/100\n|-ability|p1b: Ogerpon|Mold Breaker\n|turn|6\n|\n|t:|1746058553\n|switch|p2a: Iron Hands|Iron Hands, L50|100/100\n|-terastallize|p1b: Ogerpon|Fire\n|detailschange|p1b: Ogerpon|Ogerpon-Hearthflame-Tera, L50, F, tera:Fire\n|-ability|p1b: Ogerpon|Embody Aspect (Hearthflame)|boost\n|-boost|p1b: Ogerpon|atk|1\n|move|p1b: Ogerpon|Ivy Cudgel|p2a: Iron Hands|[anim] Ivy Cudgel Fire\n|-crit|p2a: Iron Hands\n|-damage|p2a: Iron Hands|0 fnt\n|faint|p2a: Iron Hands\n|-end|p2a: Iron Hands|Quark Drive|[silent]\n|move|p2b: Amoonguss|Pollen Puff|p2: Iron Hands|[notarget]\n|-fail|p2b: Amoonguss\n|\n|upkeep\n|\n|t:|1746058561\n|switch|p2a: Kyogre|Kyogre, L50, tera:Grass|100/100\n|-weather|RainDance|[from] ability: Drizzle|[of] p2a: Kyogre\n|turn|7\n|inactive|Battle timer is ON: inactive players will automatically lose when time's up. (requested by davidelgafe)\n|\n|t:|1746058567\n|move|p1b: Ogerpon|Spiky Shield|p1b: Ogerpon\n|-singleturn|p1b: Ogerpon|move: Protect\n|move|p2b: Amoonguss|Rage Powder|p2b: Amoonguss\n|-singleturn|p2b: Amoonguss|move: Rage Powder\n|move|p2a: Kyogre|Water Spout|p1b: Ogerpon\n|-activate|p1b: Ogerpon|move: Protect\n|\n|-weather|RainDance|[upkeep]\n|upkeep\n|turn|8\n|\n|t:|1746058575\n|move|p2b: Amoonguss|Rage Powder|p2b: Amoonguss\n|-singleturn|p2b: Amoonguss|move: Rage Powder\n|move|p1b: Ogerpon|Ivy Cudgel|p2b: Amoonguss|[anim] Ivy Cudgel Fire\n|-supereffective|p2b: Amoonguss\n|-damage|p2b: Amoonguss|0 fnt\n|faint|p2b: Amoonguss\n|move|p2a: Kyogre|Water Spout|p1b: Ogerpon\n|-supereffective|p1b: Ogerpon\n|-damage|p1b: Ogerpon|0 fnt\n|faint|p1b: Ogerpon\n|\n|win|Chaotic Raos\n|raw|davidelgafe's rating: 1294 &rarr; <strong>1274</strong><br />(-20 for losing)\n|raw|Chaotic Raos's rating: 1367 &rarr; <strong>1383</strong><br />(+16 for winning)\n|l|\u2606davidelgafe\n|player|p1|\n", "uploadtime": 1746058597, "views": 15, "formatid": "gen9vgc2025regibo3", "rating": 1274, "private": 0, "password": null}