{"id": "gen9vgc2025regibo3-2353843118", "format": "[Gen 9] VGC 2025 Reg I (Bo3)", "players": ["Arcario13", "bigpezzy3"], "log": "|j|\u2606Arcario13\n|j|\u2606bigpezzy3\n|html|<table width=\"100%\"><tr><td align=\"left\">Arcario13</td><td align=\"right\">bigpezzy3</tr><tr><td align=\"left\"><i class=\"fa fa-circle-o\"></i> <i class=\"fa fa-circle-o\"></i> </td><td align=\"right\"><i class=\"fa fa-circle-o\"></i> <i class=\"fa fa-circle-o\"></i> </tr></table>\n|uhtml|bestof|<h2><strong>Game 1</strong> of <a href=\"/game-bestof3-gen9vgc2025regibo3-2353843117\">a best-of-3</a></h2>\n|t:|1746009035\n|gametype|doubles\n|player|p1|Arcario13|hilbert-wonderlauncher|1169\n|player|p2|bigpezzy3|roark|1125\n|teamsize|p1|6\n|teamsize|p2|6\n|gen|9\n|tier|[Gen 9] VGC 2025 Reg I (Bo3)\n|rated|\n|rule|Species Clause: Limit one of each Pok\u00e9mon\n|rule|Item Clause: Limit 1 of each item\n|clearpoke\n|poke|p1|Koraidon, L50|\n|poke|p1|Flutter Mane, L50|\n|poke|p1|Chi-Yu, L50|\n|poke|p1|Brute Bonnet, L50|\n|poke|p1|Raging Bolt, L50|\n|poke|p1|Calyrex-Shadow, L50|\n|poke|p2|Calyrex-Shadow, L50|\n|poke|p2|Koraidon, L50|\n|poke|p2|Chi-Yu, L50|\n|poke|p2|Whimsicott, L50, M|\n|poke|p2|Ogerpon-Cornerstone, L50, F|\n|poke|p2|Raging Bolt, L50|\n|teampreview|4\n|showteam|p1|Koraidon||LoadedDice|OrichalcumPulse|Protect,FlareBlitz,ScaleShot,CloseCombat||||||50|,,,,,Fire]Flutter Mane||LifeOrb|Protosynthesis|ThunderWave,Moonblast,ShadowBall,Protect||||||50|,,,,,Normal]Chi-Yu||ChoiceScarf|BeadsofRuin|HeatWave,Snarl,DarkPulse,Overheat||||||50|,,,,,Fire]Brute Bonnet||CovertCloak|Protosynthesis|SeedBomb,Spore,SuckerPunch,RagePowder||||||50|,,,,,Water]Raging Bolt||AssaultVest|Protosynthesis|Thunderclap,Electroweb,DragonPulse,RisingVoltage||||||50|,,,,,Electric]Calyrex-Shadow||FocusSash|AsOneSpectrier|AstralBarrage,Psychic,Encore,Protect||||||50|,,,,,Ghost\n|showteam|p2|Calyrex-Shadow||FocusSash|AsOneSpectrier|AstralBarrage,Psychic,WillOWisp,Protect||||||50|,,,,,Normal]Koraidon||LifeOrb|OrichalcumPulse|CloseCombat,FlareBlitz,FlameCharge,Protect||||||50|,,,,,Fire]Chi-Yu||ChoiceScarf|BeadsofRuin|DarkPulse,HeatWave,Overheat,Snarl||||||50|,,,,,Ghost]Whimsicott||CovertCloak|Prankster|HelpingHand,Moonblast,Tailwind,Encore|||M|||50|,,,,,Dark]Ogerpon-Cornerstone||CornerstoneMask|Sturdy|FollowMe,IvyCudgel,SpikyShield,PowerWhip|||F|||50|,,,,,Rock]Raging Bolt||ChoiceSpecs|Protosynthesis|DracoMeteor,Thunderclap,Thunderbolt,VoltSwitch||||||50|,,,,,Electric\n|inactive|Battle timer is ON: inactive players will automatically lose when time's up. (requested by bigpezzy3)\n|inactive|Arcario13 also wants the timer to be on.\n|c|\u2606bigpezzy3|gl\n|inactive|Arcario13 has 60 seconds left.\n|inactive|bigpezzy3 has 60 seconds left.\n|\n|t:|1746009081\n|start\n|switch|p1a: Brute Bonnet|Brute Bonnet, L50, shiny|100/100\n|switch|p1b: Chi-Yu|Chi-Yu, L50|100/100\n|switch|p2a: Horse Girl|Calyrex-Shadow, L50|100/100\n|switch|p2b: Gingerbread|Whimsicott, L50, M|100/100\n|-ability|p2a: Horse Girl|As One\n|-ability|p2a: Horse Girl|Unnerve\n|-ability|p1b: Chi-Yu|Beads of Ruin\n|turn|1\n|inactive|Arcario13 has 30 seconds left.\n|inactive|bigpezzy3 has 30 seconds left.\n|\n|t:|1746009109\n|-terastallize|p2a: Horse Girl|Normal\n|move|p2b: Gingerbread|Tailwind|p2b: Gingerbread\n|-sidestart|p2: bigpezzy3|move: Tailwind\n|move|p1a: Brute Bonnet|Sucker Punch||[still]\n|-fail|p1a: Brute Bonnet\n|move|p2a: Horse Girl|Will-O-Wisp|p1a: Brute Bonnet\n|-status|p1a: Brute Bonnet|brn\n|move|p1b: Chi-Yu|Heat Wave|p2b: Gingerbread|[spread] p2a,p2b\n|-supereffective|p2b: Gingerbread\n|-damage|p2a: Horse Girl|49/100\n|-damage|p2b: Gingerbread|0 fnt\n|faint|p2b: Gingerbread\n|\n|-damage|p1a: Brute Bonnet|95/100 brn|[from] brn\n|upkeep\n|\n|t:|1746009122\n|switch|p2b: Sun Bike|Koraidon, L50|100/100\n|-weather|SunnyDay|[from] ability: Orichalcum Pulse|[of] p2b: Sun Bike\n|-activate|p1a: Brute Bonnet|ability: Protosynthesis\n|-start|p1a: Brute Bonnet|protosynthesisdef\n|-activate|p2b: Sun Bike|Orichalcum Pulse|[source]\n|turn|2\n|inactive|bigpezzy3 has 30 seconds left.\n|inactive|Arcario13 has 30 seconds left.\n|inactive|bigpezzy3 has 20 seconds left.\n|\n|t:|1746009159\n|switch|p2a: Goldfish|Chi-Yu, L50|100/100\n|-ability|p2a: Goldfish|Beads of Ruin\n|move|p2b: Sun Bike|Close Combat|p1a: Brute Bonnet\n|-supereffective|p1a: Brute Bonnet\n|-damage|p1a: Brute Bonnet|0 fnt\n|-unboost|p2b: Sun Bike|def|1\n|-unboost|p2b: Sun Bike|spd|1\n|faint|p1a: Brute Bonnet\n|-end|p1a: Brute Bonnet|Protosynthesis|[silent]\n|-damage|p2b: Sun Bike|91/100|[from] item: Life Orb\n|move|p1b: Chi-Yu|Heat Wave|p2a: Goldfish|[spread] p2a,p2b\n|-resisted|p2a: Goldfish\n|-resisted|p2b: Sun Bike\n|-damage|p2a: Goldfish|64/100\n|-damage|p2b: Sun Bike|31/100\n|-status|p2b: Sun Bike|brn\n|\n|-weather|SunnyDay|[upkeep]\n|-damage|p2b: Sun Bike|24/100 brn|[from] brn\n|upkeep\n|inactive|Arcario13 has 30 seconds left.\n|inactive|Arcario13 has 20 seconds left.\n|\n|t:|1746009195\n|switch|p1a: Calyrex|Calyrex-Shadow, L50|100/100\n|-ability|p1a: Calyrex|As One\n|-ability|p1a: Calyrex|Unnerve\n|turn|3\n|\n|t:|1746009214\n|move|p1a: Calyrex|Protect|p1a: Calyrex\n|-singleturn|p1a: Calyrex|Protect\n|move|p2a: Goldfish|Snarl|p1a: Calyrex|[spread] p1b\n|-activate|p1a: Calyrex|move: Protect\n|-resisted|p1b: Chi-Yu\n|-damage|p1b: Chi-Yu|84/100\n|-unboost|p1b: Chi-Yu|spa|1\n|move|p2b: Sun Bike|Close Combat|p1b: Chi-Yu\n|-supereffective|p1b: Chi-Yu\n|-damage|p1b: Chi-Yu|0 fnt\n|-unboost|p2b: Sun Bike|def|1\n|-unboost|p2b: Sun Bike|spd|1\n|faint|p1b: Chi-Yu\n|-damage|p2b: Sun Bike|15/100 brn|[from] item: Life Orb\n|\n|-weather|SunnyDay|[upkeep]\n|-damage|p2b: Sun Bike|8/100 brn|[from] brn\n|upkeep\n|\n|t:|1746009231\n|switch|p1b: Koraidon|Koraidon, L50|100/100\n|-activate|p1b: Koraidon|ability: Orichalcum Pulse\n|turn|4\n|\n|t:|1746009255\n|move|p1a: Calyrex|Protect||[still]\n|-fail|p1a: Calyrex\n|move|p2a: Goldfish|Snarl|p1a: Calyrex|[spread] p1a,p1b\n|-supereffective|p1a: Calyrex\n|-resisted|p1b: Koraidon\n|-enditem|p1a: Calyrex|Focus Sash\n|-damage|p1a: Calyrex|1/100\n|-damage|p1b: Koraidon|84/100\n|-unboost|p1a: Calyrex|spa|1\n|-unboost|p1b: Koraidon|spa|1\n|move|p2b: Sun Bike|Flame Charge|p1a: Calyrex\n|-damage|p1a: Calyrex|0 fnt\n|-boost|p2b: Sun Bike|spe|1\n|faint|p1a: Calyrex\n|-damage|p2b: Sun Bike|0 fnt|[from] item: Life Orb\n|faint|p2b: Sun Bike\n|move|p1b: Koraidon|Scale Shot|p2a: Goldfish\n|-damage|p2a: Goldfish|30/100\n|-damage|p2a: Goldfish|0 fnt\n|faint|p2a: Goldfish\n|-hitcount|p2: Goldfish|2\n|-unboost|p1b: Koraidon|def|1\n|-boost|p1b: Koraidon|spe|1\n|\n|-weather|SunnyDay|[upkeep]\n|-sideend|p2: bigpezzy3|move: Tailwind\n|upkeep\n|\n|t:|1746009278\n|switch|p2a: Horse Girl|Calyrex-Shadow, L50, tera:Normal|49/100\n|-ability|p2a: Horse Girl|As One\n|-ability|p2a: Horse Girl|Unnerve\n|turn|5\n|inactive|bigpezzy3 has 30 seconds left.\n|\n|t:|1746009306\n|-terastallize|p1b: Koraidon|Fire\n|move|p1b: Koraidon|Flare Blitz|p2a: Horse Girl\n|-damage|p2a: Horse Girl|0 fnt\n|faint|p2a: Horse Girl\n|-damage|p1b: Koraidon|69/100|[from] Recoil\n|\n|win|Arcario13\n|inactive|Arcario13 has 30 seconds to confirm battle start!\n|inactive|bigpezzy3 has 30 seconds to confirm battle start!\n||Arcario13 is ready for game 2.\n||bigpezzy3 is ready for game 2.\n|uhtml|next|Next: <a href=\"/battle-gen9vgc2025regibo3-2353844973\"><strong>Game 2 of 3</strong></a>\n", "uploadtime": 1746009525, "views": 9, "formatid": "gen9vgc2025regibo3", "rating": null, "private": 0, "password": null}