{"id": "gen9vgc2025regibo3-2353682737", "format": "[Gen 9] VGC 2025 Reg I (Bo3)", "players": ["ragingoger46", "TViewierVGC"], "log": "|j|\u2606ragingoger46\n|j|\u2606TViewierVGC\n|html|<table width=\"100%\"><tr><td align=\"left\">ragingoger46</td><td align=\"right\">TViewierVGC</tr><tr><td align=\"left\"><i class=\"fa fa-circle\"></i> <i class=\"fa fa-circle-o\"></i> </td><td align=\"right\"><i class=\"fa fa-circle-o\"></i> <i class=\"fa fa-circle\"></i> </tr></table>\n|uhtml|bestof|<h2><strong>Game 3</strong> of <a href=\"/game-bestof3-gen9vgc2025regibo3-2353678712\">a best-of-3</a></h2>\n|t:|1745983077\n|gametype|doubles\n|player|p1|ragingoger46|psychic-gen4|1322\n|player|p2|TViewierVGC|colress|1469\n|teamsize|p1|6\n|teamsize|p2|6\n|gen|9\n|tier|[Gen 9] VGC 2025 Reg I (Bo3)\n|rated|\n|rule|Species Clause: Limit one of each Pok\u00e9mon\n|rule|Item Clause: Limit 1 of each item\n|clearpoke\n|poke|p1|Koraidon, L50|\n|poke|p1|Flutter Mane, L50|\n|poke|p1|Incineroar, L50, M|\n|poke|p1|Raging Bolt, L50|\n|poke|p1|Ogerpon-Cornerstone, L50, F|\n|poke|p1|Calyrex-Ice, L50|\n|poke|p2|Calyrex-Ice, L50|\n|poke|p2|Koraidon, L50|\n|poke|p2|Chi-Yu, L50|\n|poke|p2|Flutter Mane, L50|\n|poke|p2|Ogerpon-Cornerstone, L50, F|\n|poke|p2|Iron Hands, L50|\n|teampreview|4\n|showteam|p1|Koraidon||LifeOrb|OrichalcumPulse|CloseCombat,FlareBlitz,FlameCharge,Protect||||||50|,,,,,Fire]Flutter Mane||FocusSash|Protosynthesis|Moonblast,ShadowBall,IcyWind,Protect||||||50|,,,,,Stellar]Incineroar||RockyHelmet|Intimidate|PartingShot,KnockOff,WillOWisp,FakeOut|||M|||50|,,,,,Grass]Raging Bolt||AssaultVest|Protosynthesis|Thunderbolt,DracoMeteor,Thunderclap,Electroweb||||||50|,,,,,Electric]Ogerpon-Cornerstone||CornerstoneMask|Sturdy|IvyCudgel,PowerWhip,FollowMe,SpikyShield|||F|||50|,,,,,Rock]Calyrex-Ice||ClearAmulet|AsOneGlastrier|GlacialLance,HighHorsepower,TrickRoom,Protect||||||50|,,,,,Water\n|showteam|p2|Calyrex-Ice||ClearAmulet|AsOneGlastrier|GlacialLance,HighHorsepower,TrickRoom,Protect||||||50|,,,,,Water]Koraidon||LifeOrb|OrichalcumPulse|CloseCombat,FlareBlitz,FlameCharge,Protect||||||50|,,,,,Fire]Chi-Yu||ChoiceScarf|BeadsofRuin|HeatWave,DarkPulse,Overheat,Snarl||||||50|,,,,,Ghost]Flutter Mane||FocusSash|Protosynthesis|Moonblast,ShadowBall,IcyWind,Protect||||||50|,,,,,Fairy]Ogerpon-Cornerstone||CornerstoneMask|Sturdy|IvyCudgel,WoodHammer,FollowMe,SpikyShield|||F|||50|,,,,,Rock]Iron Hands||AssaultVest|QuarkDrive|WildCharge,DrainPunch,LowKick,FakeOut||||||50|,,,,,Water\n|inactive|Battle timer is ON: inactive players will automatically lose when time's up. (requested by TViewierVGC)\n|inactive|ragingoger46 has 60 seconds left.\n|\n|t:|1745983132\n|start\n|switch|p1a: Calyrex|Calyrex-Ice, L50|100/100\n|switch|p1b: Incineroar|Incineroar, L50, M, shiny|100/100\n|switch|p2a: Koraidon|Koraidon, L50|100/100\n|switch|p2b: Ogerpon|Ogerpon-Cornerstone, L50, F|100/100\n|-ability|p1a: Calyrex|As One\n|-ability|p1a: Calyrex|Unnerve\n|-weather|SunnyDay|[from] ability: Orichalcum Pulse|[of] p2a: Koraidon\n|-activate|p2a: Koraidon|Orichalcum Pulse|[source]\n|-ability|p1b: Incineroar|Intimidate|boost\n|-unboost|p2a: Koraidon|atk|1\n|-unboost|p2b: Ogerpon|atk|1\n|turn|1\n|inactive|TViewierVGC has 30 seconds left.\n|\n|t:|1745983159\n|switch|p1b: Flutter Mane|Flutter Mane, L50, shiny|100/100\n|-activate|p1b: Flutter Mane|ability: Protosynthesis\n|-start|p1b: Flutter Mane|protosynthesisspe\n|-terastallize|p2a: Koraidon|Fire\n|-terastallize|p1a: Calyrex|Water\n|move|p2a: Koraidon|Close Combat|p1b: Flutter Mane\n|-immune|p1b: Flutter Mane\n|move|p2b: Ogerpon|Ivy Cudgel|p1a: Calyrex|[anim] Ivy Cudgel Rock\n|-damage|p1a: Calyrex|74/100\n|move|p1a: Calyrex|Glacial Lance|p2a: Koraidon|[spread] p2a,p2b\n|-resisted|p2a: Koraidon\n|-supereffective|p2b: Ogerpon\n|-damage|p2a: Koraidon|75/100\n|-ability|p2b: Ogerpon|Sturdy\n|-damage|p2b: Ogerpon|1/100\n|\n|-weather|SunnyDay|[upkeep]\n|upkeep\n|turn|2\n|inactive|ragingoger46 has 30 seconds left.\n|inactive|TViewierVGC has 30 seconds left.\n|inactive|ragingoger46 has 20 seconds left.\n|\n|t:|1745983196\n|move|p2b: Ogerpon|Spiky Shield|p2b: Ogerpon\n|-singleturn|p2b: Ogerpon|move: Protect\n|move|p1b: Flutter Mane|Icy Wind|p2b: Ogerpon|[spread] p2a\n|-activate|p2b: Ogerpon|move: Protect\n|-resisted|p2a: Koraidon\n|-damage|p2a: Koraidon|68/100\n|-unboost|p2a: Koraidon|spe|1\n|move|p2a: Koraidon|Close Combat|p1a: Calyrex\n|-damage|p1a: Calyrex|30/100\n|-unboost|p2a: Koraidon|def|1\n|-unboost|p2a: Koraidon|spd|1\n|-damage|p2a: Koraidon|58/100|[from] item: Life Orb\n|move|p1a: Calyrex|Glacial Lance|p2a: Koraidon|[spread] p2a\n|-activate|p2b: Ogerpon|move: Protect\n|-resisted|p2a: Koraidon\n|-damage|p2a: Koraidon|19/100\n|\n|-weather|SunnyDay|[upkeep]\n|upkeep\n|turn|3\n|inactive|ragingoger46 has 30 seconds left.\n|inactive|TViewierVGC has 30 seconds left.\n|\n|t:|1745983224\n|switch|p2b: Calyrex|Calyrex-Ice, L50|100/100\n|-ability|p2b: Calyrex|As One\n|-ability|p2b: Calyrex|Unnerve\n|move|p2a: Koraidon|Protect|p2a: Koraidon\n|-singleturn|p2a: Koraidon|Protect\n|move|p1a: Calyrex|Protect|p1a: Calyrex\n|-singleturn|p1a: Calyrex|Protect\n|move|p1b: Flutter Mane|Icy Wind|p2a: Koraidon|[spread] p2b\n|-activate|p2a: Koraidon|move: Protect\n|-resisted|p2b: Calyrex\n|-damage|p2b: Calyrex|96/100\n|\n|-weather|SunnyDay|[upkeep]\n|upkeep\n|turn|4\n|inactive|TViewierVGC has 30 seconds left.\n|inactive|ragingoger46 has 30 seconds left.\n|inactive|ragingoger46 has 20 seconds left.\n|\n|t:|1745983267\n|switch|p2a: AlienDreamEmulater|Iron Hands, L50|100/100\n|move|p1b: Flutter Mane|Moonblast|p2a: AlienDreamEmulater\n|-supereffective|p2a: AlienDreamEmulater\n|-damage|p2a: AlienDreamEmulater|49/100\n|-unboost|p2a: AlienDreamEmulater|spa|1\n|move|p1a: Calyrex|Glacial Lance|p2b: Calyrex|[spread] p2a,p2b\n|-resisted|p2b: Calyrex\n|-damage|p2a: AlienDreamEmulater|14/100\n|-damage|p2b: Calyrex|78/100\n|move|p2b: Calyrex|Trick Room|p2b: Calyrex\n|-fieldstart|move: Trick Room|[of] p2b: Calyrex\n|\n|-weather|SunnyDay|[upkeep]\n|upkeep\n|turn|5\n|inactive|ragingoger46 has 30 seconds left.\n|inactive|TViewierVGC has 30 seconds left.\n|inactive|ragingoger46 has 20 seconds left.\n|inactive|ragingoger46 has 15 seconds left.\n|inactive|ragingoger46 has 10 seconds left.\n|inactive|ragingoger46 has 5 seconds left.\n|\n|t:|1745983319\n|switch|p1a: Incineroar|Incineroar, L50, M, shiny|100/100\n|-ability|p1a: Incineroar|Intimidate|boost\n|-unboost|p2a: AlienDreamEmulater|atk|1\n|-fail|p2b: Calyrex|unboost|[from] item: Clear Amulet|[of] p2b: Calyrex\n|move|p2a: AlienDreamEmulater|Low Kick|p1a: Incineroar\n|-supereffective|p1a: Incineroar\n|-damage|p1a: Incineroar|50/100\n|-damage|p2a: AlienDreamEmulater|0 fnt|[from] item: Rocky Helmet|[of] p1a: Incineroar\n|faint|p2a: AlienDreamEmulater\n|-end|p2a: AlienDreamEmulater|Quark Drive|[silent]\n|move|p2b: Calyrex|High Horsepower|p1b: Flutter Mane\n|-damage|p1b: Flutter Mane|14/100\n|move|p1b: Flutter Mane|Moonblast|p2b: Calyrex\n|-damage|p2b: Calyrex|44/100\n|\n|-weather|none\n|-end|p1b: Flutter Mane|Protosynthesis\n|upkeep\n|\n|t:|1745983337\n|switch|p2a: Ogerpon|Ogerpon-Cornerstone, L50, F|1/100\n|turn|6\n|\n|t:|1745983352\n|-end|p1b: Flutter Mane|Protosynthesis|[silent]\n|switch|p1b: Koraidon|Koraidon, L50|100/100\n|-weather|SunnyDay|[from] ability: Orichalcum Pulse|[of] p1b: Koraidon\n|-activate|p1b: Koraidon|Orichalcum Pulse|[source]\n|move|p2b: Calyrex|Protect|p2b: Calyrex\n|-singleturn|p2b: Calyrex|Protect\n|move|p2a: Ogerpon|Spiky Shield|p2a: Ogerpon\n|-singleturn|p2a: Ogerpon|move: Protect\n|move|p1a: Incineroar|Fake Out|p2b: Calyrex\n|-activate|p2b: Calyrex|move: Protect\n|\n|-weather|SunnyDay|[upkeep]\n|upkeep\n|turn|7\n|inactive|TViewierVGC has 30 seconds left.\n|\n|t:|1745983382\n|switch|p1a: Calyrex|Calyrex-Ice, L50, tera:Water|30/100\n|-ability|p1a: Calyrex|As One\n|-ability|p1a: Calyrex|Unnerve\n|move|p1b: Koraidon|Protect|p1b: Koraidon\n|-singleturn|p1b: Koraidon|Protect\n|move|p2b: Calyrex|Glacial Lance|p1a: Calyrex|[spread] p1a\n|-activate|p1b: Koraidon|move: Protect\n|-resisted|p1a: Calyrex\n|-damage|p1a: Calyrex|12/100\n|move|p2a: Ogerpon|Ivy Cudgel|p1a: Calyrex|[anim] Ivy Cudgel Rock\n|-crit|p1a: Calyrex\n|-damage|p1a: Calyrex|0 fnt\n|faint|p1a: Calyrex\n|\n|-weather|SunnyDay|[upkeep]\n|upkeep\n|\n|t:|1745983389\n|switch|p1a: Incineroar|Incineroar, L50, M, shiny|50/100\n|-ability|p1a: Incineroar|Intimidate|boost\n|-unboost|p2a: Ogerpon|atk|1\n|-fail|p2b: Calyrex|unboost|[from] item: Clear Amulet|[of] p2b: Calyrex\n|turn|8\n|inactive|TViewierVGC has 30 seconds left.\n|inactive|TViewierVGC has 20 seconds left.\n|inactive|TViewierVGC has 15 seconds left.\n|\n|t:|1745983430\n|move|p2a: Ogerpon|Spiky Shield|p2a: Ogerpon\n|-singleturn|p2a: Ogerpon|move: Protect\n|move|p1a: Incineroar|Fake Out|p2b: Calyrex\n|-damage|p2b: Calyrex|39/100\n|cant|p2b: Calyrex|flinch\n|move|p1b: Koraidon|Flame Charge|p2b: Calyrex\n|-supereffective|p2b: Calyrex\n|-damage|p2b: Calyrex|0 fnt\n|-boost|p1b: Koraidon|spe|1\n|faint|p2b: Calyrex\n|-damage|p1b: Koraidon|91/100|[from] item: Life Orb\n|\n|-weather|SunnyDay|[upkeep]\n|-fieldend|move: Trick Room\n|upkeep\n|\n|t:|1745983436\n|switch|p2b: Koraidon|Koraidon, L50, tera:Fire|19/100\n|-activate|p2b: Koraidon|ability: Orichalcum Pulse\n|turn|9\n|\n|t:|1745983451\n|move|p2a: Ogerpon|Follow Me|p2a: Ogerpon\n|-singleturn|p2a: Ogerpon|move: Follow Me\n|move|p1b: Koraidon|Flame Charge|p2a: Ogerpon\n|-damage|p2a: Ogerpon|0 fnt\n|-boost|p1b: Koraidon|spe|1\n|faint|p2a: Ogerpon\n|-damage|p1b: Koraidon|81/100|[from] item: Life Orb\n|move|p2b: Koraidon|Close Combat|p1b: Koraidon\n|-damage|p1b: Koraidon|0 fnt\n|-unboost|p2b: Koraidon|def|1\n|-unboost|p2b: Koraidon|spd|1\n|faint|p1b: Koraidon\n|-damage|p2b: Koraidon|9/100|[from] item: Life Orb\n|move|p1a: Incineroar|Knock Off|p2b: Koraidon\n|-damage|p2b: Koraidon|0 fnt\n|-enditem|p2b: Koraidon|Life Orb|[from] move: Knock Off|[of] p1a: Incineroar\n|faint|p2b: Koraidon\n|\n|win|ragingoger46\n|raw|ragingoger46's rating: 1322 &rarr; <strong>1350</strong><br />(+28 for winning)\n|raw|TViewierVGC's rating: 1469 &rarr; <strong>1441</strong><br />(-28 for losing)\n|l|\u2606TViewierVGC\n|player|p2|\n", "uploadtime": 1745983483, "views": 6, "formatid": "gen9vgc2025regibo3", "rating": 1350, "private": 0, "password": null}