{"id": "gen9vgc2025regibo3-2354931371", "format": "[Gen 9] VGC 2025 Reg I (Bo3)", "players": ["TheMochiMan", "goat pincurchin"], "log": "|j|\u2606TheMochiMan\n|j|\u2606goat pincurchin\n|html|<table width=\"100%\"><tr><td align=\"left\">TheMochiMan</td><td align=\"right\">goat pincurchin</tr><tr><td align=\"left\"><i class=\"fa fa-circle-o\"></i> <i class=\"fa fa-circle-o\"></i> </td><td align=\"right\"><i class=\"fa fa-circle-o\"></i> <i class=\"fa fa-circle-o\"></i> </tr></table>\n|uhtml|bestof|<h2><strong>Game 1</strong> of <a href=\"/game-bestof3-gen9vgc2025regibo3-2354931370\">a best-of-3</a></h2>\n|t:|1746132951\n|gametype|doubles\n|player|p1|TheMochiMan|worker|1329\n|player|p2|goat pincurchin|leon-masters|1314\n|teamsize|p1|6\n|teamsize|p2|6\n|gen|9\n|tier|[Gen 9] VGC 2025 Reg I (Bo3)\n|rated|\n|rule|Species Clause: Limit one of each Pok\u00e9mon\n|rule|Item Clause: Limit 1 of each item\n|clearpoke\n|poke|p1|Eternatus, L50|\n|poke|p1|Ho-Oh, L50|\n|poke|p1|Rillaboom, L50, F|\n|poke|p1|Urshifu-*, L50, F|\n|poke|p1|Grimmsnarl, L50, M|\n|poke|p1|Ting-Lu, L50|\n|poke|p2|Kyogre, L50|\n|poke|p2|Rillaboom, L50, F|\n|poke|p2|Tornadus, L50, M|\n|poke|p2|Urshifu-*, L50, M|\n|poke|p2|Chien-Pao, L50|\n|poke|p2|Zacian-*, L50|\n|teampreview|4\n|showteam|p1|Eternatus||Leftovers|Pressure|Protect,Flamethrower,Toxic,CosmicPower||||||50|,,,,,Dark]Ho-Oh||ClearAmulet|Regenerator|Protect,SacredFire,BraveBird,Recover||||||50|,,,,,Grass]Rillaboom||AssaultVest|GrassySurge|WoodHammer,GrassyGlide,Uturn,FakeOut|||F|||50|,,,,,Fire]Urshifu-Rapid-Strike||ChoiceScarf|UnseenFist|SurgingStrikes,CloseCombat,Coaching,Uturn|||F|||50|,,,,,Water]Grimmsnarl||LightClay|Prankster|FoulPlay,Reflect,LightScreen,FakeOut|||M|||50|,,,,,Ghost]Ting-Lu||RockyHelmet|VesselofRuin|Protect,Ruination,StealthRock,Taunt||||||50|,,,,,Poison\n|showteam|p2|Kyogre||MysticWater|Drizzle|WaterSpout,OriginPulse,IceBeam,Protect||||||50|,,,,,Grass]Rillaboom||AssaultVest|GrassySurge|FakeOut,GrassyGlide,WoodHammer,Uturn|||F|||50|,,,,,Fire]Tornadus||CovertCloak|Prankster|Hurricane,RainDance,Tailwind,Taunt|||M|||50|,,,,,Dark]Urshifu-Rapid-Strike||ChoiceScarf|UnseenFist|SurgingStrikes,AquaJet,CloseCombat,Uturn|||M|||50|,,,,,Water]Chien-Pao||FocusSash|SwordofRuin|SuckerPunch,IcicleCrash,Protect,Crunch||||||50|,,,,,Ghost]Zacian-Crowned||RustedSword|IntrepidSword|behemothblade,PlayRough,Protect,TeraBlast||||||50|,,,,,Ground\n|j| MattC (Banned)\n|\n|t:|1746132988\n|start\n|switch|p1a: Grimmsnarl|Grimmsnarl, L50, M|100/100\n|switch|p1b: Rillaboom|Rillaboom, L50, F|100/100\n|switch|p2a: Tornadus|Tornadus, L50, M|100/100\n|switch|p2b: Urshifu|Urshifu-Rapid-Strike, L50, M|100/100\n|-fieldstart|move: Grassy Terrain|[from] ability: Grassy Surge|[of] p1b: Rillaboom\n|turn|1\n|\n|t:|1746133004\n|-terastallize|p2b: Urshifu|Water\n|move|p1a: Grimmsnarl|Fake Out|p2b: Urshifu\n|-damage|p2b: Urshifu|90/100\n|move|p2a: Tornadus|Rain Dance|p2a: Tornadus\n|-weather|RainDance\n|cant|p2b: Urshifu|flinch\n|move|p1b: Rillaboom|Wood Hammer|p2b: Urshifu\n|-supereffective|p2b: Urshifu\n|-damage|p2b: Urshifu|0 fnt\n|faint|p2b: Urshifu\n|-damage|p1b: Rillaboom|76/100|[from] Recoil\n|\n|-weather|RainDance|[upkeep]\n|-heal|p1b: Rillaboom|82/100|[from] Grassy Terrain\n|upkeep\n|\n|t:|1746133012\n|switch|p2b: Zacian|Zacian-Crowned, L50|100/100\n|-ability|p2b: Zacian|Intrepid Sword|boost\n|-boost|p2b: Zacian|atk|1\n|turn|2\n|\n|t:|1746133044\n|switch|p1b: Ho-Oh|Ho-Oh, L50|100/100\n|move|p1a: Grimmsnarl|Reflect|p1a: Grimmsnarl\n|-sidestart|p1: TheMochiMan|Reflect\n|move|p2b: Zacian|Behemoth Blade|p1a: Grimmsnarl\n|-supereffective|p1a: Grimmsnarl\n|-damage|p1a: Grimmsnarl|5/100\n|move|p2a: Tornadus|Hurricane|p1b: Ho-Oh\n|-damage|p1b: Ho-Oh|70/100\n|\n|-weather|RainDance|[upkeep]\n|-heal|p1a: Grimmsnarl|11/100|[from] Grassy Terrain\n|upkeep\n|turn|3\n|\n|t:|1746133062\n|switch|p2a: Kyogre|Kyogre, L50|100/100\n|move|p2b: Zacian|Protect|p2b: Zacian\n|-singleturn|p2b: Zacian|Protect\n|move|p1a: Grimmsnarl|Light Screen|p1a: Grimmsnarl\n|-sidestart|p1: TheMochiMan|move: Light Screen\n|move|p1b: Ho-Oh|Recover|p1b: Ho-Oh\n|-heal|p1b: Ho-Oh|100/100\n|\n|-weather|RainDance|[upkeep]\n|-heal|p1a: Grimmsnarl|17/100|[from] Grassy Terrain\n|upkeep\n|turn|4\n|\n|t:|1746133082\n|move|p1b: Ho-Oh|Protect|p1b: Ho-Oh\n|-singleturn|p1b: Ho-Oh|Protect\n|move|p2b: Zacian|Behemoth Blade|p1b: Ho-Oh\n|-activate|p1b: Ho-Oh|move: Protect\n|move|p2a: Kyogre|Water Spout|p1a: Grimmsnarl|[spread] p1a\n|-activate|p1b: Ho-Oh|move: Protect\n|-damage|p1a: Grimmsnarl|0 fnt\n|faint|p1a: Grimmsnarl\n|\n|-weather|RainDance|[upkeep]\n|upkeep\n|\n|t:|1746133086\n|switch|p1a: Eternatus|Eternatus, L50|100/100\n|-ability|p1a: Eternatus|Pressure\n|turn|5\n|l| MattC (Banned)\n|\n|t:|1746133099\n|move|p2b: Zacian|Behemoth Blade|p1b: Ho-Oh\n|-resisted|p1b: Ho-Oh\n|-crit|p1b: Ho-Oh\n|-damage|p1b: Ho-Oh|49/100\n|move|p2a: Kyogre|Water Spout|p1a: Eternatus|[spread] p1a,p1b\n|-resisted|p1a: Eternatus\n|-supereffective|p1b: Ho-Oh\n|-damage|p1a: Eternatus|77/100\n|-damage|p1b: Ho-Oh|0 fnt\n|faint|p1b: Ho-Oh\n|move|p1a: Eternatus|Cosmic Power|p1a: Eternatus\n|-boost|p1a: Eternatus|def|1\n|-boost|p1a: Eternatus|spd|1\n|\n|-weather|none\n|-heal|p1a: Eternatus|83/100|[from] Grassy Terrain\n|-heal|p1a: Eternatus|89/100|[from] item: Leftovers\n|-fieldend|move: Grassy Terrain\n|upkeep\n|\n|t:|1746133106\n|switch|p1b: Rillaboom|Rillaboom, L50, F|82/100\n|-fieldstart|move: Grassy Terrain|[from] ability: Grassy Surge|[of] p1b: Rillaboom\n|turn|6\n|\n|t:|1746133120\n|switch|p2a: Tornadus|Tornadus, L50, M|100/100\n|move|p1b: Rillaboom|Fake Out|p2b: Zacian\n|-resisted|p2b: Zacian\n|-damage|p2b: Zacian|95/100\n|cant|p2b: Zacian|flinch\n|move|p1a: Eternatus|Cosmic Power|p1a: Eternatus\n|-boost|p1a: Eternatus|def|1\n|-boost|p1a: Eternatus|spd|1\n|\n|-heal|p2b: Zacian|100/100|[from] Grassy Terrain\n|-heal|p1a: Eternatus|96/100|[from] Grassy Terrain\n|-heal|p1a: Eternatus|100/100|[from] item: Leftovers\n|-heal|p1b: Rillaboom|87/100|[from] Grassy Terrain\n|upkeep\n|turn|7\n|\n|t:|1746133141\n|move|p2a: Tornadus|Taunt|p1a: Eternatus\n|-start|p1a: Eternatus|move: Taunt\n|move|p2b: Zacian|Behemoth Blade|p1b: Rillaboom\n|-damage|p1b: Rillaboom|35/100\n|cant|p1a: Eternatus|move: Taunt|Toxic\n|move|p1b: Rillaboom|Wood Hammer|p2b: Zacian\n|-resisted|p2b: Zacian\n|-damage|p2b: Zacian|68/100\n|-damage|p1b: Rillaboom|27/100|[from] Recoil\n|\n|-heal|p2b: Zacian|74/100|[from] Grassy Terrain\n|-heal|p1b: Rillaboom|32/100|[from] Grassy Terrain\n|upkeep\n|turn|8\n|\n|t:|1746133151\n|move|p2b: Zacian|Behemoth Blade|p1b: Rillaboom\n|-damage|p1b: Rillaboom|0 fnt\n|faint|p1b: Rillaboom\n|move|p2a: Tornadus|Hurricane|p1a: Eternatus\n|-damage|p1a: Eternatus|89/100\n|move|p1a: Eternatus|Flamethrower|p2b: Zacian\n|-supereffective|p2b: Zacian\n|-damage|p2b: Zacian|18/100\n|\n|-heal|p2b: Zacian|24/100|[from] Grassy Terrain\n|-heal|p1a: Eternatus|95/100|[from] Grassy Terrain\n|-heal|p1a: Eternatus|100/100|[from] item: Leftovers\n|upkeep\n|turn|9\n|\n|t:|1746133164\n|move|p2b: Zacian|Behemoth Blade|p1a: Eternatus\n|-damage|p1a: Eternatus|82/100\n|move|p2a: Tornadus|Hurricane|p1a: Eternatus\n|-damage|p1a: Eternatus|71/100\n|move|p1a: Eternatus|Flamethrower|p2b: Zacian\n|-supereffective|p2b: Zacian\n|-damage|p2b: Zacian|0 fnt\n|faint|p2b: Zacian\n|\n|-heal|p1a: Eternatus|77/100|[from] Grassy Terrain\n|-heal|p1a: Eternatus|84/100|[from] item: Leftovers\n|-end|p1a: Eternatus|move: Taunt\n|-sideend|p1: TheMochiMan|Reflect\n|upkeep\n|\n|t:|1746133173\n|switch|p2b: Kyogre|Kyogre, L50|100/100\n|-weather|RainDance|[from] ability: Drizzle|[of] p2b: Kyogre\n|turn|10\n|\n|t:|1746133180\n|move|p1a: Eternatus|Protect|p1a: Eternatus\n|-singleturn|p1a: Eternatus|Protect\n|move|p2a: Tornadus|Taunt|p1a: Eternatus\n|-activate|p1a: Eternatus|move: Protect\n|move|p2b: Kyogre|Ice Beam|p1a: Eternatus\n|-activate|p1a: Eternatus|move: Protect\n|\n|-weather|RainDance|[upkeep]\n|-heal|p1a: Eternatus|90/100|[from] Grassy Terrain\n|-heal|p1a: Eternatus|96/100|[from] item: Leftovers\n|-sideend|p1: TheMochiMan|move: Light Screen\n|-fieldend|move: Grassy Terrain\n|upkeep\n|turn|11\n|\n|t:|1746133195\n|move|p2a: Tornadus|Taunt|p1a: Eternatus\n|-start|p1a: Eternatus|move: Taunt\n|move|p2b: Kyogre|Ice Beam|p1a: Eternatus\n|-supereffective|p1a: Eternatus\n|-damage|p1a: Eternatus|72/100\n|move|p1a: Eternatus|Flamethrower|p2a: Tornadus\n|-damage|p2a: Tornadus|82/100\n|\n|-weather|RainDance|[upkeep]\n|-heal|p1a: Eternatus|78/100|[from] item: Leftovers\n|upkeep\n|turn|12\n|\n|t:|1746133211\n|move|p2a: Tornadus|Hurricane|p1a: Eternatus\n|-damage|p1a: Eternatus|61/100\n|-start|p1a: Eternatus|confusion\n|move|p2b: Kyogre|Ice Beam|p1a: Eternatus\n|-supereffective|p1a: Eternatus\n|-damage|p1a: Eternatus|37/100\n|-activate|p1a: Eternatus|confusion\n|move|p1a: Eternatus|Flamethrower|p2b: Kyogre\n|-resisted|p2b: Kyogre\n|-damage|p2b: Kyogre|95/100\n|\n|-weather|RainDance|[upkeep]\n|-heal|p1a: Eternatus|43/100|[from] item: Leftovers\n|upkeep\n|turn|13\n|\n|t:|1746133222\n|move|p2a: Tornadus|Hurricane|p1a: Eternatus\n|-damage|p1a: Eternatus|25/100\n|move|p2b: Kyogre|Ice Beam|p1a: Eternatus\n|-supereffective|p1a: Eternatus\n|-damage|p1a: Eternatus|2/100\n|-activate|p1a: Eternatus|confusion\n|move|p1a: Eternatus|Flamethrower|p2b: Kyogre\n|-resisted|p2b: Kyogre\n|-damage|p2b: Kyogre|90/100\n|\n|-weather|RainDance|[upkeep]\n|-heal|p1a: Eternatus|8/100|[from] item: Leftovers\n|-end|p1a: Eternatus|move: Taunt\n|upkeep\n|turn|14\n|\n|t:|1746133231\n|-end|p1a: Eternatus|confusion\n|move|p1a: Eternatus|Protect|p1a: Eternatus\n|-singleturn|p1a: Eternatus|Protect\n|move|p2a: Tornadus|Taunt|p1a: Eternatus\n|-activate|p1a: Eternatus|move: Protect\n|move|p2b: Kyogre|Ice Beam|p1a: Eternatus\n|-activate|p1a: Eternatus|move: Protect\n|\n|-weather|none\n|-heal|p1a: Eternatus|14/100|[from] item: Leftovers\n|upkeep\n|turn|15\n|\n|t:|1746133244\n|-terastallize|p1a: Eternatus|Dark\n|move|p2a: Tornadus|Taunt|p1a: Eternatus\n|-hint|Since gen 7, Dark is immune to Prankster moves.\n|-immune|p1a: Eternatus\n|move|p2b: Kyogre|Ice Beam|p1a: Eternatus\n|-damage|p1a: Eternatus|1/100\n|move|p1a: Eternatus|Toxic|p2b: Kyogre\n|-status|p2b: Kyogre|tox\n|\n|-heal|p1a: Eternatus|8/100|[from] item: Leftovers\n|-damage|p2b: Kyogre|84/100 tox|[from] psn\n|upkeep\n|turn|16\n|\n|t:|1746133256\n|move|p1a: Eternatus|Protect|p1a: Eternatus\n|-singleturn|p1a: Eternatus|Protect\n|move|p2a: Tornadus|Rain Dance|p2a: Tornadus\n|-weather|RainDance\n|move|p2b: Kyogre|Origin Pulse|p1a: Eternatus\n|-activate|p1a: Eternatus|move: Protect\n|\n|-weather|RainDance|[upkeep]\n|-heal|p1a: Eternatus|14/100|[from] item: Leftovers\n|-damage|p2b: Kyogre|73/100 tox|[from] psn\n|upkeep\n|turn|17\n|\n|t:|1746133271\n|move|p2a: Tornadus|Hurricane|p1a: Eternatus\n|-damage|p1a: Eternatus|0 fnt\n|faint|p1a: Eternatus\n|\n|win|goat pincurchin\n||TheMochiMan is ready for game 2.\n||goat pincurchin is ready for game 2.\n|uhtml|next|Next: <a href=\"/battle-gen9vgc2025regibo3-2354934617\"><strong>Game 2 of 3</strong></a>\n", "uploadtime": 1746133577, "views": 5, "formatid": "gen9vgc2025regibo3", "rating": null, "private": 0, "password": null}