{"id": "gen9vgc2025regibo3-2353750474", "format": "[Gen 9] VGC 2025 Reg I (Bo3)", "players": ["Adrinhoo", "Paris gurll"], "log": "|j|\u2606Adrinhoo\n|j|\u2606Paris gurll\n|html|<table width=\"100%\"><tr><td align=\"left\">Adrinhoo</td><td align=\"right\">Paris gurll</tr><tr><td align=\"left\"><i class=\"fa fa-circle-o\"></i> <i class=\"fa fa-circle-o\"></i> </td><td align=\"right\"><i class=\"fa fa-circle-o\"></i> <i class=\"fa fa-circle-o\"></i> </tr></table>\n|uhtml|bestof|<h2><strong>Game 1</strong> of <a href=\"/game-bestof3-gen9vgc2025regibo3-2353750472\">a best-of-3</a></h2>\n|t:|1745993647\n|gametype|doubles\n|player|p1|Adrinhoo|pokekid|1141\n|player|p2|Paris gurll|102|1062\n|teamsize|p1|6\n|teamsize|p2|6\n|gen|9\n|tier|[Gen 9] VGC 2025 Reg I (Bo3)\n|rated|\n|rule|Species Clause: Limit one of each Pok\u00e9mon\n|rule|Item Clause: Limit 1 of each item\n|clearpoke\n|poke|p1|Zacian-*, L50|\n|poke|p1|Lunala, L50|\n|poke|p1|Urshifu-*, L50, F|\n|poke|p1|Rillaboom, L50, F|\n|poke|p1|Regidrago, L50|\n|poke|p1|Whimsicott, L50, F|\n|poke|p2|Ceruledge, L50, F|\n|poke|p2|Tornadus, L50, M|\n|poke|p2|Miraidon, L50|\n|poke|p2|Urshifu-*, L50, F|\n|poke|p2|Incineroar, L50, F|\n|poke|p2|Calyrex-Shadow, L50|\n|teampreview|4\n|showteam|p1|Zacian-Crowned||RustedSword|IntrepidSword|behemothblade,PlayRough,SacredSword,Protect||||||50|,,,,,Fire]Lunala||PowerHerb|ShadowShield|MeteorBeam,MoongeistBeam,TrickRoom,WideGuard||||||50|,,,,,Water]Urshifu-Rapid-Strike||ChoiceScarf|UnseenFist|SurgingStrikes,CloseCombat,Coaching,Uturn|||F|||50|,,,,,Ghost]Rillaboom||AssaultVest|GrassySurge|FakeOut,GrassyGlide,WoodHammer,Uturn|||F|||50|,,,,,Fire]Regidrago||ChoiceSpecs|DragonsMaw|DragonEnergy,DracoMeteor,TeraBlast,EarthPower||||||50|,,,,,Ghost]Whimsicott||CovertCloak|Prankster|Moonblast,Tailwind,LightScreen,Encore|||F|||50|,,,,,Dark\n|showteam|p2|Ceruledge||LifeOrb|FlashFire|BitterBlade,ShadowSneak,CloseCombat,Protect|||F|||50|,,,,,Grass]Tornadus||CovertCloak|Prankster|Tailwind,BleakwindStorm,RainDance,Protect|||M|||50|,,,,,Steel]Miraidon||ChoiceSpecs|HadronEngine|ElectroDrift,VoltSwitch,DazzlingGleam,DracoMeteor||||||50|,,,,,Fairy]Urshifu||FocusSash|UnseenFist|SuckerPunch,WickedBlow,CloseCombat,Detect|||F|||50|,,,,,Stellar]Incineroar||SafetyGoggles|Intimidate|KnockOff,HelpingHand,FakeOut,PartingShot|||F|||50|,,,,,Water]Calyrex-Shadow||SpellTag|AsOneSpectrier|AstralBarrage,GigaDrain,NastyPlot,Protect||||||50|,,,,,Normal\n|inactive|Battle timer is ON: inactive players will automatically lose when time's up. (requested by Adrinhoo)\n|inactive|Adrinhoo has 60 seconds left.\n|inactive|Paris gurll has 60 seconds left.\n|inactive|Adrinhoo has 30 seconds left.\n|inactive|Adrinhoo has 20 seconds left.\n|\n|t:|1745993721\n|start\n|switch|p1a: Whimsicott|Whimsicott, L50, F|100/100\n|switch|p1b: Rillaboom|Rillaboom, L50, F|100/100\n|switch|p2a: Buff man|Tornadus, L50, M|100/100\n|switch|p2b: Miraidon|Miraidon, L50|100/100\n|-fieldstart|move: Electric Terrain|[from] ability: Hadron Engine|[of] p2b: Miraidon\n|-fieldstart|move: Grassy Terrain|[from] ability: Grassy Surge|[of] p1b: Rillaboom\n|turn|1\n|\n|t:|1745993741\n|move|p1a: Whimsicott|Light Screen|p1a: Whimsicott\n|-sidestart|p1: Adrinhoo|move: Light Screen\n|move|p2a: Buff man|Tailwind|p2a: Buff man\n|-sidestart|p2: Paris gurll|move: Tailwind\n|move|p2b: Miraidon|Dazzling Gleam|p1a: Whimsicott|[spread] p1a,p1b\n|-damage|p1a: Whimsicott|78/100\n|-damage|p1b: Rillaboom|85/100\n|move|p1b: Rillaboom|Wood Hammer|p2b: Miraidon\n|-resisted|p2b: Miraidon\n|-damage|p2b: Miraidon|59/100\n|-damage|p1b: Rillaboom|73/100|[from] Recoil\n|\n|-heal|p2b: Miraidon|65/100|[from] Grassy Terrain\n|-heal|p1a: Whimsicott|84/100|[from] Grassy Terrain\n|-heal|p1b: Rillaboom|79/100|[from] Grassy Terrain\n|upkeep\n|turn|2\n|\n|t:|1745993762\n|move|p2b: Miraidon|Dazzling Gleam|p1a: Whimsicott|[spread] p1a,p1b\n|-crit|p1a: Whimsicott\n|-damage|p1a: Whimsicott|36/100\n|-damage|p1b: Rillaboom|64/100\n|move|p2a: Buff man|Bleakwind Storm|p1b: Rillaboom|[spread] p1a,p1b\n|-supereffective|p1a: Whimsicott\n|-crit|p1a: Whimsicott\n|-supereffective|p1b: Rillaboom\n|-damage|p1a: Whimsicott|0 fnt\n|-damage|p1b: Rillaboom|33/100\n|faint|p1a: Whimsicott\n|move|p1b: Rillaboom|U-turn|p2b: Miraidon\n|-damage|p2b: Miraidon|38/100\n|\n|t:|1745993774\n|switch|p1b: Zacian|Zacian-Crowned, L50|100/100|[from] U-turn\n|-ability|p1b: Zacian|Intrepid Sword|boost\n|-boost|p1b: Zacian|atk|1\n|\n|-heal|p2b: Miraidon|44/100|[from] Grassy Terrain\n|upkeep\n|\n|t:|1745993776\n|switch|p1a: Rillaboom|Rillaboom, L50, F|33/100\n|turn|3\n|\n|t:|1745993794\n|move|p1a: Rillaboom|Fake Out|p2b: Miraidon\n|-damage|p2b: Miraidon|29/100\n|cant|p2b: Miraidon|flinch\n|move|p2a: Buff man|Bleakwind Storm|p1a: Rillaboom|[spread] p1a,p1b\n|-supereffective|p1a: Rillaboom\n|-crit|p1a: Rillaboom\n|-resisted|p1b: Zacian\n|-damage|p1a: Rillaboom|0 fnt\n|-damage|p1b: Zacian|91/100\n|faint|p1a: Rillaboom\n|move|p1b: Zacian|Behemoth Blade|p2a: Buff man\n|-damage|p2a: Buff man|19/100\n|\n|-heal|p2b: Miraidon|34/100|[from] Grassy Terrain\n|-heal|p1b: Zacian|97/100|[from] Grassy Terrain\n|upkeep\n|\n|t:|1745993802\n|switch|p1a: Regidrago|Regidrago, L50|100/100\n|turn|4\n|\n|t:|1745993820\n|-terastallize|p1a: Regidrago|Ghost\n|move|p2b: Miraidon|Dazzling Gleam|p1b: Zacian|[spread] p1a,p1b\n|-resisted|p1b: Zacian\n|-crit|p1b: Zacian\n|-damage|p1a: Regidrago|77/100\n|-damage|p1b: Zacian|76/100\n|move|p2a: Buff man|Bleakwind Storm|p1b: Zacian|[spread] p1a\n|-miss|p2a: Buff man|p1b: Zacian\n|-damage|p1a: Regidrago|55/100\n|-unboost|p1a: Regidrago|spe|1\n|move|p1b: Zacian|Behemoth Blade|p2a: Buff man\n|-damage|p2a: Buff man|0 fnt\n|faint|p2a: Buff man\n|move|p1a: Regidrago|Dragon Energy|p2b: Miraidon\n|-supereffective|p2b: Miraidon\n|-damage|p2b: Miraidon|0 fnt\n|faint|p2b: Miraidon\n|\n|-heal|p1b: Zacian|82/100|[from] Grassy Terrain\n|-heal|p1a: Regidrago|61/100|[from] Grassy Terrain\n|-sideend|p2: Paris gurll|move: Tailwind\n|upkeep\n|\n|t:|1745993839\n|switch|p2b: Panic at the disco|Calyrex-Shadow, L50|100/100\n|switch|p2a: A lesson on STAB|Ceruledge, L50, F, shiny|100/100\n|-ability|p2b: Panic at the disco|As One\n|-ability|p2b: Panic at the disco|Unnerve\n|turn|5\n|\n|t:|1745993851\n|move|p2a: A lesson on STAB|Shadow Sneak|p1a: Regidrago\n|-supereffective|p1a: Regidrago\n|-crit|p1a: Regidrago\n|-damage|p1a: Regidrago|0 fnt\n|faint|p1a: Regidrago\n|-damage|p2a: A lesson on STAB|90/100|[from] item: Life Orb\n|move|p2b: Panic at the disco|Astral Barrage|p1b: Zacian\n|-damage|p1b: Zacian|34/100\n|move|p1b: Zacian|Behemoth Blade|p2b: Panic at the disco\n|-damage|p2b: Panic at the disco|0 fnt\n|faint|p2b: Panic at the disco\n|\n|-heal|p1b: Zacian|40/100|[from] Grassy Terrain\n|-heal|p2a: A lesson on STAB|96/100|[from] Grassy Terrain\n|-sideend|p1: Adrinhoo|move: Light Screen\n|-fieldend|move: Grassy Terrain\n|upkeep\n|turn|6\n|\n|t:|1745993870\n|move|p2a: A lesson on STAB|Shadow Sneak|p1b: Zacian\n|-damage|p1b: Zacian|18/100\n|-damage|p2a: A lesson on STAB|86/100|[from] item: Life Orb\n|move|p1b: Zacian|Behemoth Blade|p2a: A lesson on STAB\n|-resisted|p2a: A lesson on STAB\n|-damage|p2a: A lesson on STAB|29/100\n|\n|upkeep\n|turn|7\n|\n|t:|1745993879\n|move|p2a: A lesson on STAB|Shadow Sneak|p1b: Zacian\n|-damage|p1b: Zacian|0 fnt\n|faint|p1b: Zacian\n|-damage|p2a: A lesson on STAB|19/100|[from] item: Life Orb\n|\n|win|Paris gurll\n||Paris gurll is ready for game 2.\n|inactive|Adrinhoo has 30 seconds to confirm battle start!\n||Adrinhoo is ready for game 2.\n|uhtml|next|Next: <a href=\"/battle-gen9vgc2025regibo3-2353751884\"><strong>Game 2 of 3</strong></a>\n|l|\u2606Paris gurll\n|player|p2|\n", "uploadtime": 1745994227, "views": 6, "formatid": "gen9vgc2025regibo3", "rating": null, "private": 0, "password": null}