{"id": "gen9vgc2025regibo3-2354622000", "format": "[Gen 9] VGC 2025 Reg I (Bo3)", "players": ["teriyaki malarky", "pokephil95"], "log": "|j|\u2606teriyaki malarky\n|j|\u2606pokephil95\n|html|<table width=\"100%\"><tr><td align=\"left\">teriyaki malarky</td><td align=\"right\">pokephil95</tr><tr><td align=\"left\"><i class=\"fa fa-circle-o\"></i> <i class=\"fa fa-circle-o\"></i> </td><td align=\"right\"><i class=\"fa fa-circle-o\"></i> <i class=\"fa fa-circle-o\"></i> </tr></table>\n|uhtml|bestof|<h2><strong>Game 1</strong> of <a href=\"/game-bestof3-gen9vgc2025regibo3-2354621999\">a best-of-3</a></h2>\n|t:|1746103957\n|gametype|doubles\n|player|p1|teriyaki malarky|169|1108\n|player|p2|pokephil95|102|1208\n|teamsize|p1|6\n|teamsize|p2|6\n|gen|9\n|tier|[Gen 9] VGC 2025 Reg I (Bo3)\n|rated|\n|rule|Species Clause: Limit one of each Pok\u00e9mon\n|rule|Item Clause: Limit 1 of each item\n|clearpoke\n|poke|p1|Groudon, L50|\n|poke|p1|Miraidon, L50|\n|poke|p1|Iron Hands, L50|\n|poke|p1|Whimsicott, L50, F|\n|poke|p1|Chi-Yu, L50|\n|poke|p1|Farigiraf, L50, M|\n|poke|p2|Terapagos, L50, M|\n|poke|p2|Rillaboom, L50, M|\n|poke|p2|Incineroar, L50, M|\n|poke|p2|Scream Tail, L50|\n|poke|p2|Calyrex-Shadow, L50|\n|poke|p2|Ogerpon-Cornerstone, L50, F|\n|teampreview|4\n|showteam|p1|Groudon||ClearAmulet|Drought|PrecipiceBlades,FirePunch,BulkUp,Protect||||||50|,,,,,Fire]Miraidon||ChoiceSpecs|HadronEngine|ElectroDrift,DazzlingGleam,VoltSwitch,DracoMeteor||||||50|,,,,,Fairy]Iron Hands||AssaultVest|QuarkDrive|LowKick,HeavySlam,WildCharge,FakeOut||||||50|,,,,,Grass]Whimsicott||FocusSash|Prankster|Moonblast,Tailwind,Encore,LightScreen|||F|||50|,,,,,Ghost]Chi-Yu||ChoiceScarf|BeadsofRuin|Overheat,HeatWave,DarkPulse,Snarl||||||50|,,,,,Ghost]Farigiraf||ElectricSeed|ArmorTail|FoulPlay,HelpingHand,TrickRoom,Psychic|||M|||50|,,,,,Fairy\n|showteam|p2|Terapagos||Leftovers|TeraShift|TeraStarstorm,CalmMind,Protect,Substitute|||M|||50|,,,,,Stellar]Rillaboom||AssaultVest|GrassySurge|FakeOut,Uturn,WoodHammer,GrassyGlide|||M|||50|,,,,,Fire]Incineroar||SafetyGoggles|Intimidate|FakeOut,FlareBlitz,PartingShot,KnockOff|||M|||50|,,,,,Fire]Scream Tail||BoosterEnergy|Protosynthesis|Disable,Encore,HelpingHand,Protect||||||50|,,,,,Dark]Calyrex-Shadow||ChoiceSpecs|AsOneSpectrier|AstralBarrage,Psychic,ShadowBall,DarkPulse||||||50|,,,,,Dragon]Ogerpon-Cornerstone||CornerstoneMask|Sturdy|IvyCudgel,PowerWhip,Protect,FollowMe|||F|||50|,,,,,Rock\n|inactive|Battle timer is ON: inactive players will automatically lose when time's up. (requested by teriyaki malarky)\n|inactive|teriyaki malarky has 60 seconds left.\n|inactive|pokephil95 has 60 seconds left.\n|inactive|teriyaki malarky has 30 seconds left.\n|inactive|pokephil95 has 30 seconds left.\n|inactive|teriyaki malarky has 20 seconds left.\n|inactive|pokephil95 has 20 seconds left.\n|inactive|teriyaki malarky has 15 seconds left.\n|inactive|pokephil95 has 15 seconds left.\n|inactive|teriyaki malarky has 10 seconds left.\n|\n|t:|1746104040\n|start\n|switch|p1a: Farigiraf|Farigiraf, L50, M|100/100\n|switch|p1b: Chi-Yu|Chi-Yu, L50|100/100\n|switch|p2a: Scream Tail|Scream Tail, L50|100/100\n|switch|p2b: Terapagos|Terapagos, L50, M|100/100\n|-activate|p2b: Terapagos|ability: Tera Shift\n|detailschange|p2b: Terapagos|Terapagos-Terastal, L50, M\n|-heal|p2b: Terapagos|100/100|[silent]\n|-ability|p1b: Chi-Yu|Beads of Ruin\n|-enditem|p2a: Scream Tail|Booster Energy\n|-activate|p2a: Scream Tail|ability: Protosynthesis|[fromitem]\n|-start|p2a: Scream Tail|protosynthesisspe\n|turn|1\n|inactive|teriyaki malarky has 30 seconds left.\n|inactive|teriyaki malarky has 20 seconds left.\n|inactive|teriyaki malarky has 15 seconds left.\n|inactive|teriyaki malarky has 10 seconds left.\n|\n|t:|1746104089\n|move|p1a: Farigiraf|Helping Hand|p1b: Chi-Yu\n|-singleturn|p1b: Chi-Yu|Helping Hand|[of] p1a: Farigiraf\n|move|p2a: Scream Tail|Disable||[still]\n|-fail|p2a: Scream Tail\n|move|p1b: Chi-Yu|Snarl|p2b: Terapagos|[spread] p2a,p2b\n|-activate|p2b: Terapagos|ability: Tera Shell\n|-resisted|p2b: Terapagos\n|-damage|p2a: Scream Tail|68/100\n|-damage|p2b: Terapagos|80/100\n|-unboost|p2a: Scream Tail|spa|1\n|-unboost|p2b: Terapagos|spa|1\n|move|p2b: Terapagos|Calm Mind|p2b: Terapagos\n|-boost|p2b: Terapagos|spa|1\n|-boost|p2b: Terapagos|spd|1\n|\n|-heal|p2b: Terapagos|86/100|[from] item: Leftovers\n|upkeep\n|turn|2\n|\n|t:|1746104113\n|switch|p1b: Miraidon|Miraidon, L50|100/100\n|-fieldstart|move: Electric Terrain|[from] ability: Hadron Engine|[of] p1b: Miraidon\n|-enditem|p1a: Farigiraf|Electric Seed\n|-boost|p1a: Farigiraf|def|1|[from] item: Electric Seed\n|move|p2a: Scream Tail|Disable||[still]\n|-fail|p2a: Scream Tail\n|move|p2b: Terapagos|Calm Mind|p2b: Terapagos\n|-boost|p2b: Terapagos|spa|1\n|-boost|p2b: Terapagos|spd|1\n|move|p1a: Farigiraf|Psychic|p2b: Terapagos\n|-damage|p2b: Terapagos|70/100\n|\n|-heal|p2b: Terapagos|77/100|[from] item: Leftovers\n|upkeep\n|turn|3\n|inactive|teriyaki malarky has 30 seconds left.\n|inactive|teriyaki malarky has 20 seconds left.\n|inactive|teriyaki malarky has 15 seconds left.\n|\n|t:|1746104156\n|move|p1a: Farigiraf|Helping Hand|p1b: Miraidon\n|-singleturn|p1b: Miraidon|Helping Hand|[of] p1a: Farigiraf\n|move|p2a: Scream Tail|Protect|p2a: Scream Tail\n|-singleturn|p2a: Scream Tail|Protect\n|move|p2b: Terapagos|Protect|p2b: Terapagos\n|-singleturn|p2b: Terapagos|Protect\n|move|p1b: Miraidon|Electro Drift|p2a: Scream Tail\n|-activate|p2a: Scream Tail|move: Protect\n|\n|-heal|p2b: Terapagos|83/100|[from] item: Leftovers\n|upkeep\n|turn|4\n|inactive|teriyaki malarky has 30 seconds left.\n|\n|t:|1746104185\n|switch|p1b: Chi-Yu|Chi-Yu, L50|100/100\n|-ability|p1b: Chi-Yu|Beads of Ruin\n|-terastallize|p2b: Terapagos|Stellar\n|detailschange|p2b: Terapagos|Terapagos-Stellar, L50, M, tera:Stellar\n|-heal|p2b: Terapagos|87/100|[silent]\n|-ability|p2b: Terapagos|Teraform Zero\n|-fieldend|move: Electric Terrain\n|move|p2a: Scream Tail|Disable||[still]\n|-fail|p2a: Scream Tail\n|move|p2b: Terapagos|Tera Starstorm|p1b: Chi-Yu|[spread] p1a,p1b\n|-damage|p1a: Farigiraf|25/100\n|-damage|p1b: Chi-Yu|31/100\n|move|p1a: Farigiraf|Foul Play|p2b: Terapagos\n|-damage|p2b: Terapagos|77/100\n|\n|-heal|p2b: Terapagos|83/100|[from] item: Leftovers\n|upkeep\n|turn|5\n|inactive|teriyaki malarky has 30 seconds left.\n|\n|t:|1746104213\n|move|p1a: Farigiraf|Helping Hand|p1b: Chi-Yu\n|-singleturn|p1b: Chi-Yu|Helping Hand|[of] p1a: Farigiraf\n|move|p2a: Scream Tail|Protect|p2a: Scream Tail\n|-singleturn|p2a: Scream Tail|Protect\n|move|p2b: Terapagos|Protect|p2b: Terapagos\n|-singleturn|p2b: Terapagos|Protect\n|move|p1b: Chi-Yu|Dark Pulse|p2a: Scream Tail\n|-activate|p2a: Scream Tail|move: Protect\n|\n|-heal|p2b: Terapagos|89/100|[from] item: Leftovers\n|upkeep\n|turn|6\n|\n|t:|1746104227\n|switch|p1b: Whimsicott|Whimsicott, L50, F|100/100\n|switch|p1a: Miraidon|Miraidon, L50|100/100\n|-fieldstart|move: Electric Terrain|[from] ability: Hadron Engine|[of] p1a: Miraidon\n|move|p2a: Scream Tail|Disable||[still]\n|-fail|p2a: Scream Tail\n|move|p2b: Terapagos|Tera Starstorm|p1a: Miraidon|[spread] p1a,p1b\n|-damage|p1a: Miraidon|55/100\n|-damage|p1b: Whimsicott|8/100\n|\n|-heal|p2b: Terapagos|95/100|[from] item: Leftovers\n|upkeep\n|turn|7\n|\n|t:|1746104247\n|-terastallize|p1a: Miraidon|Fairy\n|move|p2b: Terapagos|Protect|p2b: Terapagos\n|-singleturn|p2b: Terapagos|Protect\n|move|p1b: Whimsicott|Tailwind|p1b: Whimsicott\n|-sidestart|p1: teriyaki malarky|move: Tailwind\n|move|p1a: Miraidon|Dazzling Gleam|p2b: Terapagos|[spread] p2a\n|-activate|p2b: Terapagos|move: Protect\n|-damage|p2a: Scream Tail|23/100\n|move|p2a: Scream Tail|Disable|p1a: Miraidon\n|-start|p1a: Miraidon|Disable|Dazzling Gleam\n|\n|-heal|p2b: Terapagos|100/100|[from] item: Leftovers\n|upkeep\n|turn|8\n|inactive|pokephil95 has 30 seconds left.\n|inactive|pokephil95 has 20 seconds left.\n|\n|t:|1746104282\n|switch|p1a: Farigiraf|Farigiraf, L50, M|25/100\n|-end|p2a: Scream Tail|Protosynthesis|[silent]\n|switch|p2a: Calyrex|Calyrex-Shadow, L50|100/100\n|-ability|p2a: Calyrex|As One\n|-ability|p2a: Calyrex|Unnerve\n|switch|p2b: Rillaboom|Rillaboom, L50, M|100/100\n|-fieldstart|move: Grassy Terrain|[from] ability: Grassy Surge|[of] p2b: Rillaboom\n|move|p1b: Whimsicott|Encore||[still]\n|-fail|p1b: Whimsicott\n|\n|-heal|p1b: Whimsicott|14/100|[from] Grassy Terrain\n|-heal|p1a: Farigiraf|31/100|[from] Grassy Terrain\n|upkeep\n|turn|9\n|\n|t:|1746104302\n|move|p1b: Whimsicott|Light Screen|p1b: Whimsicott\n|-sidestart|p1: teriyaki malarky|move: Light Screen\n|move|p2a: Calyrex|Astral Barrage|p1a: Farigiraf|[spread] p1b\n|-immune|p1a: Farigiraf\n|-damage|p1b: Whimsicott|0 fnt\n|faint|p1b: Whimsicott\n|-ability|p2a: Calyrex|Grim Neigh|boost\n|-boost|p2a: Calyrex|spa|1\n|move|p1a: Farigiraf|Foul Play|p2a: Calyrex\n|-supereffective|p2a: Calyrex\n|-damage|p2a: Calyrex|25/100\n|move|p2b: Rillaboom|Wood Hammer|p1a: Farigiraf\n|-damage|p1a: Farigiraf|0 fnt\n|faint|p1a: Farigiraf\n|-damage|p2b: Rillaboom|89/100|[from] Recoil\n|\n|-heal|p2a: Calyrex|32/100|[from] Grassy Terrain\n|-heal|p2b: Rillaboom|95/100|[from] Grassy Terrain\n|upkeep\n|\n|t:|1746104315\n|switch|p1b: Chi-Yu|Chi-Yu, L50|31/100\n|switch|p1a: Miraidon|Miraidon, L50, tera:Fairy|55/100\n|-ability|p1b: Chi-Yu|Beads of Ruin\n|-fieldstart|move: Electric Terrain|[from] ability: Hadron Engine|[of] p1a: Miraidon\n|turn|10\n|inactive|pokephil95 has 30 seconds left.\n|\n|t:|1746104340\n|move|p1b: Chi-Yu|Heat Wave|p2b: Rillaboom|[spread] p2a\n|-miss|p1b: Chi-Yu|p2b: Rillaboom\n|-damage|p2a: Calyrex|0 fnt\n|faint|p2a: Calyrex\n|move|p1a: Miraidon|Dazzling Gleam|p2b: Rillaboom\n|-damage|p2b: Rillaboom|9/100\n|move|p2b: Rillaboom|U-turn|p1b: Chi-Yu\n|-damage|p1b: Chi-Yu|0 fnt\n|faint|p1b: Chi-Yu\n|\n|t:|1746104345\n|switch|p2b: Scream Tail|Scream Tail, L50|23/100|[from] U-turn\n|\n|-sideend|p1: teriyaki malarky|move: Tailwind\n|upkeep\n|\n|t:|1746104348\n|switch|p2a: Rillaboom|Rillaboom, L50, M|9/100\n|-fieldstart|move: Grassy Terrain|[from] ability: Grassy Surge|[of] p2a: Rillaboom\n|turn|11\n|c|\u2606teriyaki malarky|man heat wave has 10% accuracy tonight\n|\n|t:|1746104358\n|move|p2a: Rillaboom|Fake Out|p1a: Miraidon\n|-damage|p1a: Miraidon|42/100\n|cant|p1a: Miraidon|flinch\n|move|p2b: Scream Tail|Disable|p1a: Miraidon\n|-start|p1a: Miraidon|Disable|Dazzling Gleam\n|\n|-heal|p1a: Miraidon|48/100|[from] Grassy Terrain\n|-heal|p2b: Scream Tail|29/100|[from] Grassy Terrain\n|-heal|p2a: Rillaboom|15/100|[from] Grassy Terrain\n|upkeep\n|turn|12\n|\n|t:|1746104373\n|move|p2b: Scream Tail|Helping Hand|p2a: Rillaboom\n|-singleturn|p2a: Rillaboom|Helping Hand|[of] p2b: Scream Tail\n|move|p2a: Rillaboom|Grassy Glide|p1a: Miraidon\n|-crit|p1a: Miraidon\n|-damage|p1a: Miraidon|0 fnt\n|faint|p1a: Miraidon\n|\n|win|pokephil95\n||teriyaki malarky is ready for game 2.\n|inactive|pokephil95 has 30 seconds to confirm battle start!\n|l|\u2606pokephil95\n|player|p2|\n|inactive|pokephil95 has 20 seconds to confirm battle start!\n|inactive|pokephil95 has 10 seconds to confirm battle start!\n|uhtml|next|Next: <a href=\"/battle-gen9vgc2025regibo3-2354625793\"><strong>Game 2 of 3</strong></a>\n", "uploadtime": 1746105237, "views": 6, "formatid": "gen9vgc2025regibo3", "rating": null, "private": 0, "password": null}