{"id": "gen9vgc2025regibo3-2353820581", "format": "[Gen 9] VGC 2025 Reg I (Bo3)", "players": ["Dimplewiskers", "bobak dotto"], "log": "|j|\u2606Dimplewiskers\n|j|\u2606bobak dotto\n|html|<table width=\"100%\"><tr><td align=\"left\">Dimplewiskers</td><td align=\"right\">bobak dotto</tr><tr><td align=\"left\"><i class=\"fa fa-circle\"></i> <i class=\"fa fa-circle-o\"></i> </td><td align=\"right\"><i class=\"fa fa-circle-o\"></i> <i class=\"fa fa-circle-o\"></i> </tr></table>\n|uhtml|bestof|<h2><strong>Game 2</strong> of <a href=\"/game-bestof3-gen9vgc2025regibo3-2353819848\">a best-of-3</a></h2>\n|t:|1746005479\n|gametype|doubles\n|player|p1|Dimplewiskers|cynthia-gen4|1128\n|player|p2|bobak dotto|bruno|1181\n|teamsize|p1|6\n|teamsize|p2|6\n|gen|9\n|tier|[Gen 9] VGC 2025 Reg I (Bo3)\n|rated|\n|rule|Species Clause: Limit one of each Pok\u00e9mon\n|rule|Item Clause: Limit 1 of each item\n|clearpoke\n|poke|p1|Calyrex-Ice, L50|\n|poke|p1|Palkia, L50|\n|poke|p1|Smeargle, L50, M|\n|poke|p1|Indeedee-F, L50, F|\n|poke|p1|Hatterene, L50, F|\n|poke|p1|Ursaluna, L50, M|\n|poke|p2|Dialga-Origin, L50|\n|poke|p2|Calyrex-Shadow, L50|\n|poke|p2|Araquanid, L50, F|\n|poke|p2|Rillaboom, L50, M|\n|poke|p2|Incineroar, L50, F|\n|poke|p2|Smeargle, L50, M|\n|teampreview|4\n|showteam|p1|Calyrex-Ice||ClearAmulet|AsOneGlastrier|GlacialLance,CloseCombat,Protect,TrickRoom||||||50|,,,,,Water]Palkia||LifeOrb|Pressure|SpacialRend,Thunderbolt,Flamethrower,Protect||||||50|,,,,,Fairy]Smeargle||FocusSash|Moody|FakeOut,FollowMe,Spore,Decorate|||M|||50|,,,,,Grass]Indeedee-F||SafetyGoggles|PsychicSurge|FollowMe,HelpingHand,TrickRoom,Psychic|||F|||50|,,,,,Fairy]Hatterene||SitrusBerry|Healer|DazzlingGleam,ExpandingForce,Protect,TrickRoom|||F|||50|,,,,,Psychic]Ursaluna||FlameOrb|Guts|Facade,HeadlongRush,GunkShot,Protect|||M|||50|,,,,,Normal\n|showteam|p2|Dialga-Origin||AdamantCrystal|Pressure|DracoMeteor,FlashCannon,TrickRoom,Protect||||||50|,,,,,Water]Calyrex-Shadow||SitrusBerry|AsOneSpectrier|AstralBarrage,DrainingKiss,CalmMind,Protect||||||50|,,,,,Fairy]Araquanid||ClearAmulet|WaterBubble|Liquidation,Lunge,WideGuard,RainDance|||F|||50|,,,,,Water]Rillaboom||AssaultVest|GrassySurge|FakeOut,GrassyGlide,WoodHammer,Uturn|||M|||50|,,,,,Fire]Incineroar||SafetyGoggles|Intimidate|WillOWisp,KnockOff,FakeOut,PartingShot|||F|||50|,,,,,Ghost]Smeargle||CovertCloak|Moody|FakeOut,Spore,Decorate,SpikyShield|||M|||50|,,,,,Normal\n|inactive|Battle timer is ON: inactive players will automatically lose when time's up. (requested by Dimplewiskers)\n|\n|t:|1746005496\n|start\n|switch|p1a: Elvis|Calyrex-Ice, L50|100/100\n|switch|p1b: Bob Ross|Smeargle, L50, M, shiny|100/100\n|switch|p2a: Calyrex|Calyrex-Shadow, L50|100/100\n|switch|p2b: Incineroar|Incineroar, L50, F|100/100\n|-ability|p2a: Calyrex|As One\n|-ability|p2a: Calyrex|Unnerve\n|-ability|p1a: Elvis|As One\n|-ability|p1a: Elvis|Unnerve\n|-ability|p2b: Incineroar|Intimidate|boost\n|-fail|p1a: Elvis|unboost|[from] item: Clear Amulet|[of] p1a: Elvis\n|-unboost|p1b: Bob Ross|atk|1\n|turn|1\n|inactive|Dimplewiskers has 30 seconds left.\n|\n|t:|1746005522\n|-terastallize|p1a: Elvis|Water\n|move|p2a: Calyrex|Protect|p2a: Calyrex\n|-singleturn|p2a: Calyrex|Protect\n|move|p1b: Bob Ross|Fake Out|p2b: Incineroar\n|-damage|p2b: Incineroar|97/100\n|cant|p2b: Incineroar|flinch\n|move|p1a: Elvis|Trick Room|p1a: Elvis\n|-fieldstart|move: Trick Room|[of] p1a: Elvis\n|\n|-ability|p1b: Bob Ross|Moody|boost\n|-boost|p1b: Bob Ross|spe|2\n|-unboost|p1b: Bob Ross|def|1\n|upkeep\n|turn|2\n|\n|t:|1746005540\n|switch|p2a: Araquanid|Araquanid, L50, F|100/100\n|move|p1a: Elvis|Protect|p1a: Elvis\n|-singleturn|p1a: Elvis|Protect\n|move|p2b: Incineroar|Will-O-Wisp|p1a: Elvis\n|-activate|p1a: Elvis|move: Protect\n|move|p1b: Bob Ross|Decorate|p1a: Elvis\n|-boost|p1a: Elvis|atk|2\n|-boost|p1a: Elvis|spa|2\n|\n|-ability|p1b: Bob Ross|Moody|boost\n|-boost|p1b: Bob Ross|spa|2\n|-unboost|p1b: Bob Ross|spd|1\n|upkeep\n|turn|3\n|inactive|Dimplewiskers has 30 seconds left.\n|\n|t:|1746005566\n|move|p2a: Araquanid|Wide Guard|p2a: Araquanid\n|-singleturn|p2a: Araquanid|Wide Guard\n|move|p1b: Bob Ross|Follow Me|p1b: Bob Ross\n|-singleturn|p1b: Bob Ross|move: Follow Me\n|move|p1a: Elvis|Glacial Lance|p2b: Incineroar|[spread] \n|-activate|p2a: Araquanid|move: Wide Guard\n|-activate|p2b: Incineroar|move: Wide Guard\n|move|p2b: Incineroar|Knock Off|p1b: Bob Ross\n|-enditem|p1b: Bob Ross|Focus Sash\n|-damage|p1b: Bob Ross|1/100\n|\n|-ability|p1b: Bob Ross|Moody|boost\n|-boost|p1b: Bob Ross|spd|2\n|-unboost|p1b: Bob Ross|def|1\n|upkeep\n|turn|4\n|inactive|Dimplewiskers has 30 seconds left.\n|inactive|Dimplewiskers has 20 seconds left.\n|\n|t:|1746005602\n|move|p1a: Elvis|Protect|p1a: Elvis\n|-singleturn|p1a: Elvis|Protect\n|move|p2a: Araquanid|Liquidation|p1b: Bob Ross\n|-damage|p1b: Bob Ross|0 fnt\n|faint|p1b: Bob Ross\n|move|p2b: Incineroar|Will-O-Wisp|p1a: Elvis\n|-activate|p1a: Elvis|move: Protect\n|\n|upkeep\n|\n|t:|1746005612\n|switch|p1b: Coach|Indeedee-F, L50, F, shiny|100/100\n|-fieldstart|move: Psychic Terrain|[from] ability: Psychic Surge|[of] p1b: Coach\n|turn|5\n|\n|t:|1746005624\n|move|p1b: Coach|Follow Me|p1b: Coach\n|-singleturn|p1b: Coach|move: Follow Me\n|move|p1a: Elvis|Close Combat|p2b: Incineroar\n|-supereffective|p2b: Incineroar\n|-damage|p2b: Incineroar|0 fnt\n|-unboost|p1a: Elvis|def|1\n|-unboost|p1a: Elvis|spd|1\n|faint|p2b: Incineroar\n|-ability|p1a: Elvis|Chilling Neigh|boost\n|-boost|p1a: Elvis|atk|1\n|move|p2a: Araquanid|Liquidation|p1b: Coach\n|-damage|p1b: Coach|39/100\n|-unboost|p1b: Coach|def|1\n|\n|-fieldend|move: Trick Room\n|upkeep\n|\n|t:|1746005638\n|switch|p2b: Calyrex|Calyrex-Shadow, L50|100/100\n|-ability|p2b: Calyrex|As One\n|-ability|p2b: Calyrex|Unnerve\n|turn|6\n|\n|t:|1746005658\n|move|p2a: Araquanid|Wide Guard|p2a: Araquanid\n|-singleturn|p2a: Araquanid|Wide Guard\n|move|p1b: Coach|Follow Me|p1b: Coach\n|-singleturn|p1b: Coach|move: Follow Me\n|move|p2b: Calyrex|Draining Kiss|p1b: Coach\n|-damage|p1b: Coach|23/100\n|move|p1a: Elvis|Glacial Lance|p2b: Calyrex|[spread] \n|-activate|p2a: Araquanid|move: Wide Guard\n|-activate|p2b: Calyrex|move: Wide Guard\n|\n|upkeep\n|turn|7\n|\n|t:|1746005671\n|move|p2a: Araquanid|Wide Guard|p2a: Araquanid\n|-singleturn|p2a: Araquanid|Wide Guard\n|move|p1b: Coach|Follow Me|p1b: Coach\n|-singleturn|p1b: Coach|move: Follow Me\n|move|p2b: Calyrex|Calm Mind|p2b: Calyrex\n|-boost|p2b: Calyrex|spa|1\n|-boost|p2b: Calyrex|spd|1\n|move|p1a: Elvis|Trick Room|p1a: Elvis\n|-fieldstart|move: Trick Room|[of] p1a: Elvis\n|\n|upkeep\n|turn|8\n|inactive|Dimplewiskers has 30 seconds left.\n|\n|t:|1746005697\n|move|p1b: Coach|Helping Hand|p1a: Elvis\n|-singleturn|p1a: Elvis|Helping Hand|[of] p1b: Coach\n|move|p1a: Elvis|Close Combat|p2a: Araquanid\n|-resisted|p2a: Araquanid\n|-damage|p2a: Araquanid|0 fnt\n|-unboost|p1a: Elvis|def|1\n|-unboost|p1a: Elvis|spd|1\n|faint|p2a: Araquanid\n|-ability|p1a: Elvis|Chilling Neigh|boost\n|-boost|p1a: Elvis|atk|1\n|move|p2b: Calyrex|Astral Barrage|p1b: Coach|[spread] p1a\n|-immune|p1b: Coach\n|-damage|p1a: Elvis|0 fnt\n|faint|p1a: Elvis\n|-ability|p2b: Calyrex|Grim Neigh|boost\n|-boost|p2b: Calyrex|spa|1\n|\n|upkeep\n|\n|t:|1746005712\n|switch|p1a: Hatterene|Hatterene, L50, F|100/100\n|switch|p2a: Dialga|Dialga-Origin, L50|100/100\n|-ability|p2a: Dialga|Pressure\n|turn|9\n|\n|t:|1746005731\n|move|p1b: Coach|Helping Hand|p1a: Hatterene\n|-singleturn|p1a: Hatterene|Helping Hand|[of] p1b: Coach\n|move|p1a: Hatterene|Dazzling Gleam|p2b: Calyrex|[spread] p2a,p2b\n|-damage|p2a: Dialga|64/100\n|-damage|p2b: Calyrex|68/100\n|move|p2a: Dialga|Flash Cannon|p1a: Hatterene\n|-supereffective|p1a: Hatterene\n|-damage|p1a: Hatterene|0 fnt\n|faint|p1a: Hatterene\n|move|p2b: Calyrex|Astral Barrage|p1b: Coach\n|-immune|p1b: Coach\n|\n|-fieldend|move: Psychic Terrain\n|upkeep\n|turn|10\n|-message|Dimplewiskers forfeited.\n|\n|win|bobak dotto\n|l|\u2606Dimplewiskers\n|player|p1|\n||Dimplewiskers is ready for game 3.\n||bobak dotto is ready for game 3.\n|uhtml|next|Next: <a href=\"/battle-gen9vgc2025regibo3-2353822197\"><strong>Game 3 of 3</strong></a>\n", "uploadtime": 1746006134, "views": 6, "formatid": "gen9vgc2025regibo3", "rating": null, "private": 0, "password": null}