{"id": "gen9vgc2025regibo3-2353849503", "format": "[Gen 9] VGC 2025 Reg I (Bo3)", "players": ["Newrei", "levi_20"], "log": "|j|\u2606Newrei\n|j|\u2606levi_20\n|html|<table width=\"100%\"><tr><td align=\"left\">Newrei</td><td align=\"right\">levi_20</tr><tr><td align=\"left\"><i class=\"fa fa-circle-o\"></i> <i class=\"fa fa-circle-o\"></i> </td><td align=\"right\"><i class=\"fa fa-circle-o\"></i> <i class=\"fa fa-circle-o\"></i> </tr></table>\n|uhtml|bestof|<h2><strong>Game 1</strong> of <a href=\"/game-bestof3-gen9vgc2025regibo3-2353849498\">a best-of-3</a></h2>\n|t:|1746010004\n|gametype|doubles\n|player|p1|Newrei|102|1092\n|player|p2|levi_20|2|1106\n|teamsize|p1|6\n|teamsize|p2|6\n|gen|9\n|tier|[Gen 9] VGC 2025 Reg I (Bo3)\n|rated|\n|rule|Species Clause: Limit one of each Pok\u00e9mon\n|rule|Item Clause: Limit 1 of each item\n|clearpoke\n|poke|p1|Kyogre, L50|\n|poke|p1|Lunala, L50|\n|poke|p1|Grimmsnarl, L50, M|\n|poke|p1|Sinistcha-Masterpiece, L50|\n|poke|p1|Landorus-Therian, L50, M|\n|poke|p1|Tornadus, L50, M|\n|poke|p2|Terapagos, L50, M|\n|poke|p2|Calyrex-Shadow, L50|\n|poke|p2|Incineroar, L50, M|\n|poke|p2|Rillaboom, L50, M|\n|poke|p2|Amoonguss, L50, F|\n|poke|p2|Urshifu-*, L50, F|\n|teampreview|4\n|showteam|p1|Kyogre||ChoiceSpecs|Drizzle|OriginPulse,WaterSpout,TeraBlast,Thunder||||||50|,,,,,Grass]Lunala||PowerHerb|ShadowShield|TeraBlast,WideGuard,MeteorBeam,MoongeistBeam||||||50|,,,,,Dark]Grimmsnarl||LightClay|Prankster|Reflect,LightScreen,ThunderWave,SuckerPunch|||M|||50|,,,,,Dark]Sinistcha-Masterpiece||Leftovers|Hospitality|Protect,MatchaGotcha,TrickRoom,Hex||||||50|,,,,,Fairy]Landorus-Therian||AssaultVest|Intimidate|Uturn,Earthquake,TeraBlast,HammerArm|||M|||50|,,,,,Flying]Tornadus||FocusSash|Prankster|BleakwindStorm,Protect,Tailwind,Uturn|||M|||50|,,,,,Dark\n|showteam|p2|Terapagos||Leftovers|TeraShift|Protect,TeraStarstorm,EarthPower,CalmMind|||M|||50|,,,,,Stellar]Calyrex-Shadow||FocusSash|AsOneSpectrier|Protect,AstralBarrage,Encore,Disable||||||50|,,,,,Ghost]Incineroar||SafetyGoggles|Intimidate|KnockOff,PartingShot,WillOWisp,FakeOut|||M|||50|,,,,,Bug]Rillaboom||AssaultVest|GrassySurge|WoodHammer,GrassyGlide,Uturn,FakeOut|||M|||50|,,,,,Fire]Amoonguss||RockyHelmet|Regenerator|Protect,Spore,RagePowder,PollenPuff|||F|||50|,,,,,Water]Urshifu-Rapid-Strike||ChoiceScarf|UnseenFist|SurgingStrikes,CloseCombat,Coaching,Uturn|||F|||50|,,,,,Water\n|inactive|Battle timer is ON: inactive players will automatically lose when time's up. (requested by Newrei)\n|inactive|levi_20 has 60 seconds left.\n|\n|t:|1746010081\n|start\n|switch|p1a: Lunala|Lunala, L50|100/100\n|switch|p1b: Grimmsnarl|Grimmsnarl, L50, M|100/100\n|switch|p2a: Terapagos|Terapagos, L50, M|100/100\n|switch|p2b: Urshifu|Urshifu-Rapid-Strike, L50, F|100/100\n|-activate|p2a: Terapagos|ability: Tera Shift\n|detailschange|p2a: Terapagos|Terapagos-Terastal, L50, M\n|-heal|p2a: Terapagos|100/100|[silent]\n|turn|1\n|\n|t:|1746010099\n|move|p1b: Grimmsnarl|Thunder Wave|p2a: Terapagos|[miss]\n|-miss|p1b: Grimmsnarl|p2a: Terapagos\n|move|p2b: Urshifu|Surging Strikes|p1a: Lunala\n|-crit|p1a: Lunala\n|-damage|p1a: Lunala|93/100\n|-crit|p1a: Lunala\n|-damage|p1a: Lunala|79/100\n|-crit|p1a: Lunala\n|-damage|p1a: Lunala|64/100\n|-hitcount|p1a: Lunala|3\n|move|p2a: Terapagos|Calm Mind|p2a: Terapagos\n|-boost|p2a: Terapagos|spa|1\n|-boost|p2a: Terapagos|spd|1\n|move|p1a: Lunala|Meteor Beam||[still]\n|-prepare|p1a: Lunala|Meteor Beam\n|-boost|p1a: Lunala|spa|1\n|-enditem|p1a: Lunala|Power Herb\n|-anim|p1a: Lunala|Meteor Beam|p2a: Terapagos\n|-activate|p2a: Terapagos|ability: Tera Shell\n|-resisted|p2a: Terapagos\n|-damage|p2a: Terapagos|82/100\n|\n|-heal|p2a: Terapagos|89/100|[from] item: Leftovers\n|upkeep\n|turn|2\n|\n|t:|1746010123\n|move|p1b: Grimmsnarl|Thunder Wave|p2a: Terapagos\n|-status|p2a: Terapagos|par\n|move|p2b: Urshifu|Surging Strikes|p1a: Lunala\n|-crit|p1a: Lunala\n|-damage|p1a: Lunala|50/100\n|-crit|p1a: Lunala\n|-damage|p1a: Lunala|34/100\n|-crit|p1a: Lunala\n|-damage|p1a: Lunala|19/100\n|-hitcount|p1a: Lunala|3\n|move|p1a: Lunala|Moongeist Beam|p2b: Urshifu\n|-damage|p2b: Urshifu|1/100\n|move|p2a: Terapagos|Calm Mind|p2a: Terapagos\n|-boost|p2a: Terapagos|spa|1\n|-boost|p2a: Terapagos|spd|1\n|\n|-heal|p2a: Terapagos|95/100 par|[from] item: Leftovers\n|upkeep\n|turn|3\n|inactive|levi_20 has 30 seconds left.\n|\n|t:|1746010150\n|switch|p2b: Rillaboom|Rillaboom, L50, M|100/100\n|-fieldstart|move: Grassy Terrain|[from] ability: Grassy Surge|[of] p2b: Rillaboom\n|move|p1b: Grimmsnarl|Light Screen|p1b: Grimmsnarl\n|-sidestart|p1: Newrei|move: Light Screen\n|move|p1a: Lunala|Moongeist Beam|p2b: Rillaboom\n|-damage|p2b: Rillaboom|50/100\n|move|p2a: Terapagos|Earth Power|p1a: Lunala\n|-damage|p1a: Lunala|0 fnt\n|faint|p1a: Lunala\n|\n|-heal|p2b: Rillaboom|56/100|[from] Grassy Terrain\n|-heal|p2a: Terapagos|100/100 par|[from] Grassy Terrain\n|upkeep\n|\n|t:|1746010162\n|switch|p1a: Landorus|Landorus-Therian, L50, M|100/100\n|-ability|p1a: Landorus|Intimidate|boost\n|-unboost|p2a: Terapagos|atk|1\n|-unboost|p2b: Rillaboom|atk|1\n|turn|4\n|\n|t:|1746010175\n|-terastallize|p1a: Landorus|Flying\n|move|p2b: Rillaboom|Fake Out|p1a: Landorus\n|-damage|p1a: Landorus|90/100\n|move|p1b: Grimmsnarl|Sucker Punch|p2a: Terapagos\n|-activate|p2a: Terapagos|ability: Tera Shell\n|-resisted|p2a: Terapagos\n|-damage|p2a: Terapagos|85/100 par\n|cant|p1a: Landorus|flinch\n|move|p2a: Terapagos|Tera Starstorm|p1a: Landorus\n|-damage|p1a: Landorus|41/100\n|\n|-heal|p2b: Rillaboom|61/100|[from] Grassy Terrain\n|-heal|p2a: Terapagos|91/100 par|[from] Grassy Terrain\n|-heal|p2a: Terapagos|97/100 par|[from] item: Leftovers\n|upkeep\n|turn|5\n|\n|t:|1746010194\n|switch|p2b: Urshifu|Urshifu-Rapid-Strike, L50, F|1/100\n|move|p1b: Grimmsnarl|Reflect|p1b: Grimmsnarl\n|-sidestart|p1: Newrei|Reflect\n|move|p1a: Landorus|Tera Blast|p2b: Urshifu|[anim] Tera Blast Flying\n|-supereffective|p2b: Urshifu\n|-damage|p2b: Urshifu|0 fnt\n|faint|p2b: Urshifu\n|move|p2a: Terapagos|Tera Starstorm|p1a: Landorus\n|-damage|p1a: Landorus|0 fnt\n|faint|p1a: Landorus\n|\n|-heal|p2a: Terapagos|100/100 par|[from] Grassy Terrain\n|upkeep\n|\n|t:|1746010214\n|switch|p2b: Calyrex|Calyrex-Shadow, L50|100/100\n|switch|p1a: Kyogre|Kyogre, L50|100/100\n|-ability|p2b: Calyrex|As One\n|-ability|p2b: Calyrex|Unnerve\n|-weather|RainDance|[from] ability: Drizzle|[of] p1a: Kyogre\n|turn|6\n|\n|t:|1746010227\n|-terastallize|p2a: Terapagos|Stellar\n|detailschange|p2a: Terapagos|Terapagos-Stellar, L50, M, tera:Stellar\n|-heal|p2a: Terapagos|100/100 par|[silent]\n|-ability|p2a: Terapagos|Teraform Zero\n|-weather|none\n|-fieldend|move: Grassy Terrain\n|move|p2b: Calyrex|Protect|p2b: Calyrex\n|-singleturn|p2b: Calyrex|Protect\n|move|p1b: Grimmsnarl|Sucker Punch||[still]\n|-fail|p1b: Grimmsnarl\n|move|p1a: Kyogre|Origin Pulse|p2a: Terapagos|[spread] p2a\n|-activate|p2b: Calyrex|move: Protect\n|-damage|p2a: Terapagos|77/100 par\n|move|p2a: Terapagos|Tera Starstorm|p1b: Grimmsnarl|[spread] p1a,p1b\n|-damage|p1a: Kyogre|67/100\n|-damage|p1b: Grimmsnarl|48/100\n|\n|-heal|p2a: Terapagos|83/100 par|[from] item: Leftovers\n|upkeep\n|turn|7\n|\n|t:|1746010246\n|move|p1b: Grimmsnarl|Sucker Punch||[still]\n|-fail|p1b: Grimmsnarl\n|move|p2b: Calyrex|Disable|p1a: Kyogre\n|-start|p1a: Kyogre|Disable|Origin Pulse\n|cant|p1a: Kyogre|Disable|Origin Pulse\n|move|p2a: Terapagos|Tera Starstorm|p1b: Grimmsnarl|[spread] p1a,p1b\n|-damage|p1a: Kyogre|34/100\n|-damage|p1b: Grimmsnarl|0 fnt\n|faint|p1b: Grimmsnarl\n|\n|-heal|p2a: Terapagos|90/100 par|[from] item: Leftovers\n|upkeep\n|turn|8\n|-message|Newrei forfeited.\n|\n|win|levi_20\n|l|\u2606Newrei\n|player|p1|\n||Newrei is ready for game 2.\n||levi_20 is ready for game 2.\n|uhtml|next|Next: <a href=\"/battle-gen9vgc2025regibo3-2353851245\"><strong>Game 2 of 3</strong></a>\n|l|\u2606levi_20\n|player|p2|\n", "uploadtime": 1746010551, "views": 6, "formatid": "gen9vgc2025regibo3", "rating": null, "private": 0, "password": null}