{"id": "gen9vgc2025regibo3-2354728616", "format": "[Gen 9] VGC 2025 Reg I (Bo3)", "players": ["rubentino", "LiterallyAKoala"], "log": "|j|\u2606rubentino\n|j|\u2606LiterallyAKoala\n|html|<table width=\"100%\"><tr><td align=\"left\">rubentino</td><td align=\"right\">LiterallyAKoala</tr><tr><td align=\"left\"><i class=\"fa fa-circle-o\"></i> <i class=\"fa fa-circle-o\"></i> </td><td align=\"right\"><i class=\"fa fa-circle-o\"></i> <i class=\"fa fa-circle-o\"></i> </tr></table>\n|uhtml|bestof|<h2><strong>Game 1</strong> of <a href=\"/game-bestof3-gen9vgc2025regibo3-2354728615\">a best-of-3</a></h2>\n|t:|1746114531\n|gametype|doubles\n|player|p1|rubentino|1|1100\n|player|p2|LiterallyAKoala|emmet|1016\n|teamsize|p1|6\n|teamsize|p2|6\n|gen|9\n|tier|[Gen 9] VGC 2025 Reg I (Bo3)\n|rated|\n|rule|Species Clause: Limit one of each Pok\u00e9mon\n|rule|Item Clause: Limit 1 of each item\n|clearpoke\n|poke|p1|Terapagos, L50, M|\n|poke|p1|Calyrex-Shadow, L50|\n|poke|p1|Incineroar, L50, M|\n|poke|p1|Rillaboom, L50, M|\n|poke|p1|Urshifu-*, L50, M|\n|poke|p1|Amoonguss, L50, F|\n|poke|p2|Miraidon, L50|\n|poke|p2|Urshifu-*, L50, F|\n|poke|p2|Calyrex-Shadow, L50|\n|poke|p2|Flutter Mane, L50|\n|poke|p2|Amoonguss, L50, F|\n|poke|p2|Iron Hands, L50|\n|teampreview|4\n|showteam|p1|Terapagos||Leftovers|TeraShift|TeraStarstorm,EarthPower,CalmMind,Protect|||M|||50|,,,,,Stellar]Calyrex-Shadow||FocusSash|AsOneSpectrier|AstralBarrage,Encore,Disable,Protect||||||50|,,,,,Ghost]Incineroar||SafetyGoggles|Intimidate|FakeOut,KnockOff,WillOWisp,PartingShot|||M|||50|,,,,,Bug]Rillaboom||AssaultVest|GrassySurge|FakeOut,WoodHammer,GrassyGlide,Uturn|||M|||50|,,,,,Water]Urshifu-Rapid-Strike||ChoiceScarf|UnseenFist|SurgingStrikes,CloseCombat,AquaJet,Uturn|||M|||50|,,,,,Water]Amoonguss||RockyHelmet|Regenerator|SludgeBomb,Spore,RagePowder,Protect|||F|||50|,,,,,Water\n|showteam|p2|Miraidon||ChoiceSpecs|HadronEngine|ElectroDrift,DracoMeteor,VoltSwitch,DazzlingGleam||||||50|,,,,,Fairy]Urshifu-Rapid-Strike||FocusSash|UnseenFist|SurgingStrikes,CloseCombat,AquaJet,Detect|||F|||50|,,,,,Grass]Calyrex-Shadow||LifeOrb|AsOneSpectrier|AstralBarrage,ExpandingForce,Protect,NastyPlot||||||50|,,,,,Ghost]Flutter Mane||BoosterEnergy|Protosynthesis|Moonblast,IcyWind,TrickRoom,Taunt||||||50|,,,,,Fairy]Amoonguss||RockyHelmet|Regenerator|PollenPuff,Spore,RagePowder,Protect|||F|||50|,,,,,Water]Iron Hands||AssaultVest|QuarkDrive|WildCharge,DrainPunch,HeavySlam,FakeOut||||||50|,,,,,Water\n|inactive|Battle timer is ON: inactive players will automatically lose when time's up. (requested by LiterallyAKoala)\n|inactive|rubentino has 60 seconds left.\n|inactive|LiterallyAKoala has 60 seconds left.\n|\n|t:|1746114583\n|start\n|switch|p1a: Rillaboom|Rillaboom, L50, M|100/100\n|switch|p1b: Amoonguss|Amoonguss, L50, F|100/100\n|switch|p2a: Miraidon|Miraidon, L50|100/100\n|switch|p2b: Flutter Mane|Flutter Mane, L50|100/100\n|-fieldstart|move: Electric Terrain|[from] ability: Hadron Engine|[of] p2a: Miraidon\n|-fieldstart|move: Grassy Terrain|[from] ability: Grassy Surge|[of] p1a: Rillaboom\n|-enditem|p2b: Flutter Mane|Booster Energy\n|-activate|p2b: Flutter Mane|ability: Protosynthesis|[fromitem]\n|-start|p2b: Flutter Mane|protosynthesisspe\n|turn|1\n|\n|t:|1746114601\n|move|p1a: Rillaboom|Fake Out|p2a: Miraidon\n|-damage|p2a: Miraidon|87/100\n|move|p2b: Flutter Mane|Taunt|p1b: Amoonguss\n|-start|p1b: Amoonguss|move: Taunt\n|cant|p2a: Miraidon|flinch\n|move|p1b: Amoonguss|Sludge Bomb|p2b: Flutter Mane\n|-damage|p2b: Flutter Mane|74/100\n|\n|-heal|p2b: Flutter Mane|80/100|[from] Grassy Terrain\n|-heal|p2a: Miraidon|93/100|[from] Grassy Terrain\n|upkeep\n|turn|2\n|\n|t:|1746114616\n|move|p2b: Flutter Mane|Icy Wind|p1a: Rillaboom|[spread] p1a,p1b\n|-supereffective|p1a: Rillaboom\n|-crit|p1a: Rillaboom\n|-supereffective|p1b: Amoonguss\n|-damage|p1a: Rillaboom|76/100\n|-damage|p1b: Amoonguss|75/100\n|-unboost|p1a: Rillaboom|spe|1\n|-unboost|p1b: Amoonguss|spe|1\n|move|p2a: Miraidon|Volt Switch|p1a: Rillaboom\n|-resisted|p1a: Rillaboom\n|-damage|p1a: Rillaboom|58/100\n|\n|t:|1746114629\n|switch|p2a: Iron Hands|Iron Hands, L50|100/100|[from] Volt Switch\n|move|p1a: Rillaboom|Wood Hammer|p2b: Flutter Mane\n|-damage|p2b: Flutter Mane|0 fnt\n|faint|p2b: Flutter Mane\n|-end|p2b: Flutter Mane|Protosynthesis|[silent]\n|-damage|p1a: Rillaboom|40/100|[from] Recoil\n|move|p1b: Amoonguss|Sludge Bomb|p2a: Iron Hands\n|-damage|p2a: Iron Hands|86/100\n|\n|-heal|p2a: Iron Hands|92/100|[from] Grassy Terrain\n|-heal|p1a: Rillaboom|45/100|[from] Grassy Terrain\n|-heal|p1b: Amoonguss|81/100|[from] Grassy Terrain\n|upkeep\n|\n|t:|1746114631\n|switch|p2b: Miraidon|Miraidon, L50|93/100\n|-fieldstart|move: Electric Terrain|[from] ability: Hadron Engine|[of] p2b: Miraidon\n|-activate|p2a: Iron Hands|ability: Quark Drive\n|-start|p2a: Iron Hands|quarkdriveatk\n|turn|3\n|inactive|LiterallyAKoala has 30 seconds left.\n|\n|t:|1746114659\n|switch|p1a: Terapagos|Terapagos, L50, M|100/100\n|-activate|p1a: Terapagos|ability: Tera Shift\n|detailschange|p1a: Terapagos|Terapagos-Terastal, L50, M\n|-heal|p1a: Terapagos|100/100|[silent]\n|move|p2a: Iron Hands|Fake Out|p1a: Terapagos\n|-activate|p1a: Terapagos|ability: Tera Shell\n|-resisted|p1a: Terapagos\n|-damage|p1a: Terapagos|94/100\n|move|p2b: Miraidon|Draco Meteor|p1b: Amoonguss\n|-damage|p1b: Amoonguss|0 fnt\n|-unboost|p2b: Miraidon|spa|2\n|faint|p1b: Amoonguss\n|\n|-heal|p1a: Terapagos|99/100|[from] item: Leftovers\n|upkeep\n|inactive|rubentino has 30 seconds left.\n|\n|t:|1746114688\n|switch|p1b: Rillaboom|Rillaboom, L50, M|45/100\n|-fieldstart|move: Grassy Terrain|[from] ability: Grassy Surge|[of] p1b: Rillaboom\n|-end|p2a: Iron Hands|Quark Drive\n|turn|4\n|\n|t:|1746114701\n|switch|p2b: Amoonguss|Amoonguss, L50, F|100/100\n|move|p1a: Terapagos|Calm Mind|p1a: Terapagos\n|-boost|p1a: Terapagos|spa|1\n|-boost|p1a: Terapagos|spd|1\n|move|p1b: Rillaboom|U-turn|p2b: Amoonguss\n|-damage|p2b: Amoonguss|82/100\n|-damage|p1b: Rillaboom|29/100|[from] item: Rocky Helmet|[of] p2b: Amoonguss\n|\n|t:|1746114709\n|switch|p1b: Calyrex|Calyrex-Shadow, L50|100/100|[from] U-turn\n|-ability|p1b: Calyrex|As One\n|-ability|p1b: Calyrex|Unnerve\n|move|p2a: Iron Hands|Drain Punch|p1a: Terapagos\n|-supereffective|p1a: Terapagos\n|-damage|p1a: Terapagos|44/100\n|-heal|p2a: Iron Hands|100/100|[from] drain|[of] p1a: Terapagos\n|\n|-heal|p1a: Terapagos|50/100|[from] Grassy Terrain\n|-heal|p1a: Terapagos|56/100|[from] item: Leftovers\n|-heal|p2b: Amoonguss|88/100|[from] Grassy Terrain\n|upkeep\n|turn|5\n|inactive|rubentino has 30 seconds left.\n|inactive|rubentino has 20 seconds left.\n|inactive|rubentino has 15 seconds left.\n|inactive|rubentino has 10 seconds left.\n|inactive|rubentino has 5 seconds left.\n|\n|t:|1746114759\n|-terastallize|p1a: Terapagos|Stellar\n|detailschange|p1a: Terapagos|Terapagos-Stellar, L50, M, tera:Stellar\n|-heal|p1a: Terapagos|67/100|[silent]\n|-ability|p1a: Terapagos|Teraform Zero\n|-fieldend|move: Grassy Terrain\n|move|p1b: Calyrex|Protect|p1b: Calyrex\n|-singleturn|p1b: Calyrex|Protect\n|move|p1a: Terapagos|Earth Power|p2a: Iron Hands\n|-supereffective|p2a: Iron Hands\n|-damage|p2a: Iron Hands|50/100\n|move|p2a: Iron Hands|Wild Charge|p1b: Calyrex\n|-activate|p1b: Calyrex|move: Protect\n|move|p2b: Amoonguss|Spore|p1a: Terapagos\n|-status|p1a: Terapagos|slp|[from] move: Spore\n|\n|-heal|p1a: Terapagos|74/100 slp|[from] item: Leftovers\n|upkeep\n|turn|6\n|inactive|LiterallyAKoala has 30 seconds left.\n|\n|t:|1746114785\n|move|p1b: Calyrex|Astral Barrage|p2a: Iron Hands|[spread] p2a,p2b\n|-damage|p2a: Iron Hands|20/100\n|-damage|p2b: Amoonguss|48/100\n|cant|p1a: Terapagos|slp\n|move|p2a: Iron Hands|Drain Punch|p1a: Terapagos\n|-supereffective|p1a: Terapagos\n|-damage|p1a: Terapagos|32/100 slp\n|-heal|p2a: Iron Hands|41/100|[from] drain|[of] p1a: Terapagos\n|move|p2b: Amoonguss|Pollen Puff|p2a: Iron Hands\n|-heal|p2a: Iron Hands|91/100\n|\n|-heal|p1a: Terapagos|38/100 slp|[from] item: Leftovers\n|upkeep\n|turn|7\n|\n|t:|1746114795\n|move|p1b: Calyrex|Astral Barrage|p2a: Iron Hands|[spread] p2a,p2b\n|-damage|p2a: Iron Hands|61/100\n|-damage|p2b: Amoonguss|9/100\n|cant|p1a: Terapagos|slp\n|move|p2a: Iron Hands|Drain Punch|p1a: Terapagos\n|-supereffective|p1a: Terapagos\n|-damage|p1a: Terapagos|0 fnt\n|-heal|p2a: Iron Hands|80/100|[from] drain|[of] p1a: Terapagos\n|faint|p1a: Terapagos\n|move|p2b: Amoonguss|Spore|p1b: Calyrex\n|-status|p1b: Calyrex|slp|[from] move: Spore\n|\n|upkeep\n|\n|t:|1746114804\n|switch|p1a: Rillaboom|Rillaboom, L50, M|29/100\n|-fieldstart|move: Grassy Terrain|[from] ability: Grassy Surge|[of] p1a: Rillaboom\n|turn|8\n|-message|rubentino forfeited.\n|\n|win|LiterallyAKoala\n|l|\u2606LiterallyAKoala\n|player|p2|\n", "uploadtime": 1746114810, "views": 24, "formatid": "gen9vgc2025regibo3", "rating": null, "private": 0, "password": null}