{"id": "gen9vgc2025regibo3-2355003486", "format": "[Gen 9] VGC 2025 Reg I (Bo3)", "players": ["Inv2021", "LunaSunChris"], "log": "|j|\u2606Inv2021\n|j|\u2606LunaSunChris\n|html|<table width=\"100%\"><tr><td align=\"left\">Inv2021</td><td align=\"right\">LunaSunChris</tr><tr><td align=\"left\"><i class=\"fa fa-circle-o\"></i> <i class=\"fa fa-circle-o\"></i> </td><td align=\"right\"><i class=\"fa fa-circle-o\"></i> <i class=\"fa fa-circle-o\"></i> </tr></table>\n|uhtml|bestof|<h2><strong>Game 1</strong> of <a href=\"/game-bestof3-gen9vgc2025regibo3-2355003485\">a best-of-3</a></h2>\n|t:|1746140882\n|gametype|doubles\n|player|p1|Inv2021|266|1251\n|player|p2|LunaSunChris|rood|1249\n|teamsize|p1|6\n|teamsize|p2|6\n|gen|9\n|tier|[Gen 9] VGC 2025 Reg I (Bo3)\n|rated|\n|rule|Species Clause: Limit one of each Pok\u00e9mon\n|rule|Item Clause: Limit 1 of each item\n|clearpoke\n|poke|p1|Calyrex-Shadow, L50|\n|poke|p1|Incineroar, L50, M|\n|poke|p1|Rillaboom, L50, F|\n|poke|p1|Tornadus, L50, M|\n|poke|p1|Urshifu-*, L50, F|\n|poke|p1|Zamazenta-*, L50|\n|poke|p2|Groudon, L50|\n|poke|p2|Lunala, L50|\n|poke|p2|Incineroar, L50, F|\n|poke|p2|Ribombee, L50, M|\n|poke|p2|Walking Wake, L50|\n|poke|p2|Rillaboom, L50, F|\n|teampreview|4\n|showteam|p1|Calyrex-Shadow||SpookyPlate|AsOneSpectrier|Protect,AstralBarrage,NastyPlot,DrainingKiss||||||50|,,,,,Fairy]Incineroar||SafetyGoggles|Intimidate|FakeOut,Taunt,PartingShot,KnockOff|||M|||50|,,,,,Ghost]Rillaboom||AssaultVest|GrassySurge|FakeOut,WoodHammer,Uturn,GrassyGlide|||F|||50|,,,,,Normal]Tornadus||CovertCloak|Prankster|Tailwind,BleakwindStorm,Protect,RainDance|||M|||50|,,,,,Steel]Urshifu-Rapid-Strike||ChoiceScarf|UnseenFist|SurgingStrikes,CloseCombat,AquaJet,Uturn|||F|||50|,,,,,Ghost]Zamazenta-Crowned||RustedShield|DauntlessShield|BodyPress,Protect,WideGuard,HeavySlam||||||50|,,,,,Dragon\n|showteam|p2|Groudon||ClearAmulet|Drought|PrecipiceBlades,HeatCrash,StompingTantrum,Protect||||||50|,,,,,Fire]Lunala||PowerHerb|ShadowShield|MoongeistBeam,MeteorBeam,WideGuard,TrickRoom||||||50|,,,,,Fairy]Incineroar||SafetyGoggles|Intimidate|KnockOff,FakeOut,FlareBlitz,PartingShot|||F|||50|,,,,,Ghost]Ribombee||FocusSash|SweetVeil|Moonblast,Tailwind,SunnyDay,PollenPuff|||M|||50|,,,,,Ghost]Walking Wake||LifeOrb|Protosynthesis|WeatherBall,HydroSteam,DracoMeteor,Protect||||||50|,,,,,Fire]Rillaboom||AssaultVest|GrassySurge|FakeOut,GrassyGlide,Uturn,WoodHammer|||F|||50|,,,,,Fire\n|inactive|Battle timer is ON: inactive players will automatically lose when time's up. (requested by Inv2021)\n|\n|t:|1746140928\n|start\n|switch|p1a: Calyrex|Calyrex-Shadow, L50|100/100\n|switch|p1b: Incineroar|Incineroar, L50, M|100/100\n|switch|p2a: Incineroar|Incineroar, L50, F|100/100\n|switch|p2b: Lunala|Lunala, L50|100/100\n|-ability|p1a: Calyrex|As One\n|-ability|p1a: Calyrex|Unnerve\n|-ability|p1b: Incineroar|Intimidate|boost\n|-unboost|p2a: Incineroar|atk|1\n|-unboost|p2b: Lunala|atk|1\n|-ability|p2a: Incineroar|Intimidate|boost\n|-unboost|p1a: Calyrex|atk|1\n|-unboost|p1b: Incineroar|atk|1\n|turn|1\n|inactive|LunaSunChris has 30 seconds left.\n|\n|t:|1746140955\n|-terastallize|p2b: Lunala|Fairy\n|move|p1b: Incineroar|Fake Out|p2a: Incineroar\n|-damage|p2a: Incineroar|93/100\n|move|p1a: Calyrex|Astral Barrage|p2a: Incineroar|[spread] p2a,p2b\n|-resisted|p2a: Incineroar\n|-damage|p2a: Incineroar|64/100\n|-damage|p2b: Lunala|76/100\n|move|p2b: Lunala|Meteor Beam||[still]\n|-prepare|p2b: Lunala|Meteor Beam\n|-boost|p2b: Lunala|spa|1\n|-enditem|p2b: Lunala|Power Herb\n|-anim|p2b: Lunala|Meteor Beam|p1b: Incineroar\n|-supereffective|p1b: Incineroar\n|-damage|p1b: Incineroar|0 fnt\n|faint|p1b: Incineroar\n|cant|p2a: Incineroar|flinch\n|\n|upkeep\n|\n|t:|1746140970\n|switch|p1b: Zamazenta|Zamazenta-Crowned, L50|100/100\n|-ability|p1b: Zamazenta|Dauntless Shield|boost\n|-boost|p1b: Zamazenta|def|1\n|turn|2\n|\n|t:|1746140986\n|-terastallize|p1a: Calyrex|Fairy\n|move|p2b: Lunala|Wide Guard|p2b: Lunala\n|-singleturn|p2b: Lunala|Wide Guard\n|move|p1a: Calyrex|Astral Barrage|p2b: Lunala|[spread] \n|-activate|p2a: Incineroar|move: Wide Guard\n|-activate|p2b: Lunala|move: Wide Guard\n|move|p1b: Zamazenta|Body Press|p2a: Incineroar\n|-supereffective|p2a: Incineroar\n|-damage|p2a: Incineroar|0 fnt\n|faint|p2a: Incineroar\n|\n|upkeep\n|inactive|LunaSunChris has 30 seconds left.\n|\n|t:|1746141014\n|switch|p2a: Walking Wake|Walking Wake, L50|100/100\n|turn|3\n|inactive|LunaSunChris has 30 seconds left.\n|\n|t:|1746141042\n|switch|p2b: Groudon|Groudon, L50|100/100\n|-weather|SunnyDay|[from] ability: Drought|[of] p2b: Groudon\n|-activate|p2a: Walking Wake|ability: Protosynthesis\n|-start|p2a: Walking Wake|protosynthesisspe\n|move|p2a: Walking Wake|Weather Ball|p1b: Zamazenta\n|-supereffective|p1b: Zamazenta\n|-crit|p1b: Zamazenta\n|-damage|p1b: Zamazenta|0 fnt\n|faint|p1b: Zamazenta\n|-damage|p2a: Walking Wake|91/100|[from] item: Life Orb\n|move|p1a: Calyrex|Astral Barrage|p2b: Groudon|[spread] p2a,p2b\n|-damage|p2a: Walking Wake|18/100\n|-damage|p2b: Groudon|39/100\n|\n|-weather|SunnyDay|[upkeep]\n|upkeep\n|\n|t:|1746141060\n|switch|p1b: Tornadus|Tornadus, L50, M|100/100\n|turn|4\n|\n|t:|1746141066\n|move|p2a: Walking Wake|Protect|p2a: Walking Wake\n|-singleturn|p2a: Walking Wake|Protect\n|move|p1b: Tornadus|Rain Dance|p1b: Tornadus\n|-weather|RainDance\n|-end|p2a: Walking Wake|Protosynthesis\n|move|p1a: Calyrex|Astral Barrage|p2a: Walking Wake|[spread] p2b\n|-activate|p2a: Walking Wake|move: Protect\n|-damage|p2b: Groudon|0 fnt\n|faint|p2b: Groudon\n|-ability|p1a: Calyrex|Grim Neigh|boost\n|-boost|p1a: Calyrex|spa|1\n|\n|-weather|RainDance|[upkeep]\n|upkeep\n|\n|t:|1746141071\n|switch|p2b: Lunala|Lunala, L50, tera:Fairy|76/100\n|turn|5\n|\n|t:|1746141086\n|move|p2a: Walking Wake|Protect||[still]\n|-fail|p2a: Walking Wake\n|move|p1a: Calyrex|Draining Kiss|p2a: Walking Wake\n|-supereffective|p2a: Walking Wake\n|-damage|p2a: Walking Wake|0 fnt\n|faint|p2a: Walking Wake\n|-end|p2a: Walking Wake|Protosynthesis|[silent]\n|-ability|p1a: Calyrex|Grim Neigh|boost\n|-boost|p1a: Calyrex|spa|1\n|move|p1b: Tornadus|Bleakwind Storm|p2b: Lunala\n|-damage|p2b: Lunala|45/100\n|-unboost|p2b: Lunala|spe|1\n|move|p2b: Lunala|Trick Room|p2b: Lunala\n|-fieldstart|move: Trick Room|[of] p2b: Lunala\n|\n|-weather|RainDance|[upkeep]\n|upkeep\n|turn|6\n|\n|t:|1746141104\n|move|p2b: Lunala|Moongeist Beam|p1a: Calyrex\n|-damage|p1a: Calyrex|44/100\n|move|p1b: Tornadus|Bleakwind Storm|p2b: Lunala\n|-damage|p2b: Lunala|14/100\n|-unboost|p2b: Lunala|spe|1\n|move|p1a: Calyrex|Astral Barrage|p2b: Lunala\n|-damage|p2b: Lunala|0 fnt\n|faint|p2b: Lunala\n|\n|win|Inv2021\n||LunaSunChris is ready for game 2.\n|inactive|Inv2021 has 30 seconds to confirm battle start!\n||Inv2021 is ready for game 2.\n|uhtml|next|Next: <a href=\"/battle-gen9vgc2025regibo3-2355005483\"><strong>Game 2 of 3</strong></a>\n|l|\u2606Inv2021\n|player|p1|\n", "uploadtime": 1746141109, "views": 7, "formatid": "gen9vgc2025regibo3", "rating": null, "private": 0, "password": null}