{"id": "gen9vgc2025regibo3-2353395601", "format": "[Gen 9] VGC 2025 Reg I (Bo3)", "players": ["i hate calyrex", "Orionseas"], "log": "|j|\u2606i hate calyrex\n|j|\u2606Orionseas\n|html|<table width=\"100%\"><tr><td align=\"left\">i hate calyrex</td><td align=\"right\">Orionseas</tr><tr><td align=\"left\"><i class=\"fa fa-circle\"></i> <i class=\"fa fa-circle-o\"></i> </td><td align=\"right\"><i class=\"fa fa-circle-o\"></i> <i class=\"fa fa-circle\"></i> </tr></table>\n|uhtml|bestof|<h2><strong>Game 3</strong> of <a href=\"/game-bestof3-gen9vgc2025regibo3-2353389914\">a best-of-3</a></h2>\n|t:|1745952234\n|gametype|doubles\n|player|p1|i hate calyrex|clerk|1214\n|player|p2|Orionseas|265|1195\n|teamsize|p1|6\n|teamsize|p2|6\n|gen|9\n|tier|[Gen 9] VGC 2025 Reg I (Bo3)\n|rated|\n|rule|Species Clause: Limit one of each Pok\u00e9mon\n|rule|Item Clause: Limit 1 of each item\n|clearpoke\n|poke|p1|Terapagos, L50, M|\n|poke|p1|Koraidon, L50|\n|poke|p1|Incineroar, L50, M|\n|poke|p1|Flutter Mane, L50|\n|poke|p1|Raging Bolt, L50|\n|poke|p1|Ogerpon-Cornerstone, L50, F|\n|poke|p2|Miraidon, L50|\n|poke|p2|Kyogre, L50|\n|poke|p2|Iron Hands, L50|\n|poke|p2|Whimsicott, L50, F|\n|poke|p2|Iron Valiant, L50|\n|poke|p2|Farigiraf, L50, M|\n|teampreview|4\n|showteam|p1|Terapagos||Leftovers|TeraShift|TeraStarstorm,EarthPower,CalmMind,Protect|||M|||50|,,,,,Stellar]Koraidon||LifeOrb|OrichalcumPulse|CloseCombat,FlareBlitz,FlameCharge,Protect||||||50|,,,,,Fire]Incineroar||RockyHelmet|Intimidate|FakeOut,FlareBlitz,KnockOff,PartingShot|||M|||50|,,,,,Bug]Flutter Mane||FocusSash|Protosynthesis|Moonblast,ShadowBall,IcyWind,Protect||||||50|,,,,,Stellar]Raging Bolt||AssaultVest|Protosynthesis|Thunderbolt,Thunderclap,Snarl,DracoMeteor||||||50|,,,,,Electric]Ogerpon-Cornerstone||CornerstoneMask|Sturdy|IvyCudgel,PowerWhip,FollowMe,SpikyShield|||F|||50|,,,,,Rock\n|showteam|p2|Miraidon||ChoiceSpecs|HadronEngine|VoltSwitch,ElectroDrift,DazzlingGleam,DracoMeteor||||||50|,,,,,Fairy]Kyogre||ChoiceScarf|Drizzle|Thunder,WaterSpout,IceBeam,OriginPulse||||||50|,,,,,Ghost]Iron Hands||AssaultVest|QuarkDrive|LowKick,FakeOut,DrainPunch,HeavySlam||||||50|,,,,,Water]Whimsicott||CovertCloak|Prankster|Moonblast,Tailwind,LightScreen,Encore|||F|||50|,,,,,Dark]Iron Valiant||FocusSash|QuarkDrive|SpiritBreak,Disable,KnockOff,WideGuard||||||50|,,,,,Ghost]Farigiraf||ElectricSeed|ArmorTail|HelpingHand,TrickRoom,FoulPlay,DazzlingGleam|||M|||50|,,,,,Fairy\n|inactive|Battle timer is ON: inactive players will automatically lose when time's up. (requested by i hate calyrex)\n|inactive|Orionseas also wants the timer to be on.\n|inactive|i hate calyrex has 60 seconds left.\n|inactive|Orionseas has 60 seconds left.\n|\n|t:|1745952294\n|start\n|switch|p1a: Terapagos|Terapagos, L50, M|100/100\n|switch|p1b: Incineroar|Incineroar, L50, M|100/100\n|switch|p2a: Miraidon|Miraidon, L50|100/100\n|switch|p2b: Iron Valiant|Iron Valiant, L50|100/100\n|-activate|p1a: Terapagos|ability: Tera Shift\n|detailschange|p1a: Terapagos|Terapagos-Terastal, L50, M\n|-heal|p1a: Terapagos|100/100|[silent]\n|-fieldstart|move: Electric Terrain|[from] ability: Hadron Engine|[of] p2a: Miraidon\n|-activate|p2b: Iron Valiant|ability: Quark Drive\n|-start|p2b: Iron Valiant|quarkdrivespe\n|-ability|p1b: Incineroar|Intimidate|boost\n|-unboost|p2a: Miraidon|atk|1\n|-unboost|p2b: Iron Valiant|atk|1\n|turn|1\n|inactive|Orionseas has 30 seconds left.\n|inactive|i hate calyrex has 30 seconds left.\n|\n|t:|1745952325\n|move|p1a: Terapagos|Protect|p1a: Terapagos\n|-singleturn|p1a: Terapagos|Protect\n|move|p2b: Iron Valiant|Spirit Break|p1b: Incineroar\n|-damage|p1b: Incineroar|80/100\n|-unboost|p1b: Incineroar|spa|1\n|-damage|p2b: Iron Valiant|84/100|[from] item: Rocky Helmet|[of] p1b: Incineroar\n|move|p2a: Miraidon|Volt Switch|p1a: Terapagos\n|-activate|p1a: Terapagos|move: Protect\n|move|p1b: Incineroar|Parting Shot|p2a: Miraidon\n|-unboost|p2a: Miraidon|atk|1\n|-unboost|p2a: Miraidon|spa|1\n|\n|t:|1745952337\n|switch|p1b: Flutter Mane|Flutter Mane, L50|100/100|[from] Parting Shot\n|\n|upkeep\n|turn|2\n|inactive|Orionseas has 30 seconds left.\n|inactive|Orionseas has 20 seconds left.\n|\n|t:|1745952372\n|move|p2b: Iron Valiant|Spirit Break|p1a: Terapagos\n|-activate|p1a: Terapagos|ability: Tera Shell\n|-resisted|p1a: Terapagos\n|-damage|p1a: Terapagos|91/100\n|-unboost|p1a: Terapagos|spa|1\n|move|p2a: Miraidon|Volt Switch|p1b: Flutter Mane\n|-damage|p1b: Flutter Mane|29/100\n|\n|t:|1745952389\n|switch|p2a: Iron Hands|Iron Hands, L50|100/100|[from] Volt Switch\n|-activate|p2a: Iron Hands|ability: Quark Drive\n|-start|p2a: Iron Hands|quarkdriveatk\n|move|p1b: Flutter Mane|Icy Wind|p2a: Iron Hands|[spread] p2a,p2b\n|-damage|p2a: Iron Hands|93/100\n|-damage|p2b: Iron Valiant|58/100\n|-unboost|p2a: Iron Hands|spe|1\n|-unboost|p2b: Iron Valiant|spe|1\n|move|p1a: Terapagos|Calm Mind|p1a: Terapagos\n|-boost|p1a: Terapagos|spa|1\n|-boost|p1a: Terapagos|spd|1\n|\n|-heal|p1a: Terapagos|97/100|[from] item: Leftovers\n|upkeep\n|turn|3\n|inactive|i hate calyrex has 30 seconds left.\n|inactive|Orionseas has 30 seconds left.\n|inactive|i hate calyrex has 20 seconds left.\n|\n|t:|1745952429\n|move|p1b: Flutter Mane|Moonblast|p2b: Iron Valiant\n|-supereffective|p2b: Iron Valiant\n|-damage|p2b: Iron Valiant|0 fnt\n|faint|p2b: Iron Valiant\n|-end|p2b: Iron Valiant|Quark Drive|[silent]\n|move|p1a: Terapagos|Calm Mind|p1a: Terapagos\n|-boost|p1a: Terapagos|spa|1\n|-boost|p1a: Terapagos|spd|1\n|move|p2a: Iron Hands|Drain Punch|p1a: Terapagos\n|-supereffective|p1a: Terapagos\n|-damage|p1a: Terapagos|21/100\n|-heal|p2a: Iron Hands|100/100|[from] drain|[of] p1a: Terapagos\n|\n|-heal|p1a: Terapagos|28/100|[from] item: Leftovers\n|upkeep\n|\n|t:|1745952444\n|switch|p2b: Miraidon|Miraidon, L50|100/100\n|-activate|p2b: Miraidon|ability: Hadron Engine\n|turn|4\n|\n|t:|1745952457\n|-terastallize|p2b: Miraidon|Fairy\n|move|p1a: Terapagos|Protect|p1a: Terapagos\n|-singleturn|p1a: Terapagos|Protect\n|move|p2b: Miraidon|Dazzling Gleam|p1b: Flutter Mane|[spread] p1b\n|-activate|p1a: Terapagos|move: Protect\n|-damage|p1b: Flutter Mane|0 fnt\n|faint|p1b: Flutter Mane\n|-end|p1b: Flutter Mane|Protosynthesis|[silent]\n|move|p2a: Iron Hands|Low Kick|p1a: Terapagos\n|-activate|p1a: Terapagos|move: Protect\n|\n|-heal|p1a: Terapagos|34/100|[from] item: Leftovers\n|upkeep\n|\n|t:|1745952462\n|switch|p1b: Incineroar|Incineroar, L50, M|80/100\n|-ability|p1b: Incineroar|Intimidate|boost\n|-unboost|p2a: Iron Hands|atk|1\n|-unboost|p2b: Miraidon|atk|1\n|turn|5\n|inactive|Orionseas has 30 seconds left.\n|inactive|Orionseas has 20 seconds left.\n|inactive|Orionseas has 15 seconds left.\n|\n|t:|1745952505\n|switch|p2b: Kyogre|Kyogre, L50|100/100\n|-weather|RainDance|[from] ability: Drizzle|[of] p2b: Kyogre\n|-terastallize|p1a: Terapagos|Stellar\n|detailschange|p1a: Terapagos|Terapagos-Stellar, L50, M, tera:Stellar\n|-heal|p1a: Terapagos|51/100|[silent]\n|-ability|p1a: Terapagos|Teraform Zero\n|-weather|none\n|-fieldend|move: Electric Terrain\n|-end|p2a: Iron Hands|Quark Drive\n|move|p1a: Terapagos|Tera Starstorm|p2b: Kyogre|[spread] p2a,p2b\n|-crit|p2a: Iron Hands\n|-damage|p2a: Iron Hands|62/100\n|-damage|p2b: Kyogre|62/100\n|move|p1b: Incineroar|Knock Off|p2a: Iron Hands\n|-resisted|p2a: Iron Hands\n|-damage|p2a: Iron Hands|47/100\n|-enditem|p2a: Iron Hands|Assault Vest|[from] move: Knock Off|[of] p1b: Incineroar\n|move|p2a: Iron Hands|Drain Punch|p1a: Terapagos\n|-supereffective|p1a: Terapagos\n|-damage|p1a: Terapagos|22/100\n|-heal|p2a: Iron Hands|64/100|[from] drain|[of] p1a: Terapagos\n|\n|-heal|p1a: Terapagos|28/100|[from] item: Leftovers\n|upkeep\n|turn|6\n|inactive|Orionseas has 30 seconds left.\n|\n|t:|1745952536\n|-end|p2a: Iron Hands|Quark Drive|[silent]\n|switch|p2a: Miraidon|Miraidon, L50, tera:Fairy|100/100\n|-fieldstart|move: Electric Terrain|[from] ability: Hadron Engine|[of] p2a: Miraidon\n|move|p1a: Terapagos|Protect|p1a: Terapagos\n|-singleturn|p1a: Terapagos|Protect\n|move|p2b: Kyogre|Origin Pulse|p1a: Terapagos|[spread] p1b\n|-activate|p1a: Terapagos|move: Protect\n|-supereffective|p1b: Incineroar\n|-damage|p1b: Incineroar|0 fnt\n|faint|p1b: Incineroar\n|\n|-heal|p1a: Terapagos|34/100|[from] item: Leftovers\n|upkeep\n|\n|t:|1745952539\n|switch|p1b: Koraidon|Koraidon, L50|100/100\n|-weather|SunnyDay|[from] ability: Orichalcum Pulse|[of] p1b: Koraidon\n|-activate|p1b: Koraidon|Orichalcum Pulse|[source]\n|turn|7\n|inactive|Orionseas has 30 seconds left.\n|\n|t:|1745952565\n|switch|p2a: Iron Hands|Iron Hands, L50|64/100\n|-activate|p2a: Iron Hands|ability: Quark Drive\n|-start|p2a: Iron Hands|quarkdriveatk\n|move|p1b: Koraidon|Protect|p1b: Koraidon\n|-singleturn|p1b: Koraidon|Protect\n|move|p2b: Kyogre|Origin Pulse|p1a: Terapagos|[spread] p1a\n|-activate|p1b: Koraidon|move: Protect\n|-damage|p1a: Terapagos|27/100\n|move|p1a: Terapagos|Tera Starstorm|p2b: Kyogre|[spread] p2a,p2b\n|-damage|p2a: Iron Hands|21/100\n|-damage|p2b: Kyogre|24/100\n|\n|-weather|SunnyDay|[upkeep]\n|-heal|p1a: Terapagos|34/100|[from] item: Leftovers\n|upkeep\n|turn|8\n|inactive|Orionseas has 30 seconds left.\n|inactive|Orionseas has 20 seconds left.\n|\n|t:|1745952602\n|move|p2b: Kyogre|Origin Pulse|p1b: Koraidon|[spread] p1a,p1b\n|-resisted|p1b: Koraidon\n|-damage|p1a: Terapagos|25/100\n|-damage|p1b: Koraidon|90/100\n|move|p1b: Koraidon|Flame Charge|p2a: Iron Hands\n|-damage|p2a: Iron Hands|0 fnt\n|-boost|p1b: Koraidon|spe|1\n|faint|p2a: Iron Hands\n|-end|p2a: Iron Hands|Quark Drive|[silent]\n|-damage|p1b: Koraidon|81/100|[from] item: Life Orb\n|move|p1a: Terapagos|Tera Starstorm|p2b: Kyogre\n|-damage|p2b: Kyogre|0 fnt\n|faint|p2b: Kyogre\n|\n|-weather|SunnyDay|[upkeep]\n|-heal|p1a: Terapagos|32/100|[from] item: Leftovers\n|upkeep\n|\n|t:|1745952608\n|switch|p2b: Miraidon|Miraidon, L50, tera:Fairy|100/100\n|-activate|p2b: Miraidon|ability: Hadron Engine\n|turn|9\n|\n|t:|1745952614\n|move|p1b: Koraidon|Flare Blitz|p2b: Miraidon\n|-damage|p2b: Miraidon|0 fnt\n|faint|p2b: Miraidon\n|-damage|p1b: Koraidon|48/100|[from] Recoil\n|-damage|p1b: Koraidon|38/100|[from] item: Life Orb\n|\n|win|i hate calyrex\n|raw|i hate calyrex's rating: 1214 &rarr; <strong>1238</strong><br />(+24 for winning)\n|raw|Orionseas's rating: 1195 &rarr; <strong>1171</strong><br />(-24 for losing)\n", "uploadtime": 1745952617, "views": 18, "formatid": "gen9vgc2025regibo3", "rating": 1171, "private": 0, "password": null}