{"id": "gen9vgc2025regibo3-2354627521", "format": "[Gen 9] VGC 2025 Reg I (Bo3)", "players": ["aloneamongamongus", "MarceloCe13"], "log": "|j|\u2606aloneamongamongus\n|j|\u2606MarceloCe13\n|html|<table width=\"100%\"><tr><td align=\"left\">aloneamongamongus</td><td align=\"right\">MarceloCe13</tr><tr><td align=\"left\"><i class=\"fa fa-circle\"></i> <i class=\"fa fa-circle-o\"></i> </td><td align=\"right\"><i class=\"fa fa-circle-o\"></i> <i class=\"fa fa-circle\"></i> </tr></table>\n|uhtml|bestof|<h2><strong>Game 3</strong> of <a href=\"/game-bestof3-gen9vgc2025regibo3-2354617907\">a best-of-3</a></h2>\n|t:|1746104619\n|gametype|doubles\n|player|p1|aloneamongamongus|ghetsis|1155\n|player|p2|MarceloCe13|169|1179\n|teamsize|p1|6\n|teamsize|p2|6\n|gen|9\n|tier|[Gen 9] VGC 2025 Reg I (Bo3)\n|rated|\n|rule|Species Clause: Limit one of each Pok\u00e9mon\n|rule|Item Clause: Limit 1 of each item\n|clearpoke\n|poke|p1|Terapagos, L50, M|\n|poke|p1|Calyrex-Shadow, L50|\n|poke|p1|Incineroar, L50, M|\n|poke|p1|Rillaboom, L50, F|\n|poke|p1|Amoonguss, L50, F|\n|poke|p1|Urshifu-*, L50, F|\n|poke|p2|Miraidon, L50|\n|poke|p2|Calyrex-Ice, L50|\n|poke|p2|Iron Hands, L50|\n|poke|p2|Farigiraf, L50, M|\n|poke|p2|Ogerpon-Cornerstone, L50, F|\n|poke|p2|Incineroar, L50, F|\n|teampreview|4\n|showteam|p1|Terapagos||Leftovers|TeraShift|TeraStarstorm,EarthPower,CalmMind,Protect|||M|||50|,,,,,Stellar]Calyrex-Shadow||FocusSash|AsOneSpectrier|AstralBarrage,WillOWisp,Disable,Protect||||||50|,,,,,Dark]Incineroar||SafetyGoggles|Intimidate|FakeOut,KnockOff,PartingShot,WillOWisp|||M|||50|,,,,,Ghost]Rillaboom||AssaultVest|GrassySurge|FakeOut,GrassyGlide,WoodHammer,Uturn|||F|||50|,,,,,Fire]Amoonguss||RockyHelmet|Regenerator|Spore,RagePowder,SludgeBomb,Protect|||F|||50|,,,,,Water]Urshifu-Rapid-Strike||ChoiceScarf|UnseenFist|SurgingStrikes,AquaJet,CloseCombat,Uturn|||F|||50|,,,,,Water\n|showteam|p2|Miraidon||ChoiceSpecs|HadronEngine|ElectroDrift,DracoMeteor,VoltSwitch,DazzlingGleam||||||50|,,,,,Fairy]Calyrex-Ice||ClearAmulet|AsOneGlastrier|GlacialLance,HighHorsepower,TrickRoom,Protect||||||50|,,,,,Water]Iron Hands||AssaultVest|QuarkDrive|DrainPunch,LowKick,WildCharge,FakeOut||||||50|,,,,,Bug]Farigiraf||ElectricSeed|ArmorTail|FoulPlay,PsychicNoise,TrickRoom,HelpingHand|||M|||50|,,,,,Water]Ogerpon-Cornerstone||CornerstoneMask|Sturdy|IvyCudgel,Encore,FollowMe,SpikyShield|||F|||50|,,,,,Rock]Incineroar||RockyHelmet|Intimidate|KnockOff,FakeOut,WillOWisp,PartingShot|||F|||50|,,,,,Bug\n|inactive|Battle timer is ON: inactive players will automatically lose when time's up. (requested by MarceloCe13)\n|inactive|aloneamongamongus has 60 seconds left.\n|\n|t:|1746104682\n|start\n|switch|p1a: Calyrex|Calyrex-Shadow, L50|100/100\n|switch|p1b: Rillaboom|Rillaboom, L50, F|100/100\n|switch|p2a: Calyrex|Calyrex-Ice, L50|100/100\n|switch|p2b: Farigiraf|Farigiraf, L50, M|100/100\n|-ability|p1a: Calyrex|As One\n|-ability|p1a: Calyrex|Unnerve\n|-ability|p2a: Calyrex|As One\n|-ability|p2a: Calyrex|Unnerve\n|-fieldstart|move: Grassy Terrain|[from] ability: Grassy Surge|[of] p1b: Rillaboom\n|turn|1\n|inactive|aloneamongamongus has 30 seconds left.\n|inactive|aloneamongamongus has 20 seconds left.\n|inactive|aloneamongamongus has 15 seconds left.\n|inactive|aloneamongamongus has 10 seconds left.\n|inactive|aloneamongamongus has 5 seconds left.\n|\n|t:|1746104737\n|move|p2a: Calyrex|Protect|p2a: Calyrex\n|-singleturn|p2a: Calyrex|Protect\n|move|p1b: Rillaboom|Fake Out||[still]\n|cant|p2b: Farigiraf|ability: Armor Tail|Fake Out|[of] p1b: Rillaboom\n|move|p1a: Calyrex|Astral Barrage|p2a: Calyrex|[spread] \n|-activate|p2a: Calyrex|move: Protect\n|-immune|p2b: Farigiraf\n|move|p2b: Farigiraf|Trick Room|p2b: Farigiraf\n|-fieldstart|move: Trick Room|[of] p2b: Farigiraf\n|\n|upkeep\n|turn|2\n|inactive|aloneamongamongus has 30 seconds left.\n|inactive|aloneamongamongus has 20 seconds left.\n|inactive|aloneamongamongus has 15 seconds left.\n|inactive|MarceloCe13 has 30 seconds left.\n|\n|t:|1746104780\n|switch|p1a: Incineroar|Incineroar, L50, M|100/100\n|-ability|p1a: Incineroar|Intimidate|boost\n|-fail|p2a: Calyrex|unboost|[from] item: Clear Amulet|[of] p2a: Calyrex\n|-unboost|p2b: Farigiraf|atk|1\n|-terastallize|p1b: Rillaboom|Fire\n|move|p2a: Calyrex|Glacial Lance|p1a: Incineroar|[spread] p1a,p1b\n|-resisted|p1a: Incineroar\n|-resisted|p1b: Rillaboom\n|-damage|p1a: Incineroar|80/100\n|-damage|p1b: Rillaboom|74/100\n|move|p2b: Farigiraf|Foul Play|p1a: Incineroar\n|-resisted|p1a: Incineroar\n|-damage|p1a: Incineroar|70/100\n|move|p1b: Rillaboom|Wood Hammer|p2b: Farigiraf\n|-damage|p2b: Farigiraf|48/100\n|-damage|p1b: Rillaboom|56/100|[from] Recoil\n|\n|-heal|p2b: Farigiraf|54/100|[from] Grassy Terrain\n|-heal|p1a: Incineroar|76/100|[from] Grassy Terrain\n|-heal|p1b: Rillaboom|62/100|[from] Grassy Terrain\n|upkeep\n|turn|3\n|inactive|aloneamongamongus has 30 seconds left.\n|inactive|MarceloCe13 has 30 seconds left.\n|\n|t:|1746104815\n|switch|p1a: Terapagos|Terapagos, L50, M|100/100\n|-activate|p1a: Terapagos|ability: Tera Shift\n|detailschange|p1a: Terapagos|Terapagos-Terastal, L50, M\n|-heal|p1a: Terapagos|100/100|[silent]\n|move|p2b: Farigiraf|Helping Hand|p2a: Calyrex\n|-singleturn|p2a: Calyrex|Helping Hand|[of] p2b: Farigiraf\n|move|p2a: Calyrex|High Horsepower|p1a: Terapagos\n|-activate|p1a: Terapagos|ability: Tera Shell\n|-resisted|p1a: Terapagos\n|-damage|p1a: Terapagos|76/100\n|move|p1b: Rillaboom|U-turn|p2b: Farigiraf\n|-supereffective|p2b: Farigiraf\n|-damage|p2b: Farigiraf|22/100\n|\n|t:|1746104836\n|switch|p1b: Incineroar|Incineroar, L50, M|76/100|[from] U-turn\n|-ability|p1b: Incineroar|Intimidate|boost\n|-fail|p2a: Calyrex|unboost|[from] item: Clear Amulet|[of] p2a: Calyrex\n|-unboost|p2b: Farigiraf|atk|1\n|\n|-heal|p2b: Farigiraf|28/100|[from] Grassy Terrain\n|-heal|p1b: Incineroar|82/100|[from] Grassy Terrain\n|-heal|p1a: Terapagos|82/100|[from] Grassy Terrain\n|-heal|p1a: Terapagos|89/100|[from] item: Leftovers\n|upkeep\n|turn|4\n|inactive|aloneamongamongus has 30 seconds left.\n|inactive|MarceloCe13 has 30 seconds left.\n|inactive|aloneamongamongus has 20 seconds left.\n|inactive|MarceloCe13 has 20 seconds left.\n|inactive|aloneamongamongus has 15 seconds left.\n|inactive|MarceloCe13 has 15 seconds left.\n|inactive|aloneamongamongus has 10 seconds left.\n|\n|t:|1746104881\n|switch|p2b: Incineroar|Incineroar, L50, F|100/100\n|-ability|p2b: Incineroar|Intimidate|boost\n|-unboost|p1a: Terapagos|atk|1\n|-unboost|p1b: Incineroar|atk|1\n|-terastallize|p2a: Calyrex|Water\n|move|p2a: Calyrex|High Horsepower|p1b: Incineroar\n|-supereffective|p1b: Incineroar\n|-damage|p1b: Incineroar|20/100\n|move|p1b: Incineroar|Will-O-Wisp|p2a: Calyrex\n|-status|p2a: Calyrex|brn\n|move|p1a: Terapagos|Tera Starstorm|p2a: Calyrex\n|-damage|p2a: Calyrex|70/100 brn\n|\n|-heal|p2a: Calyrex|75/100 brn|[from] Grassy Terrain\n|-heal|p1b: Incineroar|26/100|[from] Grassy Terrain\n|-heal|p1a: Terapagos|95/100|[from] Grassy Terrain\n|-heal|p1a: Terapagos|100/100|[from] item: Leftovers\n|-damage|p2a: Calyrex|70/100 brn|[from] brn\n|upkeep\n|turn|5\n|inactive|MarceloCe13 has 30 seconds left.\n|\n|t:|1746104914\n|switch|p1b: Rillaboom|Rillaboom, L50, F, tera:Fire|62/100\n|move|p1a: Terapagos|Protect|p1a: Terapagos\n|-singleturn|p1a: Terapagos|Protect\n|move|p2a: Calyrex|Glacial Lance|p1b: Rillaboom|[spread] p1b\n|-activate|p1a: Terapagos|move: Protect\n|-resisted|p1b: Rillaboom\n|-damage|p1b: Rillaboom|47/100\n|move|p2b: Incineroar|Parting Shot|p1a: Terapagos\n|-activate|p1a: Terapagos|move: Protect\n|\n|-heal|p2a: Calyrex|75/100 brn|[from] Grassy Terrain\n|-heal|p1b: Rillaboom|53/100|[from] Grassy Terrain\n|-damage|p2a: Calyrex|70/100 brn|[from] brn\n|-fieldend|move: Trick Room\n|-fieldend|move: Grassy Terrain\n|upkeep\n|turn|6\n|inactive|aloneamongamongus has 30 seconds left.\n|\n|t:|1746104944\n|move|p2a: Calyrex|Protect|p2a: Calyrex\n|-singleturn|p2a: Calyrex|Protect\n|move|p1a: Terapagos|Calm Mind|p1a: Terapagos\n|-boost|p1a: Terapagos|spa|1\n|-boost|p1a: Terapagos|spd|1\n|move|p1b: Rillaboom|Wood Hammer|p2a: Calyrex\n|-activate|p2a: Calyrex|move: Protect\n|move|p2b: Incineroar|Parting Shot|p1a: Terapagos\n|-unboost|p1a: Terapagos|atk|1\n|-unboost|p1a: Terapagos|spa|1\n|\n|t:|1746104962\n|switch|p2b: Iron Hands|Iron Hands, L50|100/100|[from] Parting Shot\n|\n|-damage|p2a: Calyrex|64/100 brn|[from] brn\n|upkeep\n|turn|7\n|\n|t:|1746104976\n|switch|p1b: Incineroar|Incineroar, L50, M|26/100\n|-ability|p1b: Incineroar|Intimidate|boost\n|-fail|p2a: Calyrex|unboost|[from] item: Clear Amulet|[of] p2a: Calyrex\n|-unboost|p2b: Iron Hands|atk|1\n|move|p2b: Iron Hands|Fake Out|p1b: Incineroar\n|-damage|p1b: Incineroar|18/100\n|move|p1a: Terapagos|Calm Mind|p1a: Terapagos\n|-boost|p1a: Terapagos|spa|1\n|-boost|p1a: Terapagos|spd|1\n|move|p2a: Calyrex|Trick Room|p2a: Calyrex\n|-fieldstart|move: Trick Room|[of] p2a: Calyrex\n|\n|-damage|p2a: Calyrex|58/100 brn|[from] brn\n|upkeep\n|turn|8\n|inactive|aloneamongamongus has 30 seconds left.\n|inactive|aloneamongamongus has 20 seconds left.\n|inactive|aloneamongamongus has 15 seconds left.\n|inactive|aloneamongamongus has 10 seconds left.\n|\n|t:|1746105026\n|-end|p2b: Iron Hands|Quark Drive|[silent]\n|switch|p2b: Farigiraf|Farigiraf, L50, M|28/100\n|move|p2a: Calyrex|High Horsepower|p1b: Incineroar\n|-supereffective|p1b: Incineroar\n|-damage|p1b: Incineroar|0 fnt\n|faint|p1b: Incineroar\n|-ability|p2a: Calyrex|Chilling Neigh|boost\n|-boost|p2a: Calyrex|atk|1\n|move|p1a: Terapagos|Tera Starstorm|p2a: Calyrex\n|-crit|p2a: Calyrex\n|-damage|p2a: Calyrex|0 fnt\n|faint|p2a: Calyrex\n|\n|upkeep\n|\n|t:|1746105041\n|switch|p2a: Iron Hands|Iron Hands, L50|100/100\n|switch|p1b: Rillaboom|Rillaboom, L50, F, tera:Fire|53/100\n|-fieldstart|move: Grassy Terrain|[from] ability: Grassy Surge|[of] p1b: Rillaboom\n|turn|9\n|inactive|aloneamongamongus has 30 seconds left.\n|inactive|MarceloCe13 has 30 seconds left.\n|inactive|aloneamongamongus has 20 seconds left.\n|inactive|MarceloCe13 has 20 seconds left.\n|inactive|aloneamongamongus has 15 seconds left.\n|inactive|MarceloCe13 has 15 seconds left.\n|inactive|MarceloCe13 has 10 seconds left.\n|\n|t:|1746105087\n|move|p2a: Iron Hands|Wild Charge|p1b: Rillaboom\n|-damage|p1b: Rillaboom|5/100\n|-damage|p2a: Iron Hands|90/100|[from] Recoil\n|move|p2b: Farigiraf|Foul Play|p1b: Rillaboom\n|-damage|p1b: Rillaboom|0 fnt\n|faint|p1b: Rillaboom\n|move|p1a: Terapagos|Earth Power|p2a: Iron Hands\n|-supereffective|p2a: Iron Hands\n|-damage|p2a: Iron Hands|51/100\n|\n|-heal|p2a: Iron Hands|57/100|[from] Grassy Terrain\n|-heal|p2b: Farigiraf|34/100|[from] Grassy Terrain\n|upkeep\n|\n|t:|1746105094\n|switch|p1b: Calyrex|Calyrex-Shadow, L50|100/100\n|-ability|p1b: Calyrex|As One\n|-ability|p1b: Calyrex|Unnerve\n|turn|10\n|inactive|MarceloCe13 has 30 seconds left.\n|\n|t:|1746105123\n|switch|p2b: Incineroar|Incineroar, L50, F|100/100\n|-ability|p2b: Incineroar|Intimidate|boost\n|-unboost|p1a: Terapagos|atk|1\n|-unboost|p1b: Calyrex|atk|1\n|move|p1b: Calyrex|Protect|p1b: Calyrex\n|-singleturn|p1b: Calyrex|Protect\n|move|p2a: Iron Hands|Drain Punch|p1a: Terapagos\n|-activate|p1a: Terapagos|ability: Tera Shell\n|-resisted|p1a: Terapagos\n|-damage|p1a: Terapagos|85/100\n|-heal|p2a: Iron Hands|63/100|[from] drain|[of] p1a: Terapagos\n|move|p1a: Terapagos|Earth Power|p2a: Iron Hands\n|-supereffective|p2a: Iron Hands\n|-damage|p2a: Iron Hands|29/100\n|\n|-heal|p2a: Iron Hands|35/100|[from] Grassy Terrain\n|-heal|p1a: Terapagos|92/100|[from] Grassy Terrain\n|-heal|p1a: Terapagos|98/100|[from] item: Leftovers\n|upkeep\n|turn|11\n|inactive|aloneamongamongus has 30 seconds left.\n|inactive|MarceloCe13 has 30 seconds left.\n|inactive|MarceloCe13 has 20 seconds left.\n|inactive|aloneamongamongus has 20 seconds left.\n|inactive|MarceloCe13 has 15 seconds left.\n|inactive|aloneamongamongus has 15 seconds left.\n|inactive|MarceloCe13 has 10 seconds left.\n|inactive|aloneamongamongus has 10 seconds left.\n|inactive|MarceloCe13 has 5 seconds left.\n|inactive|aloneamongamongus has 5 seconds left.\n|\n|t:|1746105181\n|move|p2a: Iron Hands|Wild Charge|p1b: Calyrex\n|-damage|p1b: Calyrex|34/100\n|-damage|p2a: Iron Hands|22/100|[from] Recoil\n|move|p2b: Incineroar|Knock Off|p1b: Calyrex\n|-supereffective|p1b: Calyrex\n|-crit|p1b: Calyrex\n|-damage|p1b: Calyrex|0 fnt\n|-enditem|p1b: Calyrex|Focus Sash|[from] move: Knock Off|[of] p2b: Incineroar\n|faint|p1b: Calyrex\n|move|p1a: Terapagos|Earth Power|p2a: Iron Hands\n|-supereffective|p2a: Iron Hands\n|-damage|p2a: Iron Hands|0 fnt\n|faint|p2a: Iron Hands\n|-end|p2a: Iron Hands|Quark Drive|[silent]\n|\n|-heal|p1a: Terapagos|100/100|[from] Grassy Terrain\n|-fieldend|move: Trick Room\n|upkeep\n|inactive|aloneamongamongus has 20 seconds left this turn.\n|\n|t:|1746105191\n|switch|p2a: Farigiraf|Farigiraf, L50, M|34/100\n|turn|12\n|inactive|aloneamongamongus has 20 seconds left this turn.\n|inactive|aloneamongamongus has 15 seconds left.\n|\n|t:|1746105204\n|move|p1a: Terapagos|Tera Starstorm|p2a: Farigiraf\n|-damage|p2a: Farigiraf|0 fnt\n|faint|p2a: Farigiraf\n|move|p2b: Incineroar|Knock Off|p1a: Terapagos\n|-activate|p1a: Terapagos|ability: Tera Shell\n|-resisted|p1a: Terapagos\n|-damage|p1a: Terapagos|87/100\n|-enditem|p1a: Terapagos|Leftovers|[from] move: Knock Off|[of] p2b: Incineroar\n|\n|-heal|p1a: Terapagos|93/100|[from] Grassy Terrain\n|upkeep\n|turn|13\n|inactive|aloneamongamongus has 15 seconds left this turn.\n|inactive|aloneamongamongus has 10 seconds left.\n|\n|t:|1746105220\n|move|p1a: Terapagos|Protect|p1a: Terapagos\n|-singleturn|p1a: Terapagos|Protect\n|move|p2b: Incineroar|Will-O-Wisp|p1a: Terapagos\n|-activate|p1a: Terapagos|move: Protect\n|\n|-heal|p1a: Terapagos|99/100|[from] Grassy Terrain\n|-fieldend|move: Grassy Terrain\n|upkeep\n|turn|14\n|inactive|aloneamongamongus has 10 seconds left this turn.\n|\n|t:|1746105227\n|move|p1a: Terapagos|Earth Power|p2b: Incineroar\n|-supereffective|p2b: Incineroar\n|-damage|p2b: Incineroar|35/100\n|move|p2b: Incineroar|Will-O-Wisp|p1a: Terapagos\n|-status|p1a: Terapagos|brn\n|\n|-damage|p1a: Terapagos|93/100 brn|[from] brn\n|upkeep\n|turn|15\n|inactive|aloneamongamongus has 10 seconds left this turn.\n|\n|t:|1746105235\n|move|p1a: Terapagos|Earth Power|p2b: Incineroar\n|-supereffective|p2b: Incineroar\n|-damage|p2b: Incineroar|0 fnt\n|faint|p2b: Incineroar\n|\n|win|aloneamongamongus\n|inactive|aloneamongamongus has 10 seconds left this turn.\n|raw|aloneamongamongus's rating: 1155 &rarr; <strong>1182</strong><br />(+27 for winning)\n|raw|MarceloCe13's rating: 1179 &rarr; <strong>1152</strong><br />(-27 for losing)\n", "uploadtime": 1746105239, "views": 8, "formatid": "gen9vgc2025regibo3", "rating": 1152, "private": 0, "password": null}