{"id": "gen9vgc2025regibo3-2353832822", "format": "[Gen 9] VGC 2025 Reg I (Bo3)", "players": ["pagos figher", "PatmonVGC"], "log": "|j|\u2606pagos figher\n|j|\u203dPatmonVGC\n|html|<table width=\"100%\"><tr><td align=\"left\">pagos figher</td><td align=\"right\">PatmonVGC</tr><tr><td align=\"left\"><i class=\"fa fa-circle-o\"></i> <i class=\"fa fa-circle-o\"></i> </td><td align=\"right\"><i class=\"fa fa-circle-o\"></i> <i class=\"fa fa-circle-o\"></i> </tr></table>\n|uhtml|bestof|<h2><strong>Game 1</strong> of <a href=\"/game-bestof3-gen9vgc2025regibo3-2353832821\">a best-of-3</a></h2>\n|t:|1746007439\n|gametype|doubles\n|player|p1|pagos figher|ingo|1192\n|player|p2|PatmonVGC|grusha|1234\n|teamsize|p1|6\n|teamsize|p2|6\n|gen|9\n|tier|[Gen 9] VGC 2025 Reg I (Bo3)\n|rated|\n|rule|Species Clause: Limit one of each Pok\u00e9mon\n|rule|Item Clause: Limit 1 of each item\n|clearpoke\n|poke|p1|Terapagos, L50, M|\n|poke|p1|Zacian-*, L50|\n|poke|p1|Ceruledge, L50, F|\n|poke|p1|Ogerpon-Cornerstone, L50, F|\n|poke|p1|Regidrago, L50|\n|poke|p1|Whimsicott, L50, F|\n|poke|p2|Kyogre, L50|\n|poke|p2|Tornadus, L50, M|\n|poke|p2|Landorus, L50, M|\n|poke|p2|Chien-Pao, L50|\n|poke|p2|Basculegion, L50, M|\n|poke|p2|Zamazenta-*, L50|\n|teampreview|4\n|showteam|p1|Terapagos||ChoiceSpecs|TeraShift|TeraStarstorm,EarthPower,DarkPulse,HyperBeam|||M|||50|,,,,,Stellar]Zacian-Crowned||RustedSword|IntrepidSword|behemothblade,PlayRough,SacredSword,Protect||||||50|,,,,,Water]Ceruledge||Leftovers|FlashFire|BitterBlade,ShadowSneak,BulkUp,Protect|||F|||50|,,,,,Bug]Ogerpon-Cornerstone||CornerstoneMask|Sturdy|FollowMe,IvyCudgel,PowerWhip,SpikyShield|||F|||50|,,,,,Rock]Regidrago||LifeOrb|DragonsMaw|DragonEnergy,DracoMeteor,TeraBlast,Protect||||||50|,,,,,Ghost]Whimsicott||FocusSash|Prankster|Tailwind,Moonblast,Taunt,Protect|||F|||50|,,,,,Rock\n|showteam|p2|Kyogre||MysticWater|Drizzle|WaterSpout,HydroPump,IceBeam,Protect||||||50|,,,,,Grass]Tornadus||CovertCloak|Prankster|BleakwindStorm,Tailwind,RainDance,Taunt|||M|||50|,,,,,Dark]Landorus||ChoiceScarf|SheerForce|SandsearStorm,EarthPower,SludgeBomb,Uturn|||M|||50|,,,,,Water]Chien-Pao||FocusSash|SwordofRuin|IceSpinner,SuckerPunch,SacredSword,Protect||||||50|,,,,,Ghost]Basculegion||LifeOrb|SwiftSwim|WaveCrash,LastRespects,AquaJet,Protect|||M|||50|,,,,,Grass]Zamazenta-Crowned||RustedShield|DauntlessShield|BodyPress,behemothbash,WideGuard,Protect||||||50|,,,,,Dragon\n|inactive|Battle timer is ON: inactive players will automatically lose when time's up. (requested by PatmonVGC)\n|\n|t:|1746007474\n|start\n|switch|p1a: Whimsicott|Whimsicott, L50, F|100/100\n|switch|p1b: Regidrago|Regidrago, L50|100/100\n|switch|p2a: Kyogre|Kyogre, L50|100/100\n|switch|p2b: Landorus|Landorus, L50, M|100/100\n|-weather|RainDance|[from] ability: Drizzle|[of] p2a: Kyogre\n|turn|1\n|\n|t:|1746007497\n|switch|p2b: Zamazenta|Zamazenta-Crowned, L50|100/100\n|-ability|p2b: Zamazenta|Dauntless Shield|boost\n|-boost|p2b: Zamazenta|def|1\n|move|p2a: Kyogre|Protect|p2a: Kyogre\n|-singleturn|p2a: Kyogre|Protect\n|move|p1a: Whimsicott|Tailwind|p1a: Whimsicott\n|-sidestart|p1: pagos figher|move: Tailwind\n|move|p1b: Regidrago|Dragon Energy|p2b: Zamazenta|[spread] p2b\n|-activate|p2a: Kyogre|move: Protect\n|-resisted|p2b: Zamazenta\n|-damage|p2b: Zamazenta|61/100\n|-damage|p1b: Regidrago|91/100|[from] item: Life Orb\n|\n|-weather|RainDance|[upkeep]\n|upkeep\n|turn|2\n|\n|t:|1746007506\n|move|p1b: Regidrago|Protect|p1b: Regidrago\n|-singleturn|p1b: Regidrago|Protect\n|move|p2b: Zamazenta|Wide Guard|p2b: Zamazenta\n|-singleturn|p2b: Zamazenta|Wide Guard\n|move|p1a: Whimsicott|Taunt|p2b: Zamazenta\n|-start|p2b: Zamazenta|move: Taunt\n|move|p2a: Kyogre|Ice Beam|p1a: Whimsicott\n|-supereffective|p1a: Whimsicott\n|-enditem|p1a: Whimsicott|Focus Sash\n|-damage|p1a: Whimsicott|1/100\n|\n|-weather|RainDance|[upkeep]\n|upkeep\n|turn|3\n|\n|t:|1746007520\n|move|p2a: Kyogre|Protect|p2a: Kyogre\n|-singleturn|p2a: Kyogre|Protect\n|move|p1a: Whimsicott|Moonblast|p2b: Zamazenta\n|-damage|p2b: Zamazenta|34/100\n|move|p1b: Regidrago|Dragon Energy|p2a: Kyogre|[spread] p2b\n|-activate|p2a: Kyogre|move: Protect\n|-resisted|p2b: Zamazenta\n|-damage|p2b: Zamazenta|0 fnt\n|faint|p2b: Zamazenta\n|-damage|p1b: Regidrago|81/100|[from] item: Life Orb\n|\n|-weather|RainDance|[upkeep]\n|upkeep\n|\n|t:|1746007532\n|switch|p2b: Basculegion|Basculegion, L50, M|100/100\n|turn|4\n|\n|t:|1746007553\n|move|p1a: Whimsicott|Moonblast|p2a: Kyogre\n|-damage|p2a: Kyogre|76/100\n|move|p1b: Regidrago|Draco Meteor|p2a: Kyogre\n|-damage|p2a: Kyogre|1/100\n|-unboost|p1b: Regidrago|spa|2\n|-damage|p1b: Regidrago|71/100|[from] item: Life Orb\n|move|p2b: Basculegion|Last Respects|p1b: Regidrago\n|-damage|p1b: Regidrago|0 fnt\n|faint|p1b: Regidrago\n|-damage|p2b: Basculegion|91/100|[from] item: Life Orb\n|move|p2a: Kyogre|Water Spout|p1a: Whimsicott\n|-resisted|p1a: Whimsicott\n|-damage|p1a: Whimsicott|0 fnt\n|faint|p1a: Whimsicott\n|\n|-weather|RainDance|[upkeep]\n|-sideend|p1: pagos figher|move: Tailwind\n|upkeep\n|l|\u203dPatmonVGC\n|inactive|PatmonVGC disconnected and has a minute to reconnect!\n|player|p2|\n|\n|t:|1746007563\n|switch|p1a: Terapagos|Terapagos, L50, M|100/100\n|switch|p1b: Zacian|Zacian-Crowned, L50|100/100\n|-activate|p1a: Terapagos|ability: Tera Shift\n|detailschange|p1a: Terapagos|Terapagos-Terastal, L50, M\n|-heal|p1a: Terapagos|100/100|[silent]\n|-ability|p1b: Zacian|Intrepid Sword|boost\n|-boost|p1b: Zacian|atk|1\n|turn|5\n|j|\u203dPatmonVGC\n|inactive|PatmonVGC reconnected and has 55 seconds left.\n|player|p2|PatmonVGC|grusha|\n|n|\u203dPatmonVGC|patmonvgc\n|\n|t:|1746007581\n|-terastallize|p1a: Terapagos|Stellar\n|detailschange|p1a: Terapagos|Terapagos-Stellar, L50, M, tera:Stellar\n|-heal|p1a: Terapagos|100/100|[silent]\n|-ability|p1a: Terapagos|Teraform Zero\n|-weather|none\n|move|p1b: Zacian|Behemoth Blade|p2b: Basculegion\n|-resisted|p2b: Basculegion\n|-damage|p2b: Basculegion|34/100\n|move|p1a: Terapagos|Tera Starstorm|p2a: Kyogre|[spread] p2a,p2b\n|-damage|p2a: Kyogre|0 fnt\n|-damage|p2b: Basculegion|0 fnt\n|faint|p2a: Kyogre\n|faint|p2b: Basculegion\n|\n|upkeep\n|\n|t:|1746007588\n|switch|p2b: Landorus|Landorus, L50, M|100/100\n|turn|6\n|\n|t:|1746007593\n|move|p2b: Landorus|Sandsear Storm|p1a: Terapagos|[spread] p1a,p1b\n|-supereffective|p1b: Zacian\n|-crit|p1b: Zacian\n|-damage|p1a: Terapagos|66/100\n|-damage|p1b: Zacian|0 fnt\n|faint|p1b: Zacian\n|move|p1a: Terapagos|Tera Starstorm|p2b: Landorus\n|-damage|p2b: Landorus|0 fnt\n|faint|p2b: Landorus\n|\n|win|pagos figher\n||pagos figher is ready for game 2.\n||PatmonVGC is ready for game 2.\n|uhtml|next|Next: <a href=\"/battle-gen9vgc2025regibo3-2353833873\"><strong>Game 2 of 3</strong></a>\n|l|\u203dPatmonVGC\n|player|p2|\n|l|\u2606pagos figher\n|player|p1|\n", "uploadtime": 1746007929, "views": 7, "formatid": "gen9vgc2025regibo3", "rating": null, "private": 0, "password": null}