{"id": "gen9vgc2025regibo3-2354615334", "format": "[Gen 9] VGC 2025 Reg I (Bo3)", "players": ["scalionz", "Shirteasy22"], "log": "|j|\u2606scalionz\n|j|\u2606Shirteasy22\n|html|<table width=\"100%\"><tr><td align=\"left\">scalionz</td><td align=\"right\">Shirteasy22</tr><tr><td align=\"left\"><i class=\"fa fa-circle\"></i> <i class=\"fa fa-circle-o\"></i> </td><td align=\"right\"><i class=\"fa fa-circle-o\"></i> <i class=\"fa fa-circle-o\"></i> </tr></table>\n|uhtml|bestof|<h2><strong>Game 2</strong> of <a href=\"/game-bestof3-gen9vgc2025regibo3-2354612737\">a best-of-3</a></h2>\n|t:|1746103141\n|gametype|doubles\n|player|p1|scalionz|caitlin|1127\n|player|p2|Shirteasy22|dancer|1102\n|teamsize|p1|6\n|teamsize|p2|6\n|gen|9\n|tier|[Gen 9] VGC 2025 Reg I (Bo3)\n|rated|\n|rule|Species Clause: Limit one of each Pok\u00e9mon\n|rule|Item Clause: Limit 1 of each item\n|clearpoke\n|poke|p1|Miraidon, L50|\n|poke|p1|Lunala, L50|\n|poke|p1|Raichu-Alola, L50, F|\n|poke|p1|Incineroar, L50, M|\n|poke|p1|Archaludon, L50, M|\n|poke|p1|Iron Leaves, L50|\n|poke|p2|Calyrex-Shadow, L50|\n|poke|p2|Thundurus, L50, M|\n|poke|p2|Koraidon, L50|\n|poke|p2|Clefairy, L50, F|\n|poke|p2|Incineroar, L50, F|\n|poke|p2|Ting-Lu, L50|\n|teampreview|4\n|showteam|p1|Miraidon||ChoiceSpecs|HadronEngine|DazzlingGleam,DracoMeteor,VoltSwitch,ElectroDrift||||||50|,,,,,Fairy]Lunala||PowerHerb|ShadowShield|Tailwind,WideGuard,MoongeistBeam,MeteorBeam||||||50|,,,,,Dark]Raichu-Alola||FocusSash|SurgeSurfer|FakeOut,Psychic,Electroweb,Protect|||F|||50|,,,,,Grass]Incineroar||SafetyGoggles|Intimidate|FakeOut,PartingShot,KnockOff,FlareBlitz|||M|||50|,,,,,Ghost]Archaludon||AssaultVest|Stamina|BodyPress,ElectroShot,DracoMeteor,HeavySlam|||M|||50|,,,,,Grass]Iron Leaves||LifeOrb|QuarkDrive|Psyblade,LeafBlade,SacredSword,Protect||||||50|,,,,,Grass\n|showteam|p2|Calyrex-Shadow||LifeOrb|AsOneSpectrier|AstralBarrage,Encore,Protect,DrainingKiss||||||50|,,,,,Fairy]Thundurus||WideLens|Prankster|ThunderWave,WildboltStorm,Protect,Taunt|||M|||50|,,,,,Steel]Koraidon||ClearAmulet|OrichalcumPulse|CollisionCourse,Protect,FlareBlitz,FlameCharge||||||50|,,,,,Fire]Clefairy||Eviolite|FriendGuard|FollowMe,AfterYou,HelpingHand,IcyWind|||F|||50|,,,,,Fairy]Incineroar||ChopleBerry|Intimidate|FlareBlitz,KnockOff,PartingShot,FakeOut|||F|||50|,,,,,Water]Ting-Lu||AssaultVest|VesselofRuin|ThroatChop,Snarl,Fissure,StompingTantrum||||||50|,,,,,Ghost\n|inactive|Battle timer is ON: inactive players will automatically lose when time's up. (requested by scalionz)\n|\n|t:|1746103219\n|start\n|switch|p1a: Raichu|Raichu-Alola, L50, F, shiny|100/100\n|switch|p1b: Miraidon|Miraidon, L50|100/100\n|switch|p2a: Calyrex|Calyrex-Shadow, L50|100/100\n|switch|p2b: Clefairy|Clefairy, L50, F|100/100\n|-ability|p2a: Calyrex|As One\n|-ability|p2a: Calyrex|Unnerve\n|-fieldstart|move: Electric Terrain|[from] ability: Hadron Engine|[of] p1b: Miraidon\n|turn|1\n|inactive|Shirteasy22 has 30 seconds left.\n|\n|t:|1746103247\n|move|p2a: Calyrex|Protect|p2a: Calyrex\n|-singleturn|p2a: Calyrex|Protect\n|move|p1a: Raichu|Electroweb|p2b: Clefairy|[spread] p2b\n|-activate|p2a: Calyrex|move: Protect\n|-damage|p2b: Clefairy|81/100\n|-unboost|p2b: Clefairy|spe|1\n|move|p1b: Miraidon|Electro Drift|p2b: Clefairy\n|-damage|p2b: Clefairy|0 fnt\n|faint|p2b: Clefairy\n|\n|upkeep\n|\n|t:|1746103261\n|switch|p2b: Koraidon|Koraidon, L50|100/100\n|-weather|SunnyDay|[from] ability: Orichalcum Pulse|[of] p2b: Koraidon\n|-activate|p2b: Koraidon|Orichalcum Pulse|[source]\n|turn|2\n|\n|t:|1746103286\n|switch|p2a: Ting-Lu|Ting-Lu, L50|100/100\n|-ability|p2a: Ting-Lu|Vessel of Ruin\n|move|p1a: Raichu|Electroweb|p2a: Ting-Lu|[spread] p2b\n|-immune|p2a: Ting-Lu\n|-resisted|p2b: Koraidon\n|-damage|p2b: Koraidon|93/100\n|move|p1b: Miraidon|Electro Drift|p2a: Ting-Lu\n|-immune|p2a: Ting-Lu\n|move|p2b: Koraidon|Flame Charge|p1b: Miraidon\n|-resisted|p1b: Miraidon\n|-damage|p1b: Miraidon|85/100\n|-boost|p2b: Koraidon|spe|1\n|\n|-weather|SunnyDay|[upkeep]\n|upkeep\n|turn|3\n|\n|t:|1746103308\n|move|p2b: Koraidon|Protect|p2b: Koraidon\n|-singleturn|p2b: Koraidon|Protect\n|move|p1a: Raichu|Psychic|p2b: Koraidon\n|-activate|p2b: Koraidon|move: Protect\n|move|p1b: Miraidon|Electro Drift|p2b: Koraidon\n|-activate|p2b: Koraidon|move: Protect\n|move|p2a: Ting-Lu|Snarl|p1b: Miraidon|[spread] p1a,p1b\n|-supereffective|p1a: Raichu\n|-damage|p1a: Raichu|71/100\n|-damage|p1b: Miraidon|76/100\n|-unboost|p1a: Raichu|spa|1\n|-unboost|p1b: Miraidon|spa|1\n|\n|-weather|SunnyDay|[upkeep]\n|upkeep\n|turn|4\n|\n|t:|1746103330\n|move|p1a: Raichu|Psychic|p2b: Koraidon\n|-supereffective|p2b: Koraidon\n|-damage|p2b: Koraidon|56/100\n|move|p2b: Koraidon|Collision Course|p1b: Miraidon\n|-damage|p1b: Miraidon|15/100\n|move|p1b: Miraidon|Electro Drift|p2b: Koraidon\n|-resisted|p2b: Koraidon\n|-damage|p2b: Koraidon|24/100\n|move|p2a: Ting-Lu|Stomping Tantrum|p1b: Miraidon\n|-supereffective|p1b: Miraidon\n|-damage|p1b: Miraidon|0 fnt\n|faint|p1b: Miraidon\n|\n|-weather|SunnyDay|[upkeep]\n|upkeep\n|\n|t:|1746103349\n|switch|p1b: Iron Leaves|Iron Leaves, L50|100/100\n|-activate|p1b: Iron Leaves|ability: Quark Drive\n|-start|p1b: Iron Leaves|quarkdriveatk\n|turn|5\n|\n|t:|1746103365\n|move|p2b: Koraidon|Protect|p2b: Koraidon\n|-singleturn|p2b: Koraidon|Protect\n|move|p1a: Raichu|Psychic|p2b: Koraidon\n|-activate|p2b: Koraidon|move: Protect\n|move|p1b: Iron Leaves|Sacred Sword|p2a: Ting-Lu\n|-supereffective|p2a: Ting-Lu\n|-damage|p2a: Ting-Lu|41/100\n|-damage|p1b: Iron Leaves|91/100|[from] item: Life Orb\n|move|p2a: Ting-Lu|Snarl|p1b: Iron Leaves|[spread] p1a,p1b\n|-supereffective|p1a: Raichu\n|-supereffective|p1b: Iron Leaves\n|-damage|p1a: Raichu|40/100\n|-damage|p1b: Iron Leaves|68/100\n|-unboost|p1a: Raichu|spa|1\n|-unboost|p1b: Iron Leaves|spa|1\n|\n|-weather|SunnyDay|[upkeep]\n|-fieldend|move: Electric Terrain\n|-end|p1b: Iron Leaves|Quark Drive\n|upkeep\n|turn|6\n|\n|t:|1746103389\n|switch|p2a: Calyrex|Calyrex-Shadow, L50|100/100\n|-ability|p2a: Calyrex|As One\n|-ability|p2a: Calyrex|Unnerve\n|move|p2b: Koraidon|Collision Course|p1a: Raichu\n|-resisted|p1a: Raichu\n|-damage|p1a: Raichu|0 fnt\n|faint|p1a: Raichu\n|move|p1b: Iron Leaves|Sacred Sword|p2a: Calyrex\n|-immune|p2a: Calyrex\n|\n|-weather|none\n|upkeep\n|\n|t:|1746103397\n|switch|p1a: Archaludon|Archaludon, L50, M, shiny|100/100\n|turn|7\n|inactive|Shirteasy22 has 30 seconds left.\n|\n|t:|1746103423\n|move|p2a: Calyrex|Protect|p2a: Calyrex\n|-singleturn|p2a: Calyrex|Protect\n|move|p2b: Koraidon|Flare Blitz|p1a: Archaludon\n|-damage|p1a: Archaludon|71/100\n|-ability|p1a: Archaludon|Stamina|boost\n|-boost|p1a: Archaludon|def|1\n|-damage|p2b: Koraidon|14/100|[from] Recoil\n|move|p1b: Iron Leaves|Leaf Blade|p2a: Calyrex\n|-activate|p2a: Calyrex|move: Protect\n|move|p1a: Archaludon|Draco Meteor|p2b: Koraidon\n|-supereffective|p2b: Koraidon\n|-damage|p2b: Koraidon|0 fnt\n|-unboost|p1a: Archaludon|spa|2\n|faint|p2b: Koraidon\n|\n|upkeep\n|\n|t:|1746103440\n|switch|p2b: Ting-Lu|Ting-Lu, L50|41/100\n|-ability|p2b: Ting-Lu|Vessel of Ruin\n|turn|8\n|\n|t:|1746103455\n|-terastallize|p2b: Ting-Lu|Ghost\n|move|p1b: Iron Leaves|Protect|p1b: Iron Leaves\n|-singleturn|p1b: Iron Leaves|Protect\n|move|p2a: Calyrex|Astral Barrage|p1b: Iron Leaves|[spread] p1a\n|-activate|p1b: Iron Leaves|move: Protect\n|-damage|p1a: Archaludon|37/100\n|-ability|p1a: Archaludon|Stamina|boost\n|-boost|p1a: Archaludon|def|1\n|-damage|p2a: Calyrex|91/100|[from] item: Life Orb\n|move|p1a: Archaludon|Body Press|p2b: Ting-Lu\n|-immune|p2b: Ting-Lu\n|move|p2b: Ting-Lu|Snarl|p1a: Archaludon|[spread] p1a\n|-activate|p1b: Iron Leaves|move: Protect\n|-damage|p1a: Archaludon|29/100\n|-unboost|p1a: Archaludon|spa|1\n|-ability|p1a: Archaludon|Stamina|boost\n|-boost|p1a: Archaludon|def|1\n|\n|upkeep\n|turn|9\n|inactive|scalionz has 30 seconds left.\n|inactive|scalionz has 20 seconds left.\n|\n|t:|1746103491\n|move|p2a: Calyrex|Astral Barrage|p1b: Iron Leaves|[spread] p1a,p1b\n|-supereffective|p1b: Iron Leaves\n|-damage|p1a: Archaludon|0 fnt\n|-damage|p1b: Iron Leaves|0 fnt\n|faint|p1a: Archaludon\n|faint|p1b: Iron Leaves\n|-end|p1b: Iron Leaves|Quark Drive|[silent]\n|-damage|p2a: Calyrex|81/100|[from] item: Life Orb\n|\n|win|Shirteasy22\n|l|\u2606scalionz\n|player|p1|\n", "uploadtime": 1746103499, "views": 13, "formatid": "gen9vgc2025regibo3", "rating": null, "private": 0, "password": null}