{"id": "gen9vgc2025regibo3-2353728732", "format": "[Gen 9] VGC 2025 Reg I (Bo3)", "players": ["Pizzamemes123", "CityPopThatThang"], "log": "|j|\u2606Pizzamemes123\n|j|\u2606CityPopThatThang\n|html|<table width=\"100%\"><tr><td align=\"left\">Pizzamemes123</td><td align=\"right\">CityPopThatThang</tr><tr><td align=\"left\"><i class=\"fa fa-circle-o\"></i> <i class=\"fa fa-circle-o\"></i> </td><td align=\"right\"><i class=\"fa fa-circle-o\"></i> <i class=\"fa fa-circle-o\"></i> </tr></table>\n|uhtml|bestof|<h2><strong>Game 1</strong> of <a href=\"/game-bestof3-gen9vgc2025regibo3-2353728731\">a best-of-3</a></h2>\n|t:|1745989825\n|gametype|doubles\n|player|p1|Pizzamemes123|265|1142\n|player|p2|CityPopThatThang|guzma|1114\n|teamsize|p1|6\n|teamsize|p2|6\n|gen|9\n|tier|[Gen 9] VGC 2025 Reg I (Bo3)\n|rated|\n|rule|Species Clause: Limit one of each Pok\u00e9mon\n|rule|Item Clause: Limit 1 of each item\n|clearpoke\n|poke|p1|Koraidon, L50|\n|poke|p1|Miraidon, L50|\n|poke|p1|Raging Bolt, L50|\n|poke|p1|Flutter Mane, L50|\n|poke|p1|Whimsicott, L50, F|\n|poke|p1|Farigiraf, L50, F|\n|poke|p2|Kyogre, L50|\n|poke|p2|Zamazenta-*, L50|\n|poke|p2|Ursaluna, L50, M|\n|poke|p2|Sinistcha, L50|\n|poke|p2|Tornadus, L50, M|\n|poke|p2|Chi-Yu, L50|\n|teampreview|4\n|showteam|p1|Koraidon||ClearAmulet|OrichalcumPulse|FlameCharge,FlareBlitz,CollisionCourse,Protect||||||50|,,,,,Fire]Miraidon||ChoiceSpecs|HadronEngine|ElectroDrift,DazzlingGleam,DracoMeteor,VoltSwitch||||||50|,,,,,Fairy]Raging Bolt||LifeOrb|Protosynthesis|Protect,DracoMeteor,RisingVoltage,Thunderclap||||||50|,,,,,Electric]Flutter Mane||FocusSash|Protosynthesis|Moonblast,IcyWind,ShadowBall,Protect||||||50|,,,,,Ghost]Whimsicott||CovertCloak|Prankster|SunnyDay,Tailwind,Encore,LightScreen|||F|||50|,,,,,Grass]Farigiraf||ElectricSeed|ArmorTail|Psychic,Roar,TrickRoom,HelpingHand|||F|||50|,,,,,Normal\n|showteam|p2|Kyogre||LifeOrb|Drizzle|WaterSpout,IceBeam,Thunder,Protect||||||50|,,,,,Electric]Zamazenta-Crowned||RustedShield|DauntlessShield|BodyPress,HeavySlam,WideGuard,IronDefense||||||50|,,,,,Grass]Ursaluna||FlameOrb|Guts|Facade,HeadlongRush,Substitute,Protect|||M|||50|,,,,,Bug]Sinistcha||RockyHelmet|Hospitality|MatchaGotcha,Scald,RagePowder,TrickRoom||||||50|,,,,,Water]Tornadus||CovertCloak|Prankster|Hurricane,Tailwind,RainDance,Taunt|||M|||50|,,,,,Steel]Chi-Yu||ChoiceScarf|BeadsofRuin|HeatWave,DarkPulse,Snarl,Ruination||||||50|,,,,,Ghost\n|\n|t:|1745989879\n|start\n|switch|p1a: Raging Bolt|Raging Bolt, L50|100/100\n|switch|p1b: Miraidon|Miraidon, L50|100/100\n|switch|p2a: Kyogre|Kyogre, L50, shiny|100/100\n|switch|p2b: Sinistcha|Sinistcha, L50|100/100\n|-fieldstart|move: Electric Terrain|[from] ability: Hadron Engine|[of] p1b: Miraidon\n|-weather|RainDance|[from] ability: Drizzle|[of] p2a: Kyogre\n|turn|1\n|\n|t:|1745989916\n|switch|p2a: Ursaluna|Ursaluna, L50, M|100/100\n|move|p1b: Miraidon|Volt Switch|p2b: Sinistcha\n|-resisted|p2b: Sinistcha\n|-damage|p2b: Sinistcha|54/100\n|\n|t:|1745989927\n|switch|p1b: Koraidon|Koraidon, L50|100/100|[from] Volt Switch\n|-weather|SunnyDay|[from] ability: Orichalcum Pulse|[of] p1b: Koraidon\n|-activate|p1a: Raging Bolt|ability: Protosynthesis\n|-start|p1a: Raging Bolt|protosynthesisspa\n|-activate|p1b: Koraidon|Orichalcum Pulse|[source]\n|move|p1a: Raging Bolt|Rising Voltage|p2a: Ursaluna\n|-immune|p2a: Ursaluna\n|move|p2b: Sinistcha|Trick Room|p2b: Sinistcha\n|-fieldstart|move: Trick Room|[of] p2b: Sinistcha\n|\n|-weather|SunnyDay|[upkeep]\n|-status|p2a: Ursaluna|brn|[from] item: Flame Orb\n|upkeep\n|turn|2\n|\n|t:|1745989968\n|switch|p2b: Kyogre|Kyogre, L50, shiny|100/100\n|-weather|RainDance|[from] ability: Drizzle|[of] p2b: Kyogre\n|-end|p1a: Raging Bolt|Protosynthesis\n|-terastallize|p2a: Ursaluna|Bug\n|move|p1b: Koraidon|Protect|p1b: Koraidon\n|-singleturn|p1b: Koraidon|Protect\n|move|p2a: Ursaluna|Facade|p1a: Raging Bolt\n|-damage|p1a: Raging Bolt|0 fnt\n|faint|p1a: Raging Bolt\n|-end|p1a: Raging Bolt|Protosynthesis|[silent]\n|\n|-weather|RainDance|[upkeep]\n|-damage|p2a: Ursaluna|95/100 brn|[from] brn\n|upkeep\n|\n|t:|1745989983\n|switch|p1a: Miraidon|Miraidon, L50|100/100\n|-activate|p1a: Miraidon|ability: Hadron Engine\n|turn|3\n|\n|t:|1745990007\n|switch|p1b: Flutter Mane|Flutter Mane, L50|100/100\n|move|p2a: Ursaluna|Facade|p1a: Miraidon\n|-damage|p1a: Miraidon|4/100\n|move|p2b: Kyogre|Water Spout|p1a: Miraidon|[spread] p1a,p1b\n|-resisted|p1a: Miraidon\n|-damage|p1a: Miraidon|0 fnt\n|-enditem|p1b: Flutter Mane|Focus Sash\n|-damage|p1b: Flutter Mane|1/100\n|faint|p1a: Miraidon\n|-damage|p2b: Kyogre|91/100|[from] item: Life Orb\n|\n|-weather|RainDance|[upkeep]\n|-damage|p2a: Ursaluna|89/100 brn|[from] brn\n|upkeep\n|\n|t:|1745990013\n|switch|p1a: Koraidon|Koraidon, L50|100/100\n|-weather|SunnyDay|[from] ability: Orichalcum Pulse|[of] p1a: Koraidon\n|-activate|p1b: Flutter Mane|ability: Protosynthesis\n|-start|p1b: Flutter Mane|protosynthesisspe\n|-activate|p1a: Koraidon|Orichalcum Pulse|[source]\n|turn|4\n|inactive|Battle timer is ON: inactive players will automatically lose when time's up. (requested by CityPopThatThang)\n|inactive|Pizzamemes123 has 60 seconds left.\n|\n|t:|1745990058\n|switch|p2b: Sinistcha|Sinistcha, L50|54/100\n|-heal|p2a: Ursaluna|100/100 brn|[from] ability: Hospitality|[of] p2b: Sinistcha\n|-terastallize|p1a: Koraidon|Fire\n|move|p2a: Ursaluna|Facade|p1a: Koraidon\n|-damage|p1a: Koraidon|1/100\n|move|p1a: Koraidon|Flare Blitz|p2a: Ursaluna\n|-supereffective|p2a: Ursaluna\n|-damage|p2a: Ursaluna|0 fnt\n|faint|p2a: Ursaluna\n|-damage|p1a: Koraidon|0 fnt|[from] Recoil\n|faint|p1a: Koraidon\n|move|p1b: Flutter Mane|Moonblast|p2b: Sinistcha\n|-damage|p2b: Sinistcha|0 fnt\n|faint|p2b: Sinistcha\n|\n|-weather|SunnyDay|[upkeep]\n|upkeep\n|\n|t:|1745990068\n|switch|p2a: Kyogre|Kyogre, L50, shiny|91/100\n|switch|p2b: Zamazenta|Zamazenta-Crowned, L50, shiny|100/100\n|-weather|RainDance|[from] ability: Drizzle|[of] p2a: Kyogre\n|-end|p1b: Flutter Mane|Protosynthesis\n|-ability|p2b: Zamazenta|Dauntless Shield|boost\n|-boost|p2b: Zamazenta|def|1\n|turn|5\n|\n|t:|1745990077\n|move|p1b: Flutter Mane|Protect|p1b: Flutter Mane\n|-singleturn|p1b: Flutter Mane|Protect\n|move|p2a: Kyogre|Thunder|p1b: Flutter Mane\n|-activate|p1b: Flutter Mane|move: Protect\n|move|p2b: Zamazenta|Heavy Slam|p1b: Flutter Mane\n|-activate|p1b: Flutter Mane|move: Protect\n|\n|-weather|RainDance|[upkeep]\n|-fieldend|move: Trick Room\n|-fieldend|move: Electric Terrain\n|upkeep\n|turn|6\n|\n|t:|1745990085\n|move|p1b: Flutter Mane|Moonblast|p2a: Kyogre\n|-damage|p2a: Kyogre|52/100\n|move|p2b: Zamazenta|Heavy Slam|p1b: Flutter Mane\n|-supereffective|p1b: Flutter Mane\n|-damage|p1b: Flutter Mane|0 fnt\n|faint|p1b: Flutter Mane\n|-end|p1b: Flutter Mane|Protosynthesis|[silent]\n|\n|win|CityPopThatThang\n||Pizzamemes123 is ready for game 2.\n|inactive|CityPopThatThang has 30 seconds to confirm battle start!\n||CityPopThatThang is ready for game 2.\n|uhtml|next|Next: <a href=\"/battle-gen9vgc2025regibo3-2353730386\"><strong>Game 2 of 3</strong></a>\n|l|\u2606Pizzamemes123\n|player|p1|\n|l|\u2606CityPopThatThang\n|player|p2|\n", "uploadtime": 1745990090, "views": 11, "formatid": "gen9vgc2025regibo3", "rating": null, "private": 0, "password": null}