{"id": "gen9vgc2025regibo3-2353890906", "format": "[Gen 9] VGC 2025 Reg I (Bo3)", "players": ["NameLessUlixes", "dambro222"], "log": "|j|\u2606NameLessUlixes\n|j|\u2606dambro222\n|html|<table width=\"100%\"><tr><td align=\"left\">NameLessUlixes</td><td align=\"right\">dambro222</tr><tr><td align=\"left\"><i class=\"fa fa-circle-o\"></i> <i class=\"fa fa-circle-o\"></i> </td><td align=\"right\"><i class=\"fa fa-circle-o\"></i> <i class=\"fa fa-circle-o\"></i> </tr></table>\n|uhtml|bestof|<h2><strong>Game 1</strong> of <a href=\"/game-bestof3-gen9vgc2025regibo3-2353890905\">a best-of-3</a></h2>\n|t:|1746015582\n|gametype|doubles\n|player|p1|NameLessUlixes|169|1220\n|player|p2|dambro222|101|1176\n|teamsize|p1|6\n|teamsize|p2|6\n|gen|9\n|tier|[Gen 9] VGC 2025 Reg I (Bo3)\n|rated|\n|rule|Species Clause: Limit one of each Pok\u00e9mon\n|rule|Item Clause: Limit 1 of each item\n|clearpoke\n|poke|p1|Calyrex-Shadow, L50|\n|poke|p1|Terapagos, L50, M|\n|poke|p1|Grimmsnarl, L50, M|\n|poke|p1|Magmar, L50, F|\n|poke|p1|Cresselia, L50, F|\n|poke|p1|Ogerpon-Wellspring, L50, F|\n|poke|p2|Ho-Oh, L50|\n|poke|p2|Miraidon, L50|\n|poke|p2|Flutter Mane, L50|\n|poke|p2|Iron Hands, L50|\n|poke|p2|Urshifu-*, L50, M|\n|poke|p2|Iron Treads, L50|\n|teampreview|4\n|showteam|p1|Calyrex-Shadow||LifeOrb|AsOneSpectrier|AstralBarrage,Psyshock,TeraBlast,Protect||||||50|,,,,,Fairy]Terapagos||Leftovers|TeraShift|CalmMind,EarthPower,TeraStarstorm,Protect|||M|||50|,,,,,Stellar]Grimmsnarl||LightClay|Prankster|SpiritBreak,LightScreen,Reflect,ThunderWave|||M|||50|,,,,,Ghost]Magmar||Eviolite|VitalSpirit|Flamethrower,FollowMe,Taunt,WillOWisp|||F|||50|,,,,,Water]Cresselia||SafetyGoggles|Levitate|AllySwitch,LunarBlessing,Moonblast,TrickRoom|||F|||50|,,,,,Fairy]Ogerpon-Wellspring||WellspringMask|WaterAbsorb|HornLeech,IvyCudgel,FollowMe,SpikyShield|||F|||50|,,,,,Water\n|showteam|p2|Ho-Oh||ClearAmulet|Regenerator|SacredFire,BraveBird,Tailwind,Protect||||||50|,,,,,Dragon]Miraidon||CovertCloak|HadronEngine|ElectroDrift,VoltSwitch,DracoMeteor,Protect||||||50|,,,,,Electric]Flutter Mane||BoosterEnergy|Protosynthesis|Moonblast,ShadowBall,IcyWind,Protect||||||50|,,,,,Fairy]Iron Hands||AssaultVest|QuarkDrive|FakeOut,DrainPunch,WildCharge,LowKick||||||50|,,,,,Water]Urshifu||FocusSash|UnseenFist|WickedBlow,CloseCombat,SuckerPunch,Detect|||M|||50|,,,,,Poison]Iron Treads||ChoiceBand|QuarkDrive|IronHead,HighHorsepower,KnockOff,SteelRoller||||||50|,,,,,Water\n|inactive|Battle timer is ON: inactive players will automatically lose when time's up. (requested by NameLessUlixes)\n|inactive|NameLessUlixes has 60 seconds left.\n|inactive|dambro222 has 60 seconds left.\n|\n|t:|1746015642\n|start\n|switch|p1a: Grimmsnarl|Grimmsnarl, L50, M|100/100\n|switch|p1b: Terapagos|Terapagos, L50, M|100/100\n|switch|p2a: Flutter Mane|Flutter Mane, L50|100/100\n|switch|p2b: Iron Treads|Iron Treads, L50|100/100\n|-activate|p1b: Terapagos|ability: Tera Shift\n|detailschange|p1b: Terapagos|Terapagos-Terastal, L50, M\n|-heal|p1b: Terapagos|100/100|[silent]\n|-enditem|p2a: Flutter Mane|Booster Energy\n|-activate|p2a: Flutter Mane|ability: Protosynthesis|[fromitem]\n|-start|p2a: Flutter Mane|protosynthesisspe\n|turn|1\n|\n|t:|1746015664\n|move|p1a: Grimmsnarl|Reflect|p1a: Grimmsnarl\n|-sidestart|p1: NameLessUlixes|Reflect\n|move|p2a: Flutter Mane|Moonblast|p1b: Terapagos\n|-activate|p1b: Terapagos|ability: Tera Shell\n|-resisted|p1b: Terapagos\n|-damage|p1b: Terapagos|82/100\n|move|p2b: Iron Treads|Iron Head|p1a: Grimmsnarl\n|-supereffective|p1a: Grimmsnarl\n|-damage|p1a: Grimmsnarl|22/100\n|move|p1b: Terapagos|Calm Mind|p1b: Terapagos\n|-boost|p1b: Terapagos|spa|1\n|-boost|p1b: Terapagos|spd|1\n|\n|-heal|p1b: Terapagos|89/100|[from] item: Leftovers\n|upkeep\n|turn|2\n|\n|t:|1746015686\n|move|p1b: Terapagos|Protect|p1b: Terapagos\n|-singleturn|p1b: Terapagos|Protect\n|move|p1a: Grimmsnarl|Thunder Wave|p2a: Flutter Mane\n|-status|p2a: Flutter Mane|par\n|move|p2b: Iron Treads|Iron Head|p1b: Terapagos\n|-activate|p1b: Terapagos|move: Protect\n|move|p2a: Flutter Mane|Icy Wind|p1b: Terapagos|[spread] p1a\n|-activate|p1b: Terapagos|move: Protect\n|-damage|p1a: Grimmsnarl|10/100\n|-unboost|p1a: Grimmsnarl|spe|1\n|\n|-heal|p1b: Terapagos|95/100|[from] item: Leftovers\n|upkeep\n|turn|3\n|inactive|NameLessUlixes has 30 seconds left.\n|inactive|dambro222 has 30 seconds left.\n|\n|t:|1746015717\n|-terastallize|p1b: Terapagos|Stellar\n|detailschange|p1b: Terapagos|Terapagos-Stellar, L50, M, tera:Stellar\n|-heal|p1b: Terapagos|96/100|[silent]\n|move|p1a: Grimmsnarl|Light Screen|p1a: Grimmsnarl\n|-sidestart|p1: NameLessUlixes|move: Light Screen\n|move|p2b: Iron Treads|Iron Head|p1b: Terapagos\n|-damage|p1b: Terapagos|76/100\n|move|p2a: Flutter Mane|Icy Wind|p1a: Grimmsnarl|[spread] p1a\n|-miss|p2a: Flutter Mane|p1b: Terapagos\n|-damage|p1a: Grimmsnarl|2/100\n|-unboost|p1a: Grimmsnarl|spe|1\n|cant|p1b: Terapagos|flinch\n|\n|-heal|p1b: Terapagos|83/100|[from] item: Leftovers\n|upkeep\n|turn|4\n|\n|t:|1746015737\n|move|p1b: Terapagos|Protect|p1b: Terapagos\n|-singleturn|p1b: Terapagos|Protect\n|move|p2b: Iron Treads|Iron Head|p1b: Terapagos\n|-activate|p1b: Terapagos|move: Protect\n|move|p2a: Flutter Mane|Icy Wind|p1a: Grimmsnarl|[spread] p1a\n|-activate|p1b: Terapagos|move: Protect\n|-damage|p1a: Grimmsnarl|0 fnt\n|faint|p1a: Grimmsnarl\n|\n|-heal|p1b: Terapagos|89/100|[from] item: Leftovers\n|upkeep\n|\n|t:|1746015748\n|switch|p1a: Calyrex|Calyrex-Shadow, L50|100/100\n|-ability|p1a: Calyrex|As One\n|-ability|p1a: Calyrex|Unnerve\n|turn|5\n|\n|t:|1746015768\n|move|p1a: Calyrex|Astral Barrage|p2a: Flutter Mane|[spread] p2a,p2b\n|-supereffective|p2a: Flutter Mane\n|-damage|p2a: Flutter Mane|0 fnt\n|-damage|p2b: Iron Treads|6/100\n|faint|p2a: Flutter Mane\n|-end|p2a: Flutter Mane|Protosynthesis|[silent]\n|-ability|p1a: Calyrex|Grim Neigh|boost\n|-boost|p1a: Calyrex|spa|1\n|-damage|p1a: Calyrex|91/100|[from] item: Life Orb\n|move|p2b: Iron Treads|Iron Head|p1b: Terapagos\n|-damage|p1b: Terapagos|66/100\n|move|p1b: Terapagos|Tera Starstorm|p2b: Iron Treads\n|-damage|p2b: Iron Treads|0 fnt\n|faint|p2b: Iron Treads\n|-end|p2b: Iron Treads|Quark Drive|[silent]\n|\n|-heal|p1b: Terapagos|72/100|[from] item: Leftovers\n|upkeep\n|\n|t:|1746015782\n|switch|p2a: Miraidon|Miraidon, L50|100/100\n|switch|p2b: Urshifu|Urshifu, L50, M|100/100\n|-fieldstart|move: Electric Terrain|[from] ability: Hadron Engine|[of] p2a: Miraidon\n|turn|6\n|\n|t:|1746015805\n|move|p1a: Calyrex|Astral Barrage|p2b: Urshifu|[spread] p2a,p2b\n|-resisted|p2b: Urshifu\n|-damage|p2a: Miraidon|8/100\n|-damage|p2b: Urshifu|21/100\n|-damage|p1a: Calyrex|81/100|[from] item: Life Orb\n|move|p2a: Miraidon|Electro Drift|p1a: Calyrex\n|-damage|p1a: Calyrex|10/100\n|move|p2b: Urshifu|Close Combat|p1b: Terapagos\n|-supereffective|p1b: Terapagos\n|-damage|p1b: Terapagos|19/100\n|-unboost|p2b: Urshifu|def|1\n|-unboost|p2b: Urshifu|spd|1\n|move|p1b: Terapagos|Tera Starstorm|p2b: Urshifu|[spread] p2a,p2b\n|-crit|p2b: Urshifu\n|-damage|p2a: Miraidon|0 fnt\n|-damage|p2b: Urshifu|0 fnt\n|faint|p2a: Miraidon\n|faint|p2b: Urshifu\n|\n|win|NameLessUlixes\n|inactive|NameLessUlixes has 30 seconds to confirm battle start!\n|inactive|dambro222 has 30 seconds to confirm battle start!\n||dambro222 is ready for game 2.\n||NameLessUlixes is ready for game 2.\n|uhtml|next|Next: <a href=\"/battle-gen9vgc2025regibo3-2353892860\"><strong>Game 2 of 3</strong></a>\n|l|\u2606NameLessUlixes\n|player|p1|\n", "uploadtime": 1746015822, "views": 8, "formatid": "gen9vgc2025regibo3", "rating": null, "private": 0, "password": null}