{"id": "gen9vgc2025regibo3-2354599661", "format": "[Gen 9] VGC 2025 Reg I (Bo3)", "players": ["Monsteralover", "Yankiken"], "log": "|j|\u2606Monsteralover\n|j|\u2606Yankiken\n|html|<table width=\"100%\"><tr><td align=\"left\">Monsteralover</td><td align=\"right\">Yankiken</tr><tr><td align=\"left\"><i class=\"fa fa-circle-o\"></i> <i class=\"fa fa-circle-o\"></i> </td><td align=\"right\"><i class=\"fa fa-circle-o\"></i> <i class=\"fa fa-circle\"></i> </tr></table>\n|uhtml|bestof|<h2><strong>Game 2</strong> of <a href=\"/game-bestof3-gen9vgc2025regibo3-2354597850\">a best-of-3</a></h2>\n|t:|1746101021\n|gametype|doubles\n|player|p1|Monsteralover|2|1363\n|player|p2|Yankiken|lady-gen4|1317\n|teamsize|p1|6\n|teamsize|p2|6\n|gen|9\n|tier|[Gen 9] VGC 2025 Reg I (Bo3)\n|rated|\n|rule|Species Clause: Limit one of each Pok\u00e9mon\n|rule|Item Clause: Limit 1 of each item\n|clearpoke\n|poke|p1|Terapagos, L50, M|\n|poke|p1|Incineroar, L50, F|\n|poke|p1|Rillaboom, L50, F|\n|poke|p1|Ogerpon-Cornerstone, L50, F|\n|poke|p1|Grimmsnarl, L50, M|\n|poke|p1|Calyrex-Shadow, L50|\n|poke|p2|Terapagos, L50, M|\n|poke|p2|Incineroar, L50, F|\n|poke|p2|Rillaboom, L50, M|\n|poke|p2|Ogerpon-Cornerstone, L50, F|\n|poke|p2|Flutter Mane, L50|\n|poke|p2|Calyrex-Shadow, L50|\n|teampreview|4\n|showteam|p1|Terapagos||Leftovers|TeraShift|TeraStarstorm,EarthPower,Protect,CalmMind|||M|||50|,,,,,Stellar]Incineroar||RockyHelmet|Intimidate|KnockOff,FakeOut,WillOWisp,PartingShot|||F|||50|,,,,,Water]Rillaboom||AssaultVest|GrassySurge|FakeOut,DrumBeating,Uturn,GrassyGlide|||F|||50|,,,,,Fire]Ogerpon-Cornerstone||CornerstoneMask|Sturdy|IvyCudgel,SpikyShield,FollowMe,Encore|||F|||50|,,,,,Rock]Grimmsnarl||LightClay|Prankster|SpiritBreak,Reflect,ThunderWave,LightScreen|||M|||50|,,,,,Ghost]Calyrex-Shadow||FocusSash|AsOneSpectrier|AstralBarrage,Psychic,NastyPlot,Protect||||||50|,,,,,Ghost\n|showteam|p2|Terapagos||Leftovers|TeraShift|TeraStarstorm,EarthPower,Protect,CalmMind|||M|||50|,,,,,Stellar]Incineroar||RockyHelmet|Intimidate|KnockOff,FakeOut,PartingShot,WillOWisp|||F|||50|,,,,,Bug]Rillaboom||AssaultVest|GrassySurge|GrassyGlide,WoodHammer,FakeOut,Uturn|||M|||50|,,,,,Grass]Ogerpon-Cornerstone||CornerstoneMask|Sturdy|IvyCudgel,SpikyShield,FollowMe,PowerWhip|||F|||50|,,,,,Rock]Flutter Mane||BoosterEnergy|Protosynthesis|Moonblast,IcyWind,ThunderWave,Taunt||||||50|,,,,,Fairy]Calyrex-Shadow||FocusSash|AsOneSpectrier|AstralBarrage,Protect,WillOWisp,PollenPuff||||||50|,,,,,Ghost\n|inactive|Battle timer is ON: inactive players will automatically lose when time's up. (requested by Yankiken)\n|inactive|Yankiken has 60 seconds left.\n|\n|t:|1746101066\n|start\n|switch|p1a: Calyrex|Calyrex-Shadow, L50|100/100\n|switch|p1b: Grimmsnarl|Grimmsnarl, L50, M|100/100\n|switch|p2a: Terapagos|Terapagos, L50, M|100/100\n|switch|p2b: Flutter Mane|Flutter Mane, L50|100/100\n|-activate|p2a: Terapagos|ability: Tera Shift\n|detailschange|p2a: Terapagos|Terapagos-Terastal, L50, M\n|-heal|p2a: Terapagos|100/100|[silent]\n|-ability|p1a: Calyrex|As One\n|-ability|p1a: Calyrex|Unnerve\n|-enditem|p2b: Flutter Mane|Booster Energy\n|-activate|p2b: Flutter Mane|ability: Protosynthesis|[fromitem]\n|-start|p2b: Flutter Mane|protosynthesisspe\n|turn|1\n|\n|t:|1746101084\n|-end|p2b: Flutter Mane|Protosynthesis|[silent]\n|switch|p2b: Incineroar|Incineroar, L50, F, shiny|100/100\n|-ability|p2b: Incineroar|Intimidate|boost\n|-unboost|p1a: Calyrex|atk|1\n|-unboost|p1b: Grimmsnarl|atk|1\n|move|p1b: Grimmsnarl|Thunder Wave|p2a: Terapagos\n|-status|p2a: Terapagos|par\n|move|p1a: Calyrex|Astral Barrage|p2a: Terapagos|[spread] p2b\n|-immune|p2a: Terapagos\n|-resisted|p2b: Incineroar\n|-damage|p2b: Incineroar|76/100\n|cant|p2a: Terapagos|par\n|\n|upkeep\n|turn|2\n|\n|t:|1746101099\n|move|p1a: Calyrex|Psychic|p2a: Terapagos\n|-activate|p2a: Terapagos|ability: Tera Shell\n|-resisted|p2a: Terapagos\n|-damage|p2a: Terapagos|76/100 par\n|-unboost|p2a: Terapagos|spd|1\n|move|p2b: Incineroar|Knock Off|p1a: Calyrex\n|-supereffective|p1a: Calyrex\n|-enditem|p1a: Calyrex|Focus Sash\n|-damage|p1a: Calyrex|1/100\n|move|p1b: Grimmsnarl|Spirit Break|p2a: Terapagos\n|-crit|p2a: Terapagos\n|-damage|p2a: Terapagos|40/100 par\n|-unboost|p2a: Terapagos|spa|1\n|move|p2a: Terapagos|Calm Mind|p2a: Terapagos\n|-boost|p2a: Terapagos|spa|1\n|-boost|p2a: Terapagos|spd|1\n|\n|-heal|p2a: Terapagos|46/100 par|[from] item: Leftovers\n|upkeep\n|turn|3\n|inactive|Yankiken has 30 seconds left.\n|\n|t:|1746101127\n|-terastallize|p2a: Terapagos|Stellar\n|detailschange|p2a: Terapagos|Terapagos-Stellar, L50, M, tera:Stellar\n|-heal|p2a: Terapagos|60/100 par|[silent]\n|move|p1b: Grimmsnarl|Light Screen|p1b: Grimmsnarl\n|-sidestart|p1: Monsteralover|move: Light Screen\n|move|p1a: Calyrex|Psychic|p2a: Terapagos\n|-damage|p2a: Terapagos|25/100 par\n|-unboost|p2a: Terapagos|spd|1\n|move|p2b: Incineroar|Parting Shot|p1b: Grimmsnarl\n|-unboost|p1b: Grimmsnarl|atk|1\n|-unboost|p1b: Grimmsnarl|spa|1\n|\n|t:|1746101136\n|switch|p2b: Calyrex|Calyrex-Shadow, L50|100/100|[from] Parting Shot\n|-ability|p2b: Calyrex|As One\n|-ability|p2b: Calyrex|Unnerve\n|move|p2a: Terapagos|Tera Starstorm|p1b: Grimmsnarl|[spread] p1a,p1b\n|-crit|p1b: Grimmsnarl\n|-damage|p1a: Calyrex|0 fnt\n|-damage|p1b: Grimmsnarl|56/100\n|faint|p1a: Calyrex\n|\n|-heal|p2a: Terapagos|31/100 par|[from] item: Leftovers\n|upkeep\n|\n|t:|1746101139\n|switch|p1a: Terapagos|Terapagos, L50, M|100/100\n|-activate|p1a: Terapagos|ability: Tera Shift\n|detailschange|p1a: Terapagos|Terapagos-Terastal, L50, M\n|-heal|p1a: Terapagos|100/100|[silent]\n|turn|4\n|inactive|Monsteralover has 30 seconds left.\n|\n|t:|1746101164\n|-terastallize|p1a: Terapagos|Stellar\n|detailschange|p1a: Terapagos|Terapagos-Stellar, L50, M, tera:Stellar\n|-heal|p1a: Terapagos|100/100|[silent]\n|move|p2b: Calyrex|Pollen Puff|p2a: Terapagos\n|-heal|p2a: Terapagos|81/100 par\n|move|p1a: Terapagos|Tera Starstorm|p2a: Terapagos|[spread] p2a,p2b\n|-supereffective|p2a: Terapagos\n|-damage|p2a: Terapagos|25/100 par\n|-damage|p2b: Calyrex|69/100\n|move|p1b: Grimmsnarl|Spirit Break|p2b: Calyrex\n|-damage|p2b: Calyrex|49/100\n|-unboost|p2b: Calyrex|spa|1\n|move|p2a: Terapagos|Calm Mind|p2a: Terapagos\n|-boost|p2a: Terapagos|spa|1\n|-boost|p2a: Terapagos|spd|1\n|\n|-heal|p2a: Terapagos|31/100 par|[from] item: Leftovers\n|upkeep\n|turn|5\n|-message|Yankiken forfeited.\n|\n|win|Monsteralover\n", "uploadtime": 1746101174, "views": 9, "formatid": "gen9vgc2025regibo3", "rating": null, "private": 0, "password": null}