{"id": "gen9vgc2025regibo3-2353584381", "format": "[Gen 9] VGC 2025 Reg I (Bo3)", "players": ["Bmcqueen", "nigelhenry"], "log": "|j|\u2606Bmcqueen\n|j|\u2606nigelhenry\n|html|<table width=\"100%\"><tr><td align=\"left\">Bmcqueen</td><td align=\"right\">nigelhenry</tr><tr><td align=\"left\"><i class=\"fa fa-circle\"></i> <i class=\"fa fa-circle-o\"></i> </td><td align=\"right\"><i class=\"fa fa-circle-o\"></i> <i class=\"fa fa-circle-o\"></i> </tr></table>\n|uhtml|bestof|<h2><strong>Game 2</strong> of <a href=\"/game-bestof3-gen9vgc2025regibo3-2353582285\">a best-of-3</a></h2>\n|t:|1745971183\n|gametype|doubles\n|player|p1|Bmcqueen|rood|1127\n|player|p2|nigelhenry|1|1047\n|teamsize|p1|6\n|teamsize|p2|6\n|gen|9\n|tier|[Gen 9] VGC 2025 Reg I (Bo3)\n|rated|\n|rule|Species Clause: Limit one of each Pok\u00e9mon\n|rule|Item Clause: Limit 1 of each item\n|clearpoke\n|poke|p1|Tyranitar, L50, F|\n|poke|p1|Excadrill, L50, F|\n|poke|p1|Farigiraf, L50, F|\n|poke|p1|Miraidon, L50|\n|poke|p1|Ho-Oh, L50|\n|poke|p1|Iron Bundle, L50|\n|poke|p2|Groudon, L50|\n|poke|p2|Miraidon, L50|\n|poke|p2|Urshifu-*, L50, F|\n|poke|p2|Flutter Mane, L50|\n|poke|p2|Farigiraf, L50, F|\n|poke|p2|Whimsicott, L50, M|\n|teampreview|4\n|showteam|p1|Tyranitar||AssaultVest|SandStream|RockSlide,KnockOff,LowKick,TeraBlast|||F|||50|,,,,,Flying]Excadrill||LifeOrb|SandRush|HighHorsepower,Earthquake,IronHead,Protect|||F|||50|,,,,,Ground]Farigiraf||ElectricSeed|ArmorTail|Psychic,FoulPlay,TrickRoom,Imprison|||F|||50|,,,,,Steel]Miraidon||ChoiceSpecs|HadronEngine|ElectroDrift,DracoMeteor,VoltSwitch,DazzlingGleam||||||50|,,,,,Fairy]Ho-Oh||ClearAmulet|Regenerator|BraveBird,SacredFire,Tailwind,Protect||||||50|,,,,,Grass]Iron Bundle||FocusSash|QuarkDrive|FreezeDry,IcyWind,Encore,Protect||||||50|,,,,,Ghost\n|showteam|p2|Groudon||AssaultVest|Drought|Eruption,Flamethrower,Thunderbolt,EarthPower||||||50|,,,,,Fire]Miraidon||ChoiceSpecs|HadronEngine|VoltSwitch,SolarBeam,Discharge,DazzlingGleam||||||50|,,,,,Fairy]Urshifu||FocusSash|UnseenFist|WickedBlow,SuckerPunch,CloseCombat,Detect|||F|||50|,,,,,Dark]Flutter Mane||BoosterEnergy|Protosynthesis|Moonblast,IcyWind,Taunt,Protect||||||50|,,,,,Normal]Farigiraf||ElectricSeed|ArmorTail|FoulPlay,Psychic,HelpingHand,TrickRoom|||F|||50|,,,,,Bug]Whimsicott||CovertCloak|Prankster|Tailwind,Encore,FakeTears,Moonblast|||M|||50|,,,,,Dark\n|inactive|Battle timer is ON: inactive players will automatically lose when time's up. (requested by Bmcqueen)\n|inactive|nigelhenry has 60 seconds left.\n|\n|t:|1745971238\n|start\n|switch|p1a: Iron Bundle|Iron Bundle, L50|100/100\n|switch|p1b: Miraidon|Miraidon, L50|100/100\n|switch|p2a: Whimsicott|Whimsicott, L50, M, shiny|100/100\n|switch|p2b: Groudon|Groudon, L50, shiny|100/100\n|-fieldstart|move: Electric Terrain|[from] ability: Hadron Engine|[of] p1b: Miraidon\n|-activate|p1a: Iron Bundle|ability: Quark Drive\n|-start|p1a: Iron Bundle|quarkdrivespe\n|-weather|SunnyDay|[from] ability: Drought|[of] p2b: Groudon\n|turn|1\n|inactive|nigelhenry has 30 seconds left.\n|\n|t:|1745971267\n|switch|p1b: Ho-Oh|Ho-Oh, L50|100/100\n|-terastallize|p2b: Groudon|Fire\n|move|p2a: Whimsicott|Tailwind|p2a: Whimsicott\n|-sidestart|p2: nigelhenry|move: Tailwind\n|move|p1a: Iron Bundle|Icy Wind|p2b: Groudon|[spread] p2a,p2b\n|-supereffective|p2a: Whimsicott\n|-resisted|p2b: Groudon\n|-damage|p2a: Whimsicott|45/100\n|-damage|p2b: Groudon|94/100\n|-unboost|p2b: Groudon|spe|1\n|move|p2b: Groudon|Eruption|p1a: Iron Bundle|[spread] p1a,p1b\n|-resisted|p1b: Ho-Oh\n|-enditem|p1a: Iron Bundle|Focus Sash\n|-damage|p1a: Iron Bundle|1/100\n|-damage|p1b: Ho-Oh|80/100\n|\n|-weather|SunnyDay|[upkeep]\n|upkeep\n|turn|2\n|inactive|Bmcqueen has 30 seconds left.\n|inactive|nigelhenry has 30 seconds left.\n|\n|t:|1745971298\n|switch|p2a: Miraidon|Miraidon, L50|100/100\n|-activate|p2a: Miraidon|ability: Hadron Engine\n|move|p1a: Iron Bundle|Protect|p1a: Iron Bundle\n|-singleturn|p1a: Iron Bundle|Protect\n|move|p2b: Groudon|Eruption|p1a: Iron Bundle|[spread] p1b\n|-activate|p1a: Iron Bundle|move: Protect\n|-resisted|p1b: Ho-Oh\n|-damage|p1b: Ho-Oh|61/100\n|move|p1b: Ho-Oh|Tailwind|p1b: Ho-Oh\n|-sidestart|p1: Bmcqueen|move: Tailwind\n|\n|-weather|SunnyDay|[upkeep]\n|upkeep\n|turn|3\n|inactive|Bmcqueen has 30 seconds left.\n|inactive|nigelhenry has 30 seconds left.\n|inactive|Bmcqueen has 20 seconds left.\n|\n|t:|1745971335\n|-end|p1a: Iron Bundle|Quark Drive|[silent]\n|switch|p1a: Tyranitar|Tyranitar, L50, F|100/100\n|-weather|Sandstorm|[from] ability: Sand Stream|[of] p1a: Tyranitar\n|move|p1b: Ho-Oh|Protect|p1b: Ho-Oh\n|-singleturn|p1b: Ho-Oh|Protect\n|move|p2a: Miraidon|Discharge|p1b: Ho-Oh|[spread] p2b,p1a\n|-activate|p1b: Ho-Oh|move: Protect\n|-damage|p2b: Groudon|46/100\n|-damage|p1a: Tyranitar|72/100\n|move|p2b: Groudon|Eruption|p1b: Ho-Oh|[spread] p1a\n|-activate|p1b: Ho-Oh|move: Protect\n|-resisted|p1a: Tyranitar\n|-crit|p1a: Tyranitar\n|-damage|p1a: Tyranitar|66/100\n|\n|-weather|Sandstorm|[upkeep]\n|-damage|p2a: Miraidon|94/100|[from] Sandstorm\n|-damage|p1b: Ho-Oh|55/100|[from] Sandstorm\n|-damage|p2b: Groudon|41/100|[from] Sandstorm\n|upkeep\n|turn|4\n|inactive|Bmcqueen has 30 seconds left.\n|inactive|Bmcqueen has 20 seconds left.\n|inactive|nigelhenry has 30 seconds left.\n|inactive|Bmcqueen has 15 seconds left.\n|inactive|Bmcqueen has 10 seconds left.\n|\n|t:|1745971383\n|switch|p1b: Miraidon|Miraidon, L50|100/100\n|-activate|p1b: Miraidon|ability: Hadron Engine\n|move|p2a: Miraidon|Discharge|p1a: Tyranitar|[spread] p2b,p1a,p1b\n|-resisted|p1b: Miraidon\n|-damage|p2b: Groudon|0 fnt\n|-damage|p1a: Tyranitar|33/100\n|-damage|p1b: Miraidon|82/100\n|faint|p2b: Groudon\n|move|p1a: Tyranitar|Rock Slide|p2a: Miraidon\n|-damage|p2a: Miraidon|49/100\n|\n|-weather|Sandstorm|[upkeep]\n|-damage|p2a: Miraidon|42/100|[from] Sandstorm\n|-damage|p1b: Miraidon|75/100|[from] Sandstorm\n|-sideend|p2: nigelhenry|move: Tailwind\n|upkeep\n|\n|t:|1745971402\n|switch|p2b: Whimsicott|Whimsicott, L50, M, shiny|45/100\n|turn|5\n|inactive|nigelhenry has 30 seconds left.\n|inactive|nigelhenry has 20 seconds left.\n|inactive|nigelhenry has 15 seconds left.\n|\n|t:|1745971446\n|move|p2b: Whimsicott|Tailwind|p2b: Whimsicott\n|-sidestart|p2: nigelhenry|move: Tailwind\n|move|p2a: Miraidon|Discharge|p1b: Miraidon|[spread] p2b,p1a,p1b\n|-resisted|p2b: Whimsicott\n|-crit|p1a: Tyranitar\n|-resisted|p1b: Miraidon\n|-damage|p2b: Whimsicott|0 fnt\n|-damage|p1a: Tyranitar|0 fnt\n|-damage|p1b: Miraidon|57/100\n|faint|p2b: Whimsicott\n|faint|p1a: Tyranitar\n|move|p1b: Miraidon|Electro Drift|p2a: Miraidon\n|-resisted|p2a: Miraidon\n|-damage|p2a: Miraidon|7/100\n|\n|-weather|Sandstorm|[upkeep]\n|-damage|p2a: Miraidon|0 fnt|[from] Sandstorm\n|-damage|p1b: Miraidon|50/100|[from] Sandstorm\n|faint|p2a: Miraidon\n|-sideend|p1: Bmcqueen|move: Tailwind\n|-fieldend|move: Electric Terrain\n|upkeep\n|inactive|nigelhenry has 30 seconds left.\n|\n|t:|1745971476\n|switch|p2a: Flutter Mane|Flutter Mane, L50, shiny|100/100\n|switch|p1a: Ho-Oh|Ho-Oh, L50|88/100\n|-enditem|p2a: Flutter Mane|Booster Energy\n|-activate|p2a: Flutter Mane|ability: Protosynthesis|[fromitem]\n|-start|p2a: Flutter Mane|protosynthesisspe\n|turn|6\n|\n|t:|1745971487\n|switch|p1b: Iron Bundle|Iron Bundle, L50|1/100\n|move|p2a: Flutter Mane|Icy Wind|p1a: Ho-Oh|[spread] p1a,p1b\n|-resisted|p1b: Iron Bundle\n|-damage|p1a: Ho-Oh|81/100\n|-damage|p1b: Iron Bundle|0 fnt\n|faint|p1b: Iron Bundle\n|-end|p1b: Iron Bundle|Quark Drive|[silent]\n|move|p1a: Ho-Oh|Brave Bird|p2a: Flutter Mane\n|-damage|p2a: Flutter Mane|8/100\n|-damage|p1a: Ho-Oh|56/100|[from] Recoil\n|\n|-weather|Sandstorm|[upkeep]\n|-damage|p2a: Flutter Mane|2/100|[from] Sandstorm\n|-damage|p1a: Ho-Oh|50/100|[from] Sandstorm\n|upkeep\n|\n|t:|1745971502\n|switch|p1b: Miraidon|Miraidon, L50|50/100\n|-fieldstart|move: Electric Terrain|[from] ability: Hadron Engine|[of] p1b: Miraidon\n|turn|7\n|\n|t:|1745971512\n|move|p2a: Flutter Mane|Moonblast|p1b: Miraidon\n|-supereffective|p1b: Miraidon\n|-damage|p1b: Miraidon|0 fnt\n|faint|p1b: Miraidon\n|move|p1a: Ho-Oh|Brave Bird|p2a: Flutter Mane\n|-damage|p2a: Flutter Mane|0 fnt\n|faint|p2a: Flutter Mane\n|-end|p2a: Flutter Mane|Protosynthesis|[silent]\n|-damage|p1a: Ho-Oh|50/100|[from] Recoil\n|\n|win|Bmcqueen\n|raw|Bmcqueen's rating: 1127 &rarr; <strong>1146</strong><br />(+19 for winning)\n|raw|nigelhenry's rating: 1047 &rarr; <strong>1034</strong><br />(-13 for losing)\n|c|\u2606Bmcqueen|Gg\n", "uploadtime": 1745971557, "views": 17, "formatid": "gen9vgc2025regibo3", "rating": 1034, "private": 0, "password": null}