{"id": "gen9vgc2025regibo3-2353671921", "format": "[Gen 9] VGC 2025 Reg I (Bo3)", "players": ["practicesemijrlman", "TG511"], "log": "|j|\u2606practicesemijrlman\n|j|\u2606TG511\n|html|<table width=\"100%\"><tr><td align=\"left\">practicesemijrlman</td><td align=\"right\">TG511</tr><tr><td align=\"left\"><i class=\"fa fa-circle\"></i> <i class=\"fa fa-circle-o\"></i> </td><td align=\"right\"><i class=\"fa fa-circle-o\"></i> <i class=\"fa fa-circle-o\"></i> </tr></table>\n|uhtml|bestof|<h2><strong>Game 2</strong> of <a href=\"/game-bestof3-gen9vgc2025regibo3-2353670624\">a best-of-3</a></h2>\n|t:|1745981677\n|gametype|doubles\n|player|p1|practicesemijrlman|lucas|\n|player|p2|TG511|volkner|\n|teamsize|p1|6\n|teamsize|p2|6\n|gen|9\n|tier|[Gen 9] VGC 2025 Reg I (Bo3)\n|rule|Species Clause: Limit one of each Pok\u00e9mon\n|rule|Item Clause: Limit 1 of each item\n|clearpoke\n|poke|p1|Zacian-*, L50|\n|poke|p1|Chien-Pao, L50|\n|poke|p1|Kyogre, L50|\n|poke|p1|Tornadus, L50, M|\n|poke|p1|Iron Bundle, L50|\n|poke|p1|Raichu, L50, F|\n|poke|p2|Calyrex-Shadow, L50|\n|poke|p2|Koraidon, L50|\n|poke|p2|Weezing-Galar, L50, M|\n|poke|p2|Indeedee-F, L50, F|\n|poke|p2|Brute Bonnet, L50|\n|poke|p2|Flutter Mane, L50|\n|teampreview|4\n|showteam|p1|Zacian-Crowned||RustedSword|IntrepidSword|behemothblade,PlayRough,SacredSword,Protect||||||50|,,,,,Fire]Chien-Pao||FocusSash|SwordofRuin|SuckerPunch,IceSpinner,SacredSword,Protect||||||50|,,,,,Ghost]Kyogre||ChoiceSpecs|Drizzle|WaterSpout,HydroPump,OriginPulse,IceBeam||||||50|,,,,,Water]Tornadus||CovertCloak|Prankster|BleakwindStorm,Taunt,RainDance,Tailwind|||M|||50|,,,,,Steel]Iron Bundle||BoosterEnergy|QuarkDrive|Encore,IcyWind,FreezeDry,Protect||||||50|,,,,,Ghost]Raichu||AssaultVest|LightningRod|Electroweb,FakeOut,Nuzzle,Feint|||F|||50|,,,,,Water\n|showteam|p2|Calyrex-Shadow||FocusSash|AsOneSpectrier|AstralBarrage,ExpandingForce,DrainingKiss,Protect||||||50|,,,,,Dark]Koraidon||AbilityShield|OrichalcumPulse|FlareBlitz,FlameCharge,CollisionCourse,Protect||||||50|,,,,,Fire]Weezing-Galar||RockyHelmet|NeutralizingGas|StrangeSteam,ToxicSpikes,WillOWisp,Protect|||M|||50|,,,,,Water]Indeedee-F||SafetyGoggles|PsychicSurge|FollowMe,TrickRoom,Imprison,Psychic|||F|||50|,,,,,Fairy]Brute Bonnet||CovertCloak|Protosynthesis|Spore,SeedBomb,SuckerPunch,RagePowder||||||50|,,,,,Water]Flutter Mane||BoosterEnergy|Protosynthesis|Moonblast,IcyWind,ShadowBall,Protect||||||50|,,,,,Fairy\n|inactive|Battle timer is ON: inactive players will automatically lose when time's up. (requested by practicesemijrlman)\n|\n|t:|1745981697\n|start\n|switch|p1a: Kyogre|Kyogre, L50|100/100\n|switch|p1b: Zacian|Zacian-Crowned, L50|100/100\n|switch|p2a: Koraidon|Koraidon, L50|100/100\n|switch|p2b: Weezing|Weezing-Galar, L50, M, shiny|100/100\n|-ability|p2b: Weezing|Neutralizing Gas\n|-block|p2a: Koraidon|item: Ability Shield\n|-weather|SunnyDay|[from] ability: Orichalcum Pulse|[of] p2a: Koraidon\n|-activate|p2a: Koraidon|Orichalcum Pulse|[source]\n|turn|1\n|\n|t:|1745981714\n|-terastallize|p1b: Zacian|Fire\n|-terastallize|p2a: Koraidon|Fire\n|move|p1b: Zacian|Play Rough|p2a: Koraidon\n|-resisted|p2a: Koraidon\n|-damage|p2a: Koraidon|79/100\n|move|p2a: Koraidon|Flame Charge|p1b: Zacian\n|-resisted|p1b: Zacian\n|-damage|p1b: Zacian|67/100\n|-boost|p2a: Koraidon|spe|1\n|move|p1a: Kyogre|Origin Pulse|p2b: Weezing|[spread] p2b\n|-miss|p1a: Kyogre|p2a: Koraidon\n|-damage|p2b: Weezing|69/100\n|move|p2b: Weezing|Strange Steam|p1b: Zacian\n|-resisted|p1b: Zacian\n|-damage|p1b: Zacian|53/100\n|\n|-weather|SunnyDay|[upkeep]\n|upkeep\n|turn|2\n|\n|t:|1745981731\n|move|p1b: Zacian|Protect|p1b: Zacian\n|-singleturn|p1b: Zacian|Protect\n|move|p2a: Koraidon|Collision Course|p1b: Zacian\n|-activate|p1b: Zacian|move: Protect\n|move|p1a: Kyogre|Origin Pulse|p2b: Weezing|[spread] p2a,p2b\n|-supereffective|p2a: Koraidon\n|-damage|p2a: Koraidon|17/100\n|-damage|p2b: Weezing|35/100\n|move|p2b: Weezing|Toxic Spikes|p1b: Zacian\n|-sidestart|p1: practicesemijrlman|move: Toxic Spikes\n|\n|-weather|SunnyDay|[upkeep]\n|upkeep\n|turn|3\n|\n|t:|1745981753\n|move|p1b: Zacian|Protect||[still]\n|-fail|p1b: Zacian\n|move|p2a: Koraidon|Collision Course|p1b: Zacian\n|-damage|p1b: Zacian|0 fnt\n|faint|p1b: Zacian\n|move|p1a: Kyogre|Origin Pulse|p2a: Koraidon|[spread] p2a,p2b\n|-supereffective|p2a: Koraidon\n|-crit|p2b: Weezing\n|-damage|p2a: Koraidon|0 fnt\n|-damage|p2b: Weezing|0 fnt\n|faint|p2a: Koraidon\n|faint|p2b: Weezing\n|-end|p2b: Weezing|ability: Neutralizing Gas\n|-weather|RainDance|[from] ability: Drizzle|[of] p1a: Kyogre\n|\n|-weather|RainDance|[upkeep]\n|upkeep\n|\n|t:|1745981768\n|switch|p1b: Iron Bundle|Iron Bundle, L50|100/100\n|switch|p2a: Brute Bonnet|Brute Bonnet, L50, shiny|100/100\n|switch|p2b: Calyrex|Calyrex-Shadow, L50|100/100\n|-ability|p2b: Calyrex|As One\n|-ability|p2b: Calyrex|Unnerve\n|-status|p1b: Iron Bundle|psn\n|-enditem|p1b: Iron Bundle|Booster Energy\n|-activate|p1b: Iron Bundle|ability: Quark Drive|[fromitem]\n|-start|p1b: Iron Bundle|quarkdrivespe\n|turn|4\n|\n|t:|1745981790\n|move|p2b: Calyrex|Protect|p2b: Calyrex\n|-singleturn|p2b: Calyrex|Protect\n|move|p1b: Iron Bundle|Icy Wind|p2a: Brute Bonnet|[spread] \n|-activate|p2b: Calyrex|move: Protect\n|-miss|p1b: Iron Bundle|p2a: Brute Bonnet\n|move|p1a: Kyogre|Origin Pulse|p2a: Brute Bonnet|[spread] \n|-activate|p2b: Calyrex|move: Protect\n|-miss|p1a: Kyogre|p2a: Brute Bonnet\n|move|p2a: Brute Bonnet|Seed Bomb|p1b: Iron Bundle\n|-supereffective|p1b: Iron Bundle\n|-damage|p1b: Iron Bundle|26/100 psn\n|\n|-weather|RainDance|[upkeep]\n|-damage|p1b: Iron Bundle|13/100 psn|[from] psn\n|upkeep\n|turn|5\n|\n|t:|1745981808\n|move|p2a: Brute Bonnet|Sucker Punch|p1b: Iron Bundle\n|-damage|p1b: Iron Bundle|0 fnt\n|faint|p1b: Iron Bundle\n|-end|p1b: Iron Bundle|Quark Drive|[silent]\n|move|p2b: Calyrex|Astral Barrage|p1a: Kyogre\n|-damage|p1a: Kyogre|46/100\n|move|p1a: Kyogre|Origin Pulse|p2a: Brute Bonnet|[spread] p2a,p2b\n|-resisted|p2a: Brute Bonnet\n|-crit|p2b: Calyrex\n|-damage|p2a: Brute Bonnet|61/100\n|-enditem|p2b: Calyrex|Focus Sash\n|-damage|p2b: Calyrex|1/100\n|\n|-weather|RainDance|[upkeep]\n|upkeep\n|\n|t:|1745981817\n|switch|p1b: Chien-Pao|Chien-Pao, L50|100/100\n|-status|p1b: Chien-Pao|psn\n|-ability|p1b: Chien-Pao|Sword of Ruin\n|turn|6\n|\n|t:|1745981836\n|move|p2a: Brute Bonnet|Rage Powder|p2a: Brute Bonnet\n|-singleturn|p2a: Brute Bonnet|move: Rage Powder\n|move|p2b: Calyrex|Astral Barrage|p1b: Chien-Pao|[spread] p1a,p1b\n|-resisted|p1b: Chien-Pao\n|-crit|p1b: Chien-Pao\n|-damage|p1a: Kyogre|6/100\n|-damage|p1b: Chien-Pao|35/100 psn\n|move|p1b: Chien-Pao|Ice Spinner|p2a: Brute Bonnet\n|-supereffective|p2a: Brute Bonnet\n|-damage|p2a: Brute Bonnet|0 fnt\n|faint|p2a: Brute Bonnet\n|-end|p2a: Brute Bonnet|Protosynthesis|[silent]\n|move|p1a: Kyogre|Origin Pulse|p2b: Calyrex\n|-damage|p2b: Calyrex|0 fnt\n|faint|p2b: Calyrex\n|\n|win|practicesemijrlman\n|l|\u2606TG511\n|player|p2|\n", "uploadtime": 1745981940, "views": 29, "formatid": "gen9vgc2025regibo3", "rating": null, "private": 0, "password": null}