{"id": "gen9vgc2025regibo3-2354297774", "format": "[Gen 9] VGC 2025 Reg I (Bo3)", "players": ["tzarii", "luisecanonserna"], "log": "|j|\u2606tzarii\n|j|\u2606luisecanonserna\n|html|<table width=\"100%\"><tr><td align=\"left\">tzarii</td><td align=\"right\">luisecanonserna</tr><tr><td align=\"left\"><i class=\"fa fa-circle\"></i> <i class=\"fa fa-circle-o\"></i> </td><td align=\"right\"><i class=\"fa fa-circle-o\"></i> <i class=\"fa fa-circle\"></i> </tr></table>\n|uhtml|bestof|<h2><strong>Game 3</strong> of <a href=\"/game-bestof3-gen9vgc2025regibo3-2354291526\">a best-of-3</a></h2>\n|t:|1746054355\n|gametype|doubles\n|player|p1|tzarii|lady-gen4|1115\n|player|p2|luisecanonserna|101|1136\n|teamsize|p1|6\n|teamsize|p2|6\n|gen|9\n|tier|[Gen 9] VGC 2025 Reg I (Bo3)\n|rated|\n|rule|Species Clause: Limit one of each Pok\u00e9mon\n|rule|Item Clause: Limit 1 of each item\n|clearpoke\n|poke|p1|Koraidon, L50|\n|poke|p1|Groudon, L50|\n|poke|p1|Flutter Mane, L50|\n|poke|p1|Scovillain, L50, F|\n|poke|p1|Rillaboom, L50, F|\n|poke|p1|Scream Tail, L50|\n|poke|p2|Kyogre, L50|\n|poke|p2|Zacian-*, L50|\n|poke|p2|Rillaboom, L50, M|\n|poke|p2|Tornadus, L50, M|\n|poke|p2|Chien-Pao, L50|\n|poke|p2|Ogerpon-Hearthflame, L50, F|\n|teampreview|4\n|showteam|p1|Koraidon||ClearAmulet|OrichalcumPulse|FlameCharge,CloseCombat,FlareBlitz,Protect||||||50|,,,,,Fire]Groudon||AssaultVest|Drought|PrecipiceBlades,HeatCrash,RockSlide,HighHorsepower||||||50|,,,,,Water]Flutter Mane||FocusSash|Protosynthesis|Moonblast,IcyWind,ShadowBall,Protect||||||50|,,,,,Fairy]Scovillain||CovertCloak|Chlorophyll|Overheat,SpicyExtract,WillOWisp,ScaryFace|||F|||50|,,,,,Fire]Rillaboom||MiracleSeed|GrassySurge|FakeOut,GrassyGlide,WoodHammer,Protect|||F|||50|,,,,,Water]Scream Tail||RedCard|Protosynthesis|StealthRock,Encore,Disable,Protect||||||50|,,,,,Dark\n|showteam|p2|Kyogre||MysticWater|Drizzle|WaterSpout,OriginPulse,IceBeam,Protect||||||50|,,,,,Grass]Zacian-Crowned||RustedSword|IntrepidSword|behemothblade,PlayRough,SacredSword,Protect||||||50|,,,,,Water]Rillaboom||AssaultVest|GrassySurge|GrassyGlide,WoodHammer,FakeOut,Uturn|||M|||50|,,,,,Fire]Tornadus||CovertCloak|Prankster|BleakwindStorm,RainDance,Tailwind,Protect|||M|||50|,,,,,Dark]Chien-Pao||FocusSash|SwordofRuin|IcicleCrash,SuckerPunch,ThroatChop,Protect||||||50|,,,,,Ghost]Ogerpon-Hearthflame||HearthflameMask|MoldBreaker|IvyCudgel,FollowMe,SpikyShield,Encore|||F|||50|,,,,,Fire\n|\n|t:|1746054387\n|start\n|switch|p1a: Koraidon|Koraidon, L50|100/100\n|switch|p1b: Scovillain|Scovillain, L50, F|100/100\n|switch|p2a: Zacian|Zacian-Crowned, L50|100/100\n|switch|p2b: Rillaboom|Rillaboom, L50, M|100/100\n|-ability|p2a: Zacian|Intrepid Sword|boost\n|-boost|p2a: Zacian|atk|1\n|-weather|SunnyDay|[from] ability: Orichalcum Pulse|[of] p1a: Koraidon\n|-activate|p1a: Koraidon|Orichalcum Pulse|[source]\n|-fieldstart|move: Grassy Terrain|[from] ability: Grassy Surge|[of] p2b: Rillaboom\n|turn|1\n|inactive|Battle timer is ON: inactive players will automatically lose when time's up. (requested by tzarii)\n|inactive|luisecanonserna has 60 seconds left.\n|\n|t:|1746054429\n|switch|p2b: Kyogre|Kyogre, L50|100/100\n|-weather|RainDance|[from] ability: Drizzle|[of] p2b: Kyogre\n|move|p2a: Zacian|Protect|p2a: Zacian\n|-singleturn|p2a: Zacian|Protect\n|move|p1a: Koraidon|Protect|p1a: Koraidon\n|-singleturn|p1a: Koraidon|Protect\n|move|p1b: Scovillain|Overheat|p2b: Kyogre|[miss]\n|-miss|p1b: Scovillain|p2b: Kyogre\n|\n|-weather|RainDance|[upkeep]\n|upkeep\n|turn|2\n|inactive|luisecanonserna has 30 seconds left.\n|\n|t:|1746054455\n|switch|p1a: Groudon|Groudon, L50|100/100\n|-weather|SunnyDay|[from] ability: Drought|[of] p1a: Groudon\n|move|p1b: Scovillain|Overheat|p2a: Zacian|[miss]\n|-miss|p1b: Scovillain|p2a: Zacian\n|move|p2a: Zacian|Play Rough|p1a: Groudon\n|-damage|p1a: Groudon|48/100\n|move|p2b: Kyogre|Water Spout|p1b: Scovillain|[spread] p1a,p1b\n|-supereffective|p1a: Groudon\n|-damage|p1a: Groudon|10/100\n|-damage|p1b: Scovillain|30/100\n|\n|-weather|SunnyDay|[upkeep]\n|-heal|p1b: Scovillain|35/100|[from] Grassy Terrain\n|-heal|p1a: Groudon|16/100|[from] Grassy Terrain\n|upkeep\n|turn|3\n|inactive|luisecanonserna has 30 seconds left.\n|inactive|luisecanonserna has 20 seconds left.\n|inactive|luisecanonserna has 15 seconds left.\n|inactive|luisecanonserna has 10 seconds left.\n|inactive|luisecanonserna has 5 seconds left.\n|\n|t:|1746054505\n|switch|p1a: Rillaboom|Rillaboom, L50, F|100/100\n|-terastallize|p2a: Zacian|Water\n|move|p1b: Scovillain|Overheat|p2b: Kyogre\n|-resisted|p2b: Kyogre\n|-damage|p2b: Kyogre|68/100\n|-unboost|p1b: Scovillain|spa|2\n|move|p2a: Zacian|Behemoth Blade|p1a: Rillaboom\n|-damage|p1a: Rillaboom|29/100\n|move|p2b: Kyogre|Water Spout|p1b: Scovillain|[spread] p1a,p1b\n|-resisted|p1a: Rillaboom\n|-damage|p1a: Rillaboom|15/100\n|-damage|p1b: Scovillain|0 fnt\n|faint|p1b: Scovillain\n|\n|-weather|SunnyDay|[upkeep]\n|-heal|p2b: Kyogre|74/100|[from] Grassy Terrain\n|-heal|p1a: Rillaboom|20/100|[from] Grassy Terrain\n|upkeep\n|inactive|tzarii has 30 seconds left.\n|\n|t:|1746054531\n|switch|p1b: Koraidon|Koraidon, L50|100/100\n|-activate|p1b: Koraidon|ability: Orichalcum Pulse\n|turn|4\n|inactive|tzarii has 30 seconds left.\n|inactive|tzarii has 20 seconds left.\n|inactive|tzarii has 15 seconds left.\n|\n|t:|1746054575\n|switch|p2b: Tornadus|Tornadus, L50, M|100/100\n|-terastallize|p1b: Koraidon|Fire\n|move|p2a: Zacian|Protect|p2a: Zacian\n|-singleturn|p2a: Zacian|Protect\n|move|p1a: Rillaboom|Fake Out|p2a: Zacian\n|-activate|p2a: Zacian|move: Protect\n|move|p1b: Koraidon|Flame Charge|p2b: Tornadus\n|-damage|p2b: Tornadus|27/100\n|-boost|p1b: Koraidon|spe|1\n|\n|-weather|SunnyDay|[upkeep]\n|-heal|p1a: Rillaboom|26/100|[from] Grassy Terrain\n|upkeep\n|turn|5\n|inactive|tzarii has 30 seconds left.\n|inactive|luisecanonserna has 30 seconds left.\n|inactive|tzarii has 20 seconds left.\n|inactive|luisecanonserna has 20 seconds left.\n|inactive|tzarii has 15 seconds left.\n|inactive|luisecanonserna has 15 seconds left.\n|\n|t:|1746054619\n|move|p2b: Tornadus|Tailwind|p2b: Tornadus\n|-sidestart|p2: luisecanonserna|move: Tailwind\n|move|p1a: Rillaboom|Grassy Glide|p2a: Zacian\n|-supereffective|p2a: Zacian\n|-damage|p2a: Zacian|24/100\n|move|p2a: Zacian|Sacred Sword|p1b: Koraidon\n|-damage|p1b: Koraidon|57/100\n|move|p1b: Koraidon|Close Combat|p2a: Zacian\n|-damage|p2a: Zacian|0 fnt\n|-unboost|p1b: Koraidon|def|1\n|-unboost|p1b: Koraidon|spd|1\n|faint|p2a: Zacian\n|\n|-weather|SunnyDay|[upkeep]\n|-heal|p1b: Koraidon|64/100|[from] Grassy Terrain\n|-heal|p1a: Rillaboom|32/100|[from] Grassy Terrain\n|-fieldend|move: Grassy Terrain\n|upkeep\n|\n|t:|1746054640\n|switch|p2a: Kyogre|Kyogre, L50|74/100\n|-weather|RainDance|[from] ability: Drizzle|[of] p2a: Kyogre\n|turn|6\n|inactive|tzarii has 30 seconds left.\n|inactive|tzarii has 20 seconds left.\n|inactive|tzarii has 15 seconds left.\n|\n|t:|1746054680\n|move|p1b: Koraidon|Protect|p1b: Koraidon\n|-singleturn|p1b: Koraidon|Protect\n|move|p1a: Rillaboom|Protect|p1a: Rillaboom\n|-singleturn|p1a: Rillaboom|Protect\n|move|p2b: Tornadus|Rain Dance||[still]\n|-fail|p2b: Tornadus\n|move|p2a: Kyogre|Water Spout|p1a: Rillaboom|[spread] \n|-activate|p1a: Rillaboom|move: Protect\n|-activate|p1b: Koraidon|move: Protect\n|\n|-weather|RainDance|[upkeep]\n|upkeep\n|turn|7\n|inactive|tzarii has 30 seconds left.\n|\n|t:|1746054706\n|switch|p1a: Groudon|Groudon, L50|16/100\n|-weather|SunnyDay|[from] ability: Drought|[of] p1a: Groudon\n|move|p2b: Tornadus|Rain Dance|p2b: Tornadus\n|-weather|RainDance\n|move|p1b: Koraidon|Close Combat|p2a: Kyogre\n|-damage|p2a: Kyogre|16/100\n|-unboost|p1b: Koraidon|def|1\n|-unboost|p1b: Koraidon|spd|1\n|move|p2a: Kyogre|Water Spout|p1b: Koraidon|[spread] p1a,p1b\n|-supereffective|p1a: Groudon\n|-supereffective|p1b: Koraidon\n|-damage|p1a: Groudon|0 fnt\n|-damage|p1b: Koraidon|0 fnt\n|faint|p1a: Groudon\n|faint|p1b: Koraidon\n|\n|-weather|RainDance|[upkeep]\n|upkeep\n|\n|t:|1746054718\n|switch|p1b: Rillaboom|Rillaboom, L50, F|32/100\n|-fieldstart|move: Grassy Terrain|[from] ability: Grassy Surge|[of] p1b: Rillaboom\n|turn|8\n|\n|t:|1746054734\n|move|p1b: Rillaboom|Grassy Glide|p2b: Tornadus\n|-resisted|p2b: Tornadus\n|-damage|p2b: Tornadus|0 fnt\n|faint|p2b: Tornadus\n|move|p2a: Kyogre|Ice Beam|p1b: Rillaboom\n|-supereffective|p1b: Rillaboom\n|-damage|p1b: Rillaboom|0 fnt\n|faint|p1b: Rillaboom\n|\n|win|luisecanonserna\n|raw|tzarii's rating: 1115 &rarr; <strong>1092</strong><br />(-23 for losing)\n|raw|luisecanonserna's rating: 1136 &rarr; <strong>1159</strong><br />(+23 for winning)\n|l|\u2606tzarii\n|player|p1|\n", "uploadtime": 1746054766, "views": 7, "formatid": "gen9vgc2025regibo3", "rating": 1092, "private": 0, "password": null}