{"id": "gen9vgc2025regibo3-2353658799", "format": "[Gen 9] VGC 2025 Reg I (Bo3)", "players": ["woodswims", "Koke_915"], "log": "|j|\u2606woodswims\n|j|\u2606Koke_915\n|html|<table width=\"100%\"><tr><td align=\"left\">woodswims</td><td align=\"right\">Koke_915</tr><tr><td align=\"left\"><i class=\"fa fa-circle\"></i> <i class=\"fa fa-circle-o\"></i> </td><td align=\"right\"><i class=\"fa fa-circle-o\"></i> <i class=\"fa fa-circle\"></i> </tr></table>\n|uhtml|bestof|<h2><strong>Game 3</strong> of <a href=\"/game-bestof3-gen9vgc2025regibo3-2353654587\">a best-of-3</a></h2>\n|t:|1745980070\n|gametype|doubles\n|player|p1|woodswims|2|1073\n|player|p2|Koke_915|iris|1122\n|teamsize|p1|6\n|teamsize|p2|6\n|gen|9\n|tier|[Gen 9] VGC 2025 Reg I (Bo3)\n|rated|\n|rule|Species Clause: Limit one of each Pok\u00e9mon\n|rule|Item Clause: Limit 1 of each item\n|clearpoke\n|poke|p1|Miraidon, L50|\n|poke|p1|Ho-Oh, L50|\n|poke|p1|Whimsicott, L50, F|\n|poke|p1|Iron Hands, L50|\n|poke|p1|Chien-Pao, L50|\n|poke|p1|Farigiraf, L50, F|\n|poke|p2|Kyogre, L50|\n|poke|p2|Calyrex-Ice, L50|\n|poke|p2|Indeedee-F, L50, F|\n|poke|p2|Landorus, L50, M|\n|poke|p2|Ogerpon-Wellspring, L50, F|\n|poke|p2|Chi-Yu, L50|\n|teampreview|4\n|showteam|p1|Miraidon||ChoiceSpecs|HadronEngine|VoltSwitch,ElectroDrift,DazzlingGleam,DracoMeteor||||||50|,,,,,Fairy]Ho-Oh||ClearAmulet|Regenerator|SacredFire,BraveBird,Tailwind,Protect||||||50|,,,,,Steel]Whimsicott||CovertCloak|Prankster|Moonblast,SunnyDay,Tailwind,Encore|||F|||50|,,,,,Dark]Iron Hands||AssaultVest|QuarkDrive|DrainPunch,WildCharge,FakeOut,LowKick||||||50|,,,,,Water]Chien-Pao||FocusSash|SwordofRuin|IcicleCrash,SuckerPunch,LashOut,Protect||||||50|,,,,,Ghost]Farigiraf||ElectricSeed|ArmorTail|FoulPlay,HelpingHand,TrickRoom,PsychicNoise|||F|||50|,,,,,Fairy\n|showteam|p2|Kyogre||MysticWater|Drizzle|Thunder,OriginPulse,IceBeam,Protect||||||50|,,,,,Grass]Calyrex-Ice||ClearAmulet|AsOneGlastrier|GlacialLance,Protect,HighHorsepower,TrickRoom||||||50|,,,,,Normal]Indeedee-F||RockyHelmet|PsychicSurge|TrickRoom,HelpingHand,FollowMe,Protect|||F|||50|,,,,,Fairy]Landorus||LifeOrb|SheerForce|SandsearStorm,Psychic,Protect,EarthPower|||M|||50|,,,,,Water]Ogerpon-Wellspring||WellspringMask|WaterAbsorb|SpikyShield,IvyCudgel,WoodHammer,FollowMe|||F|||50|,,,,,Water]Chi-Yu||PowerLens|BeadsofRuin|HeatWave,Protect,Snarl,DarkPulse||||||50|,,,,,Ghost\n|\n|t:|1745980126\n|start\n|switch|p1a: Chien-Pao|Chien-Pao, L50|100/100\n|switch|p1b: Miraidon|Miraidon, L50|100/100\n|switch|p2a: Eduardo|Kyogre, L50|100/100\n|switch|p2b: Maid|Indeedee-F, L50, F|100/100\n|-ability|p1a: Chien-Pao|Sword of Ruin\n|-fieldstart|move: Electric Terrain|[from] ability: Hadron Engine|[of] p1b: Miraidon\n|-weather|RainDance|[from] ability: Drizzle|[of] p2a: Eduardo\n|-fieldstart|move: Psychic Terrain|[from] ability: Psychic Surge|[of] p2b: Maid\n|turn|1\n|\n|t:|1745980147\n|move|p2a: Eduardo|Protect|p2a: Eduardo\n|-singleturn|p2a: Eduardo|Protect\n|move|p1a: Chien-Pao|Lash Out|p2b: Maid\n|-supereffective|p2b: Maid\n|-damage|p2b: Maid|15/100\n|-damage|p1a: Chien-Pao|84/100|[from] item: Rocky Helmet|[of] p2b: Maid\n|move|p1b: Miraidon|Volt Switch|p2a: Eduardo\n|-activate|p2a: Eduardo|move: Protect\n|move|p2b: Maid|Trick Room|p2b: Maid\n|-fieldstart|move: Trick Room|[of] p2b: Maid\n|\n|-weather|RainDance|[upkeep]\n|upkeep\n|turn|2\n|\n|t:|1745980193\n|switch|p2b: Aladdin|Landorus, L50, M|100/100\n|-terastallize|p2a: Eduardo|Grass\n|move|p2a: Eduardo|Thunder|p1a: Chien-Pao\n|-damage|p1a: Chien-Pao|9/100\n|move|p1b: Miraidon|Volt Switch|p2a: Eduardo\n|-resisted|p2a: Eduardo\n|-damage|p2a: Eduardo|81/100\n|\n|t:|1745980210\n|switch|p1b: Iron Hands|Iron Hands, L50|100/100|[from] Volt Switch\n|move|p1a: Chien-Pao|Lash Out|p2a: Eduardo\n|-damage|p2a: Eduardo|39/100\n|\n|-weather|RainDance|[upkeep]\n|upkeep\n|turn|3\n|\n|t:|1745980264\n|move|p1a: Chien-Pao|Protect|p1a: Chien-Pao\n|-singleturn|p1a: Chien-Pao|Protect\n|move|p1b: Iron Hands|Fake Out|p2b: Aladdin\n|-hint|Psychic Terrain doesn't affect Pok\u00e9mon immune to Ground.\n|-damage|p2b: Aladdin|77/100\n|move|p2a: Eduardo|Thunder|p1b: Iron Hands\n|-resisted|p1b: Iron Hands\n|-damage|p1b: Iron Hands|89/100\n|cant|p2b: Aladdin|flinch\n|\n|-weather|RainDance|[upkeep]\n|upkeep\n|turn|4\n|\n|t:|1745980278\n|-end|p1b: Iron Hands|Quark Drive|[silent]\n|switch|p1b: Miraidon|Miraidon, L50|100/100\n|-fieldstart|move: Electric Terrain|[from] ability: Hadron Engine|[of] p1b: Miraidon\n|move|p1a: Chien-Pao|Sucker Punch|p2a: Eduardo\n|-damage|p2a: Eduardo|0 fnt\n|faint|p2a: Eduardo\n|move|p2b: Aladdin|Sandsear Storm|p1b: Miraidon|[spread] p1a,p1b\n|-supereffective|p1b: Miraidon\n|-damage|p1a: Chien-Pao|0 fnt\n|-damage|p1b: Miraidon|0 fnt\n|faint|p1a: Chien-Pao\n|faint|p1b: Miraidon\n|\n|-weather|RainDance|[upkeep]\n|upkeep\n|\n|t:|1745980290\n|switch|p2a: Maid|Indeedee-F, L50, F|15/100\n|switch|p1b: Iron Hands|Iron Hands, L50|89/100\n|switch|p1a: Ho-Oh|Ho-Oh, L50|100/100\n|-fieldstart|move: Psychic Terrain|[from] ability: Psychic Surge|[of] p2a: Maid\n|turn|5\n|\n|t:|1745980350\n|switch|p2b: ChikeenJockeyy!|Calyrex-Ice, L50|100/100\n|-ability|p2b: ChikeenJockeyy!|As One\n|-ability|p2b: ChikeenJockeyy!|Unnerve\n|move|p2a: Maid|Protect|p2a: Maid\n|-singleturn|p2a: Maid|Protect\n|move|p1b: Iron Hands|Fake Out|p2b: ChikeenJockeyy!\n|-activate|p2b: ChikeenJockeyy!|move: Psychic Terrain\n|move|p1a: Ho-Oh|Tailwind|p1a: Ho-Oh\n|-sidestart|p1: woodswims|move: Tailwind\n|\n|-weather|none\n|-fieldend|move: Trick Room\n|upkeep\n|turn|6\n|\n|t:|1745980382\n|move|p2a: Maid|Follow Me|p2a: Maid\n|-singleturn|p2a: Maid|move: Follow Me\n|move|p1a: Ho-Oh|Sacred Fire|p2a: Maid\n|-damage|p2a: Maid|0 fnt\n|faint|p2a: Maid\n|move|p1b: Iron Hands|Low Kick|p2b: ChikeenJockeyy!\n|-damage|p2b: ChikeenJockeyy!|58/100\n|move|p2b: ChikeenJockeyy!|Trick Room|p2b: ChikeenJockeyy!\n|-fieldstart|move: Trick Room|[of] p2b: ChikeenJockeyy!\n|\n|upkeep\n|\n|t:|1745980391\n|switch|p2a: Aladdin|Landorus, L50, M|77/100\n|turn|7\n|\n|t:|1745980430\n|-terastallize|p1b: Iron Hands|Water\n|move|p2b: ChikeenJockeyy!|Glacial Lance|p1a: Ho-Oh|[spread] p1a,p1b\n|-resisted|p1b: Iron Hands\n|-damage|p1a: Ho-Oh|53/100\n|-damage|p1b: Iron Hands|71/100\n|move|p2a: Aladdin|Earth Power|p1b: Iron Hands\n|-damage|p1b: Iron Hands|31/100\n|move|p1b: Iron Hands|Low Kick|p2b: ChikeenJockeyy!\n|-damage|p2b: ChikeenJockeyy!|19/100\n|move|p1a: Ho-Oh|Sacred Fire|p2b: ChikeenJockeyy!\n|-supereffective|p2b: ChikeenJockeyy!\n|-damage|p2b: ChikeenJockeyy!|0 fnt\n|faint|p2b: ChikeenJockeyy!\n|\n|upkeep\n|turn|8\n|\n|t:|1745980461\n|move|p2a: Aladdin|Earth Power|p1b: Iron Hands\n|-damage|p1b: Iron Hands|0 fnt\n|faint|p1b: Iron Hands\n|-end|p1b: Iron Hands|Quark Drive|[silent]\n|move|p1a: Ho-Oh|Sacred Fire|p2a: Aladdin\n|-damage|p2a: Aladdin|26/100\n|-status|p2a: Aladdin|brn\n|\n|-damage|p2a: Aladdin|20/100 brn|[from] brn\n|-sideend|p1: woodswims|move: Tailwind\n|upkeep\n|turn|9\n|\n|t:|1745980477\n|move|p2a: Aladdin|Psychic|p1a: Ho-Oh\n|-damage|p1a: Ho-Oh|21/100\n|move|p1a: Ho-Oh|Brave Bird|p2a: Aladdin\n|-damage|p2a: Aladdin|0 fnt\n|faint|p2a: Aladdin\n|-damage|p1a: Ho-Oh|16/100|[from] Recoil\n|\n|win|woodswims\n|raw|woodswims's rating: 1073 &rarr; <strong>1106</strong><br />(+33 for winning)\n|raw|Koke_915's rating: 1122 &rarr; <strong>1093</strong><br />(-29 for losing)\n", "uploadtime": 1745980485, "views": 10, "formatid": "gen9vgc2025regibo3", "rating": 1093, "private": 0, "password": null}