{"id": "gen9vgc2025regibo3-2354883690", "format": "[Gen 9] VGC 2025 Reg I (Bo3)", "players": ["sorecruiser", "evolt25269"], "log": "|j|\u2606sorecruiser\n|j|\u2606evolt25269\n|html|<table width=\"100%\"><tr><td align=\"left\">sorecruiser</td><td align=\"right\">evolt25269</tr><tr><td align=\"left\"><i class=\"fa fa-circle-o\"></i> <i class=\"fa fa-circle-o\"></i> </td><td align=\"right\"><i class=\"fa fa-circle-o\"></i> <i class=\"fa fa-circle-o\"></i> </tr></table>\n|uhtml|bestof|<h2><strong>Game 1</strong> of <a href=\"/game-bestof3-gen9vgc2025regibo3-2354883689\">a best-of-3</a></h2>\n|t:|1746128294\n|gametype|doubles\n|player|p1|sorecruiser|170|1097\n|player|p2|evolt25269|dancer|1157\n|teamsize|p1|6\n|teamsize|p2|6\n|gen|9\n|tier|[Gen 9] VGC 2025 Reg I (Bo3)\n|rated|\n|rule|Species Clause: Limit one of each Pok\u00e9mon\n|rule|Item Clause: Limit 1 of each item\n|clearpoke\n|poke|p1|Calyrex-Shadow, L50|\n|poke|p1|Whimsicott, L50, M|\n|poke|p1|Rillaboom, L50, M|\n|poke|p1|Koraidon, L50|\n|poke|p1|Farigiraf, L50, F|\n|poke|p1|Chi-Yu, L50|\n|poke|p2|Lunala, L50|\n|poke|p2|Miraidon, L50|\n|poke|p2|Urshifu-*, L50, F|\n|poke|p2|Incineroar, L50, F|\n|poke|p2|Whimsicott, L50, M|\n|poke|p2|Ursaluna, L50, F|\n|teampreview|4\n|showteam|p1|Calyrex-Shadow||FocusSash|AsOneSpectrier|AstralBarrage,Psyshock,PollenPuff,Protect||||||50|,,,,,Ghost]Whimsicott||CovertCloak|Prankster|Tailwind,Encore,LightScreen,Moonblast|||M|||50|,,,,,Dark]Rillaboom||AssaultVest|GrassySurge|Uturn,GrassyGlide,WoodHammer,FakeOut|||M|||50|,,,,,Water]Koraidon||ClearAmulet|OrichalcumPulse|FlareBlitz,CollisionCourse,FlameCharge,Protect||||||50|,,,,,Fire]Farigiraf||SafetyGoggles|ArmorTail|PsychicNoise,FoulPlay,HelpingHand,TrickRoom|||F|||50|,,,,,Water]Chi-Yu||ChoiceScarf|BeadsofRuin|Snarl,Overheat,DarkPulse,HeatWave||||||50|,,,,,Ghost\n|showteam|p2|Lunala||Leftovers|ShadowShield|MoongeistBeam,Psyshock,WideGuard,TrickRoom||||||50|,,,,,Water]Miraidon||ChoiceSpecs|HadronEngine|ElectroDrift,VoltSwitch,DracoMeteor,DazzlingGleam||||||50|,,,,,Fairy]Urshifu-Rapid-Strike||MysticWater|UnseenFist|SurgingStrikes,AquaJet,Taunt,Detect|||F|||50|,,,,,Water]Incineroar||AssaultVest|Intimidate|FlareBlitz,KnockOff,Uturn,FakeOut|||F|||50|,,,,,Water]Whimsicott||FocusSash|Prankster|Moonblast,Tailwind,Protect,Encore|||M|||50|,,,,,Ghost]Ursaluna||FlameOrb|Guts|Facade,Earthquake,HeadlongRush,Protect|||F|||50|,,,,,Fairy\n|inactive|Battle timer is ON: inactive players will automatically lose when time's up. (requested by evolt25269)\n|inactive|sorecruiser has 60 seconds left.\n|inactive|evolt25269 has 60 seconds left.\n|\n|t:|1746128350\n|start\n|switch|p1a: Rillaboom|Rillaboom, L50, M|100/100\n|switch|p1b: Chi-Yu|Chi-Yu, L50|100/100\n|switch|p2a: Miraidon|Miraidon, L50|100/100\n|switch|p2b: Whimsicott|Whimsicott, L50, M|100/100\n|-ability|p1b: Chi-Yu|Beads of Ruin\n|-fieldstart|move: Electric Terrain|[from] ability: Hadron Engine|[of] p2a: Miraidon\n|-fieldstart|move: Grassy Terrain|[from] ability: Grassy Surge|[of] p1a: Rillaboom\n|turn|1\n|inactive|sorecruiser has 30 seconds left.\n|inactive|evolt25269 has 30 seconds left.\n|\n|t:|1746128384\n|switch|p2a: Ursaluna|Ursaluna, L50, F|100/100\n|move|p1a: Rillaboom|Fake Out|p2b: Whimsicott\n|-damage|p2b: Whimsicott|80/100\n|cant|p2b: Whimsicott|flinch\n|move|p1b: Chi-Yu|Heat Wave|p2b: Whimsicott|[spread] p2a,p2b\n|-supereffective|p2b: Whimsicott\n|-damage|p2a: Ursaluna|45/100\n|-damage|p2b: Whimsicott|0 fnt\n|faint|p2b: Whimsicott\n|\n|-heal|p2a: Ursaluna|51/100|[from] Grassy Terrain\n|-status|p2a: Ursaluna|brn|[from] item: Flame Orb\n|upkeep\n|\n|t:|1746128400\n|switch|p2b: Lunala|Lunala, L50|100/100\n|turn|2\n|\n|t:|1746128421\n|move|p2a: Ursaluna|Protect|p2a: Ursaluna\n|-singleturn|p2a: Ursaluna|Protect\n|move|p1a: Rillaboom|Grassy Glide|p2a: Ursaluna\n|-activate|p2a: Ursaluna|move: Protect\n|move|p1b: Chi-Yu|Heat Wave|p2a: Ursaluna|[spread] \n|-activate|p2a: Ursaluna|move: Protect\n|-miss|p1b: Chi-Yu|p2b: Lunala\n|move|p2b: Lunala|Trick Room|p2b: Lunala\n|-fieldstart|move: Trick Room|[of] p2b: Lunala\n|\n|-heal|p2a: Ursaluna|57/100 brn|[from] Grassy Terrain\n|-damage|p2a: Ursaluna|51/100 brn|[from] brn\n|upkeep\n|turn|3\n|c|\u2606evolt25269|sorry\n|\n|t:|1746128441\n|switch|p2b: Miraidon|Miraidon, L50|100/100\n|-fieldstart|move: Electric Terrain|[from] ability: Hadron Engine|[of] p2b: Miraidon\n|-terastallize|p1b: Chi-Yu|Ghost\n|move|p2a: Ursaluna|Facade|p1a: Rillaboom\n|-damage|p1a: Rillaboom|0 fnt\n|faint|p1a: Rillaboom\n|move|p1b: Chi-Yu|Heat Wave|p2a: Ursaluna|[spread] p2a,p2b\n|-resisted|p2b: Miraidon\n|-damage|p2a: Ursaluna|0 fnt\n|-damage|p2b: Miraidon|77/100\n|faint|p2a: Ursaluna\n|\n|upkeep\n|\n|t:|1746128455\n|switch|p2a: Lunala|Lunala, L50|100/100\n|switch|p1a: Farigiraf|Farigiraf, L50, F|100/100\n|turn|4\n|c|\u2606sorecruiser|for what?\n|c|\u2606evolt25269|the miss\n|c|\u2606sorecruiser|that's the game we play\n|c|\u2606sorecruiser|no need to apologize\n|inactive|sorecruiser has 30 seconds left.\n|\n|t:|1746128481\n|move|p1a: Farigiraf|Psychic Noise|p2b: Miraidon\n|-damage|p2b: Miraidon|44/100\n|-start|p2b: Miraidon|move: Heal Block\n|move|p2a: Lunala|Moongeist Beam|p1b: Chi-Yu\n|-supereffective|p1b: Chi-Yu\n|-damage|p1b: Chi-Yu|0 fnt\n|faint|p1b: Chi-Yu\n|move|p2b: Miraidon|Electro Drift|p1a: Farigiraf\n|-damage|p1a: Farigiraf|0 fnt\n|faint|p1a: Farigiraf\n|\n|upkeep\n|c|\u2606evolt25269|I like people with that mindset\n|c|\u2606sorecruiser|thanks\n|c|\u2606sorecruiser|ultimately I was kinda hosed there I supposed\n|\n|t:|1746128504\n|switch|p1a: Koraidon|Koraidon, L50|100/100\n|-weather|SunnyDay|[from] ability: Orichalcum Pulse|[of] p1a: Koraidon\n|-activate|p1a: Koraidon|Orichalcum Pulse|[source]\n|turn|5\n|c|\u2606evolt25269|I have had ops who have screamed at me and report me for an attack missing\n|\n|t:|1746128513\n|move|p1a: Koraidon|Protect|p1a: Koraidon\n|-singleturn|p1a: Koraidon|Protect\n|move|p2a: Lunala|Psyshock|p1a: Koraidon\n|-activate|p1a: Koraidon|move: Protect\n|move|p2b: Miraidon|Electro Drift|p1a: Koraidon\n|-activate|p1a: Koraidon|move: Protect\n|\n|-weather|SunnyDay|[upkeep]\n|-end|p2b: Miraidon|move: Heal Block\n|upkeep\n|turn|6\n|c|\u2606sorecruiser|lmao people are nuts\n|c|\u2606evolt25269|ya fr\n|c|\u2606evolt25269|also have u any idea how i can improve my team?\n|inactive|evolt25269 has 30 seconds left.\n|\n|t:|1746128539\n|move|p1a: Koraidon|Protect|p1a: Koraidon\n|-singleturn|p1a: Koraidon|Protect\n|move|p2a: Lunala|Psyshock|p1a: Koraidon\n|-activate|p1a: Koraidon|move: Protect\n|move|p2b: Miraidon|Electro Drift|p1a: Koraidon\n|-activate|p1a: Koraidon|move: Protect\n|\n|-weather|SunnyDay|[upkeep]\n|-fieldend|move: Trick Room\n|upkeep\n|turn|7\n|c|\u2606sorecruiser|give me until after the set is over and I'll let ya know\n|c|\u2606evolt25269|kk\n|\n|t:|1746128560\n|-terastallize|p2a: Lunala|Water\n|move|p1a: Koraidon|Collision Course|p2b: Miraidon\n|-damage|p2b: Miraidon|0 fnt\n|faint|p2b: Miraidon\n|move|p2a: Lunala|Trick Room|p2a: Lunala\n|-fieldstart|move: Trick Room|[of] p2a: Lunala\n|\n|-weather|SunnyDay|[upkeep]\n|-fieldend|move: Electric Terrain\n|upkeep\n|turn|8\n|\n|t:|1746128573\n|move|p2a: Lunala|Psyshock|p1a: Koraidon\n|-supereffective|p1a: Koraidon\n|-damage|p1a: Koraidon|15/100\n|move|p1a: Koraidon|Collision Course|p2a: Lunala\n|-damage|p2a: Lunala|73/100\n|\n|-weather|SunnyDay|[upkeep]\n|-heal|p2a: Lunala|79/100|[from] item: Leftovers\n|upkeep\n|turn|9\n|\n|t:|1746128583\n|move|p1a: Koraidon|Protect|p1a: Koraidon\n|-singleturn|p1a: Koraidon|Protect\n|move|p2a: Lunala|Psyshock|p1a: Koraidon\n|-activate|p1a: Koraidon|move: Protect\n|\n|-weather|none\n|-heal|p2a: Lunala|85/100|[from] item: Leftovers\n|upkeep\n|turn|10\n|c|\u2606sorecruiser|this is very much gg\n|c|\u2606evolt25269|triple protect xD\n|c|\u2606sorecruiser|but I'm going for the triple anyway\n|\n|t:|1746128597\n|move|p1a: Koraidon|Protect||[still]\n|-fail|p1a: Koraidon\n|move|p2a: Lunala|Psyshock|p1a: Koraidon\n|-supereffective|p1a: Koraidon\n|-damage|p1a: Koraidon|0 fnt\n|faint|p1a: Koraidon\n|\n|win|evolt25269\n", "uploadtime": 1746128599, "views": 18, "formatid": "gen9vgc2025regibo3", "rating": null, "private": 0, "password": null}