{"id": "gen9vgc2025regibo3-2354201876", "format": "[Gen 9] VGC 2025 Reg I (Bo3)", "players": ["Crafter568", "gravler07"], "log": "|j|\u2606Crafter568\n|j|\u2606gravler07\n|html|<table width=\"100%\"><tr><td align=\"left\">Crafter568</td><td align=\"right\">gravler07</tr><tr><td align=\"left\"><i class=\"fa fa-circle\"></i> <i class=\"fa fa-circle-o\"></i> </td><td align=\"right\"><i class=\"fa fa-circle-o\"></i> <i class=\"fa fa-circle-o\"></i> </tr></table>\n|uhtml|bestof|<h2><strong>Game 2</strong> of <a href=\"/game-bestof3-gen9vgc2025regibo3-2354199197\">a best-of-3</a></h2>\n|t:|1746044132\n|gametype|doubles\n|player|p1|Crafter568|steven|1174\n|player|p2|gravler07|blackbelt-gen4dp|1123\n|teamsize|p1|6\n|teamsize|p2|6\n|gen|9\n|tier|[Gen 9] VGC 2025 Reg I (Bo3)\n|rated|\n|rule|Species Clause: Limit one of each Pok\u00e9mon\n|rule|Item Clause: Limit 1 of each item\n|clearpoke\n|poke|p1|Calyrex-Shadow, L50|\n|poke|p1|Zamazenta-*, L50|\n|poke|p1|Indeedee-F, L50, F|\n|poke|p1|Ogerpon-Wellspring, L50, F|\n|poke|p1|Chi-Yu, L50|\n|poke|p1|Iron Hands, L50|\n|poke|p2|Calyrex-Ice, L50|\n|poke|p2|Rhydon, L50, M|\n|poke|p2|Ogerpon-Wellspring, L50, F|\n|poke|p2|Zoroark-Hisui, L50, M|\n|poke|p2|Tornadus, L50, M|\n|poke|p2|Zamazenta-*, L50|\n|teampreview|4\n|showteam|p1|Calyrex-Shadow||FocusSash|AsOneSpectrier|AstralBarrage,ExpandingForce,TeraBlast,Protect||||||50|,,,,,Fairy]Zamazenta-Crowned||RustedShield|DauntlessShield|BodyPress,HeavySlam,WideGuard,Protect||||||50|,,,,,Dragon]Indeedee-F||PsychicSeed|PsychicSurge|FollowMe,HelpingHand,TrickRoom,Protect|||F|||50|,,,,,Fairy]Ogerpon-Wellspring||WellspringMask|WaterAbsorb|IvyCudgel,HornLeech,SpikyShield,FollowMe|||F|||50|,,,,,Water]Chi-Yu||ChoiceScarf|BeadsofRuin|HeatWave,DarkPulse,Snarl,Overheat||||||50|,,,,,Ghost]Iron Hands||AssaultVest|QuarkDrive|FakeOut,DrainPunch,WildCharge,LowKick||||||50|,,,,,Water\n|showteam|p2|Calyrex-Ice||ClearAmulet|AsOneGlastrier|GlacialLance,HighHorsepower,TrickRoom,Protect||||||50|,,,,,Fire]Rhydon||Eviolite|LightningRod|HighHorsepower,Endure,BreakingSwipe,Roar|||M|||50|,,,,,Fairy]Ogerpon-Wellspring||WellspringMask|WaterAbsorb|FollowMe,HornLeech,IvyCudgel,SpikyShield|||F|||50|,,,,,Water]Zoroark-Hisui||FocusSash|Illusion|HyperVoice,ShadowBall,BrickBreak,NastyPlot|||M|||50|,,,,,Normal]Tornadus||CovertCloak|Prankster|BleakwindStorm,Snowscape,Tailwind,Taunt|||M|||50|,,,,,Dark]Zamazenta-Crowned||RustedShield|DauntlessShield|BodyPress,behemothbash,WideGuard,IronDefense||||||50|,,,,,Grass\n|\n|t:|1746044160\n|start\n|switch|p1a: Chi-Yu|Chi-Yu, L50|100/100\n|switch|p1b: Zamazenta|Zamazenta-Crowned, L50|100/100\n|switch|p2a: Tornadus|Tornadus, L50, M|100/100\n|switch|p2b: Calyrex|Calyrex-Ice, L50|100/100\n|-ability|p2b: Calyrex|As One\n|-ability|p2b: Calyrex|Unnerve\n|-ability|p1a: Chi-Yu|Beads of Ruin\n|-ability|p1b: Zamazenta|Dauntless Shield|boost\n|-boost|p1b: Zamazenta|def|1\n|turn|1\n|\n|t:|1746044194\n|-terastallize|p2b: Calyrex|Fire\n|move|p1a: Chi-Yu|Heat Wave|p2b: Calyrex|[spread] p2b\n|-miss|p1a: Chi-Yu|p2a: Tornadus\n|-resisted|p2b: Calyrex\n|-damage|p2b: Calyrex|81/100\n|move|p1b: Zamazenta|Heavy Slam|p2b: Calyrex\n|-resisted|p2b: Calyrex\n|-damage|p2b: Calyrex|75/100\n|move|p2a: Tornadus|Bleakwind Storm|p1b: Zamazenta|[spread] p1a\n|-miss|p2a: Tornadus|p1b: Zamazenta\n|-damage|p1a: Chi-Yu|59/100\n|move|p2b: Calyrex|Trick Room|p2b: Calyrex\n|-fieldstart|move: Trick Room|[of] p2b: Calyrex\n|\n|upkeep\n|turn|2\n|\n|t:|1746044229\n|switch|p1a: Indeedee|Indeedee-F, L50, F|100/100\n|-fieldstart|move: Psychic Terrain|[from] ability: Psychic Surge|[of] p1a: Indeedee\n|-enditem|p1a: Indeedee|Psychic Seed\n|-boost|p1a: Indeedee|spd|1|[from] item: Psychic Seed\n|move|p2b: Calyrex|Protect|p2b: Calyrex\n|-singleturn|p2b: Calyrex|Protect\n|move|p2a: Tornadus|Bleakwind Storm|p1b: Zamazenta|[spread] p1a,p1b\n|-damage|p1a: Indeedee|77/100\n|-damage|p1b: Zamazenta|72/100\n|move|p1b: Zamazenta|Body Press|p2b: Calyrex\n|-activate|p2b: Calyrex|move: Protect\n|\n|upkeep\n|turn|3\n|\n|t:|1746044253\n|switch|p2a: Zamazenta|Zamazenta-Crowned, L50|100/100\n|-ability|p2a: Zamazenta|Dauntless Shield|boost\n|-boost|p2a: Zamazenta|def|1\n|move|p1b: Zamazenta|Wide Guard|p1b: Zamazenta\n|-singleturn|p1b: Zamazenta|Wide Guard\n|move|p2b: Calyrex|High Horsepower|p1b: Zamazenta\n|-supereffective|p1b: Zamazenta\n|-damage|p1b: Zamazenta|39/100\n|move|p1a: Indeedee|Trick Room|p1a: Indeedee\n|-fieldend|move: Trick Room\n|\n|upkeep\n|turn|4\n|\n|t:|1746044288\n|switch|p2a: Tornadus|Tornadus, L50, M|100/100\n|move|p2b: Calyrex|Protect|p2b: Calyrex\n|-singleturn|p2b: Calyrex|Protect\n|move|p1a: Indeedee|Follow Me|p1a: Indeedee\n|-singleturn|p1a: Indeedee|move: Follow Me\n|move|p1b: Zamazenta|Body Press|p2a: Tornadus\n|-resisted|p2a: Tornadus\n|-damage|p2a: Tornadus|64/100\n|\n|upkeep\n|turn|5\n|\n|t:|1746044311\n|move|p1a: Indeedee|Helping Hand|p1b: Zamazenta\n|-singleturn|p1b: Zamazenta|Helping Hand|[of] p1a: Indeedee\n|move|p2a: Tornadus|Tailwind|p2a: Tornadus\n|-sidestart|p2: gravler07|move: Tailwind\n|move|p1b: Zamazenta|Body Press|p2b: Calyrex\n|-damage|p2b: Calyrex|11/100\n|move|p2b: Calyrex|Glacial Lance|p1a: Indeedee|[spread] p1a,p1b\n|-resisted|p1b: Zamazenta\n|-damage|p1a: Indeedee|21/100\n|-damage|p1b: Zamazenta|27/100\n|\n|upkeep\n|turn|6\n|\n|t:|1746044334\n|move|p2b: Calyrex|Protect|p2b: Calyrex\n|-singleturn|p2b: Calyrex|Protect\n|move|p1b: Zamazenta|Wide Guard|p1b: Zamazenta\n|-singleturn|p1b: Zamazenta|Wide Guard\n|move|p2a: Tornadus|Bleakwind Storm|p1b: Zamazenta|[spread] \n|-activate|p1a: Indeedee|move: Wide Guard\n|-activate|p1b: Zamazenta|move: Wide Guard\n|move|p1a: Indeedee|Trick Room|p1a: Indeedee\n|-fieldstart|move: Trick Room|[of] p1a: Indeedee\n|\n|-fieldend|move: Psychic Terrain\n|upkeep\n|turn|7\n|\n|t:|1746044365\n|switch|p1a: Chi-Yu|Chi-Yu, L50|59/100\n|-ability|p1a: Chi-Yu|Beads of Ruin\n|switch|p2b: Ogerpon|Ogerpon-Wellspring, L50, F|100/100\n|move|p1b: Zamazenta|Wide Guard|p1b: Zamazenta\n|-singleturn|p1b: Zamazenta|Wide Guard\n|move|p2a: Tornadus|Bleakwind Storm|p1a: Chi-Yu|[spread] \n|-activate|p1a: Chi-Yu|move: Wide Guard\n|-activate|p1b: Zamazenta|move: Wide Guard\n|\n|upkeep\n|turn|8\n|\n|t:|1746044405\n|move|p2b: Ogerpon|Spiky Shield|p2b: Ogerpon\n|-singleturn|p2b: Ogerpon|move: Protect\n|move|p2a: Tornadus|Taunt|p1b: Zamazenta\n|-start|p1b: Zamazenta|move: Taunt\n|move|p1b: Zamazenta|Body Press|p2a: Tornadus\n|-resisted|p2a: Tornadus\n|-damage|p2a: Tornadus|28/100\n|move|p1a: Chi-Yu|Heat Wave|p2b: Ogerpon|[spread] p2a\n|-activate|p2b: Ogerpon|move: Protect\n|-damage|p2a: Tornadus|0 fnt\n|faint|p2a: Tornadus\n|\n|-sideend|p2: gravler07|move: Tailwind\n|upkeep\n|\n|t:|1746044419\n|switch|p2a: Zamazenta|Zamazenta-Crowned, L50|100/100\n|turn|9\n|\n|t:|1746044448\n|switch|p1b: Indeedee|Indeedee-F, L50, F|21/100\n|-fieldstart|move: Psychic Terrain|[from] ability: Psychic Surge|[of] p1b: Indeedee\n|move|p2b: Ogerpon|Ivy Cudgel|p1a: Chi-Yu|[anim] Ivy Cudgel Water\n|-supereffective|p1a: Chi-Yu\n|-damage|p1a: Chi-Yu|0 fnt\n|faint|p1a: Chi-Yu\n|move|p2a: Zamazenta|Body Press|p1b: Indeedee\n|-damage|p1b: Indeedee|0 fnt\n|faint|p1b: Indeedee\n|\n|upkeep\n|\n|t:|1746044461\n|switch|p1b: Calyrex|Calyrex-Shadow, L50|100/100\n|switch|p1a: Zamazenta|Zamazenta-Crowned, L50|27/100\n|-ability|p1b: Calyrex|As One\n|-ability|p1b: Calyrex|Unnerve\n|turn|10\n|\n|t:|1746044471\n|move|p1a: Zamazenta|Protect|p1a: Zamazenta\n|-singleturn|p1a: Zamazenta|Protect\n|move|p1b: Calyrex|Protect|p1b: Calyrex\n|-singleturn|p1b: Calyrex|Protect\n|move|p2a: Zamazenta|Wide Guard|p2a: Zamazenta\n|-singleturn|p2a: Zamazenta|Wide Guard\n|move|p2b: Ogerpon|Ivy Cudgel|p1b: Calyrex|[anim] Ivy Cudgel Water\n|-activate|p1b: Calyrex|move: Protect\n|\n|-fieldend|move: Trick Room\n|upkeep\n|turn|11\n|\n|t:|1746044517\n|-terastallize|p1a: Zamazenta|Dragon\n|move|p2a: Zamazenta|Wide Guard|p2a: Zamazenta\n|-singleturn|p2a: Zamazenta|Wide Guard\n|move|p1b: Calyrex|Expanding Force|p2b: Ogerpon|[spread] \n|-activate|p2a: Zamazenta|move: Wide Guard\n|-activate|p2b: Ogerpon|move: Wide Guard\n|move|p1a: Zamazenta|Body Press|p2b: Ogerpon\n|-damage|p2b: Ogerpon|50/100\n|move|p2b: Ogerpon|Ivy Cudgel|p1b: Calyrex|[anim] Ivy Cudgel Water\n|-damage|p1b: Calyrex|32/100\n|\n|upkeep\n|turn|12\n|\n|t:|1746044539\n|move|p2b: Ogerpon|Spiky Shield|p2b: Ogerpon\n|-singleturn|p2b: Ogerpon|move: Protect\n|move|p1b: Calyrex|Expanding Force|p2a: Zamazenta|[spread] p2a\n|-activate|p2b: Ogerpon|move: Protect\n|-damage|p2a: Zamazenta|47/100\n|move|p1a: Zamazenta|Body Press|p2b: Ogerpon\n|-activate|p2b: Ogerpon|move: Protect\n|-damage|p1a: Zamazenta|14/100|[from] Spiky Shield|[of] p2b: Ogerpon\n|move|p2a: Zamazenta|Behemoth Bash|p1b: Calyrex\n|-damage|p1b: Calyrex|0 fnt\n|faint|p1b: Calyrex\n|\n|upkeep\n|turn|13\n|-message|Crafter568 forfeited.\n|\n|win|gravler07\n|l|\u2606Crafter568\n|player|p1|\n||gravler07 is ready for game 3.\n|j|\u2606Crafter568\n|player|p1|Crafter568|steven|\n|inactive|Crafter568 has 30 seconds to confirm battle start!\n|inactive|Crafter568 has 20 seconds to confirm battle start!\n||Crafter568 is ready for game 3.\n|uhtml|next|Next: <a href=\"/battle-gen9vgc2025regibo3-2354206329\"><strong>Game 3 of 3</strong></a>\n|l|\u2606gravler07\n|player|p2|\n|l|\u2606Crafter568\n|player|p1|\n", "uploadtime": 1746044931, "views": 6, "formatid": "gen9vgc2025regibo3", "rating": null, "private": 0, "password": null}