{"id": "gen9vgc2025regibo3-2354864805", "format": "[Gen 9] VGC 2025 Reg I (Bo3)", "players": ["Hellino", "Lux021"], "log": "|j|\u2606Hellino\n|j|\u2606Lux021\n|html|<table width=\"100%\"><tr><td align=\"left\">Hellino</td><td align=\"right\">Lux021</tr><tr><td align=\"left\"><i class=\"fa fa-circle-o\"></i> <i class=\"fa fa-circle-o\"></i> </td><td align=\"right\"><i class=\"fa fa-circle-o\"></i> <i class=\"fa fa-circle-o\"></i> </tr></table>\n|uhtml|bestof|<h2><strong>Game 1</strong> of <a href=\"/game-bestof3-gen9vgc2025regibo3-2354864804\">a best-of-3</a></h2>\n|t:|1746126508\n|gametype|doubles\n|player|p1|Hellino|harlequin|\n|player|p2|Lux021|101|\n|teamsize|p1|6\n|teamsize|p2|6\n|gen|9\n|tier|[Gen 9] VGC 2025 Reg I (Bo3)\n|rule|Species Clause: Limit one of each Pok\u00e9mon\n|rule|Item Clause: Limit 1 of each item\n|clearpoke\n|poke|p1|Ariados, L50, F|\n|poke|p1|Basculin, L50, M|\n|poke|p1|Oinkologne, L50, M|\n|poke|p1|Brambleghast, L50, F|\n|poke|p1|Probopass, L50, M|\n|poke|p1|Grumpig, L50, M|\n|poke|p2|Abomasnow, L50, F|\n|poke|p2|Ribombee, L50, M|\n|poke|p2|Minun, L50, F|\n|poke|p2|Dugtrio, L50, M|\n|poke|p2|Flareon, L50, M|\n|poke|p2|Bruxish, L50, F|\n|teampreview|4\n|showteam|p1|Ariados||FocusSash|Sniper|PoisonJab,KnockOff,Protect,XScissor|||F|||50|,,,,,Bug]Basculin||SitrusBerry|Adaptability|AquaJet,Waterfall,Crunch,Endeavor|||M|||50|,,,,,Water]Oinkologne||ChestoBerry|LingeringAroma|BodySlam,Trailblaze,Rest,Yawn|||M|||50|,,,,,Normal]Brambleghast||LifeOrb|WindRider|ShadowSneak,PhantomForce,SeedBomb,PainSplit|||F|||50|,,,,,Grass]Probopass||Leftovers|Sturdy|StealthRock,EarthPower,PainSplit,Thunderbolt|||M|||50|,,,,,Rock]Grumpig||AssaultVest|ThickFat|Psychic,ChillingWater,ShadowBall,EarthPower|||M|||50|,,,,,Psychic\n|showteam|p2|Abomasnow||RockyHelmet|SnowWarning|Blizzard,GigaDrain,Earthquake,Substitute|||F|||50|,,,,,Grass]Ribombee||ChoiceSpecs|ShieldDust|Moonblast,BugBuzz,Uturn,Psychic|||M|||50|,,,,,Bug]Minun||LifeOrb|VoltAbsorb|NastyPlot,Thunderbolt,GrassKnot,Substitute|||F|||50|,,,,,Electric]Dugtrio||FocusSash|SandForce|Earthquake,NightSlash,StealthRock,Memento|||M|||50|,,,,,Ground]Flareon||ChoiceScarf|FlashFire|FlareBlitz,Protect,DoubleEdge,QuickAttack|||M|||50|,,,,,Fire]Bruxish||ChoiceBand|StrongJaw|PsychicFangs,AquaJet,Liquidation,Crunch|||F|||50|,,,,,Water\n|\n|t:|1746126578\n|start\n|switch|p1a: Probopass|Probopass, L50, M|100/100\n|switch|p1b: Basculin|Basculin, L50, M|100/100\n|switch|p2a: Flareon|Flareon, L50, M|100/100\n|switch|p2b: Abomasnow|Abomasnow, L50, F|100/100\n|-weather|Snowscape|[from] ability: Snow Warning|[of] p2b: Abomasnow\n|turn|1\n|\n|t:|1746126612\n|-terastallize|p2a: Flareon|Fire\n|move|p2a: Flareon|Protect|p2a: Flareon\n|-singleturn|p2a: Flareon|Protect\n|move|p1b: Basculin|Aqua Jet|p2a: Flareon\n|-activate|p2a: Flareon|move: Protect\n|move|p2b: Abomasnow|Giga Drain|p1b: Basculin\n|-supereffective|p1b: Basculin\n|-damage|p1b: Basculin|0 fnt\n|faint|p1b: Basculin\n|move|p1a: Probopass|Earth Power|p2a: Flareon\n|-activate|p2a: Flareon|move: Protect\n|\n|-weather|Snowscape|[upkeep]\n|upkeep\n|\n|t:|1746126636\n|switch|p1b: Oinkologne|Oinkologne, L50, M|100/100\n|turn|2\n|\n|t:|1746126674\n|switch|p2a: Bruxish|Bruxish, L50, F|100/100\n|move|p1b: Oinkologne|Yawn|p2b: Abomasnow\n|-start|p2b: Abomasnow|move: Yawn|[of] p1b: Oinkologne\n|move|p2b: Abomasnow|Substitute|p2b: Abomasnow\n|-start|p2b: Abomasnow|Substitute\n|-damage|p2b: Abomasnow|76/100\n|move|p1a: Probopass|Earth Power|p2a: Bruxish\n|-damage|p2a: Bruxish|71/100\n|\n|-weather|Snowscape|[upkeep]\n|upkeep\n|turn|3\n|\n|t:|1746126698\n|move|p2a: Bruxish|Crunch|p1b: Oinkologne\n|-damage|p1b: Oinkologne|26/100\n|-unboost|p1b: Oinkologne|def|1\n|-activate|p1b: Oinkologne|ability: Lingering Aroma|Strong Jaw|[of] p2a: Bruxish\n|move|p1b: Oinkologne|Trailblaze|p2a: Bruxish\n|-supereffective|p2a: Bruxish\n|-damage|p2a: Bruxish|15/100\n|-boost|p1b: Oinkologne|spe|1\n|move|p2b: Abomasnow|Earthquake|p1a: Probopass|[spread] p2a,p1a,p1b\n|-supereffective|p1a: Probopass\n|-crit|p1a: Probopass\n|-damage|p2a: Bruxish|0 fnt\n|-damage|p1a: Probopass|36/100\n|-damage|p1b: Oinkologne|0 fnt\n|faint|p2a: Bruxish\n|faint|p1b: Oinkologne\n|move|p1a: Probopass|Thunderbolt|p2b: Abomasnow\n|-resisted|p2b: Abomasnow\n|-activate|p2b: Abomasnow|move: Substitute|[damage]\n|\n|-weather|Snowscape|[upkeep]\n|-heal|p1a: Probopass|42/100|[from] item: Leftovers\n|-end|p2b: Abomasnow|move: Yawn|[silent]\n|-status|p2b: Abomasnow|slp\n|upkeep\n|\n|t:|1746126754\n|switch|p2a: Flareon|Flareon, L50, M, tera:Fire|100/100\n|switch|p1b: Grumpig|Grumpig, L50, M|100/100\n|turn|4\n|\n|t:|1746126797\n|-terastallize|p1a: Probopass|Rock\n|move|p2a: Flareon|Double-Edge|p1b: Grumpig\n|-damage|p1b: Grumpig|30/100\n|-damage|p2a: Flareon|75/100|[from] Recoil\n|move|p1b: Grumpig|Psychic|p2b: Abomasnow\n|-end|p2b: Abomasnow|Substitute\n|cant|p2b: Abomasnow|slp\n|move|p1a: Probopass|Earth Power|p2b: Abomasnow\n|-resisted|p2b: Abomasnow\n|-damage|p2b: Abomasnow|66/100 slp\n|\n|-weather|Snowscape|[upkeep]\n|-heal|p1a: Probopass|48/100|[from] item: Leftovers\n|upkeep\n|turn|5\n|\n|t:|1746126827\n|move|p2a: Flareon|Double-Edge|p1b: Grumpig\n|-damage|p1b: Grumpig|0 fnt\n|faint|p1b: Grumpig\n|-damage|p2a: Flareon|64/100|[from] Recoil\n|cant|p2b: Abomasnow|slp\n|move|p1a: Probopass|Pain Split|p2b: Abomasnow\n|-sethp|p2b: Abomasnow|57/100 slp|[from] move: Pain Split|[silent]\n|-sethp|p1a: Probopass|56/100|[from] move: Pain Split\n|\n|-weather|none\n|-heal|p1a: Probopass|62/100|[from] item: Leftovers\n|upkeep\n|turn|6\n|\n|t:|1746126843\n|move|p2a: Flareon|Double-Edge|p1a: Probopass\n|-resisted|p1a: Probopass\n|-damage|p1a: Probopass|45/100\n|-damage|p2a: Flareon|58/100|[from] Recoil\n|-curestatus|p2b: Abomasnow|slp|[msg]\n|move|p2b: Abomasnow|Earthquake|p1a: Probopass|[spread] p2a,p1a\n|-supereffective|p2a: Flareon\n|-supereffective|p1a: Probopass\n|-damage|p2a: Flareon|6/100\n|-damage|p1a: Probopass|26/100\n|move|p1a: Probopass|Earth Power|p2a: Flareon\n|-supereffective|p2a: Flareon\n|-damage|p2a: Flareon|0 fnt\n|faint|p2a: Flareon\n|\n|-heal|p1a: Probopass|32/100|[from] item: Leftovers\n|upkeep\n|\n|t:|1746126860\n|switch|p2a: Dugtrio|Dugtrio, L50, M|100/100\n|turn|7\n|\n|t:|1746126870\n|move|p2a: Dugtrio|Night Slash|p1a: Probopass\n|-damage|p1a: Probopass|17/100\n|move|p2b: Abomasnow|Giga Drain|p1a: Probopass\n|-supereffective|p1a: Probopass\n|-damage|p1a: Probopass|0 fnt\n|-heal|p2b: Abomasnow|65/100|[from] drain|[of] p1a: Probopass\n|faint|p1a: Probopass\n|\n|win|Lux021\n|inactive|Hellino has 30 seconds to confirm battle start!\n|inactive|Lux021 has 30 seconds to confirm battle start!\n|l|\u2606Hellino\n|player|p1|\n|inactive|Hellino has 20 seconds to confirm battle start!\n|inactive|Lux021 has 20 seconds to confirm battle start!\n|inactive|Hellino has 10 seconds to confirm battle start!\n|inactive|Lux021 has 10 seconds to confirm battle start!\n|l|\u2606Lux021\n|player|p2|\n|uhtml|next|Next: <a href=\"/battle-gen9vgc2025regibo3-2354869093\"><strong>Game 2 of 3</strong></a>\n", "uploadtime": 1746127139, "views": 5, "formatid": "gen9vgc2025regibo3", "rating": null, "private": 0, "password": null}