{"id": "gen9vgc2025regibo3-2354257447", "format": "[Gen 9] VGC 2025 Reg I (Bo3)", "players": ["tzarii", "canadadryafk"], "log": "|j|\u2606tzarii\n|j|\u2606canadadryafk\n|html|<table width=\"100%\"><tr><td align=\"left\">tzarii</td><td align=\"right\">canadadryafk</tr><tr><td align=\"left\"><i class=\"fa fa-circle\"></i> <i class=\"fa fa-circle-o\"></i> </td><td align=\"right\"><i class=\"fa fa-circle-o\"></i> <i class=\"fa fa-circle\"></i> </tr></table>\n|uhtml|bestof|<h2><strong>Game 3</strong> of <a href=\"/game-bestof3-gen9vgc2025regibo3-2354252538\">a best-of-3</a></h2>\n|t:|1746049833\n|gametype|doubles\n|player|p1|tzarii|lady-gen4|1106\n|player|p2|canadadryafk|102|1085\n|teamsize|p1|6\n|teamsize|p2|6\n|gen|9\n|tier|[Gen 9] VGC 2025 Reg I (Bo3)\n|rated|\n|rule|Species Clause: Limit one of each Pok\u00e9mon\n|rule|Item Clause: Limit 1 of each item\n|clearpoke\n|poke|p1|Koraidon, L50|\n|poke|p1|Groudon, L50|\n|poke|p1|Flutter Mane, L50|\n|poke|p1|Scovillain, L50, F|\n|poke|p1|Rillaboom, L50, F|\n|poke|p1|Scream Tail, L50|\n|poke|p2|Incineroar, L50, M|\n|poke|p2|Zacian-*, L50|\n|poke|p2|Farigiraf, L50, F|\n|poke|p2|Iron Bundle, L50|\n|poke|p2|Miraidon, L50|\n|poke|p2|Ursaluna, L50, F|\n|teampreview|4\n|showteam|p1|Koraidon||ClearAmulet|OrichalcumPulse|FlameCharge,CloseCombat,FlareBlitz,Protect||||||50|,,,,,Fire]Groudon||AssaultVest|Drought|PrecipiceBlades,HeatCrash,RockSlide,HighHorsepower||||||50|,,,,,Water]Flutter Mane||FocusSash|Protosynthesis|Moonblast,IcyWind,ShadowBall,Protect||||||50|,,,,,Fairy]Scovillain||CovertCloak|Chlorophyll|Overheat,SpicyExtract,WillOWisp,ScaryFace|||F|||50|,,,,,Fire]Rillaboom||MiracleSeed|GrassySurge|FakeOut,GrassyGlide,WoodHammer,Protect|||F|||50|,,,,,Water]Scream Tail||RedCard|Protosynthesis|StealthRock,Encore,Disable,Protect||||||50|,,,,,Dark\n|showteam|p2|Incineroar||AssaultVest|Intimidate|FlareBlitz,KnockOff,FakeOut,Uturn|||M|||50|,,,,,Ghost]Zacian-Crowned||RustedSword|IntrepidSword|Protect,behemothblade,PlayRough,SacredSword||||||50|,,,,,Dragon]Farigiraf||ElectricSeed|ArmorTail|PsychicNoise,FoulPlay,HelpingHand,TrickRoom|||F|||50|,,,,,Water]Iron Bundle||FocusSash|QuarkDrive|FreezeDry,IcyWind,Encore,Protect||||||50|,,,,,Ghost]Miraidon||ChoiceSpecs|HadronEngine|ElectroDrift,DracoMeteor,VoltSwitch,DazzlingGleam||||||50|,,,,,Fairy]Ursaluna||FlameOrb|Guts|Facade,HeadlongRush,Substitute,Protect|||F|||50|,,,,,Poison\n|inactive|Battle timer is ON: inactive players will automatically lose when time's up. (requested by canadadryafk)\n|inactive|tzarii has 60 seconds left.\n|\n|t:|1746049876\n|start\n|switch|p1a: Groudon|Groudon, L50|100/100\n|switch|p1b: Scovillain|Scovillain, L50, F|100/100\n|switch|p2a: Miraidon|Miraidon, L50|100/100\n|switch|p2b: Iron Bundle|Iron Bundle, L50|100/100\n|-fieldstart|move: Electric Terrain|[from] ability: Hadron Engine|[of] p2a: Miraidon\n|-activate|p2b: Iron Bundle|ability: Quark Drive\n|-start|p2b: Iron Bundle|quarkdrivespe\n|-weather|SunnyDay|[from] ability: Drought|[of] p1a: Groudon\n|turn|1\n|inactive|tzarii has 30 seconds left.\n|inactive|canadadryafk has 30 seconds left.\n|inactive|tzarii has 20 seconds left.\n|inactive|canadadryafk has 20 seconds left.\n|inactive|tzarii has 15 seconds left.\n|inactive|canadadryafk has 15 seconds left.\n|inactive|canadadryafk has 10 seconds left.\n|\n|t:|1746049921\n|move|p2b: Iron Bundle|Icy Wind|p1b: Scovillain|[spread] p1a,p1b\n|-supereffective|p1a: Groudon\n|-damage|p1a: Groudon|80/100\n|-damage|p1b: Scovillain|66/100\n|-unboost|p1a: Groudon|spe|1\n|move|p1b: Scovillain|Scary Face|p2a: Miraidon\n|-unboost|p2a: Miraidon|spe|2\n|move|p2a: Miraidon|Volt Switch|p1b: Scovillain\n|-resisted|p1b: Scovillain\n|-damage|p1b: Scovillain|0 fnt\n|faint|p1b: Scovillain\n|\n|t:|1746049934\n|switch|p2a: Incineroar|Incineroar, L50, M|100/100|[from] Volt Switch\n|-ability|p2a: Incineroar|Intimidate|boost\n|-unboost|p1a: Groudon|atk|1\n|move|p1a: Groudon|Precipice Blades|p2a: Incineroar|[spread] p2a\n|-miss|p1a: Groudon|p2b: Iron Bundle\n|-supereffective|p2a: Incineroar\n|-damage|p2a: Incineroar|52/100\n|\n|-weather|SunnyDay|[upkeep]\n|upkeep\n|\n|t:|1746049944\n|switch|p1b: Koraidon|Koraidon, L50|100/100\n|-activate|p1b: Koraidon|ability: Orichalcum Pulse\n|turn|2\n|inactive|tzarii has 30 seconds left.\n|inactive|tzarii has 20 seconds left.\n|\n|t:|1746049980\n|switch|p1a: Rillaboom|Rillaboom, L50, F|100/100\n|-fieldstart|move: Grassy Terrain|[from] ability: Grassy Surge|[of] p1a: Rillaboom\n|-end|p2b: Iron Bundle|Quark Drive\n|-terastallize|p1b: Koraidon|Fire\n|move|p2b: Iron Bundle|Protect|p2b: Iron Bundle\n|-singleturn|p2b: Iron Bundle|Protect\n|move|p2a: Incineroar|Fake Out|p1b: Koraidon\n|-crit|p1b: Koraidon\n|-damage|p1b: Koraidon|87/100\n|cant|p1b: Koraidon|flinch\n|\n|-weather|SunnyDay|[upkeep]\n|-heal|p1b: Koraidon|93/100|[from] Grassy Terrain\n|-heal|p2a: Incineroar|58/100|[from] Grassy Terrain\n|upkeep\n|turn|3\n|inactive|tzarii has 30 seconds left.\n|inactive|canadadryafk has 30 seconds left.\n|inactive|tzarii has 20 seconds left.\n|inactive|canadadryafk has 20 seconds left.\n|inactive|tzarii has 15 seconds left.\n|inactive|canadadryafk has 15 seconds left.\n|inactive|canadadryafk has 10 seconds left.\n|inactive|canadadryafk has 5 seconds left.\n|\n|t:|1746050035\n|move|p2b: Iron Bundle|Freeze-Dry|p1a: Rillaboom\n|-supereffective|p1a: Rillaboom\n|-damage|p1a: Rillaboom|18/100\n|move|p1b: Koraidon|Flare Blitz|p2b: Iron Bundle\n|-enditem|p2b: Iron Bundle|Focus Sash\n|-damage|p2b: Iron Bundle|1/100\n|-status|p2b: Iron Bundle|brn\n|-damage|p1b: Koraidon|69/100|[from] Recoil\n|move|p2a: Incineroar|Flare Blitz|p1a: Rillaboom\n|-supereffective|p1a: Rillaboom\n|-damage|p1a: Rillaboom|0 fnt\n|faint|p1a: Rillaboom\n|-damage|p2a: Incineroar|52/100|[from] Recoil\n|\n|-weather|SunnyDay|[upkeep]\n|-heal|p2b: Iron Bundle|7/100 brn|[from] Grassy Terrain\n|-heal|p1b: Koraidon|75/100|[from] Grassy Terrain\n|-heal|p2a: Incineroar|58/100|[from] Grassy Terrain\n|-damage|p2b: Iron Bundle|1/100 brn|[from] brn\n|upkeep\n|\n|t:|1746050045\n|switch|p1a: Groudon|Groudon, L50|80/100\n|turn|4\n|inactive|canadadryafk has 30 seconds left.\n|\n|t:|1746050075\n|move|p2b: Iron Bundle|Encore|p1b: Koraidon\n|-start|p1b: Koraidon|Encore\n|move|p1b: Koraidon|Flare Blitz|p2a: Incineroar\n|-resisted|p2a: Incineroar\n|-damage|p2a: Incineroar|11/100\n|-damage|p1b: Koraidon|57/100|[from] Recoil\n|move|p1a: Groudon|High Horsepower|p2a: Incineroar\n|-supereffective|p2a: Incineroar\n|-damage|p2a: Incineroar|0 fnt\n|faint|p2a: Incineroar\n|\n|-weather|SunnyDay|[upkeep]\n|-heal|p2b: Iron Bundle|7/100 brn|[from] Grassy Terrain\n|-heal|p1b: Koraidon|64/100|[from] Grassy Terrain\n|-heal|p1a: Groudon|86/100|[from] Grassy Terrain\n|-damage|p2b: Iron Bundle|1/100 brn|[from] brn\n|upkeep\n|inactive|canadadryafk has 30 seconds left.\n|\n|t:|1746050101\n|switch|p2a: Zacian|Zacian-Crowned, L50|100/100\n|-ability|p2a: Zacian|Intrepid Sword|boost\n|-boost|p2a: Zacian|atk|1\n|turn|5\n|\n|t:|1746050116\n|-terastallize|p2a: Zacian|Dragon\n|move|p2a: Zacian|Sacred Sword|p1b: Koraidon\n|-damage|p1b: Koraidon|20/100\n|move|p2b: Iron Bundle|Freeze-Dry|p1a: Groudon\n|-supereffective|p1a: Groudon\n|-damage|p1a: Groudon|50/100\n|move|p1b: Koraidon|Flare Blitz|p2a: Zacian\n|-resisted|p2a: Zacian\n|-damage|p2a: Zacian|38/100\n|-damage|p1b: Koraidon|0 fnt|[from] Recoil\n|faint|p1b: Koraidon\n|move|p1a: Groudon|Precipice Blades|p2b: Iron Bundle|[spread] p2a,p2b\n|-damage|p2a: Zacian|0 fnt\n|-damage|p2b: Iron Bundle|0 fnt\n|faint|p2a: Zacian\n|faint|p2b: Iron Bundle\n|-end|p2b: Iron Bundle|Quark Drive|[silent]\n|\n|-weather|none\n|-heal|p1a: Groudon|56/100|[from] Grassy Terrain\n|upkeep\n|\n|t:|1746050133\n|switch|p2b: Miraidon|Miraidon, L50|100/100\n|-fieldstart|move: Electric Terrain|[from] ability: Hadron Engine|[of] p2b: Miraidon\n|turn|6\n|\n|t:|1746050138\n|move|p2b: Miraidon|Draco Meteor|p1a: Groudon\n|-damage|p1a: Groudon|0 fnt\n|-unboost|p2b: Miraidon|spa|2\n|faint|p1a: Groudon\n|\n|win|canadadryafk\n|raw|tzarii's rating: 1106 &rarr; <strong>1079</strong><br />(-27 for losing)\n|raw|canadadryafk's rating: 1085 &rarr; <strong>1114</strong><br />(+29 for winning)\n|l|\u2606tzarii\n|player|p1|\n", "uploadtime": 1746050148, "views": 7, "formatid": "gen9vgc2025regibo3", "rating": 1079, "private": 0, "password": null}