{"id": "gen9vgc2025regibo3-2354073889", "format": "[Gen 9] VGC 2025 Reg I (Bo3)", "players": ["pon seis nueve", "Daafid"], "log": "|j|\u203dpon seis nueve\n|j|\u2606Daafid\n|html|<table width=\"100%\"><tr><td align=\"left\">pon seis nueve</td><td align=\"right\">Daafid</tr><tr><td align=\"left\"><i class=\"fa fa-circle\"></i> <i class=\"fa fa-circle-o\"></i> </td><td align=\"right\"><i class=\"fa fa-circle-o\"></i> <i class=\"fa fa-circle-o\"></i> </tr></table>\n|uhtml|bestof|<h2><strong>Game 2</strong> of <a href=\"/game-bestof3-gen9vgc2025regibo3-2354070487\">a best-of-3</a></h2>\n|t:|1746032612\n|gametype|doubles\n|player|p1|pon seis nueve|marlon|1235\n|player|p2|Daafid|1|1144\n|teamsize|p1|6\n|teamsize|p2|6\n|gen|9\n|tier|[Gen 9] VGC 2025 Reg I (Bo3)\n|rated|\n|rule|Species Clause: Limit one of each Pok\u00e9mon\n|rule|Item Clause: Limit 1 of each item\n|clearpoke\n|poke|p1|Zamazenta-*, L50|\n|poke|p1|Calyrex-Shadow, L50|\n|poke|p1|Tornadus, L50, M|\n|poke|p1|Urshifu-*, L50, M|\n|poke|p1|Rillaboom, L50, M|\n|poke|p1|Chien-Pao, L50|\n|poke|p2|Calyrex-Shadow, L50|\n|poke|p2|Gothitelle, L50, M|\n|poke|p2|Zamazenta-*, L50|\n|poke|p2|Iron Valiant, L50|\n|poke|p2|Urshifu-*, L50, F|\n|poke|p2|Talonflame, L50, M|\n|teampreview|4\n|showteam|p1|Zamazenta-Crowned||RustedShield|DauntlessShield|BodyPress,HeavySlam,WideGuard,Protect||||||50|,,,,,Dragon]Calyrex-Shadow||FocusSash|AsOneSpectrier|AstralBarrage,Psychic,Encore,Protect||||||50|,,,,,Ghost]Tornadus||RockyHelmet|Prankster|BleakwindStorm,Tailwind,RainDance,Protect|||M|||50|,,,,,Dark]Urshifu-Rapid-Strike||MysticWater|UnseenFist|SurgingStrikes,CloseCombat,AquaJet,Detect|||M|||50|,,,,,Water]Rillaboom||AssaultVest|GrassySurge|WoodHammer,GrassyGlide,Uturn,FakeOut|||M|||50|,,,,,Fire]Chien-Pao||LifeOrb|SwordofRuin|SuckerPunch,IcicleCrash,ThroatChop,Protect||||||50|,,,,,Stellar\n|showteam|p2|Calyrex-Shadow||ChoiceSpecs|AsOneSpectrier|AstralBarrage,Psychic,PollenPuff,ShadowBall||||||50|,,,,,Ghost]Gothitelle||SitrusBerry|ShadowTag|FoulPlay,Taunt,HelpingHand,FakeOut|||M|||50|,,,,,Dark]Zamazenta-Crowned||RustedShield|DauntlessShield|BodyPress,HeavySlam,WideGuard,Protect||||||50|,,,,,Dragon]Iron Valiant||BoosterEnergy|QuarkDrive|Protect,Moonblast,ThunderWave,Encore||||||50|,,,,,Steel]Urshifu||FocusSash|UnseenFist|WickedBlow,SuckerPunch,CloseCombat,Detect|||F|||50|,,,,,Stellar]Talonflame||SharpBeak|GaleWings|BraveBird,Tailwind,Feint,QuickGuard|||M|||50|,,,,,Flying\n|\n|t:|1746032621\n|start\n|switch|p1a: Calyrex|Calyrex-Shadow, L50|100/100\n|switch|p1b: Tornadus|Tornadus, L50, M|100/100\n|switch|p2a: Zamazenta|Zamazenta-Crowned, L50|100/100\n|switch|p2b: Iron Valiant|Iron Valiant, L50|100/100\n|-ability|p1a: Calyrex|As One\n|-ability|p1a: Calyrex|Unnerve\n|-ability|p2a: Zamazenta|Dauntless Shield|boost\n|-boost|p2a: Zamazenta|def|1\n|-enditem|p2b: Iron Valiant|Booster Energy\n|-activate|p2b: Iron Valiant|ability: Quark Drive|[fromitem]\n|-start|p2b: Iron Valiant|quarkdrivespe\n|turn|1\n|\n|t:|1746032635\n|-end|p2b: Iron Valiant|Quark Drive|[silent]\n|switch|p2b: Calyrex|Calyrex-Shadow, L50|100/100\n|-ability|p2b: Calyrex|As One\n|-ability|p2b: Calyrex|Unnerve\n|move|p2a: Zamazenta|Wide Guard|p2a: Zamazenta\n|-singleturn|p2a: Zamazenta|Wide Guard\n|move|p1b: Tornadus|Tailwind|p1b: Tornadus\n|-sidestart|p1: pon seis nueve|move: Tailwind\n|move|p1a: Calyrex|Psychic|p2b: Calyrex\n|-resisted|p2b: Calyrex\n|-damage|p2b: Calyrex|72/100\n|-unboost|p2b: Calyrex|spd|1\n|\n|upkeep\n|turn|2\n|\n|t:|1746032667\n|switch|p1b: Zamazenta|Zamazenta-Crowned, L50|100/100\n|-ability|p1b: Zamazenta|Dauntless Shield|boost\n|-boost|p1b: Zamazenta|def|1\n|move|p1a: Calyrex|Protect|p1a: Calyrex\n|-singleturn|p1a: Calyrex|Protect\n|move|p2a: Zamazenta|Wide Guard|p2a: Zamazenta\n|-singleturn|p2a: Zamazenta|Wide Guard\n|move|p2b: Calyrex|Shadow Ball|p1a: Calyrex\n|-activate|p1a: Calyrex|move: Protect\n|\n|upkeep\n|turn|3\n|\n|t:|1746032709\n|switch|p2b: Iron Valiant|Iron Valiant, L50|100/100\n|move|p1a: Calyrex|Psychic|p2a: Zamazenta\n|-damage|p2a: Zamazenta|58/100\n|move|p1b: Zamazenta|Body Press|p2a: Zamazenta\n|-supereffective|p2a: Zamazenta\n|-damage|p2a: Zamazenta|1/100\n|move|p2a: Zamazenta|Body Press|p1b: Zamazenta\n|-supereffective|p1b: Zamazenta\n|-damage|p1b: Zamazenta|39/100\n|\n|upkeep\n|turn|4\n|\n|t:|1746032729\n|move|p2b: Iron Valiant|Protect|p2b: Iron Valiant\n|-singleturn|p2b: Iron Valiant|Protect\n|move|p2a: Zamazenta|Protect|p2a: Zamazenta\n|-singleturn|p2a: Zamazenta|Protect\n|move|p1a: Calyrex|Psychic|p2b: Iron Valiant\n|-activate|p2b: Iron Valiant|move: Protect\n|move|p1b: Zamazenta|Body Press|p2a: Zamazenta\n|-activate|p2a: Zamazenta|move: Protect\n|\n|-sideend|p1: pon seis nueve|move: Tailwind\n|upkeep\n|turn|5\n|\n|t:|1746032767\n|move|p2a: Zamazenta|Wide Guard|p2a: Zamazenta\n|-singleturn|p2a: Zamazenta|Wide Guard\n|move|p1a: Calyrex|Astral Barrage|p2a: Zamazenta|[spread] \n|-activate|p2a: Zamazenta|move: Wide Guard\n|-activate|p2b: Iron Valiant|move: Wide Guard\n|move|p2b: Iron Valiant|Moonblast|p1a: Calyrex\n|-damage|p1a: Calyrex|50/100\n|move|p1b: Zamazenta|Body Press|p2a: Zamazenta\n|-supereffective|p2a: Zamazenta\n|-damage|p2a: Zamazenta|0 fnt\n|faint|p2a: Zamazenta\n|\n|upkeep\n|\n|t:|1746032786\n|switch|p2a: Talonflame|Talonflame, L50, M|100/100\n|turn|6\n|\n|t:|1746032801\n|move|p2a: Talonflame|Tailwind|p2a: Talonflame\n|-sidestart|p2: Daafid|move: Tailwind\n|move|p2b: Iron Valiant|Moonblast|p1a: Calyrex\n|-damage|p1a: Calyrex|4/100\n|move|p1a: Calyrex|Astral Barrage|p2a: Talonflame|[spread] p2a,p2b\n|-damage|p2a: Talonflame|20/100\n|-damage|p2b: Iron Valiant|7/100\n|move|p1b: Zamazenta|Body Press|p2b: Iron Valiant\n|-resisted|p2b: Iron Valiant\n|-damage|p2b: Iron Valiant|0 fnt\n|faint|p2b: Iron Valiant\n|-end|p2b: Iron Valiant|Quark Drive|[silent]\n|\n|upkeep\n|\n|t:|1746032813\n|switch|p2b: Calyrex|Calyrex-Shadow, L50|72/100\n|-ability|p2b: Calyrex|As One\n|-ability|p2b: Calyrex|Unnerve\n|turn|7\n|\n|t:|1746032843\n|-terastallize|p2b: Calyrex|Ghost\n|move|p1a: Calyrex|Protect|p1a: Calyrex\n|-singleturn|p1a: Calyrex|Protect\n|move|p2a: Talonflame|Feint|p1b: Zamazenta\n|-resisted|p1b: Zamazenta\n|-damage|p1b: Zamazenta|37/100\n|move|p2b: Calyrex|Astral Barrage|p1b: Zamazenta|[spread] p1b\n|-activate|p1a: Calyrex|move: Protect\n|-damage|p1b: Zamazenta|0 fnt\n|faint|p1b: Zamazenta\n|-ability|p2b: Calyrex|Grim Neigh|boost\n|-boost|p2b: Calyrex|spa|1\n|\n|upkeep\n|\n|t:|1746032853\n|switch|p1b: Tornadus|Tornadus, L50, M|100/100\n|turn|8\n|\n|t:|1746032883\n|move|p2a: Talonflame|Quick Guard|p2a: Talonflame\n|-singleturn|p2a: Talonflame|Quick Guard\n|move|p1b: Tornadus|Tailwind|p1b: Tornadus\n|-sidestart|p1: pon seis nueve|move: Tailwind\n|move|p1a: Calyrex|Encore|p2a: Talonflame\n|-start|p2a: Talonflame|Encore\n|move|p2b: Calyrex|Astral Barrage|p1b: Tornadus|[spread] p1a,p1b\n|-supereffective|p1a: Calyrex\n|-damage|p1a: Calyrex|0 fnt\n|-damage|p1b: Tornadus|0 fnt\n|faint|p1a: Calyrex\n|faint|p1b: Tornadus\n|-ability|p2b: Calyrex|Grim Neigh|boost\n|-boost|p2b: Calyrex|spa|2\n|\n|upkeep\n|\n|t:|1746032894\n|switch|p1b: Chien-Pao|Chien-Pao, L50|100/100\n|-ability|p1b: Chien-Pao|Sword of Ruin\n|turn|9\n|\n|t:|1746032906\n|move|p2a: Talonflame|Quick Guard|p2a: Talonflame\n|-singleturn|p2a: Talonflame|Quick Guard\n|move|p1b: Chien-Pao|Sucker Punch|p2b: Calyrex\n|-activate|p2b: Calyrex|move: Quick Guard\n|move|p2b: Calyrex|Astral Barrage|p1b: Chien-Pao\n|-resisted|p1b: Chien-Pao\n|-damage|p1b: Chien-Pao|0 fnt\n|faint|p1b: Chien-Pao\n|\n|win|Daafid\n||pon seis nueve is ready for game 3.\n|inactive|Daafid has 30 seconds to confirm battle start!\n||Daafid is ready for game 3.\n|uhtml|next|Next: <a href=\"/battle-gen9vgc2025regibo3-2354077566\"><strong>Game 3 of 3</strong></a>\n", "uploadtime": 1746033269, "views": 6, "formatid": "gen9vgc2025regibo3", "rating": null, "private": 0, "password": null}