{"id": "gen9vgc2025regibo3-2355069172", "format": "[Gen 9] VGC 2025 Reg I (Bo3)", "players": ["bowserx19", "Ryannogsl"], "log": "|j|\u2606bowserx19\n|j|\u2606Ryannogsl\n|html|<table width=\"100%\"><tr><td align=\"left\">bowserx19</td><td align=\"right\">Ryannogsl</tr><tr><td align=\"left\"><i class=\"fa fa-circle-o\"></i> <i class=\"fa fa-circle-o\"></i> </td><td align=\"right\"><i class=\"fa fa-circle-o\"></i> <i class=\"fa fa-circle-o\"></i> </tr></table>\n|uhtml|bestof|<h2><strong>Game 1</strong> of <a href=\"/game-bestof3-gen9vgc2025regibo3-2355069171\">a best-of-3</a></h2>\n|t:|1746148634\n|gametype|doubles\n|player|p1|bowserx19|miku-ground|1102\n|player|p2|Ryannogsl|red|1021\n|teamsize|p1|6\n|teamsize|p2|6\n|gen|9\n|tier|[Gen 9] VGC 2025 Reg I (Bo3)\n|rated|\n|rule|Species Clause: Limit one of each Pok\u00e9mon\n|rule|Item Clause: Limit 1 of each item\n|clearpoke\n|poke|p1|Calyrex-Shadow, L50|\n|poke|p1|Indeedee-F, L50, F|\n|poke|p1|Zamazenta-*, L50|\n|poke|p1|Meowscarada, L50, F|\n|poke|p1|Talonflame, L50, F|\n|poke|p1|Urshifu-*, L50, M|\n|poke|p2|Calyrex-Shadow, L50|\n|poke|p2|Zamazenta-*, L50|\n|poke|p2|Rillaboom, L50, M|\n|poke|p2|Incineroar, L50, M|\n|poke|p2|Urshifu-*, L50, M|\n|poke|p2|Ogerpon-Hearthflame, L50, F|\n|teampreview|4\n|showteam|p1|Calyrex-Shadow||FocusSash|AsOneSpectrier|ExpandingForce,AstralBarrage,ShadowBall,Protect||||||50|,,,,,Ghost]Indeedee-F||PsychicSeed|PsychicSurge|Psychic,FollowMe,HelpingHand,TrickRoom|||F|||50|,,,,,Fighting]Zamazenta-Crowned||RustedShield|DauntlessShield|BodyPress,HeavySlam,WideGuard,Protect||||||50|,,,,,Fighting]Meowscarada||ChoiceScarf|Protean|FlowerTrick,KnockOff,ShadowClaw,Uturn|||F|||50|,,,,,Stellar]Talonflame||CovertCloak|GaleWings|Tailwind,FlareBlitz,BraveBird,Protect|||F|||50|,,,,,Stellar]Urshifu||ChoiceBand|UnseenFist|CloseCombat,WickedBlow,SuckerPunch,Uturn|||M|||50|,,,,,Dark\n|showteam|p2|Calyrex-Shadow||LifeOrb|AsOneSpectrier|Psychic,AstralBarrage,NastyPlot,Protect||||||50|,,,,,Dark]Zamazenta-Crowned||RustedShield|DauntlessShield|BodyPress,behemothbash,WideGuard,Protect||||||50|,,,,,Dragon]Rillaboom||AssaultVest|GrassySurge|FakeOut,GrassyGlide,WoodHammer,Uturn|||M|||50|,,,,,Water]Incineroar||RockyHelmet|Intimidate|FakeOut,PartingShot,FlareBlitz,KnockOff|||M|||50|,,,,,Bug]Urshifu-Rapid-Strike||MysticWater|UnseenFist|SurgingStrikes,AquaJet,CloseCombat,Detect|||M|||50|,,,,,Water]Ogerpon-Hearthflame||HearthflameMask|MoldBreaker|IvyCudgel,SpikyShield,FollowMe,WoodHammer|||F|||50|,,,,,Fire\n|inactive|Battle timer is ON: inactive players will automatically lose when time's up. (requested by bowserx19)\n|inactive|bowserx19 has 60 seconds left.\n|inactive|Ryannogsl has 60 seconds left.\n|\n|t:|1746148691\n|start\n|switch|p1a: Choice Scarf|Indeedee-F, L50, F, shiny|100/100\n|switch|p1b: Nebulus|Calyrex-Shadow, L50|100/100\n|switch|p2a: Calyrex|Calyrex-Shadow, L50|100/100\n|switch|p2b: Incineroar|Incineroar, L50, M, shiny|100/100\n|-ability|p2a: Calyrex|As One\n|-ability|p2a: Calyrex|Unnerve\n|-ability|p1b: Nebulus|As One\n|-ability|p1b: Nebulus|Unnerve\n|-fieldstart|move: Psychic Terrain|[from] ability: Psychic Surge|[of] p1a: Choice Scarf\n|-enditem|p1a: Choice Scarf|Psychic Seed\n|-boost|p1a: Choice Scarf|spd|1|[from] item: Psychic Seed\n|-ability|p2b: Incineroar|Intimidate|boost\n|-unboost|p1a: Choice Scarf|atk|1\n|-unboost|p1b: Nebulus|atk|1\n|turn|1\n|inactive|Ryannogsl has 30 seconds left.\n|\n|t:|1746148720\n|-terastallize|p2a: Calyrex|Dark\n|move|p1a: Choice Scarf|Follow Me|p1a: Choice Scarf\n|-singleturn|p1a: Choice Scarf|move: Follow Me\n|move|p1b: Nebulus|Astral Barrage|p2a: Calyrex|[spread] p2a,p2b\n|-resisted|p2a: Calyrex\n|-resisted|p2b: Incineroar\n|-crit|p2b: Incineroar\n|-damage|p2a: Calyrex|73/100\n|-damage|p2b: Incineroar|61/100\n|move|p2a: Calyrex|Nasty Plot|p2a: Calyrex\n|-boost|p2a: Calyrex|spa|2\n|move|p2b: Incineroar|Parting Shot|p1a: Choice Scarf\n|-unboost|p1a: Choice Scarf|atk|1\n|-unboost|p1a: Choice Scarf|spa|1\n|\n|t:|1746148737\n|switch|p2b: Zamazenta|Zamazenta-Crowned, L50|100/100|[from] Parting Shot\n|-ability|p2b: Zamazenta|Dauntless Shield|boost\n|-boost|p2b: Zamazenta|def|1\n|\n|upkeep\n|turn|2\n|\n|t:|1746148749\n|move|p2b: Zamazenta|Wide Guard|p2b: Zamazenta\n|-singleturn|p2b: Zamazenta|Wide Guard\n|move|p1b: Nebulus|Shadow Ball|p2a: Calyrex\n|-resisted|p2a: Calyrex\n|-damage|p2a: Calyrex|51/100\n|move|p2a: Calyrex|Astral Barrage|p1a: Choice Scarf|[spread] p1b\n|-immune|p1a: Choice Scarf\n|-supereffective|p1b: Nebulus\n|-enditem|p1b: Nebulus|Focus Sash\n|-damage|p1b: Nebulus|1/100\n|-damage|p2a: Calyrex|42/100|[from] item: Life Orb\n|move|p1a: Choice Scarf|Psychic|p2b: Zamazenta\n|-damage|p2b: Zamazenta|79/100\n|\n|upkeep\n|turn|3\n|inactive|Ryannogsl has 30 seconds left.\n|\n|t:|1746148782\n|move|p1b: Nebulus|Shadow Ball|p2a: Calyrex\n|-resisted|p2a: Calyrex\n|-damage|p2a: Calyrex|19/100\n|move|p2a: Calyrex|Astral Barrage|p1b: Nebulus|[spread] p1b\n|-immune|p1a: Choice Scarf\n|-supereffective|p1b: Nebulus\n|-damage|p1b: Nebulus|0 fnt\n|faint|p1b: Nebulus\n|-ability|p2a: Calyrex|Grim Neigh|boost\n|-boost|p2a: Calyrex|spa|1\n|-damage|p2a: Calyrex|9/100|[from] item: Life Orb\n|move|p2b: Zamazenta|Behemoth Bash|p1a: Choice Scarf\n|-damage|p1a: Choice Scarf|56/100\n|move|p1a: Choice Scarf|Psychic|p2b: Zamazenta\n|-damage|p2b: Zamazenta|58/100\n|\n|upkeep\n|inactive|bowserx19 has 30 seconds left.\n|\n|t:|1746148815\n|switch|p1b: Cilantro|Meowscarada, L50, F, shiny|100/100\n|turn|4\n|\n|t:|1746148835\n|move|p1b: Cilantro|U-turn|p2a: Calyrex\n|-start|p1b: Cilantro|typechange|Bug|[from] ability: Protean\n|-supereffective|p2a: Calyrex\n|-damage|p2a: Calyrex|0 fnt\n|faint|p2a: Calyrex\n|\n|t:|1746148840\n|switch|p1b: Comet|Zamazenta-Crowned, L50|100/100|[from] U-turn\n|-ability|p1b: Comet|Dauntless Shield|boost\n|-boost|p1b: Comet|def|1\n|move|p2b: Zamazenta|Body Press|p1a: Choice Scarf\n|-damage|p1a: Choice Scarf|0 fnt\n|faint|p1a: Choice Scarf\n|\n|upkeep\n|\n|t:|1746148855\n|switch|p2a: Urshifu|Urshifu-Rapid-Strike, L50, M|100/100\n|switch|p1a: Cilantro|Meowscarada, L50, F, shiny|100/100\n|turn|5\n|\n|t:|1746148873\n|-terastallize|p1b: Comet|Fighting\n|move|p1a: Cilantro|Flower Trick|p2a: Urshifu\n|-start|p1a: Cilantro|typechange|Grass|[from] ability: Protean\n|-supereffective|p2a: Urshifu\n|-crit|p2a: Urshifu\n|-damage|p2a: Urshifu|0 fnt\n|faint|p2a: Urshifu\n|move|p2b: Zamazenta|Body Press|p1b: Comet\n|-damage|p1b: Comet|71/100\n|move|p1b: Comet|Body Press|p2b: Zamazenta\n|-supereffective|p2b: Zamazenta\n|-damage|p2b: Zamazenta|0 fnt\n|faint|p2b: Zamazenta\n|\n|-fieldend|move: Psychic Terrain\n|upkeep\n|\n|t:|1746148893\n|switch|p2b: Incineroar|Incineroar, L50, M, shiny|61/100\n|-ability|p2b: Incineroar|Intimidate|boost\n|-unboost|p1a: Cilantro|atk|1\n|-unboost|p1b: Comet|atk|1\n|turn|6\n|\n|t:|1746148900\n|move|p1a: Cilantro|Flower Trick|p2b: Incineroar\n|-resisted|p2b: Incineroar\n|-crit|p2b: Incineroar\n|-damage|p2b: Incineroar|42/100\n|move|p1b: Comet|Body Press|p2b: Incineroar\n|-supereffective|p2b: Incineroar\n|-damage|p2b: Incineroar|0 fnt\n|-damage|p1b: Comet|55/100|[from] item: Rocky Helmet|[of] p2b: Incineroar\n|faint|p2b: Incineroar\n|\n|win|bowserx19\n||bowserx19 is ready for game 2.\n|l|\u2606bowserx19\n|player|p1|\n|inactive|Ryannogsl has 30 seconds to confirm battle start!\n||Ryannogsl is ready for game 2.\n|uhtml|next|Next: <a href=\"/battle-gen9vgc2025regibo3-2355071516\"><strong>Game 2 of 3</strong></a>\n|l|\u2606Ryannogsl\n|player|p2|\n", "uploadtime": 1746149242, "views": 3, "formatid": "gen9vgc2025regibo3", "rating": null, "private": 0, "password": null}