{"id": "gen9vgc2025regibo3-2353673971", "format": "[Gen 9] VGC 2025 Reg I (Bo3)", "players": ["bathilra", "CouchChris"], "log": "|j|\u2606bathilra\n|j|\u2606CouchChris\n|html|<table width=\"100%\"><tr><td align=\"left\">bathilra</td><td align=\"right\">CouchChris</tr><tr><td align=\"left\"><i class=\"fa fa-circle\"></i> <i class=\"fa fa-circle-o\"></i> </td><td align=\"right\"><i class=\"fa fa-circle-o\"></i> <i class=\"fa fa-circle\"></i> </tr></table>\n|uhtml|bestof|<h2><strong>Game 3</strong> of <a href=\"/game-bestof3-gen9vgc2025regibo3-2353669283\">a best-of-3</a></h2>\n|t:|1745981935\n|gametype|doubles\n|player|p1|bathilra|steven|\n|player|p2|CouchChris|wattson|\n|teamsize|p1|6\n|teamsize|p2|6\n|gen|9\n|tier|[Gen 9] VGC 2025 Reg I (Bo3)\n|rule|Species Clause: Limit one of each Pok\u00e9mon\n|rule|Item Clause: Limit 1 of each item\n|clearpoke\n|poke|p1|Calyrex-Shadow, L50|\n|poke|p1|Tornadus, L50, M|\n|poke|p1|Chien-Pao, L50|\n|poke|p1|Indeedee-F, L50, F|\n|poke|p1|Zamazenta-*, L50|\n|poke|p1|Ursaluna-Bloodmoon, L50, M|\n|poke|p2|Groudon, L50|\n|poke|p2|Lunala, L50|\n|poke|p2|Incineroar, L50, F|\n|poke|p2|Ogerpon-Hearthflame, L50, F|\n|poke|p2|Walking Wake, L50|\n|poke|p2|Rillaboom, L50, M|\n|teampreview|4\n|showteam|p1|Calyrex-Shadow||WiseGlasses|AsOneSpectrier|AstralBarrage,ExpandingForce,Protect,NastyPlot||||||50|,,,,,Dark]Tornadus||CovertCloak|Prankster|BleakwindStorm,Taunt,Tailwind,Protect|||M|||50|,,,,,Dark]Chien-Pao||FocusSash|SwordofRuin|IceSpinner,ThroatChop,SuckerPunch,Protect||||||50|,,,,,Ghost]Indeedee-F||SafetyGoggles|PsychicSurge|HelpingHand,TrickRoom,Psyshock,FollowMe|||F|||50|,,,,,Water]Zamazenta-Crowned||RustedShield|DauntlessShield|behemothbash,BodyPress,WideGuard,Imprison||||||50|,,,,,Grass]Ursaluna-Bloodmoon||LifeOrb|MindsEye|BloodMoon,EarthPower,HyperVoice,Moonblast|||M|||50|,,,,,Ground\n|showteam|p2|Groudon||ClearAmulet|Drought|PrecipiceBlades,HeatCrash,StompingTantrum,Protect||||||50|,,,,,Fire]Lunala||PowerHerb|ShadowShield|MoongeistBeam,MeteorBeam,WideGuard,TrickRoom||||||50|,,,,,Fairy]Incineroar||SafetyGoggles|Intimidate|KnockOff,FakeOut,FlareBlitz,PartingShot|||F|||50|,,,,,Ghost]Ogerpon-Hearthflame||HearthflameMask|MoldBreaker|IvyCudgel,WoodHammer,FollowMe,SpikyShield|||F|||50|,,,,,Fire]Walking Wake||LifeOrb|Protosynthesis|WeatherBall,HydroSteam,DracoMeteor,Protect||||||50|,,,,,Fire]Rillaboom||AssaultVest|GrassySurge|FakeOut,GrassyGlide,Uturn,WoodHammer|||M|||50|,,,,,Fire\n|inactive|Battle timer is ON: inactive players will automatically lose when time's up. (requested by bathilra)\n|\n|t:|1745981954\n|start\n|switch|p1a: Ursaluna|Ursaluna-Bloodmoon, L50, M|100/100\n|switch|p1b: Zelda|Indeedee-F, L50, F|100/100\n|switch|p2a: Lunala|Lunala, L50|100/100\n|switch|p2b: Rillaboom|Rillaboom, L50, M|100/100\n|-fieldstart|move: Grassy Terrain|[from] ability: Grassy Surge|[of] p2b: Rillaboom\n|-fieldstart|move: Psychic Terrain|[from] ability: Psychic Surge|[of] p1b: Zelda\n|turn|1\n|inactive|CouchChris has 30 seconds left.\n|\n|t:|1745981987\n|move|p2a: Lunala|Meteor Beam||[still]\n|-prepare|p2a: Lunala|Meteor Beam\n|-boost|p2a: Lunala|spa|1\n|-enditem|p2a: Lunala|Power Herb\n|-anim|p2a: Lunala|Meteor Beam|p1b: Zelda\n|-damage|p1b: Zelda|44/100\n|move|p2b: Rillaboom|U-turn|p1b: Zelda\n|-supereffective|p1b: Zelda\n|-damage|p1b: Zelda|0 fnt\n|faint|p1b: Zelda\n|\n|t:|1745981997\n|switch|p2b: Groudon|Groudon, L50|100/100|[from] U-turn\n|-weather|SunnyDay|[from] ability: Drought|[of] p2b: Groudon\n|move|p1a: Ursaluna|Blood Moon|p2a: Lunala\n|-crit|p2a: Lunala\n|-damage|p2a: Lunala|43/100\n|-damage|p1a: Ursaluna|90/100|[from] item: Life Orb\n|\n|-weather|SunnyDay|[upkeep]\n|upkeep\n|\n|t:|1745982009\n|switch|p1b: cadence|Chien-Pao, L50|100/100\n|-ability|p1b: cadence|Sword of Ruin\n|turn|2\n|inactive|CouchChris has 30 seconds left.\n|\n|t:|1745982034\n|move|p1b: cadence|Protect|p1b: cadence\n|-singleturn|p1b: cadence|Protect\n|move|p2a: Lunala|Wide Guard|p2a: Lunala\n|-singleturn|p2a: Lunala|Wide Guard\n|move|p2b: Groudon|Precipice Blades|p1a: Ursaluna|[spread] p1a\n|-activate|p1b: cadence|move: Protect\n|-damage|p1a: Ursaluna|41/100\n|move|p1a: Ursaluna|Earth Power|p2b: Groudon\n|-damage|p2b: Groudon|44/100\n|-damage|p1a: Ursaluna|31/100|[from] item: Life Orb\n|\n|-weather|SunnyDay|[upkeep]\n|upkeep\n|turn|3\n|inactive|bathilra has 30 seconds left.\n|inactive|CouchChris has 30 seconds left.\n|inactive|CouchChris has 20 seconds left.\n|\n|t:|1745982071\n|switch|p2a: Walking Wake|Walking Wake, L50|100/100\n|-activate|p2a: Walking Wake|ability: Protosynthesis\n|-start|p2a: Walking Wake|protosynthesisspe\n|move|p1b: cadence|Throat Chop|p2a: Walking Wake\n|-damage|p2a: Walking Wake|40/100\n|-start|p2a: Walking Wake|Throat Chop|[silent]\n|move|p2b: Groudon|Stomping Tantrum|p1a: Ursaluna\n|-damage|p1a: Ursaluna|0 fnt\n|faint|p1a: Ursaluna\n|\n|-weather|SunnyDay|[upkeep]\n|upkeep\n|inactive|bathilra has 30 seconds left.\n|\n|t:|1745982100\n|switch|p1a: Aang|Tornadus, L50, M|100/100\n|turn|4\n|inactive|CouchChris has 30 seconds left.\n|inactive|CouchChris has 20 seconds left.\n|inactive|CouchChris has 15 seconds left.\n|inactive|CouchChris has 10 seconds left.\n|\n|t:|1745982149\n|move|p1a: Aang|Tailwind|p1a: Aang\n|-sidestart|p1: bathilra|move: Tailwind\n|move|p1b: cadence|Ice Spinner|p2b: Groudon\n|-supereffective|p2b: Groudon\n|-damage|p2b: Groudon|0 fnt\n|-fieldend|move: Psychic Terrain\n|faint|p2b: Groudon\n|move|p2a: Walking Wake|Weather Ball|p1b: cadence\n|-supereffective|p1b: cadence\n|-enditem|p1b: cadence|Focus Sash\n|-damage|p1b: cadence|1/100\n|-damage|p2a: Walking Wake|30/100|[from] item: Life Orb\n|\n|-weather|SunnyDay|[upkeep]\n|-end|p2a: Walking Wake|Throat Chop|[silent]\n|upkeep\n|\n|t:|1745982169\n|switch|p2b: Rillaboom|Rillaboom, L50, M|100/100\n|-fieldstart|move: Grassy Terrain|[from] ability: Grassy Surge|[of] p2b: Rillaboom\n|turn|5\n|inactive|CouchChris has 30 seconds left.\n|\n|t:|1745982199\n|-terastallize|p2b: Rillaboom|Fire\n|move|p1b: cadence|Protect|p1b: cadence\n|-singleturn|p1b: cadence|Protect\n|move|p2b: Rillaboom|Grassy Glide|p1b: cadence\n|-activate|p1b: cadence|move: Protect\n|move|p1a: Aang|Bleakwind Storm|p2a: Walking Wake|[spread] p2b\n|-miss|p1a: Aang|p2a: Walking Wake\n|-damage|p2b: Rillaboom|78/100\n|move|p2a: Walking Wake|Hydro Steam|p1a: Aang\n|-damage|p1a: Aang|0 fnt\n|faint|p1a: Aang\n|-damage|p2a: Walking Wake|20/100|[from] item: Life Orb\n|\n|-weather|none\n|-end|p2a: Walking Wake|Protosynthesis\n|-heal|p1b: cadence|7/100|[from] Grassy Terrain\n|-heal|p2a: Walking Wake|26/100|[from] Grassy Terrain\n|-heal|p2b: Rillaboom|84/100|[from] Grassy Terrain\n|upkeep\n|turn|6\n|c|\u2606CouchChris|ggs\n|\n|t:|1745982220\n|move|p1b: cadence|Sucker Punch|p2b: Rillaboom\n|-damage|p2b: Rillaboom|36/100\n|move|p2b: Rillaboom|Grassy Glide|p1b: cadence\n|-damage|p1b: cadence|0 fnt\n|faint|p1b: cadence\n|\n|win|CouchChris\n", "uploadtime": 1745982227, "views": 14, "formatid": "gen9vgc2025regibo3", "rating": null, "private": 0, "password": null}