{"id": "gen9vgc2025regibo3-2354115399", "format": "[Gen 9] VGC 2025 Reg I (Bo3)", "players": ["angandi01", "beonum2"], "log": "|j|\u2606angandi01\n|j|\u2606beonum2\n|html|<table width=\"100%\"><tr><td align=\"left\">angandi01</td><td align=\"right\">beonum2</tr><tr><td align=\"left\"><i class=\"fa fa-circle\"></i> <i class=\"fa fa-circle-o\"></i> </td><td align=\"right\"><i class=\"fa fa-circle-o\"></i> <i class=\"fa fa-circle\"></i> </tr></table>\n|uhtml|bestof|<h2><strong>Game 3</strong> of <a href=\"/game-bestof3-gen9vgc2025regibo3-2354106863\">a best-of-3</a></h2>\n|t:|1746036162\n|gametype|doubles\n|player|p1|angandi01|265|1228\n|player|p2|beonum2|266|1139\n|teamsize|p1|6\n|teamsize|p2|6\n|gen|9\n|tier|[Gen 9] VGC 2025 Reg I (Bo3)\n|rated|\n|rule|Species Clause: Limit one of each Pok\u00e9mon\n|rule|Item Clause: Limit 1 of each item\n|clearpoke\n|poke|p1|Miraidon, L50|\n|poke|p1|Ho-Oh, L50|\n|poke|p1|Iron Hands, L50|\n|poke|p1|Urshifu-*, L50, F|\n|poke|p1|Ursaluna, L50, M|\n|poke|p1|Farigiraf, L50, M|\n|poke|p2|Groudon, L50|\n|poke|p2|Miraidon, L50|\n|poke|p2|Chi-Yu, L50|\n|poke|p2|Whimsicott, L50, M|\n|poke|p2|Gothitelle, L50, F|\n|poke|p2|Flutter Mane, L50|\n|teampreview|4\n|showteam|p1|Miraidon||ChoiceSpecs|HadronEngine|ElectroDrift,DracoMeteor,DazzlingGleam,VoltSwitch||||||50|,,,,,Fairy]Ho-Oh||ClearAmulet|Regenerator|SacredFire,BraveBird,Tailwind,Protect||||||50|,,,,,Grass]Iron Hands||AssaultVest|QuarkDrive|FakeOut,WildCharge,DrainPunch,LowKick||||||50|,,,,,Grass]Urshifu||FocusSash|UnseenFist|WickedBlow,CloseCombat,SuckerPunch,Protect|||F|||50|,,,,,Dark]Ursaluna||FlameOrb|Guts|Facade,Earthquake,HeadlongRush,Protect|||M|||50|,,,,,Fairy]Farigiraf||ElectricSeed|ArmorTail|PsychicFangs,FoulPlay,TrickRoom,HelpingHand|||M|||50|,,,,,Water\n|showteam|p2|Groudon||ClearAmulet|Drought|PrecipiceBlades,HeatCrash,Protect,HighHorsepower||||||50|,,,,,Fairy]Miraidon||ChoiceSpecs|HadronEngine|DazzlingGleam,ElectroDrift,VoltSwitch,DracoMeteor||||||50|,,,,,Fairy]Chi-Yu||ChoiceScarf|BeadsofRuin|HeatWave,DarkPulse,Overheat,Snarl||||||50|,,,,,Ghost]Whimsicott||CovertCloak|Prankster|Moonblast,Encore,Taunt,Tailwind|||M|||50|,,,,,Dark]Gothitelle||ElectricSeed|ShadowTag|FakeOut,TrickRoom,Protect,FoulPlay|||F|||50|,,,,,Dark]Flutter Mane||FocusSash|Protosynthesis|IcyWind,Moonblast,Protect,PerishSong||||||50|,,,,,Fire\n|\n|t:|1746036200\n|start\n|switch|p1a: Miraidon|Miraidon, L50|100/100\n|switch|p1b: Farigiraf|Farigiraf, L50, M|100/100\n|switch|p2a: Gotigo gran Figo|Gothitelle, L50, F|100/100\n|switch|p2b: Uber Futaber|Flutter Mane, L50|100/100\n|-fieldstart|move: Electric Terrain|[from] ability: Hadron Engine|[of] p1a: Miraidon\n|-enditem|p2a: Gotigo gran Figo|Electric Seed\n|-boost|p2a: Gotigo gran Figo|def|1|[from] item: Electric Seed\n|-enditem|p1b: Farigiraf|Electric Seed\n|-boost|p1b: Farigiraf|def|1|[from] item: Electric Seed\n|turn|1\n|\n|t:|1746036260\n|move|p2b: Uber Futaber|Perish Song|p2b: Uber Futaber\n|-start|p1a: Miraidon|perish3|[silent]\n|-start|p1b: Farigiraf|perish3|[silent]\n|-start|p2a: Gotigo gran Figo|perish3|[silent]\n|-start|p2b: Uber Futaber|perish3|[silent]\n|-fieldactivate|move: Perish Song\n|move|p1a: Miraidon|Volt Switch|p2b: Uber Futaber\n|-damage|p2b: Uber Futaber|1/100\n|\n|t:|1746036272\n|switch|p1a: Ursaluna|Ursaluna, L50, M|100/100|[from] Volt Switch\n|move|p2a: Gotigo gran Figo|Trick Room|p2a: Gotigo gran Figo\n|-fieldstart|move: Trick Room|[of] p2a: Gotigo gran Figo\n|move|p1b: Farigiraf|Trick Room|p1b: Farigiraf\n|-fieldend|move: Trick Room\n|\n|-start|p2b: Uber Futaber|perish3\n|-start|p2a: Gotigo gran Figo|perish3\n|-start|p1b: Farigiraf|perish3\n|-status|p1a: Ursaluna|brn|[from] item: Flame Orb\n|upkeep\n|turn|2\n|\n|t:|1746036320\n|-terastallize|p1a: Ursaluna|Fairy\n|move|p2b: Uber Futaber|Moonblast|p1a: Ursaluna\n|-damage|p1a: Ursaluna|58/100 brn\n|move|p2a: Gotigo gran Figo|Foul Play|p1a: Ursaluna\n|-resisted|p1a: Ursaluna\n|-damage|p1a: Ursaluna|43/100 brn\n|move|p1a: Ursaluna|Facade|p2a: Gotigo gran Figo\n|-damage|p2a: Gotigo gran Figo|10/100\n|move|p1b: Farigiraf|Trick Room|p1b: Farigiraf\n|-fieldstart|move: Trick Room|[of] p1b: Farigiraf\n|\n|-damage|p1a: Ursaluna|37/100 brn|[from] brn\n|-start|p1b: Farigiraf|perish2\n|-start|p2a: Gotigo gran Figo|perish2\n|-start|p2b: Uber Futaber|perish2\n|upkeep\n|turn|3\n|\n|t:|1746036351\n|-end|p2b: Uber Futaber|Protosynthesis|[silent]\n|switch|p2b: Gorerra Lucerterra|Groudon, L50|100/100\n|-weather|SunnyDay|[from] ability: Drought|[of] p2b: Gorerra Lucerterra\n|move|p2a: Gotigo gran Figo|Protect|p2a: Gotigo gran Figo\n|-singleturn|p2a: Gotigo gran Figo|Protect\n|move|p1a: Ursaluna|Facade|p2a: Gotigo gran Figo\n|-activate|p2a: Gotigo gran Figo|move: Protect\n|move|p1b: Farigiraf|Foul Play|p2b: Gorerra Lucerterra\n|-damage|p2b: Gorerra Lucerterra|71/100\n|\n|-weather|SunnyDay|[upkeep]\n|-damage|p1a: Ursaluna|31/100 brn|[from] brn\n|-start|p1b: Farigiraf|perish1\n|-start|p2a: Gotigo gran Figo|perish1\n|upkeep\n|turn|4\n|\n|t:|1746036375\n|switch|p2a: Uber Futaber|Flutter Mane, L50|1/100\n|-activate|p2a: Uber Futaber|ability: Protosynthesis\n|-start|p2a: Uber Futaber|protosynthesisspe\n|move|p2b: Gorerra Lucerterra|Protect|p2b: Gorerra Lucerterra\n|-singleturn|p2b: Gorerra Lucerterra|Protect\n|move|p1a: Ursaluna|Facade|p2b: Gorerra Lucerterra\n|-activate|p2b: Gorerra Lucerterra|move: Protect\n|move|p1b: Farigiraf|Foul Play|p2a: Uber Futaber\n|-damage|p2a: Uber Futaber|0 fnt\n|faint|p2a: Uber Futaber\n|-end|p2a: Uber Futaber|Protosynthesis|[silent]\n|\n|-weather|SunnyDay|[upkeep]\n|-damage|p1a: Ursaluna|25/100 brn|[from] brn\n|-start|p1b: Farigiraf|perish0\n|faint|p1b: Farigiraf\n|upkeep\n|\n|t:|1746036403\n|switch|p1b: Urshifu|Urshifu, L50, F|100/100\n|switch|p2a: Gotigo gran Figo|Gothitelle, L50, F|10/100\n|turn|5\n|\n|t:|1746036459\n|move|p1a: Ursaluna|Facade|p2b: Gorerra Lucerterra\n|-damage|p2b: Gorerra Lucerterra|0 fnt\n|faint|p2b: Gorerra Lucerterra\n|move|p1b: Urshifu|Wicked Blow|p2a: Gotigo gran Figo\n|-supereffective|p2a: Gotigo gran Figo\n|-crit|p2a: Gotigo gran Figo\n|-damage|p2a: Gotigo gran Figo|0 fnt\n|faint|p2a: Gotigo gran Figo\n|\n|-weather|SunnyDay|[upkeep]\n|-damage|p1a: Ursaluna|19/100 brn|[from] brn\n|-fieldend|move: Electric Terrain\n|upkeep\n|c|\u2606beonum2|sigh\n|\n|t:|1746036468\n|switch|p2b: Bicicletta Elettra|Miraidon, L50|100/100\n|-fieldstart|move: Electric Terrain|[from] ability: Hadron Engine|[of] p2b: Bicicletta Elettra\n|turn|6\n|\n|t:|1746036485\n|-terastallize|p2b: Bicicletta Elettra|Fairy\n|move|p1a: Ursaluna|Headlong Rush|p2b: Bicicletta Elettra\n|-damage|p2b: Bicicletta Elettra|0 fnt\n|-unboost|p1a: Ursaluna|def|1\n|-unboost|p1a: Ursaluna|spd|1\n|faint|p2b: Bicicletta Elettra\n|\n|win|angandi01\n|raw|angandi01's rating: 1228 &rarr; <strong>1247</strong><br />(+19 for winning)\n|raw|beonum2's rating: 1139 &rarr; <strong>1120</strong><br />(-19 for losing)\n", "uploadtime": 1746036559, "views": 10, "formatid": "gen9vgc2025regibo3", "rating": 1120, "private": 0, "password": null}