{"id": "gen9vgc2025regibo3-2354361763", "format": "[Gen 9] VGC 2025 Reg I (Bo3)", "players": ["Stellar Peformance", "Gimffy"], "log": "|j|\u2606Stellar Peformance\n|j|\u2606Gimffy\n|html|<table width=\"100%\"><tr><td align=\"left\">Stellar Peformance</td><td align=\"right\">Gimffy</tr><tr><td align=\"left\"><i class=\"fa fa-circle-o\"></i> <i class=\"fa fa-circle-o\"></i> </td><td align=\"right\"><i class=\"fa fa-circle-o\"></i> <i class=\"fa fa-circle-o\"></i> </tr></table>\n|uhtml|bestof|<h2><strong>Game 1</strong> of <a href=\"/game-bestof3-gen9vgc2025regibo3-2354361762\">a best-of-3</a></h2>\n|t:|1746061984\n|gametype|doubles\n|player|p1|Stellar Peformance|iris|1153\n|player|p2|Gimffy|ingo|1209\n|teamsize|p1|6\n|teamsize|p2|6\n|gen|9\n|tier|[Gen 9] VGC 2025 Reg I (Bo3)\n|rated|\n|rule|Species Clause: Limit one of each Pok\u00e9mon\n|rule|Item Clause: Limit 1 of each item\n|clearpoke\n|poke|p1|Miraidon, L50|\n|poke|p1|Incineroar, L50, M|\n|poke|p1|Landorus-Therian, L50, M|\n|poke|p1|Sinistcha-Masterpiece, L50|\n|poke|p1|Kyogre, L50|\n|poke|p1|Grimmsnarl, L50, M|\n|poke|p2|Koraidon, L50|\n|poke|p2|Lunala, L50|\n|poke|p2|Flutter Mane, L50|\n|poke|p2|Chi-Yu, L50|\n|poke|p2|Brute Bonnet, L50|\n|poke|p2|Ursaluna, L50, M|\n|teampreview|4\n|showteam|p1|Miraidon||CovertCloak|HadronEngine|ParabolicCharge,DragonPulse,CalmMind,Protect||||||50|,,,,,Electric]Incineroar||EjectPack|Intimidate|FakeOut,KnockOff,WillOWisp,PartingShot|||M|||50|,,,,,Grass]Landorus-Therian||ChoiceScarf|Intimidate|SandsearStorm,GrassKnot,Uturn,EarthPower|||M|||50|,,,,,Grass]Sinistcha-Masterpiece||EjectButton|Hospitality|MatchaGotcha,TrickRoom,ShadowBall,Protect||||||50|,,,,,Dark]Kyogre||Leftovers|Drizzle|WaterSpout,ThunderWave,IceBeam,Protect||||||50|,,,,,Grass]Grimmsnarl||LightClay|Prankster|FoulPlay,LightScreen,Reflect,ThunderWave|||M|||50|,,,,,Ghost\n|showteam|p2|Koraidon||ClearAmulet|OrichalcumPulse|CollisionCourse,FlareBlitz,FlameCharge,Protect||||||50|,,,,,Fire]Lunala||PowerHerb|ShadowShield|MoongeistBeam,MeteorBeam,WideGuard,TrickRoom||||||50|,,,,,Water]Flutter Mane||FocusSash|Protosynthesis|Moonblast,ShadowBall,IcyWind,Protect||||||50|,,,,,Fairy]Chi-Yu||ChoiceScarf|BeadsofRuin|DarkPulse,HeatWave,Overheat,Snarl||||||50|,,,,,Ghost]Brute Bonnet||RockyHelmet|Protosynthesis|RagePowder,Spore,SeedBomb,SuckerPunch||||||50|,,,,,Water]Ursaluna||FlameOrb|Guts|Facade,HeadlongRush,Earthquake,Protect|||M|||50|,,,,,Water\n|inactive|Battle timer is ON: inactive players will automatically lose when time's up. (requested by Gimffy)\n|inactive|Stellar Peformance has 60 seconds left.\n|\n|t:|1746062032\n|start\n|switch|p1a: Grimmsnarl|Grimmsnarl, L50, M|100/100\n|switch|p1b: Miraidon|Miraidon, L50|100/100\n|switch|p2a: Brute Bonnet|Brute Bonnet, L50|100/100\n|switch|p2b: Bruce Wane|Lunala, L50|100/100\n|-fieldstart|move: Electric Terrain|[from] ability: Hadron Engine|[of] p1b: Miraidon\n|turn|1\n|\n|t:|1746062055\n|-end|p2a: Brute Bonnet|Protosynthesis|[silent]\n|switch|p2a: Ursaluna|Ursaluna, L50, M|100/100\n|move|p1a: Grimmsnarl|Light Screen|p1a: Grimmsnarl\n|-sidestart|p1: Stellar Peformance|move: Light Screen\n|move|p1b: Miraidon|Calm Mind|p1b: Miraidon\n|-boost|p1b: Miraidon|spa|1\n|-boost|p1b: Miraidon|spd|1\n|move|p2b: Bruce Wane|Trick Room|p2b: Bruce Wane\n|-fieldstart|move: Trick Room|[of] p2b: Bruce Wane\n|\n|-status|p2a: Ursaluna|brn|[from] item: Flame Orb\n|upkeep\n|turn|2\n|\n|t:|1746062079\n|move|p1b: Miraidon|Protect|p1b: Miraidon\n|-singleturn|p1b: Miraidon|Protect\n|move|p1a: Grimmsnarl|Reflect|p1a: Grimmsnarl\n|-sidestart|p1: Stellar Peformance|Reflect\n|move|p2a: Ursaluna|Headlong Rush|p1b: Miraidon\n|-activate|p1b: Miraidon|move: Protect\n|move|p2b: Bruce Wane|Meteor Beam||[still]\n|-prepare|p2b: Bruce Wane|Meteor Beam\n|-boost|p2b: Bruce Wane|spa|1\n|-enditem|p2b: Bruce Wane|Power Herb\n|-anim|p2b: Bruce Wane|Meteor Beam|p1b: Miraidon\n|-activate|p1b: Miraidon|move: Protect\n|\n|-damage|p2a: Ursaluna|95/100 brn|[from] brn\n|upkeep\n|turn|3\n|\n|t:|1746062101\n|switch|p1b: Sinistcha|Sinistcha-Masterpiece, L50|100/100\n|move|p2a: Ursaluna|Headlong Rush|p1b: Sinistcha\n|-resisted|p1b: Sinistcha\n|-damage|p1b: Sinistcha|74/100\n|-unboost|p2a: Ursaluna|def|1\n|-unboost|p2a: Ursaluna|spd|1\n|-enditem|p1b: Sinistcha|Eject Button\n|\n|t:|1746062112\n|switch|p1b: Miraidon|Miraidon, L50|100/100\n|-activate|p1b: Miraidon|ability: Hadron Engine\n|move|p1a: Grimmsnarl|Foul Play|p2a: Ursaluna\n|-damage|p2a: Ursaluna|27/100 brn\n|move|p2b: Bruce Wane|Moongeist Beam|p1b: Miraidon\n|-damage|p1b: Miraidon|58/100\n|\n|-damage|p2a: Ursaluna|21/100 brn|[from] brn\n|upkeep\n|turn|4\n|inactive|Stellar Peformance has 30 seconds left.\n|\n|t:|1746062141\n|move|p2a: Ursaluna|Protect|p2a: Ursaluna\n|-singleturn|p2a: Ursaluna|Protect\n|move|p1b: Miraidon|Protect|p1b: Miraidon\n|-singleturn|p1b: Miraidon|Protect\n|move|p1a: Grimmsnarl|Thunder Wave|p2b: Bruce Wane\n|-status|p2b: Bruce Wane|par\n|cant|p2b: Bruce Wane|par\n|\n|-damage|p2a: Ursaluna|15/100 brn|[from] brn\n|upkeep\n|turn|5\n|\n|t:|1746062164\n|switch|p1b: Sinistcha|Sinistcha-Masterpiece, L50|74/100\n|move|p2a: Ursaluna|Facade|p1b: Sinistcha\n|-immune|p1b: Sinistcha\n|move|p2b: Bruce Wane|Moongeist Beam|p1b: Sinistcha\n|-supereffective|p1b: Sinistcha\n|-damage|p1b: Sinistcha|0 fnt\n|faint|p1b: Sinistcha\n|move|p1a: Grimmsnarl|Foul Play|p2a: Ursaluna\n|-damage|p2a: Ursaluna|0 fnt\n|faint|p2a: Ursaluna\n|\n|-fieldend|move: Trick Room\n|-fieldend|move: Electric Terrain\n|upkeep\n|inactive|Stellar Peformance has 30 seconds left.\n|\n|t:|1746062191\n|switch|p1b: Miraidon|Miraidon, L50|58/100\n|switch|p2a: Akira|Koraidon, L50|100/100\n|-weather|SunnyDay|[from] ability: Orichalcum Pulse|[of] p2a: Akira\n|-activate|p2a: Akira|Orichalcum Pulse|[source]\n|-fieldstart|move: Electric Terrain|[from] ability: Hadron Engine|[of] p1b: Miraidon\n|turn|6\n|\n|t:|1746062203\n|-terastallize|p2a: Akira|Fire\n|move|p1b: Miraidon|Protect|p1b: Miraidon\n|-singleturn|p1b: Miraidon|Protect\n|cant|p2b: Bruce Wane|par\n|move|p1a: Grimmsnarl|Thunder Wave|p2a: Akira\n|-status|p2a: Akira|par\n|move|p2a: Akira|Flare Blitz|p1b: Miraidon\n|-activate|p1b: Miraidon|move: Protect\n|\n|-weather|SunnyDay|[upkeep]\n|upkeep\n|turn|7\n|\n|t:|1746062226\n|switch|p1b: Kyogre|Kyogre, L50|100/100\n|-weather|RainDance|[from] ability: Drizzle|[of] p1b: Kyogre\n|move|p2a: Akira|Protect|p2a: Akira\n|-singleturn|p2a: Akira|Protect\n|move|p1a: Grimmsnarl|Foul Play|p2b: Bruce Wane\n|-supereffective|p2b: Bruce Wane\n|-damage|p2b: Bruce Wane|50/100 par\n|move|p2b: Bruce Wane|Moongeist Beam|p1b: Kyogre\n|-damage|p1b: Kyogre|65/100\n|\n|-weather|RainDance|[upkeep]\n|-heal|p1b: Kyogre|71/100|[from] item: Leftovers\n|upkeep\n|turn|8\n|\n|t:|1746062248\n|switch|p2a: Brute Bonnet|Brute Bonnet, L50|100/100\n|move|p2b: Bruce Wane|Wide Guard|p2b: Bruce Wane\n|-singleturn|p2b: Bruce Wane|Wide Guard\n|move|p1b: Kyogre|Water Spout|p2a: Brute Bonnet|[spread] \n|-activate|p2a: Brute Bonnet|move: Wide Guard\n|-activate|p2b: Bruce Wane|move: Wide Guard\n|move|p1a: Grimmsnarl|Foul Play|p2b: Bruce Wane\n|-supereffective|p2b: Bruce Wane\n|-damage|p2b: Bruce Wane|0 fnt\n|faint|p2b: Bruce Wane\n|\n|-weather|RainDance|[upkeep]\n|-heal|p1b: Kyogre|77/100|[from] item: Leftovers\n|-sideend|p1: Stellar Peformance|move: Light Screen\n|upkeep\n|\n|t:|1746062255\n|switch|p2b: Akira|Koraidon, L50, tera:Fire|100/100 par\n|-weather|SunnyDay|[from] ability: Orichalcum Pulse|[of] p2b: Akira\n|-activate|p2a: Brute Bonnet|ability: Protosynthesis\n|-start|p2a: Brute Bonnet|protosynthesisdef\n|-activate|p2b: Akira|Orichalcum Pulse|[source]\n|turn|9\n|\n|t:|1746062272\n|move|p1b: Kyogre|Thunder Wave|p2a: Brute Bonnet\n|-status|p2a: Brute Bonnet|par\n|move|p2b: Akira|Flame Charge|p1a: Grimmsnarl\n|-damage|p1a: Grimmsnarl|59/100\n|-boost|p2b: Akira|spe|1\n|move|p1a: Grimmsnarl|Foul Play|p2b: Akira\n|-damage|p2b: Akira|51/100 par\n|cant|p2a: Brute Bonnet|par\n|\n|-weather|SunnyDay|[upkeep]\n|-heal|p1b: Kyogre|83/100|[from] item: Leftovers\n|-sideend|p1: Stellar Peformance|Reflect\n|upkeep\n|turn|10\n|\n|t:|1746062293\n|move|p1a: Grimmsnarl|Reflect|p1a: Grimmsnarl\n|-sidestart|p1: Stellar Peformance|Reflect\n|move|p2b: Akira|Flare Blitz|p1a: Grimmsnarl\n|-damage|p1a: Grimmsnarl|0 fnt\n|faint|p1a: Grimmsnarl\n|-damage|p2b: Akira|29/100 par|[from] Recoil\n|move|p1b: Kyogre|Water Spout|p2b: Akira|[spread] p2a,p2b\n|-resisted|p2a: Brute Bonnet\n|-supereffective|p2b: Akira\n|-damage|p2a: Brute Bonnet|92/100 par\n|-damage|p2b: Akira|0 fnt\n|faint|p2b: Akira\n|cant|p2a: Brute Bonnet|par\n|\n|-weather|SunnyDay|[upkeep]\n|-heal|p1b: Kyogre|88/100|[from] item: Leftovers\n|-fieldend|move: Electric Terrain\n|upkeep\n|\n|t:|1746062307\n|switch|p1a: Miraidon|Miraidon, L50|58/100\n|-fieldstart|move: Electric Terrain|[from] ability: Hadron Engine|[of] p1a: Miraidon\n|turn|11\n|\n|t:|1746062315\n|move|p1a: Miraidon|Calm Mind|p1a: Miraidon\n|-boost|p1a: Miraidon|spa|1\n|-boost|p1a: Miraidon|spd|1\n|move|p1b: Kyogre|Ice Beam|p2a: Brute Bonnet\n|-supereffective|p2a: Brute Bonnet\n|-damage|p2a: Brute Bonnet|45/100 par\n|move|p2a: Brute Bonnet|Seed Bomb|p1b: Kyogre\n|-supereffective|p1b: Kyogre\n|-damage|p1b: Kyogre|57/100\n|\n|-weather|SunnyDay|[upkeep]\n|-heal|p1b: Kyogre|63/100|[from] item: Leftovers\n|upkeep\n|turn|12\n|-message|Gimffy forfeited.\n|\n|win|Stellar Peformance\n||Gimffy is ready for game 2.\n||Stellar Peformance is ready for game 2.\n|uhtml|next|Next: <a href=\"/battle-gen9vgc2025regibo3-2354364542\"><strong>Game 2 of 3</strong></a>\n", "uploadtime": 1746062610, "views": 16, "formatid": "gen9vgc2025regibo3", "rating": null, "private": 0, "password": null}