{"id": "gen9vgc2025regibo3-2353582558", "format": "[Gen 9] VGC 2025 Reg I (Bo3)", "players": ["WE SPOUT I SHOUT", "playest"], "log": "|j|\u2606WE SPOUT I SHOUT\n|j|\u2606playest\n|html|<table width=\"100%\"><tr><td align=\"left\">WE SPOUT I SHOUT</td><td align=\"right\">playest</tr><tr><td align=\"left\"><i class=\"fa fa-circle\"></i> <i class=\"fa fa-circle-o\"></i> </td><td align=\"right\"><i class=\"fa fa-circle-o\"></i> <i class=\"fa fa-circle-o\"></i> </tr></table>\n|uhtml|bestof|<h2><strong>Game 2</strong> of <a href=\"/game-bestof3-gen9vgc2025regibo3-2353580828\">a best-of-3</a></h2>\n|t:|1745970972\n|gametype|doubles\n|player|p1|WE SPOUT I SHOUT|lucas|1161\n|player|p2|playest|infielder|1262\n|teamsize|p1|6\n|teamsize|p2|6\n|gen|9\n|tier|[Gen 9] VGC 2025 Reg I (Bo3)\n|rated|\n|rule|Species Clause: Limit one of each Pok\u00e9mon\n|rule|Item Clause: Limit 1 of each item\n|clearpoke\n|poke|p1|Koraidon, L50|\n|poke|p1|Walking Wake, L50|\n|poke|p1|Calyrex-Shadow, L50|\n|poke|p1|Whimsicott, L50, M|\n|poke|p1|Iron Hands, L50|\n|poke|p1|Chi-Yu, L50|\n|poke|p2|Calyrex-Shadow, L50|\n|poke|p2|Miraidon, L50|\n|poke|p2|Urshifu-*, L50, M|\n|poke|p2|Tornadus, L50, M|\n|poke|p2|Chi-Yu, L50|\n|poke|p2|Snorlax, L50, F|\n|teampreview|4\n|showteam|p1|Koraidon||ClearAmulet|OrichalcumPulse|FlameCharge,FlareBlitz,CollisionCourse,Protect||||||50|,,,,,Fire]Walking Wake||CovertCloak|Protosynthesis|HydroSteam,DracoMeteor,Snarl,Protect||||||50|,,,,,Steel]Calyrex-Shadow||LifeOrb|AsOneSpectrier|Protect,AstralBarrage,Psychic,PollenPuff||||||50|,,,,,Dark]Whimsicott||FocusSash|Prankster|Moonblast,LightScreen,Tailwind,Protect|||M|||50|,,,,,Ghost]Iron Hands||AssaultVest|QuarkDrive|FakeOut,DrainPunch,WildCharge,LowKick||||||50|,,,,,Water]Chi-Yu||ChoiceScarf|BeadsofRuin|HeatWave,Overheat,Snarl,DarkPulse||||||50|,,,,,Ghost\n|showteam|p2|Calyrex-Shadow||FocusSash|AsOneSpectrier|Protect,Psychic,Taunt,AstralBarrage||||||50|,,,,,Normal]Miraidon||ChoiceSpecs|HadronEngine|ElectroDrift,DracoMeteor,DazzlingGleam,Snarl||||||50|,,,,,Fairy]Urshifu-Rapid-Strike||MysticWater|UnseenFist|Detect,AquaJet,CloseCombat,SurgingStrikes|||M|||50|,,,,,Water]Tornadus||CovertCloak|Prankster|Protect,Tailwind,RainDance,BleakwindStorm|||M|||50|,,,,,Dark]Chi-Yu||ChoiceScarf|BeadsofRuin|HeatWave,Snarl,DarkPulse,Overheat||||||50|,,,,,Ghost]Snorlax||Leftovers|ThickFat|Protect,Yawn,HelpingHand,BodySlam|||F|||50|,,,,,Water\n|inactive|Battle timer is ON: inactive players will automatically lose when time's up. (requested by playest)\n|c|\u2606playest|gg\n|j| acetrainerjuno\n|\n|t:|1745970986\n|start\n|switch|p1a: Whimsicott|Whimsicott, L50, M, shiny|100/100\n|switch|p1b: Iron Hands|Iron Hands, L50|100/100\n|switch|p2a: Chi-Yu|Chi-Yu, L50|100/100\n|switch|p2b: Tornadus|Tornadus, L50, M|100/100\n|-ability|p2a: Chi-Yu|Beads of Ruin\n|turn|1\n|inactive|WE SPOUT I SHOUT has 30 seconds left.\n|inactive|playest has 30 seconds left.\n|inactive|WE SPOUT I SHOUT has 20 seconds left.\n|inactive|WE SPOUT I SHOUT has 15 seconds left.\n|\n|t:|1745971032\n|-terastallize|p2b: Tornadus|Dark\n|move|p1a: Whimsicott|Protect|p1a: Whimsicott\n|-singleturn|p1a: Whimsicott|Protect\n|move|p2b: Tornadus|Tailwind|p2b: Tornadus\n|-sidestart|p2: playest|move: Tailwind\n|move|p2a: Chi-Yu|Heat Wave|p1b: Iron Hands|[spread] p1b\n|-activate|p1a: Whimsicott|move: Protect\n|-damage|p1b: Iron Hands|72/100\n|move|p1b: Iron Hands|Drain Punch|p2a: Chi-Yu\n|-supereffective|p2a: Chi-Yu\n|-damage|p2a: Chi-Yu|0 fnt\n|-heal|p1b: Iron Hands|99/100|[from] drain|[of] p2a: Chi-Yu\n|faint|p2a: Chi-Yu\n|\n|upkeep\n|\n|t:|1745971053\n|switch|p2a: Calyrex|Calyrex-Shadow, L50|100/100\n|-ability|p2a: Calyrex|As One\n|-ability|p2a: Calyrex|Unnerve\n|turn|2\n|\n|t:|1745971070\n|move|p2b: Tornadus|Protect|p2b: Tornadus\n|-singleturn|p2b: Tornadus|Protect\n|move|p1a: Whimsicott|Tailwind|p1a: Whimsicott\n|-sidestart|p1: WE SPOUT I SHOUT|move: Tailwind\n|move|p2a: Calyrex|Astral Barrage|p1b: Iron Hands|[spread] p1a,p1b\n|-damage|p1a: Whimsicott|5/100\n|-damage|p1b: Iron Hands|71/100\n|move|p1b: Iron Hands|Drain Punch|p2b: Tornadus\n|-activate|p2b: Tornadus|move: Protect\n|\n|upkeep\n|turn|3\n|\n|t:|1745971084\n|move|p1a: Whimsicott|Light Screen|p1a: Whimsicott\n|-sidestart|p1: WE SPOUT I SHOUT|move: Light Screen\n|move|p2a: Calyrex|Psychic|p1b: Iron Hands\n|-supereffective|p1b: Iron Hands\n|-damage|p1b: Iron Hands|36/100\n|move|p2b: Tornadus|Bleakwind Storm|p1a: Whimsicott|[spread] p1a,p1b\n|-supereffective|p1a: Whimsicott\n|-damage|p1a: Whimsicott|0 fnt\n|-damage|p1b: Iron Hands|23/100\n|faint|p1a: Whimsicott\n|move|p1b: Iron Hands|Drain Punch|p2b: Tornadus\n|-supereffective|p2b: Tornadus\n|-damage|p2b: Tornadus|0 fnt\n|-heal|p1b: Iron Hands|56/100|[from] drain|[of] p2b: Tornadus\n|faint|p2b: Tornadus\n|\n|upkeep\n|\n|t:|1745971097\n|switch|p1a: Chi-Yu|Chi-Yu, L50|100/100\n|switch|p2b: Miraidon|Miraidon, L50|100/100\n|-ability|p1a: Chi-Yu|Beads of Ruin\n|-fieldstart|move: Electric Terrain|[from] ability: Hadron Engine|[of] p2b: Miraidon\n|-activate|p1b: Iron Hands|ability: Quark Drive\n|-start|p1b: Iron Hands|quarkdriveatk\n|turn|4\n|\n|t:|1745971107\n|move|p2a: Calyrex|Protect|p2a: Calyrex\n|-singleturn|p2a: Calyrex|Protect\n|move|p1a: Chi-Yu|Snarl|p2b: Miraidon|[spread] p2b\n|-activate|p2a: Calyrex|move: Protect\n|-damage|p2b: Miraidon|72/100\n|-unboost|p2b: Miraidon|spa|1\n|move|p2b: Miraidon|Electro Drift|p1a: Chi-Yu\n|-damage|p1a: Chi-Yu|27/100\n|move|p1b: Iron Hands|Drain Punch|p2b: Miraidon\n|-damage|p2b: Miraidon|16/100\n|-heal|p1b: Iron Hands|77/100|[from] drain|[of] p2b: Miraidon\n|\n|-sideend|p2: playest|move: Tailwind\n|upkeep\n|turn|5\n|\n|t:|1745971121\n|move|p1a: Chi-Yu|Snarl|p2a: Calyrex|[spread] p2a,p2b\n|-supereffective|p2a: Calyrex\n|-enditem|p2a: Calyrex|Focus Sash\n|-damage|p2a: Calyrex|1/100\n|-damage|p2b: Miraidon|0 fnt\n|-unboost|p2a: Calyrex|spa|1\n|faint|p2b: Miraidon\n|move|p2a: Calyrex|Astral Barrage|p1b: Iron Hands|[spread] p1a,p1b\n|-resisted|p1a: Chi-Yu\n|-crit|p1a: Chi-Yu\n|-damage|p1a: Chi-Yu|0 fnt\n|-damage|p1b: Iron Hands|59/100\n|faint|p1a: Chi-Yu\n|-ability|p2a: Calyrex|Grim Neigh|boost\n|-boost|p2a: Calyrex|spa|1\n|move|p1b: Iron Hands|Wild Charge|p2a: Calyrex\n|-damage|p2a: Calyrex|0 fnt\n|faint|p2a: Calyrex\n|-damage|p1b: Iron Hands|59/100|[from] Recoil\n|\n|win|WE SPOUT I SHOUT\n|raw|WE SPOUT I SHOUT's rating: 1161 &rarr; <strong>1193</strong><br />(+32 for winning)\n|raw|playest's rating: 1262 &rarr; <strong>1230</strong><br />(-32 for losing)\n|c|\u2606playest|ggs\n|l| acetrainerjuno\n", "uploadtime": 1745971144, "views": 23, "formatid": "gen9vgc2025regibo3", "rating": 1193, "private": 0, "password": null}