{"id": "gen9vgc2025regibo3-2353712455", "format": "[Gen 9] VGC 2025 Reg I (Bo3)", "players": ["LastChanceShot", "teddy2gloves"], "log": "|j|\u2606LastChanceShot\n|j|\u2606teddy2gloves\n|html|<table width=\"100%\"><tr><td align=\"left\">LastChanceShot</td><td align=\"right\">teddy2gloves</tr><tr><td align=\"left\"><i class=\"fa fa-circle-o\"></i> <i class=\"fa fa-circle-o\"></i> </td><td align=\"right\"><i class=\"fa fa-circle-o\"></i> <i class=\"fa fa-circle-o\"></i> </tr></table>\n|uhtml|bestof|<h2><strong>Game 1</strong> of <a href=\"/game-bestof3-gen9vgc2025regibo3-2353712454\">a best-of-3</a></h2>\n|t:|1745987219\n|gametype|doubles\n|player|p1|LastChanceShot|1|1094\n|player|p2|teddy2gloves|170|1042\n|teamsize|p1|6\n|teamsize|p2|6\n|gen|9\n|tier|[Gen 9] VGC 2025 Reg I (Bo3)\n|rated|\n|rule|Species Clause: Limit one of each Pok\u00e9mon\n|rule|Item Clause: Limit 1 of each item\n|clearpoke\n|poke|p1|Ursaluna-Bloodmoon, L50, M|\n|poke|p1|Calyrex-Ice, L50|\n|poke|p1|Chien-Pao, L50|\n|poke|p1|Rillaboom, L50, F|\n|poke|p1|Lunala, L50|\n|poke|p1|Indeedee-F, L50, F|\n|poke|p2|Koraidon, L50|\n|poke|p2|Flutter Mane, L50|\n|poke|p2|Chi-Yu, L50|\n|poke|p2|Brute Bonnet, L50|\n|poke|p2|Calyrex-Ice, L50|\n|poke|p2|Ursaluna-Bloodmoon, L50, M|\n|teampreview|4\n|showteam|p1|Ursaluna-Bloodmoon||LifeOrb|MindsEye|BloodMoon,HyperVoice,Protect,EarthPower|||M|||50|,,,,,Normal]Calyrex-Ice||ClearAmulet|AsOneGlastrier|TrickRoom,GlacialLance,HighHorsepower,Protect||||||50|,,,,,Fire]Chien-Pao||FocusSash|SwordofRuin|Haze,SuckerPunch,IceShard,SacredSword||||||50|,,,,,Fighting]Rillaboom||SitrusBerry|GrassySurge|Taunt,FakeOut,WoodHammer,GrassyGlide|||F|||50|,,,,,Water]Lunala||SafetyGoggles|ShadowShield|MoongeistBeam,ExpandingForce,WideGuard,TrickRoom||||||50|,,,,,Dark]Indeedee-F||PsychicSeed|PsychicSurge|FollowMe,HelpingHand,ShadowBall,TrickRoom|||F|||50|,,,,,Psychic\n|showteam|p2|Koraidon||LifeOrb|OrichalcumPulse|FlareBlitz,CollisionCourse,BreakingSwipe,Protect||||||50|,,,,,Fire]Flutter Mane||ChoiceSpecs|Protosynthesis|IcyWind,DazzlingGleam,ShadowBall,PowerGem||||||50|,,,,,Fairy]Chi-Yu||FocusSash|BeadsofRuin|Protect,HeatWave,Taunt,Overheat||||||50|,,,,,Ghost]Brute Bonnet||RockyHelmet|Protosynthesis|Spore,RagePowder,SuckerPunch,SeedBomb||||||50|,,,,,Water]Calyrex-Ice||ClearAmulet|AsOneGlastrier|GlacialLance,HighHorsepower,Protect,TrickRoom||||||50|,,,,,Fire]Ursaluna-Bloodmoon||AssaultVest|MindsEye|Moonblast,HyperVoice,BloodMoon,EarthPower|||M|||50|,,,,,Normal\n|\n|t:|1745987296\n|start\n|switch|p1a: Lunala|Lunala, L50|100/100\n|switch|p1b: Rillaboom|Rillaboom, L50, F|100/100\n|switch|p2a: Koraidon|Koraidon, L50|100/100\n|switch|p2b: Flutter Mane|Flutter Mane, L50|100/100\n|-weather|SunnyDay|[from] ability: Orichalcum Pulse|[of] p2a: Koraidon\n|-activate|p2b: Flutter Mane|ability: Protosynthesis\n|-start|p2b: Flutter Mane|protosynthesisspe\n|-activate|p2a: Koraidon|Orichalcum Pulse|[source]\n|-fieldstart|move: Grassy Terrain|[from] ability: Grassy Surge|[of] p1b: Rillaboom\n|turn|1\n|\n|t:|1745987333\n|-terastallize|p1a: Lunala|Dark\n|move|p1b: Rillaboom|Fake Out|p2a: Koraidon\n|-damage|p2a: Koraidon|87/100\n|move|p2b: Flutter Mane|Dazzling Gleam|p1b: Rillaboom|[spread] p1a,p1b\n|-supereffective|p1a: Lunala\n|-damage|p1a: Lunala|67/100\n|-damage|p1b: Rillaboom|47/100\n|-enditem|p1b: Rillaboom|Sitrus Berry|[eat]\n|-heal|p1b: Rillaboom|71/100|[from] item: Sitrus Berry\n|cant|p2a: Koraidon|flinch\n|move|p1a: Lunala|Trick Room|p1a: Lunala\n|-fieldstart|move: Trick Room|[of] p1a: Lunala\n|\n|-weather|SunnyDay|[upkeep]\n|-heal|p1b: Rillaboom|77/100|[from] Grassy Terrain\n|-heal|p1a: Lunala|73/100|[from] Grassy Terrain\n|-heal|p2a: Koraidon|93/100|[from] Grassy Terrain\n|upkeep\n|turn|2\n|\n|t:|1745987366\n|switch|p1b: Indeedee|Indeedee-F, L50, F|100/100\n|-fieldstart|move: Psychic Terrain|[from] ability: Psychic Surge|[of] p1b: Indeedee\n|-enditem|p1b: Indeedee|Psychic Seed\n|-boost|p1b: Indeedee|spd|1|[from] item: Psychic Seed\n|switch|p2a: Brute Bonnet|Brute Bonnet, L50|100/100\n|-activate|p2a: Brute Bonnet|ability: Protosynthesis\n|-start|p2a: Brute Bonnet|protosynthesisdef\n|move|p1a: Lunala|Expanding Force|p2b: Flutter Mane|[spread] p2b\n|-immune|p2a: Brute Bonnet\n|-damage|p2b: Flutter Mane|26/100\n|move|p2b: Flutter Mane|Dazzling Gleam|p1a: Lunala|[spread] p1a,p1b\n|-supereffective|p1a: Lunala\n|-damage|p1a: Lunala|7/100\n|-damage|p1b: Indeedee|75/100\n|\n|-weather|SunnyDay|[upkeep]\n|upkeep\n|turn|3\n|\n|t:|1745987410\n|-end|p2b: Flutter Mane|Protosynthesis|[silent]\n|switch|p2b: Chi-Yu|Chi-Yu, L50|100/100\n|-ability|p2b: Chi-Yu|Beads of Ruin\n|move|p1b: Indeedee|Helping Hand|p1a: Lunala\n|-singleturn|p1a: Lunala|Helping Hand|[of] p1b: Indeedee\n|move|p2a: Brute Bonnet|Spore|p1a: Lunala\n|-activate|p1a: Lunala|item: Safety Goggles|Spore\n|move|p1a: Lunala|Moongeist Beam|p2a: Brute Bonnet\n|-resisted|p2a: Brute Bonnet\n|-damage|p2a: Brute Bonnet|55/100\n|\n|-weather|SunnyDay|[upkeep]\n|upkeep\n|turn|4\n|\n|t:|1745987444\n|move|p1b: Indeedee|Follow Me|p1b: Indeedee\n|-singleturn|p1b: Indeedee|move: Follow Me\n|move|p2a: Brute Bonnet|Spore|p1b: Indeedee\n|-status|p1b: Indeedee|slp|[from] move: Spore\n|move|p1a: Lunala|Moongeist Beam|p2a: Brute Bonnet\n|-resisted|p2a: Brute Bonnet\n|-damage|p2a: Brute Bonnet|23/100\n|move|p2b: Chi-Yu|Heat Wave|p1a: Lunala|[spread] p1b\n|-miss|p2b: Chi-Yu|p1a: Lunala\n|-damage|p1b: Indeedee|32/100 slp\n|\n|-weather|SunnyDay|[upkeep]\n|upkeep\n|turn|5\n|\n|t:|1745987486\n|-end|p2a: Brute Bonnet|Protosynthesis|[silent]\n|switch|p2a: Flutter Mane|Flutter Mane, L50|26/100\n|-activate|p2a: Flutter Mane|ability: Protosynthesis\n|-start|p2a: Flutter Mane|protosynthesisspe\n|cant|p1b: Indeedee|slp\n|move|p1a: Lunala|Moongeist Beam|p2b: Chi-Yu\n|-resisted|p2b: Chi-Yu\n|-crit|p2b: Chi-Yu\n|-damage|p2b: Chi-Yu|43/100\n|move|p2b: Chi-Yu|Heat Wave|p1b: Indeedee|[spread] p1a,p1b\n|-damage|p1a: Lunala|0 fnt\n|-damage|p1b: Indeedee|0 fnt\n|faint|p1a: Lunala\n|faint|p1b: Indeedee\n|\n|-weather|none\n|-end|p2a: Flutter Mane|Protosynthesis\n|-fieldend|move: Trick Room\n|upkeep\n|\n|t:|1745987506\n|switch|p1a: Calyrex|Calyrex-Ice, L50|100/100\n|switch|p1b: Rillaboom|Rillaboom, L50, F|77/100\n|-ability|p1a: Calyrex|As One\n|-ability|p1a: Calyrex|Unnerve\n|-fieldstart|move: Grassy Terrain|[from] ability: Grassy Surge|[of] p1b: Rillaboom\n|turn|6\n|\n|t:|1745987527\n|-terastallize|p2b: Chi-Yu|Ghost\n|move|p1b: Rillaboom|Grassy Glide|p2a: Flutter Mane\n|-damage|p2a: Flutter Mane|0 fnt\n|faint|p2a: Flutter Mane\n|-end|p2a: Flutter Mane|Protosynthesis|[silent]\n|move|p2b: Chi-Yu|Heat Wave|p1a: Calyrex|[spread] p1a,p1b\n|-supereffective|p1a: Calyrex\n|-supereffective|p1b: Rillaboom\n|-crit|p1b: Rillaboom\n|-damage|p1a: Calyrex|26/100\n|-damage|p1b: Rillaboom|0 fnt\n|faint|p1b: Rillaboom\n|move|p1a: Calyrex|Trick Room|p1a: Calyrex\n|-fieldstart|move: Trick Room|[of] p1a: Calyrex\n|\n|-heal|p1a: Calyrex|32/100|[from] Grassy Terrain\n|-heal|p2b: Chi-Yu|49/100|[from] Grassy Terrain\n|upkeep\n|\n|t:|1745987535\n|switch|p2a: Brute Bonnet|Brute Bonnet, L50|23/100\n|turn|7\n|\n|t:|1745987551\n|move|p2a: Brute Bonnet|Sucker Punch|p1a: Calyrex\n|-supereffective|p1a: Calyrex\n|-damage|p1a: Calyrex|0 fnt\n|faint|p1a: Calyrex\n|\n|win|teddy2gloves\n||teddy2gloves is ready for game 2.\n|inactive|LastChanceShot has 30 seconds to confirm battle start!\n||LastChanceShot is ready for game 2.\n|uhtml|next|Next: <a href=\"/battle-gen9vgc2025regibo3-2353714680\"><strong>Game 2 of 3</strong></a>\n", "uploadtime": 1745987835, "views": 8, "formatid": "gen9vgc2025regibo3", "rating": null, "private": 0, "password": null}