{"id": "gen9vgc2025regibo3-2355130342", "format": "[Gen 9] VGC 2025 Reg I (Bo3)", "players": ["juacox300", "fab concha vgc"], "log": "|j|\u2606juacox300\n|j|\u2606fab concha vgc\n|html|<table width=\"100%\"><tr><td align=\"left\">juacox300</td><td align=\"right\">fab concha vgc</tr><tr><td align=\"left\"><i class=\"fa fa-circle\"></i> <i class=\"fa fa-circle-o\"></i> </td><td align=\"right\"><i class=\"fa fa-circle-o\"></i> <i class=\"fa fa-circle-o\"></i> </tr></table>\n|uhtml|bestof|<h2><strong>Game 2</strong> of <a href=\"/game-bestof3-gen9vgc2025regibo3-2355128439\">a best-of-3</a></h2>\n|t:|1746156333\n|gametype|doubles\n|player|p1|juacox300|unknown|1428\n|player|p2|fab concha vgc|170|1506\n|teamsize|p1|6\n|teamsize|p2|6\n|gen|9\n|tier|[Gen 9] VGC 2025 Reg I (Bo3)\n|rated|\n|rule|Species Clause: Limit one of each Pok\u00e9mon\n|rule|Item Clause: Limit 1 of each item\n|clearpoke\n|poke|p1|Miraidon, L50|\n|poke|p1|Iron Hands, L50|\n|poke|p1|Calyrex-Ice, L50|\n|poke|p1|Incineroar, L50, M|\n|poke|p1|Chi-Yu, L50|\n|poke|p1|Alcremie-Salted-Cream, L50, F|\n|poke|p2|Miraidon, L50|\n|poke|p2|Zamazenta-*, L50|\n|poke|p2|Entei, L50|\n|poke|p2|Iron Hands, L50|\n|poke|p2|Chien-Pao, L50|\n|poke|p2|Farigiraf, L50, F|\n|teampreview|4\n|showteam|p1|Miraidon||LifeOrb|HadronEngine|ElectroDrift,DracoMeteor,Protect,DazzlingGleam||||||50|,,,,,Fairy]Iron Hands||AssaultVest|QuarkDrive|WildCharge,LowKick,FakeOut,HeavySlam||||||50|,,,,,Fire]Calyrex-Ice||ClearAmulet|AsOneGlastrier|GlacialLance,HighHorsepower,Protect,TrickRoom||||||50|,,,,,Dragon]Incineroar||RockyHelmet|Intimidate|KnockOff,FlareBlitz,FakeOut,Taunt|||M|||50|,,,,,Poison]Chi-Yu||ChoiceScarf|BeadsofRuin|HeatWave,Snarl,Overheat,DarkPulse||||||50|,,,,,Ghost]Alcremie-Salted-Cream||CovertCloak|AromaVeil|AlluringVoice,Decorate,Protect,Encore|||F|||50|,,,,,Grass\n|showteam|p2|Miraidon||ChoiceSpecs|HadronEngine|ElectroDrift,DracoMeteor,VoltSwitch,DazzlingGleam||||||50|,,,,,Fairy]Zamazenta-Crowned||RustedShield|DauntlessShield|WideGuard,BodyPress,HeavySlam,Protect||||||50|,,,,,Water]Entei||ChoiceBand|InnerFocus|SacredFire,ExtremeSpeed,StompingTantrum,Crunch||||||50|,,,,,Normal]Iron Hands||AssaultVest|QuarkDrive|FakeOut,DrainPunch,WildCharge,LowKick||||||50|,,,,,Bug]Chien-Pao||FocusSash|SwordofRuin|Protect,IcicleCrash,ThroatChop,SuckerPunch||||||50|,,,,,Ghost]Farigiraf||ElectricSeed|ArmorTail|TrickRoom,FoulPlay,HelpingHand,Psychic|||F|||50|,,,,,Water\n|c|\u2606juacox300|algunos me reconocen porque jugue mucho vikabolt la regulacion pasada xD\n|inactive|Battle timer is ON: inactive players will automatically lose when time's up. (requested by fab concha vgc)\n|\n|t:|1746156372\n|start\n|switch|p1a: Miraidon|Miraidon, L50|100/100\n|switch|p1b: Elena|Alcremie-Salted-Cream, L50, F|100/100\n|switch|p2a: Miraidon|Miraidon, L50|100/100\n|switch|p2b: Entei|Entei, L50|100/100\n|-fieldstart|move: Electric Terrain|[from] ability: Hadron Engine|[of] p1a: Miraidon\n|-activate|p2a: Miraidon|ability: Hadron Engine\n|turn|1\n|j| FatassPansexual\n|\n|t:|1746156387\n|-terastallize|p2a: Miraidon|Fairy\n|move|p1a: Miraidon|Protect|p1a: Miraidon\n|-singleturn|p1a: Miraidon|Protect\n|move|p1b: Elena|Protect|p1b: Elena\n|-singleturn|p1b: Elena|Protect\n|move|p2b: Entei|Extreme Speed|p1a: Miraidon\n|-activate|p1a: Miraidon|move: Protect\n|move|p2a: Miraidon|Dazzling Gleam|p1b: Elena|[spread] \n|-activate|p1a: Miraidon|move: Protect\n|-activate|p1b: Elena|move: Protect\n|\n|upkeep\n|turn|2\n|inactive|juacox300 has 30 seconds left.\n|\n|t:|1746156420\n|-terastallize|p1a: Miraidon|Fairy\n|move|p2b: Entei|Extreme Speed|p1a: Miraidon\n|-damage|p1a: Miraidon|55/100\n|move|p2a: Miraidon|Dazzling Gleam|p1b: Elena|[spread] p1a,p1b\n|-damage|p1a: Miraidon|0 fnt\n|-damage|p1b: Elena|53/100\n|faint|p1a: Miraidon\n|move|p1b: Elena|Alluring Voice|p2b: Entei\n|-resisted|p2b: Entei\n|-damage|p2b: Entei|84/100\n|\n|upkeep\n|\n|t:|1746156423\n|switch|p1a: Calyrex|Calyrex-Ice, L50|100/100\n|-ability|p1a: Calyrex|As One\n|-ability|p1a: Calyrex|Unnerve\n|turn|3\n|\n|t:|1746156444\n|move|p2b: Entei|Extreme Speed|p1b: Elena\n|-damage|p1b: Elena|10/100\n|move|p2a: Miraidon|Dazzling Gleam|p1a: Calyrex|[spread] p1a,p1b\n|-damage|p1a: Calyrex|61/100\n|-damage|p1b: Elena|0 fnt\n|faint|p1b: Elena\n|move|p1a: Calyrex|Trick Room|p1a: Calyrex\n|-fieldstart|move: Trick Room|[of] p1a: Calyrex\n|\n|upkeep\n|\n|t:|1746156449\n|switch|p1b: FerroNalgada|Iron Hands, L50|100/100\n|-activate|p1b: FerroNalgada|ability: Quark Drive\n|-start|p1b: FerroNalgada|quarkdriveatk\n|turn|4\n|\n|t:|1746156466\n|switch|p2a: Farigiraf|Farigiraf, L50, F|100/100\n|-enditem|p2a: Farigiraf|Electric Seed\n|-boost|p2a: Farigiraf|def|1|[from] item: Electric Seed\n|move|p2b: Entei|Extreme Speed|p1a: Calyrex\n|-damage|p1a: Calyrex|34/100\n|move|p1a: Calyrex|Glacial Lance|p2a: Farigiraf|[spread] p2a,p2b\n|-crit|p2a: Farigiraf\n|-resisted|p2b: Entei\n|-damage|p2a: Farigiraf|32/100\n|-damage|p2b: Entei|59/100\n|move|p1b: FerroNalgada|Low Kick|p2a: Farigiraf\n|-damage|p2a: Farigiraf|0 fnt\n|faint|p2a: Farigiraf\n|\n|upkeep\n|\n|t:|1746156483\n|switch|p2a: Zamazenta|Zamazenta-Crowned, L50, shiny|100/100\n|-ability|p2a: Zamazenta|Dauntless Shield|boost\n|-boost|p2a: Zamazenta|def|1\n|turn|5\n|\n|t:|1746156498\n|move|p1a: Calyrex|Protect|p1a: Calyrex\n|-singleturn|p1a: Calyrex|Protect\n|move|p2b: Entei|Extreme Speed|p1b: FerroNalgada\n|-damage|p1b: FerroNalgada|75/100\n|move|p1b: FerroNalgada|Low Kick|p2b: Entei\n|-damage|p2b: Entei|0 fnt\n|faint|p2b: Entei\n|move|p2a: Zamazenta|Body Press|p1a: Calyrex\n|-activate|p1a: Calyrex|move: Protect\n|\n|-fieldend|move: Electric Terrain\n|-end|p1b: FerroNalgada|Quark Drive\n|upkeep\n|\n|t:|1746156507\n|switch|p2b: Miraidon|Miraidon, L50, tera:Fairy|100/100\n|-fieldstart|move: Electric Terrain|[from] ability: Hadron Engine|[of] p2b: Miraidon\n|-activate|p1b: FerroNalgada|ability: Quark Drive\n|-start|p1b: FerroNalgada|quarkdriveatk\n|turn|6\n|inactive|fab concha vgc has 30 seconds left.\n|\n|t:|1746156537\n|move|p1a: Calyrex|High Horsepower|p2a: Zamazenta\n|-supereffective|p2a: Zamazenta\n|-damage|p2a: Zamazenta|70/100\n|move|p1b: FerroNalgada|Wild Charge|p2b: Miraidon\n|-damage|p2b: Miraidon|7/100\n|-damage|p1b: FerroNalgada|59/100|[from] Recoil\n|move|p2a: Zamazenta|Body Press|p1a: Calyrex\n|-damage|p1a: Calyrex|0 fnt\n|faint|p1a: Calyrex\n|move|p2b: Miraidon|Dazzling Gleam|p1b: FerroNalgada\n|-supereffective|p1b: FerroNalgada\n|-damage|p1b: FerroNalgada|0 fnt\n|faint|p1b: FerroNalgada\n|-end|p1b: FerroNalgada|Quark Drive|[silent]\n|\n|win|fab concha vgc\n|inactive|juacox300 has 30 seconds to confirm battle start!\n|inactive|fab concha vgc has 30 seconds to confirm battle start!\n||fab concha vgc is ready for game 3.\n||juacox300 is ready for game 3.\n|uhtml|next|Next: <a href=\"/battle-gen9vgc2025regibo3-2355131968\"><strong>Game 3 of 3</strong></a>\n|l| FatassPansexual\n|l|\u2606fab concha vgc\n|player|p2|\n", "uploadtime": 1746156895, "views": 6, "formatid": "gen9vgc2025regibo3", "rating": null, "private": 0, "password": null}