{"id": "gen9vgc2025regibo3-2354610988", "format": "[Gen 9] VGC 2025 Reg I (Bo3)", "players": ["Powerthepower", "ido1234567890"], "log": "|j|\u2606Powerthepower\n|j|\u2606ido1234567890\n|html|<table width=\"100%\"><tr><td align=\"left\">Powerthepower</td><td align=\"right\">ido1234567890</tr><tr><td align=\"left\"><i class=\"fa fa-circle-o\"></i> <i class=\"fa fa-circle-o\"></i> </td><td align=\"right\"><i class=\"fa fa-circle-o\"></i> <i class=\"fa fa-circle\"></i> </tr></table>\n|uhtml|bestof|<h2><strong>Game 2</strong> of <a href=\"/game-bestof3-gen9vgc2025regibo3-2354609615\">a best-of-3</a></h2>\n|t:|1746102575\n|gametype|doubles\n|player|p1|Powerthepower|kieran-festival|\n|player|p2|ido1234567890|101|\n|teamsize|p1|6\n|teamsize|p2|6\n|gen|9\n|tier|[Gen 9] VGC 2025 Reg I (Bo3)\n|rule|Species Clause: Limit one of each Pok\u00e9mon\n|rule|Item Clause: Limit 1 of each item\n|clearpoke\n|poke|p1|Ogerpon-Hearthflame, L50, F|\n|poke|p1|Lunala, L50|\n|poke|p1|Urshifu-*, L50, M|\n|poke|p1|Miraidon, L50|\n|poke|p1|Farigiraf, L50, F|\n|poke|p1|Iron Hands, L50|\n|poke|p2|Indeedee-F, L50, F|\n|poke|p2|Calyrex-Ice, L50|\n|poke|p2|Necrozma-Dawn-Wings, L50|\n|poke|p2|Smeargle, L50, F|\n|poke|p2|Torkoal, L50, M|\n|poke|p2|Gallade, L50, M|\n|teampreview|4\n|showteam|p1|Ogerpon-Hearthflame||HearthflameMask|MoldBreaker|IvyCudgel,SpikyShield,FollowMe,FocusEnergy|||F|||50|,,,,,Fire]Lunala||ElectricSeed|ShadowShield|Moonblast,MoongeistBeam,WideGuard,Tailwind||||||50|,,,,,Fairy]Urshifu-Rapid-Strike||ChoiceScarf|UnseenFist|CloseCombat,AquaJet,SurgingStrikes,Coaching|||M|||50|,,,,,Water]Miraidon||ChoiceSpecs|HadronEngine|DracoMeteor,ElectroDrift,DazzlingGleam,VoltSwitch||||||50|,,,,,Fairy]Farigiraf||ThroatSpray|ArmorTail|HelpingHand,Psychic,HyperVoice,TrickRoom|||F|||50|,,,,,Grass]Iron Hands||AssaultVest|QuarkDrive|DrainPunch,FakeOut,LowKick,HeavySlam||||||50|,,,,,Water\n|showteam|p2|Indeedee-F||PsychicSeed|PsychicSurge|TrickRoom,FollowMe,HelpingHand,HealPulse|||F|||50|,,,,,Grass]Calyrex-Ice||ClearAmulet|AsOneGlastrier|TrickRoom,Protect,HighHorsepower,GlacialLance||||||50|,,,,,Fire]Necrozma-Dawn-Wings||PowerHerb|PrismArmor|TrickRoom,ExpandingForce,MoongeistBeam,MeteorBeam||||||50|,,,,,Dark]Smeargle||FocusSash|Moody|FollowMe,Spore,Decorate,SpikyShield|||F|||50|,,,,,Ghost]Torkoal||ChoiceSpecs|Drought|WeatherBall,HeatWave,Eruption,EarthPower|||M|||50|,,,,,Fire]Gallade||LifeOrb|Sharpness|WideGuard,SacredSword,TrickRoom,PsychoCut|||M|||50|,,,,,Steel\n|inactive|Battle timer is ON: inactive players will automatically lose when time's up. (requested by Powerthepower)\n|\n|t:|1746102602\n|start\n|switch|p1a: Iron Hands|Iron Hands, L50|100/100\n|switch|p1b: Wayne Kerr|Farigiraf, L50, F|100/100\n|switch|p2a: Necrozma|Necrozma-Dawn-Wings, L50|100/100\n|switch|p2b: Indeedee|Indeedee-F, L50, F|100/100\n|-fieldstart|move: Psychic Terrain|[from] ability: Psychic Surge|[of] p2b: Indeedee\n|-enditem|p2b: Indeedee|Psychic Seed\n|-boost|p2b: Indeedee|spd|1|[from] item: Psychic Seed\n|turn|1\n|\n|t:|1746102614\n|switch|p1b: Miraidon|Miraidon, L50|100/100\n|-fieldstart|move: Electric Terrain|[from] ability: Hadron Engine|[of] p1b: Miraidon\n|-activate|p1a: Iron Hands|ability: Quark Drive\n|-start|p1a: Iron Hands|quarkdriveatk\n|move|p2b: Indeedee|Follow Me|p2b: Indeedee\n|-singleturn|p2b: Indeedee|move: Follow Me\n|move|p2a: Necrozma|Expanding Force|p1a: Iron Hands\n|-supereffective|p1a: Iron Hands\n|-damage|p1a: Iron Hands|44/100\n|move|p1a: Iron Hands|Low Kick|p2b: Indeedee\n|-damage|p2b: Indeedee|59/100\n|\n|upkeep\n|turn|2\n|j| lol lol lol blue\n|inactive|Powerthepower has 30 seconds left.\n|\n|t:|1746102645\n|-end|p1a: Iron Hands|Quark Drive|[silent]\n|switch|p1a: Ogerpon|Ogerpon-Hearthflame, L50, F|100/100\n|-ability|p1a: Ogerpon|Mold Breaker\n|move|p2b: Indeedee|Follow Me|p2b: Indeedee\n|-singleturn|p2b: Indeedee|move: Follow Me\n|move|p1b: Miraidon|Volt Switch|p2b: Indeedee\n|-damage|p2b: Indeedee|0 fnt\n|faint|p2b: Indeedee\n|\n|t:|1746102655\n|switch|p1b: Wayne Kerr|Farigiraf, L50, F|100/100|[from] Volt Switch\n|move|p2a: Necrozma|Trick Room|p2a: Necrozma\n|-fieldstart|move: Trick Room|[of] p2a: Necrozma\n|\n|upkeep\n|\n|t:|1746102661\n|switch|p2b: Torkoal|Torkoal, L50, M|100/100\n|-weather|SunnyDay|[from] ability: Drought|[of] p2b: Torkoal\n|turn|3\n|\n|t:|1746102678\n|-terastallize|p2b: Torkoal|Fire\n|-terastallize|p1a: Ogerpon|Fire\n|detailschange|p1a: Ogerpon|Ogerpon-Hearthflame-Tera, L50, F, tera:Fire\n|-ability|p1a: Ogerpon|Embody Aspect (Hearthflame)|boost\n|-boost|p1a: Ogerpon|atk|1\n|move|p2b: Torkoal|Eruption|p1b: Wayne Kerr|[spread] p1a,p1b\n|-resisted|p1a: Ogerpon\n|-damage|p1a: Ogerpon|23/100\n|-damage|p1b: Wayne Kerr|0 fnt\n|faint|p1b: Wayne Kerr\n|move|p2a: Necrozma|Meteor Beam||[still]\n|-prepare|p2a: Necrozma|Meteor Beam\n|-boost|p2a: Necrozma|spa|1\n|-enditem|p2a: Necrozma|Power Herb\n|-anim|p2a: Necrozma|Meteor Beam|p1a: Ogerpon\n|-supereffective|p1a: Ogerpon\n|-damage|p1a: Ogerpon|0 fnt\n|faint|p1a: Ogerpon\n|\n|-weather|SunnyDay|[upkeep]\n|upkeep\n|\n|t:|1746102688\n|switch|p1b: Iron Hands|Iron Hands, L50|44/100\n|switch|p1a: Miraidon|Miraidon, L50|100/100\n|-activate|p1a: Miraidon|ability: Hadron Engine\n|-activate|p1b: Iron Hands|ability: Quark Drive\n|-start|p1b: Iron Hands|quarkdriveatk\n|turn|4\n|l| lol lol lol blue\n|\n|t:|1746102702\n|move|p1b: Iron Hands|Fake Out|p2b: Torkoal\n|-damage|p2b: Torkoal|84/100\n|cant|p2b: Torkoal|flinch\n|move|p2a: Necrozma|Expanding Force|p1b: Iron Hands\n|-supereffective|p1b: Iron Hands\n|-damage|p1b: Iron Hands|0 fnt\n|faint|p1b: Iron Hands\n|-end|p1b: Iron Hands|Quark Drive|[silent]\n|move|p1a: Miraidon|Electro Drift|p2b: Torkoal\n|-damage|p2b: Torkoal|0 fnt\n|faint|p2b: Torkoal\n|\n|-weather|SunnyDay|[upkeep]\n|upkeep\n|\n|t:|1746102711\n|switch|p2b: Calyrex|Calyrex-Ice, L50|100/100\n|-ability|p2b: Calyrex|As One\n|-ability|p2b: Calyrex|Unnerve\n|turn|5\n|\n|t:|1746102715\n|move|p2b: Calyrex|Glacial Lance|p1a: Miraidon\n|-supereffective|p1a: Miraidon\n|-damage|p1a: Miraidon|0 fnt\n|faint|p1a: Miraidon\n|\n|win|ido1234567890\n|l|\u2606Powerthepower\n|player|p1|\n", "uploadtime": 1746103011, "views": 7, "formatid": "gen9vgc2025regibo3", "rating": null, "private": 0, "password": null}