{"id": "gen9vgc2025regibo3-2353721090", "format": "[Gen 9] VGC 2025 Reg I (Bo3)", "players": ["zacian run back", "redrog1"], "log": "|j|\u2606zacian run back\n|j|\u2606redrog1\n|html|<table width=\"100%\"><tr><td align=\"left\">zacian run back</td><td align=\"right\">redrog1</tr><tr><td align=\"left\"><i class=\"fa fa-circle-o\"></i> <i class=\"fa fa-circle-o\"></i> </td><td align=\"right\"><i class=\"fa fa-circle-o\"></i> <i class=\"fa fa-circle\"></i> </tr></table>\n|uhtml|bestof|<h2><strong>Game 2</strong> of <a href=\"/game-bestof3-gen9vgc2025regibo3-2353719399\">a best-of-3</a></h2>\n|t:|1745988565\n|gametype|doubles\n|player|p1|zacian run back|acetrainerf-gen4dp|1123\n|player|p2|redrog1|1|1044\n|teamsize|p1|6\n|teamsize|p2|6\n|gen|9\n|tier|[Gen 9] VGC 2025 Reg I (Bo3)\n|rated|\n|rule|Species Clause: Limit one of each Pok\u00e9mon\n|rule|Item Clause: Limit 1 of each item\n|clearpoke\n|poke|p1|Zacian-*, L50|\n|poke|p1|Miraidon, L50|\n|poke|p1|Ditto, L50|\n|poke|p1|Tornadus, L50, M|\n|poke|p1|Urshifu-*, L50, F|\n|poke|p1|Ogerpon-Hearthflame, L50, F|\n|poke|p2|Pawmot, L50, F|\n|poke|p2|Calyrex-Ice, L50|\n|poke|p2|Miraidon, L50|\n|poke|p2|Incineroar, L50, F|\n|poke|p2|Whimsicott, L50, F|\n|poke|p2|Gastrodon-East, L50, F|\n|teampreview|4\n|showteam|p1|Zacian-Crowned||RustedSword|IntrepidSword|behemothblade,PlayRough,TeraBlast,Protect||||||50|,,,,,Ground]Miraidon||ChoiceSpecs|HadronEngine|ElectroDrift,VoltSwitch,DazzlingGleam,DracoMeteor||||||50|,,,,,Fairy]Ditto||FocusSash|Imposter|Transform||||||50|,,,,,Ghost]Tornadus||CovertCloak|Prankster|BleakwindStorm,RainDance,Tailwind,Taunt|||M|||50|,,,,,Dark]Urshifu-Rapid-Strike||ChoiceScarf|UnseenFist|SurgingStrikes,CloseCombat,Uturn,Coaching|||F|||50|,,,,,Water]Ogerpon-Hearthflame||HearthflameMask|MoldBreaker|IvyCudgel,HornLeech,FollowMe,SpikyShield|||F|||50|,,,,,Fire\n|showteam|p2|Pawmot||FocusSash|VoltAbsorb|FakeOut,Nuzzle,CloseCombat,Electroweb|||F|||50|,,,,,Normal]Calyrex-Ice||ClearAmulet|AsOneGlastrier|GlacialLance,Protect,HighHorsepower,TrickRoom||||||50|,,,,,Ground]Miraidon||ChoiceSpecs|HadronEngine|ElectroDrift,DazzlingGleam,Overheat,VoltSwitch||||||50|,,,,,Fairy]Incineroar||RockyHelmet|Intimidate|Snarl,FlareBlitz,FakeOut,PartingShot|||F|||50|,,,,,Grass]Whimsicott||CovertCloak|Prankster|Tailwind,Taunt,DazzlingGleam,LightScreen|||F|||50|,,,,,Dark]Gastrodon-East||Leftovers|StormDrain|MuddyWater,Protect,ClearSmog,HelpingHand|||F|||50|,,,,,Grass\n|inactive|Battle timer is ON: inactive players will automatically lose when time's up. (requested by zacian run back)\n|\n|t:|1745988579\n|start\n|switch|p1a: Rin|Miraidon, L50|100/100\n|switch|p1b: I am You :D|Ditto, L50|100/100\n|switch|p2a: Miraidon|Miraidon, L50|100/100\n|switch|p2b: Incineroar|Incineroar, L50, F|100/100\n|-fieldstart|move: Electric Terrain|[from] ability: Hadron Engine|[of] p2a: Miraidon\n|-activate|p1a: Rin|ability: Hadron Engine\n|-ability|p2b: Incineroar|Intimidate|boost\n|-unboost|p1a: Rin|atk|1\n|-unboost|p1b: I am You :D|atk|1\n|-transform|p1b: I am You :D|p2a: Miraidon|[from] ability: Imposter\n|-activate|p1b: I am You :D|ability: Hadron Engine\n|turn|1\n|\n|t:|1745988599\n|switch|p1a: Dust|Zacian-Crowned, L50, shiny|100/100\n|-ability|p1a: Dust|Intrepid Sword|boost\n|-boost|p1a: Dust|atk|1\n|-terastallize|p1b: I am You :D|Ghost\n|-terastallize|p2a: Miraidon|Fairy\n|move|p2b: Incineroar|Fake Out|p1b: I am You :D\n|-immune|p1b: I am You :D\n|move|p1b: I am You :D|Electro Drift|p2a: Miraidon\n|-damage|p2a: Miraidon|18/100\n|move|p2a: Miraidon|Dazzling Gleam|p1a: Dust|[spread] p1a,p1b\n|-resisted|p1a: Dust\n|-damage|p1a: Dust|74/100\n|-damage|p1b: I am You :D|39/100\n|\n|upkeep\n|turn|2\n|inactive|zacian run back has 30 seconds left.\n|inactive|redrog1 has 30 seconds left.\n|\n|t:|1745988630\n|switch|p2a: Gastrodon|Gastrodon-East, L50, F|100/100\n|move|p1a: Dust|Behemoth Blade|p2a: Gastrodon\n|-resisted|p2a: Gastrodon\n|-damage|p2a: Gastrodon|62/100\n|move|p1b: I am You :D|Volt Switch|p2b: Incineroar\n|-damage|p2b: Incineroar|44/100\n|\n|t:|1745988635\n|switch|p1b: Rin|Miraidon, L50|100/100|[from] Volt Switch\n|-activate|p1b: Rin|ability: Hadron Engine\n|move|p2b: Incineroar|Flare Blitz|p1a: Dust\n|-supereffective|p1a: Dust\n|-crit|p1a: Dust\n|-damage|p1a: Dust|0 fnt\n|faint|p1a: Dust\n|-damage|p2b: Incineroar|19/100|[from] Recoil\n|\n|-heal|p2a: Gastrodon|67/100|[from] item: Leftovers\n|upkeep\n|\n|t:|1745988641\n|switch|p1a: PunchyPunch|Urshifu-Rapid-Strike, L50, F|100/100\n|turn|3\n|inactive|zacian run back has 30 seconds left.\n|inactive|zacian run back has 20 seconds left.\n|inactive|zacian run back has 15 seconds left.\n|\n|t:|1745988681\n|switch|p2b: Calyrex|Calyrex-Ice, L50|100/100\n|-ability|p2b: Calyrex|As One\n|-ability|p2b: Calyrex|Unnerve\n|move|p1a: PunchyPunch|U-turn|p2a: Gastrodon\n|-damage|p2a: Gastrodon|47/100\n|\n|t:|1745988686\n|switch|p1a: I am You :D|Ditto, L50, tera:Ghost|39/100|[from] U-turn\n|-transform|p1a: I am You :D|p2b: Calyrex|[from] ability: Imposter\n|-ability|p1a: I am You :D|As One\n|-ability|p1a: I am You :D|Unnerve\n|move|p1b: Rin|Dazzling Gleam|p2b: Calyrex|[spread] p2a,p2b\n|-damage|p2a: Gastrodon|12/100\n|-damage|p2b: Calyrex|71/100\n|move|p2a: Gastrodon|Muddy Water|p1a: I am You :D|[spread] p1b\n|-miss|p2a: Gastrodon|p1a: I am You :D\n|-resisted|p1b: Rin\n|-damage|p1b: Rin|92/100\n|\n|-heal|p2a: Gastrodon|18/100|[from] item: Leftovers\n|upkeep\n|turn|4\n|\n|t:|1745988705\n|switch|p1a: PunchyPunch|Urshifu-Rapid-Strike, L50, F|100/100\n|move|p2a: Gastrodon|Protect|p2a: Gastrodon\n|-singleturn|p2a: Gastrodon|Protect\n|move|p1b: Rin|Dazzling Gleam|p2b: Calyrex|[spread] p2b\n|-activate|p2a: Gastrodon|move: Protect\n|-crit|p2b: Calyrex\n|-damage|p2b: Calyrex|22/100\n|move|p2b: Calyrex|Glacial Lance|p1a: PunchyPunch|[spread] p1a,p1b\n|-resisted|p1a: PunchyPunch\n|-crit|p1a: PunchyPunch\n|-supereffective|p1b: Rin\n|-damage|p1a: PunchyPunch|53/100\n|-damage|p1b: Rin|0 fnt\n|faint|p1b: Rin\n|-ability|p2b: Calyrex|Chilling Neigh|boost\n|-boost|p2b: Calyrex|atk|1\n|\n|-heal|p2a: Gastrodon|24/100|[from] item: Leftovers\n|upkeep\n|\n|t:|1745988710\n|switch|p1b: I am You :D|Ditto, L50, tera:Ghost|39/100\n|-transform|p1b: I am You :D|p2a: Gastrodon|[from] ability: Imposter\n|turn|5\n|\n|t:|1745988724\n|switch|p2b: Incineroar|Incineroar, L50, F|19/100\n|-ability|p2b: Incineroar|Intimidate|boost\n|-unboost|p1a: PunchyPunch|atk|1\n|-unboost|p1b: I am You :D|atk|1\n|move|p2a: Gastrodon|Protect||[still]\n|-fail|p2a: Gastrodon\n|move|p1a: PunchyPunch|Close Combat|p2b: Incineroar\n|-supereffective|p2b: Incineroar\n|-damage|p2b: Incineroar|0 fnt\n|-unboost|p1a: PunchyPunch|def|1\n|-unboost|p1a: PunchyPunch|spd|1\n|-damage|p1a: PunchyPunch|36/100|[from] item: Rocky Helmet|[of] p2b: Incineroar\n|faint|p2b: Incineroar\n|move|p1b: I am You :D|Clear Smog|p2a: Gastrodon\n|-resisted|p2a: Gastrodon\n|-crit|p2a: Gastrodon\n|-damage|p2a: Gastrodon|17/100\n|-clearboost|p2a: Gastrodon\n|\n|-heal|p2a: Gastrodon|23/100|[from] item: Leftovers\n|-fieldend|move: Electric Terrain\n|upkeep\n|\n|t:|1745988749\n|switch|p2b: Calyrex|Calyrex-Ice, L50|22/100\n|-ability|p2b: Calyrex|As One\n|-ability|p2b: Calyrex|Unnerve\n|turn|6\n|\n|t:|1745988761\n|move|p2a: Gastrodon|Protect|p2a: Gastrodon\n|-singleturn|p2a: Gastrodon|Protect\n|move|p1a: PunchyPunch|Close Combat|p2a: Gastrodon\n|-damage|p2a: Gastrodon|0 fnt\n|-unboost|p1a: PunchyPunch|def|1\n|-unboost|p1a: PunchyPunch|spd|1\n|faint|p2a: Gastrodon\n|move|p1b: I am You :D|Muddy Water|p2b: Calyrex\n|-damage|p2b: Calyrex|0 fnt\n|faint|p2b: Calyrex\n|\n|upkeep\n|\n|t:|1745988767\n|switch|p2b: Miraidon|Miraidon, L50, tera:Fairy|18/100\n|-fieldstart|move: Electric Terrain|[from] ability: Hadron Engine|[of] p2b: Miraidon\n|turn|7\n|\n|t:|1745988774\n|move|p1b: I am You :D|Helping Hand|p1a: PunchyPunch\n|-singleturn|p1a: PunchyPunch|Helping Hand|[of] p1b: I am You :D\n|move|p1a: PunchyPunch|Close Combat|p2b: Miraidon\n|-resisted|p2b: Miraidon\n|-damage|p2b: Miraidon|0 fnt\n|-unboost|p1a: PunchyPunch|def|1\n|-unboost|p1a: PunchyPunch|spd|1\n|faint|p2b: Miraidon\n|\n|win|zacian run back\n||zacian run back is ready for game 3.\n||redrog1 is ready for game 3.\n|uhtml|next|Next: <a href=\"/battle-gen9vgc2025regibo3-2353722438\"><strong>Game 3 of 3</strong></a>\n|j| Fancy Cucudrula\n|l|\u2606zacian run back\n|player|p1|\n", "uploadtime": 1745989085, "views": 12, "formatid": "gen9vgc2025regibo3", "rating": null, "private": 0, "password": null}