{"id": "gen9vgc2025regibo3-2354449199", "format": "[Gen 9] VGC 2025 Reg I (Bo3)", "players": ["sadfkl", "Blastwalker"], "log": "|j|\u2606sadfkl\n|j|\u2606Blastwalker\n|html|<table width=\"100%\"><tr><td align=\"left\">sadfkl</td><td align=\"right\">Blastwalker</tr><tr><td align=\"left\"><i class=\"fa fa-circle-o\"></i> <i class=\"fa fa-circle-o\"></i> </td><td align=\"right\"><i class=\"fa fa-circle-o\"></i> <i class=\"fa fa-circle\"></i> </tr></table>\n|uhtml|bestof|<h2><strong>Game 2</strong> of <a href=\"/game-bestof3-gen9vgc2025regibo3-2354448267\">a best-of-3</a></h2>\n|t:|1746073259\n|gametype|doubles\n|player|p1|sadfkl|ethan|1142\n|player|p2|Blastwalker|102|1105\n|teamsize|p1|6\n|teamsize|p2|6\n|gen|9\n|tier|[Gen 9] VGC 2025 Reg I (Bo3)\n|rated|\n|rule|Species Clause: Limit one of each Pok\u00e9mon\n|rule|Item Clause: Limit 1 of each item\n|clearpoke\n|poke|p1|Koraidon, L50|\n|poke|p1|Calyrex-Shadow, L50|\n|poke|p1|Indeedee-F, L50, F|\n|poke|p1|Iron Bundle, L50|\n|poke|p1|Chi-Yu, L50|\n|poke|p1|Brute Bonnet, L50|\n|poke|p2|Volcarona, L50, M|\n|poke|p2|Oricorio-Pom-Pom, L50, M|\n|poke|p2|Whimsicott, L50, F|\n|poke|p2|Koraidon, L50|\n|poke|p2|Calyrex-Shadow, L50|\n|poke|p2|Indeedee-F, L50, F|\n|teampreview|4\n|showteam|p1|Koraidon||LifeOrb|OrichalcumPulse|CollisionCourse,FlareBlitz,Protect,LowKick||||||50|,,,,,Fire]Calyrex-Shadow||FocusSash|AsOneSpectrier|AstralBarrage,ExpandingForce,Protect,PollenPuff||||||50|,,,,,Dark]Indeedee-F||PsychicSeed|PsychicSurge|AlluringVoice,FollowMe,HelpingHand,TrickRoom|||F|||50|,,,,,Water]Iron Bundle||BoosterEnergy|QuarkDrive|IcyWind,Taunt,Encore,FreezeDry||||||50|,,,,,Ghost]Chi-Yu||ChoiceScarf|BeadsofRuin|HeatWave,DarkPulse,Snarl,Overheat||||||50|,,,,,Fire]Brute Bonnet||CovertCloak|Protosynthesis|SeedBomb,SuckerPunch,Spore,RagePowder||||||50|,,,,,Water\n|showteam|p2|Volcarona||ShellBell|FlameBody|FieryDance,QuiverDance,GigaDrain,Protect|||M|||50|,,,,,Electric]Oricorio-Pom-Pom||FocusSash|Dancer|RevelationDance,IcyWind,Tailwind,Protect|||M|||50|,,,,,Fairy]Whimsicott||RockyHelmet|Prankster|Tailwind,Encore,HelpingHand,SunnyDay|||F|||50|,,,,,Grass]Koraidon||ClearAmulet|OrichalcumPulse|CollisionCourse,FlareBlitz,DragonClaw,Protect||||||50|,,,,,Fire]Calyrex-Shadow||LifeOrb|AsOneSpectrier|AstralBarrage,ExpandingForce,ShadowBall,Protect||||||50|,,,,,Dark]Indeedee-F||SitrusBerry|PsychicSurge|FollowMe,Protect,HealPulse,HelpingHand|||F|||50|,,,,,Psychic\n|inactive|Battle timer is ON: inactive players will automatically lose when time's up. (requested by Blastwalker)\n|inactive|sadfkl has 60 seconds left.\n|inactive|Blastwalker has 60 seconds left.\n|\n|t:|1746073295\n|start\n|switch|p1a: Indeedee|Indeedee-F, L50, F|100/100\n|switch|p1b: Brute Bonnet|Brute Bonnet, L50|100/100\n|switch|p2a: Calyrex|Calyrex-Shadow, L50|100/100\n|switch|p2b: Whimsicott|Whimsicott, L50, F|100/100\n|-ability|p2a: Calyrex|As One\n|-ability|p2a: Calyrex|Unnerve\n|-fieldstart|move: Psychic Terrain|[from] ability: Psychic Surge|[of] p1a: Indeedee\n|-enditem|p1a: Indeedee|Psychic Seed\n|-boost|p1a: Indeedee|spd|1|[from] item: Psychic Seed\n|turn|1\n|inactive|Blastwalker has 30 seconds left.\n|\n|t:|1746073327\n|switch|p2a: Indeedee|Indeedee-F, L50, F|100/100\n|move|p2b: Whimsicott|Tailwind|p2b: Whimsicott\n|-sidestart|p2: Blastwalker|move: Tailwind\n|move|p1b: Brute Bonnet|Spore|p2a: Indeedee\n|-status|p2a: Indeedee|slp|[from] move: Spore\n|move|p1a: Indeedee|Trick Room|p1a: Indeedee\n|-fieldstart|move: Trick Room|[of] p1a: Indeedee\n|\n|upkeep\n|turn|2\n|\n|t:|1746073347\n|move|p2b: Whimsicott|Encore|p1a: Indeedee\n|-activate|p1a: Indeedee|move: Psychic Terrain\n|move|p1b: Brute Bonnet|Seed Bomb|p2b: Whimsicott\n|-resisted|p2b: Whimsicott\n|-damage|p2b: Whimsicott|84/100\n|move|p1a: Indeedee|Alluring Voice|p2b: Whimsicott\n|-damage|p2b: Whimsicott|64/100\n|cant|p2a: Indeedee|slp\n|\n|upkeep\n|turn|3\n|inactive|Blastwalker has 30 seconds left.\n|\n|t:|1746073375\n|move|p2b: Whimsicott|Sunny Day|p2b: Whimsicott\n|-weather|SunnyDay\n|-activate|p1b: Brute Bonnet|ability: Protosynthesis\n|-start|p1b: Brute Bonnet|protosynthesisdef\n|move|p1b: Brute Bonnet|Seed Bomb|p2b: Whimsicott\n|-resisted|p2b: Whimsicott\n|-damage|p2b: Whimsicott|48/100\n|move|p1a: Indeedee|Alluring Voice|p2b: Whimsicott\n|-damage|p2b: Whimsicott|29/100\n|-curestatus|p2a: Indeedee|slp|[msg]\n|move|p2a: Indeedee|Heal Pulse|p2b: Whimsicott\n|-heal|p2b: Whimsicott|79/100\n|\n|-weather|SunnyDay|[upkeep]\n|upkeep\n|turn|4\n|inactive|Blastwalker has 30 seconds left.\n|\n|t:|1746073407\n|switch|p2b: Volcarona|Volcarona, L50, M|100/100\n|move|p1a: Indeedee|Helping Hand|p1b: Brute Bonnet\n|-singleturn|p1b: Brute Bonnet|Helping Hand|[of] p1a: Indeedee\n|move|p2a: Indeedee|Protect|p2a: Indeedee\n|-singleturn|p2a: Indeedee|Protect\n|move|p1b: Brute Bonnet|Seed Bomb|p2a: Indeedee\n|-activate|p2a: Indeedee|move: Protect\n|\n|-weather|SunnyDay|[upkeep]\n|-sideend|p2: Blastwalker|move: Tailwind\n|upkeep\n|turn|5\n|inactive|Blastwalker has 30 seconds left.\n|\n|t:|1746073435\n|move|p2a: Indeedee|Follow Me|p2a: Indeedee\n|-singleturn|p2a: Indeedee|move: Follow Me\n|move|p1b: Brute Bonnet|Spore|p2a: Indeedee\n|-status|p2a: Indeedee|slp|[from] move: Spore\n|move|p1a: Indeedee|Alluring Voice|p2a: Indeedee\n|-damage|p2a: Indeedee|83/100 slp\n|move|p2b: Volcarona|Quiver Dance|p2b: Volcarona\n|-boost|p2b: Volcarona|spa|1\n|-boost|p2b: Volcarona|spd|1\n|-boost|p2b: Volcarona|spe|1\n|\n|-weather|SunnyDay|[upkeep]\n|-fieldend|move: Trick Room\n|-fieldend|move: Psychic Terrain\n|upkeep\n|turn|6\n|inactive|Blastwalker has 30 seconds left.\n|inactive|Blastwalker has 20 seconds left.\n|inactive|Blastwalker has 15 seconds left.\n|\n|t:|1746073477\n|-terastallize|p1b: Brute Bonnet|Water\n|move|p2b: Volcarona|Fiery Dance|p1a: Indeedee\n|-damage|p1a: Indeedee|41/100\n|cant|p2a: Indeedee|slp\n|move|p1b: Brute Bonnet|Spore|p2b: Volcarona\n|-status|p2b: Volcarona|slp|[from] move: Spore\n|move|p1a: Indeedee|Trick Room|p1a: Indeedee\n|-fieldstart|move: Trick Room|[of] p1a: Indeedee\n|\n|-weather|SunnyDay|[upkeep]\n|upkeep\n|turn|7\n|\n|t:|1746073492\n|switch|p1a: Koraidon|Koraidon, L50|100/100\n|-activate|p1a: Koraidon|ability: Orichalcum Pulse\n|move|p1b: Brute Bonnet|Seed Bomb|p2a: Indeedee\n|-damage|p2a: Indeedee|49/100 slp\n|-enditem|p2a: Indeedee|Sitrus Berry|[eat]\n|-heal|p2a: Indeedee|73/100 slp|[from] item: Sitrus Berry\n|-curestatus|p2a: Indeedee|slp|[msg]\n|move|p2a: Indeedee|Heal Pulse|p2b: Volcarona\n|-fail|p2b: Volcarona|heal\n|cant|p2b: Volcarona|slp\n|\n|-weather|none\n|-end|p1b: Brute Bonnet|Protosynthesis\n|upkeep\n|turn|8\n|\n|t:|1746073512\n|move|p2a: Indeedee|Protect|p2a: Indeedee\n|-singleturn|p2a: Indeedee|Protect\n|move|p1b: Brute Bonnet|Spore|p2a: Indeedee\n|-activate|p2a: Indeedee|move: Protect\n|move|p1a: Koraidon|Flare Blitz|p2b: Volcarona\n|-damage|p2b: Volcarona|30/100 slp\n|-status|p1a: Koraidon|brn|[from] ability: Flame Body|[of] p2b: Volcarona\n|-damage|p1a: Koraidon|75/100 brn|[from] Recoil\n|-damage|p1a: Koraidon|66/100 brn|[from] item: Life Orb\n|cant|p2b: Volcarona|slp\n|\n|-damage|p1a: Koraidon|60/100 brn|[from] brn\n|upkeep\n|turn|9\n|\n|t:|1746073531\n|move|p1b: Brute Bonnet|Spore|p2a: Indeedee\n|-status|p2a: Indeedee|slp|[from] move: Spore\n|cant|p2a: Indeedee|slp\n|move|p1a: Koraidon|Flare Blitz|p2b: Volcarona\n|-damage|p2b: Volcarona|0 fnt\n|faint|p2b: Volcarona\n|-damage|p1a: Koraidon|49/100 brn|[from] Recoil\n|-damage|p1a: Koraidon|40/100 brn|[from] item: Life Orb\n|\n|-damage|p1a: Koraidon|33/100 brn|[from] brn\n|upkeep\n|\n|t:|1746073545\n|switch|p2b: Whimsicott|Whimsicott, L50, F|79/100\n|turn|10\n|\n|t:|1746073553\n|move|p2b: Whimsicott|Tailwind|p2b: Whimsicott\n|-sidestart|p2: Blastwalker|move: Tailwind\n|move|p1b: Brute Bonnet|Seed Bomb|p2a: Indeedee\n|-damage|p2a: Indeedee|37/100 slp\n|move|p1a: Koraidon|Flare Blitz|p2b: Whimsicott\n|-supereffective|p2b: Whimsicott\n|-damage|p2b: Whimsicott|23/100\n|-damage|p1a: Koraidon|17/100 brn|[from] item: Rocky Helmet|[of] p2b: Whimsicott\n|-damage|p1a: Koraidon|0 fnt|[from] Recoil\n|faint|p1a: Koraidon\n|cant|p2a: Indeedee|slp\n|\n|-fieldend|move: Trick Room\n|upkeep\n|\n|t:|1746073562\n|switch|p1a: Calyrex|Calyrex-Shadow, L50|100/100\n|-ability|p1a: Calyrex|As One\n|-ability|p1a: Calyrex|Unnerve\n|turn|11\n|\n|t:|1746073585\n|move|p2b: Whimsicott|Helping Hand|p2a: Indeedee\n|-singleturn|p2a: Indeedee|Helping Hand|[of] p2b: Whimsicott\n|move|p1a: Calyrex|Astral Barrage|p2b: Whimsicott|[spread] p2b\n|-immune|p2a: Indeedee\n|-damage|p2b: Whimsicott|0 fnt\n|faint|p2b: Whimsicott\n|-ability|p1a: Calyrex|Grim Neigh|boost\n|-boost|p1a: Calyrex|spa|1\n|-curestatus|p2a: Indeedee|slp|[msg]\n|move|p2a: Indeedee|Heal Pulse|p2: Whimsicott|[notarget]\n|-fail|p2a: Indeedee\n|move|p1b: Brute Bonnet|Spore|p2a: Indeedee\n|-status|p2a: Indeedee|slp|[from] move: Spore\n|\n|upkeep\n|\n|t:|1746073602\n|switch|p2b: Calyrex|Calyrex-Shadow, L50|100/100\n|-ability|p2b: Calyrex|As One\n|-ability|p2b: Calyrex|Unnerve\n|turn|12\n|\n|t:|1746073613\n|-terastallize|p2b: Calyrex|Dark\n|cant|p2a: Indeedee|slp\n|move|p1b: Brute Bonnet|Sucker Punch|p2b: Calyrex\n|-resisted|p2b: Calyrex\n|-damage|p2b: Calyrex|84/100\n|move|p2b: Calyrex|Astral Barrage|p1b: Brute Bonnet|[spread] p1a,p1b\n|-supereffective|p1a: Calyrex\n|-enditem|p1a: Calyrex|Focus Sash\n|-damage|p1a: Calyrex|1/100\n|-damage|p1b: Brute Bonnet|51/100\n|-damage|p2b: Calyrex|74/100|[from] item: Life Orb\n|move|p1a: Calyrex|Pollen Puff|p2a: Indeedee\n|-supereffective|p2a: Indeedee\n|-damage|p2a: Indeedee|0 fnt\n|faint|p2a: Indeedee\n|-ability|p1a: Calyrex|Grim Neigh|boost\n|-boost|p1a: Calyrex|spa|1\n|\n|upkeep\n|turn|13\n|\n|t:|1746073633\n|move|p1a: Calyrex|Protect|p1a: Calyrex\n|-singleturn|p1a: Calyrex|Protect\n|move|p2b: Calyrex|Astral Barrage|p1a: Calyrex|[spread] p1b\n|-activate|p1a: Calyrex|move: Protect\n|-damage|p1b: Brute Bonnet|0 fnt\n|faint|p1b: Brute Bonnet\n|-end|p1b: Brute Bonnet|Protosynthesis|[silent]\n|-ability|p2b: Calyrex|Grim Neigh|boost\n|-boost|p2b: Calyrex|spa|1\n|-damage|p2b: Calyrex|64/100|[from] item: Life Orb\n|\n|-sideend|p2: Blastwalker|move: Tailwind\n|upkeep\n|\n|t:|1746073637\n|switch|p1b: Indeedee|Indeedee-F, L50, F|41/100\n|-fieldstart|move: Psychic Terrain|[from] ability: Psychic Surge|[of] p1b: Indeedee\n|turn|14\n|\n|t:|1746073651\n|move|p1b: Indeedee|Helping Hand|p1a: Calyrex\n|-singleturn|p1a: Calyrex|Helping Hand|[of] p1b: Indeedee\n|move|p1a: Calyrex|Pollen Puff|p2b: Calyrex\n|-supereffective|p2b: Calyrex\n|-damage|p2b: Calyrex|0 fnt\n|faint|p2b: Calyrex\n|\n|win|sadfkl\n||sadfkl is ready for game 3.\n|l|\u2606Blastwalker\n|player|p2|\n|inactive|Blastwalker has 30 seconds to confirm battle start!\n||Blastwalker is ready for game 3.\n|uhtml|next|Next: <a href=\"/battle-gen9vgc2025regibo3-2354451871\"><strong>Game 3 of 3</strong></a>\n|l|\u2606sadfkl\n|player|p1|\n", "uploadtime": 1746073851, "views": 14, "formatid": "gen9vgc2025regibo3", "rating": null, "private": 0, "password": null}