{"id": "gen9vgc2025regibo3-2354402498", "format": "[Gen 9] VGC 2025 Reg I (Bo3)", "players": ["sigmasaucesunday", "noodleSandwich111"], "log": "|j|\u2606sigmasaucesunday\n|j|\u2606noodleSandwich111\n|html|<table width=\"100%\"><tr><td align=\"left\">sigmasaucesunday</td><td align=\"right\">noodleSandwich111</tr><tr><td align=\"left\"><i class=\"fa fa-circle-o\"></i> <i class=\"fa fa-circle-o\"></i> </td><td align=\"right\"><i class=\"fa fa-circle-o\"></i> <i class=\"fa fa-circle-o\"></i> </tr></table>\n|uhtml|bestof|<h2><strong>Game 1</strong> of <a href=\"/game-bestof3-gen9vgc2025regibo3-2354402497\">a best-of-3</a></h2>\n|t:|1746066995\n|gametype|doubles\n|player|p1|sigmasaucesunday|firebreather|\n|player|p2|noodleSandwich111|lady|\n|teamsize|p1|6\n|teamsize|p2|6\n|gen|9\n|tier|[Gen 9] VGC 2025 Reg I (Bo3)\n|rule|Species Clause: Limit one of each Pok\u00e9mon\n|rule|Item Clause: Limit 1 of each item\n|clearpoke\n|poke|p1|Zamazenta-*, L50|\n|poke|p1|Urshifu-*, L50, F|\n|poke|p1|Landorus, L50, M|\n|poke|p1|Ogerpon-Hearthflame, L50, F|\n|poke|p1|Calyrex-Shadow, L50|\n|poke|p1|Flutter Mane, L50|\n|poke|p2|Koraidon, L50|\n|poke|p2|Calyrex-Shadow, L50|\n|poke|p2|Flutter Mane, L50|\n|poke|p2|Indeedee-F, L50, F|\n|poke|p2|Brute Bonnet, L50|\n|poke|p2|Chi-Yu, L50|\n|teampreview|4\n|showteam|p1|Zamazenta-Crowned||RustedShield|DauntlessShield|WideGuard,Protect,BodyPress,Coaching||||||50|,,,,,Dragon]Urshifu-Rapid-Strike||FocusSash|UnseenFist|AquaJet,SurgingStrikes,Detect,CloseCombat|||F|||50|,,,,,Water]Landorus||LifeOrb|SheerForce|EarthPower,SludgeBomb,Protect,Psychic|||M|||50|,,,,,Poison]Ogerpon-Hearthflame||HearthflameMask|MoldBreaker|FollowMe,HornLeech,IvyCudgel,SpikyShield|||F|||50|,,,,,Fire]Calyrex-Shadow||SpellTag|AsOneSpectrier|AstralBarrage,Psychic,Protect,WillOWisp||||||50|,,,,,Normal]Flutter Mane||BoosterEnergy|Protosynthesis|DazzlingGleam,ShadowBall,IcyWind,Protect||||||50|,,,,,Fairy\n|showteam|p2|Koraidon||LifeOrb|OrichalcumPulse|Protect,FlareBlitz,CloseCombat,FlameCharge||||||50|,,,,,Fire]Calyrex-Shadow||SpellTag|AsOneSpectrier|Protect,AstralBarrage,ExpandingForce,Substitute||||||50|,,,,,Water]Flutter Mane||FocusSash|Protosynthesis|Protect,Moonblast,ShadowBall,IcyWind||||||50|,,,,,Normal]Indeedee-F||SafetyGoggles|PsychicSurge|AlluringVoice,FollowMe,HelpingHand,TrickRoom|||F|||50|,,,,,Dragon]Brute Bonnet||CovertCloak|Protosynthesis|SeedBomb,SuckerPunch,Spore,RagePowder||||||50|,,,,,Water]Chi-Yu||ChoiceScarf|BeadsofRuin|DarkPulse,Flamethrower,HeatWave,Overheat||||||50|,,,,,Ghost\n|inactive|Battle timer is ON: inactive players will automatically lose when time's up. (requested by sigmasaucesunday)\n|c|\u2606noodleSandwich111|glhf\n|c|\u2606sigmasaucesunday|glhf\n|inactive|noodleSandwich111 has 60 seconds left.\n|\n|t:|1746067051\n|start\n|switch|p1a: Zamazenta|Zamazenta-Crowned, L50|100/100\n|switch|p1b: Landorus|Landorus, L50, M|100/100\n|switch|p2a: Koraidon|Koraidon, L50|100/100\n|switch|p2b: Flutter Mane|Flutter Mane, L50|100/100\n|-weather|SunnyDay|[from] ability: Orichalcum Pulse|[of] p2a: Koraidon\n|-activate|p2b: Flutter Mane|ability: Protosynthesis\n|-start|p2b: Flutter Mane|protosynthesisspe\n|-activate|p2a: Koraidon|Orichalcum Pulse|[source]\n|-ability|p1a: Zamazenta|Dauntless Shield|boost\n|-boost|p1a: Zamazenta|def|1\n|turn|1\n|\n|t:|1746067074\n|move|p2b: Flutter Mane|Protect|p2b: Flutter Mane\n|-singleturn|p2b: Flutter Mane|Protect\n|move|p2a: Koraidon|Protect|p2a: Koraidon\n|-singleturn|p2a: Koraidon|Protect\n|move|p1a: Zamazenta|Protect|p1a: Zamazenta\n|-singleturn|p1a: Zamazenta|Protect\n|move|p1b: Landorus|Psychic|p2a: Koraidon\n|-activate|p2a: Koraidon|move: Protect\n|\n|-weather|SunnyDay|[upkeep]\n|upkeep\n|turn|2\n|\n|t:|1746067089\n|switch|p1a: Urshifu|Urshifu-Rapid-Strike, L50, F|100/100\n|-terastallize|p2a: Koraidon|Fire\n|move|p2b: Flutter Mane|Icy Wind|p1a: Urshifu|[spread] p1a\n|-miss|p2b: Flutter Mane|p1b: Landorus\n|-resisted|p1a: Urshifu\n|-damage|p1a: Urshifu|90/100\n|-unboost|p1a: Urshifu|spe|1\n|move|p2a: Koraidon|Close Combat|p1a: Urshifu\n|-crit|p1a: Urshifu\n|-damage|p1a: Urshifu|0 fnt\n|-unboost|p2a: Koraidon|def|1\n|-unboost|p2a: Koraidon|spd|1\n|faint|p1a: Urshifu\n|-damage|p2a: Koraidon|91/100|[from] item: Life Orb\n|move|p1b: Landorus|Psychic|p2a: Koraidon\n|-damage|p2a: Koraidon|12/100\n|\n|-weather|SunnyDay|[upkeep]\n|upkeep\n|\n|t:|1746067113\n|switch|p1a: weezer|Calyrex-Shadow, L50|100/100\n|-ability|p1a: weezer|As One\n|-ability|p1a: weezer|Unnerve\n|turn|3\n|inactive|noodleSandwich111 has 30 seconds left.\n|\n|t:|1746067142\n|-terastallize|p1a: weezer|Normal\n|move|p2a: Koraidon|Protect|p2a: Koraidon\n|-singleturn|p2a: Koraidon|Protect\n|move|p1b: Landorus|Protect|p1b: Landorus\n|-singleturn|p1b: Landorus|Protect\n|move|p2b: Flutter Mane|Icy Wind|p1b: Landorus|[spread] p1a\n|-activate|p1b: Landorus|move: Protect\n|-damage|p1a: weezer|87/100\n|-unboost|p1a: weezer|spe|1\n|move|p1a: weezer|Astral Barrage|p2b: Flutter Mane|[spread] p2b\n|-activate|p2a: Koraidon|move: Protect\n|-supereffective|p2b: Flutter Mane\n|-enditem|p2b: Flutter Mane|Focus Sash\n|-damage|p2b: Flutter Mane|1/100\n|\n|-weather|SunnyDay|[upkeep]\n|upkeep\n|turn|4\n|inactive|sigmasaucesunday has 30 seconds left.\n|inactive|noodleSandwich111 has 30 seconds left.\n|\n|t:|1746067170\n|move|p1a: weezer|Protect|p1a: weezer\n|-singleturn|p1a: weezer|Protect\n|move|p2b: Flutter Mane|Icy Wind|p1b: Landorus|[spread] p1b\n|-activate|p1a: weezer|move: Protect\n|-supereffective|p1b: Landorus\n|-damage|p1b: Landorus|47/100\n|-unboost|p1b: Landorus|spe|1\n|move|p2a: Koraidon|Close Combat|p1a: weezer\n|-activate|p1a: weezer|move: Protect\n|move|p1b: Landorus|Psychic|p2a: Koraidon\n|-damage|p2a: Koraidon|0 fnt\n|faint|p2a: Koraidon\n|\n|-weather|SunnyDay|[upkeep]\n|upkeep\n|\n|t:|1746067175\n|switch|p2a: Calyrex|Calyrex-Shadow, L50|100/100\n|-ability|p2a: Calyrex|As One\n|-ability|p2a: Calyrex|Unnerve\n|turn|5\n|inactive|sigmasaucesunday has 30 seconds left.\n|\n|t:|1746067201\n|move|p2b: Flutter Mane|Moonblast|p1a: weezer\n|-damage|p1a: weezer|40/100\n|-unboost|p1a: weezer|spa|1\n|move|p2a: Calyrex|Expanding Force|p1a: weezer\n|-damage|p1a: weezer|0 fnt\n|faint|p1a: weezer\n|-ability|p2a: Calyrex|Grim Neigh|boost\n|-boost|p2a: Calyrex|spa|1\n|move|p1b: Landorus|Earth Power|p2a: Calyrex\n|-damage|p2a: Calyrex|36/100\n|\n|-weather|none\n|-end|p2b: Flutter Mane|Protosynthesis\n|upkeep\n|\n|t:|1746067208\n|switch|p1a: Zamazenta|Zamazenta-Crowned, L50|100/100\n|turn|6\n|\n|t:|1746067226\n|move|p1a: Zamazenta|Wide Guard|p1a: Zamazenta\n|-singleturn|p1a: Zamazenta|Wide Guard\n|move|p2a: Calyrex|Expanding Force|p1b: Landorus\n|-damage|p1b: Landorus|0 fnt\n|faint|p1b: Landorus\n|-ability|p2a: Calyrex|Grim Neigh|boost\n|-boost|p2a: Calyrex|spa|1\n|move|p2b: Flutter Mane|Moonblast|p1a: Zamazenta\n|-damage|p1a: Zamazenta|64/100\n|\n|upkeep\n|turn|7\n|-message|sigmasaucesunday forfeited.\n|\n|win|noodleSandwich111\n|c|\u2606noodleSandwich111|gg\n||noodleSandwich111 is ready for game 2.\n||sigmasaucesunday is ready for game 2.\n|uhtml|next|Next: <a href=\"/battle-gen9vgc2025regibo3-2354404465\"><strong>Game 2 of 3</strong></a>\n", "uploadtime": 1746067388, "views": 20, "formatid": "gen9vgc2025regibo3", "rating": null, "private": 0, "password": null}