{"id": "gen9vgc2025regibo3-2353856722", "format": "[Gen 9] VGC 2025 Reg I (Bo3)", "players": ["Sparkletastix", "goatdengo77"], "log": "|j|\u2606Sparkletastix\n|j|\u2606goatdengo77\n|html|<table width=\"100%\"><tr><td align=\"left\">Sparkletastix</td><td align=\"right\">goatdengo77</tr><tr><td align=\"left\"><i class=\"fa fa-circle-o\"></i> <i class=\"fa fa-circle-o\"></i> </td><td align=\"right\"><i class=\"fa fa-circle-o\"></i> <i class=\"fa fa-circle-o\"></i> </tr></table>\n|uhtml|bestof|<h2><strong>Game 1</strong> of <a href=\"/game-bestof3-gen9vgc2025regibo3-2353856721\">a best-of-3</a></h2>\n|t:|1746011066\n|gametype|doubles\n|player|p1|Sparkletastix|benga|1041\n|player|p2|goatdengo77|artist|1148\n|teamsize|p1|6\n|teamsize|p2|6\n|gen|9\n|tier|[Gen 9] VGC 2025 Reg I (Bo3)\n|rated|\n|rule|Species Clause: Limit one of each Pok\u00e9mon\n|rule|Item Clause: Limit 1 of each item\n|clearpoke\n|poke|p1|Calyrex-Shadow, L50|\n|poke|p1|Whimsicott, L50, F|\n|poke|p1|Regieleki, L50|\n|poke|p1|Ogerpon-Cornerstone, L50, F|\n|poke|p1|Amoonguss, L50, F|\n|poke|p1|Kyurem-Black, L50|\n|poke|p2|Zamazenta-*, L50|\n|poke|p2|Tornadus, L50, M|\n|poke|p2|Indeedee-F, L50, F|\n|poke|p2|Ditto, L50|\n|poke|p2|Calyrex-Shadow, L50|\n|poke|p2|Walking Wake, L50|\n|teampreview|4\n|showteam|p1|Calyrex-Shadow||FocusSash|AsOneSpectrier|Protect,NastyPlot,AstralBarrage,Psychic||||||50|,,,,,Ghost]Whimsicott||CovertCloak|Prankster|Tailwind,Encore,LightScreen,Moonblast|||F|||50|,,,,,Dark]Regieleki||ChoiceScarf|Transistor|VoltSwitch,ElectroBall,Electroweb,TeraBlast||||||50|,,,,,Flying]Ogerpon-Cornerstone||CornerstoneMask|Sturdy|SpikyShield,FollowMe,IvyCudgel,HelpingHand|||F|||50|,,,,,Rock]Amoonguss||SitrusBerry|Regenerator|Protect,RagePowder,Spore,PollenPuff|||F|||50|,,,,,Water]Kyurem-Black||LoadedDice|Teravolt|Protect,IcicleSpear,ScaleShot,GigaImpact||||||50|,,,,,Steel\n|showteam|p2|Zamazenta-Crowned||RustedShield|DauntlessShield|BodyPress,HeavySlam,WideGuard,IronDefense||||||50|,,,,,Dragon]Tornadus||CovertCloak|Prankster|BleakwindStorm,Taunt,Tailwind,RainDance|||M|||50|,,,,,Water]Indeedee-F||PsychicSeed|PsychicSurge|DazzlingGleam,FollowMe,HelpingHand,TrickRoom|||F|||50|,,,,,Normal]Ditto||SafetyGoggles|Imposter|Transform||||||50|,,,,,Ghost]Calyrex-Shadow||FocusSash|AsOneSpectrier|AstralBarrage,PollenPuff,CalmMind,Protect||||||50|,,,,,Dark]Walking Wake||AssaultVest|Protosynthesis|HydroSteam,DracoMeteor,Flamethrower,Hurricane||||||50|,,,,,Water\n|inactive|Battle timer is ON: inactive players will automatically lose when time's up. (requested by goatdengo77)\n|inactive|Sparkletastix also wants the timer to be on.\n|inactive|goatdengo77 has 60 seconds left.\n|\n|t:|1746011102\n|start\n|switch|p1a: Whimsicott|Whimsicott, L50, F, shiny|100/100\n|switch|p1b: Regieleki|Regieleki, L50|100/100\n|switch|p2a: Calyrex|Calyrex-Shadow, L50|100/100\n|switch|p2b: Indeedee|Indeedee-F, L50, F|100/100\n|-ability|p2a: Calyrex|As One\n|-ability|p2a: Calyrex|Unnerve\n|-fieldstart|move: Psychic Terrain|[from] ability: Psychic Surge|[of] p2b: Indeedee\n|-enditem|p2b: Indeedee|Psychic Seed\n|-boost|p2b: Indeedee|spd|1|[from] item: Psychic Seed\n|turn|1\n|inactive|goatdengo77 has 30 seconds left.\n|inactive|goatdengo77 has 20 seconds left.\n|inactive|Sparkletastix has 30 seconds left.\n|inactive|goatdengo77 has 15 seconds left.\n|inactive|goatdengo77 has 10 seconds left.\n|inactive|Sparkletastix has 20 seconds left.\n|inactive|goatdengo77 has 5 seconds left.\n|\n|t:|1746011156\n|move|p2b: Indeedee|Follow Me|p2b: Indeedee\n|-singleturn|p2b: Indeedee|move: Follow Me\n|move|p1a: Whimsicott|Light Screen|p1a: Whimsicott\n|-sidestart|p1: Sparkletastix|move: Light Screen\n|move|p1b: Regieleki|Electroweb|p2b: Indeedee|[spread] p2b\n|-miss|p1b: Regieleki|p2a: Calyrex\n|-damage|p2b: Indeedee|85/100\n|-unboost|p2b: Indeedee|spe|1\n|move|p2a: Calyrex|Astral Barrage|p1a: Whimsicott|[spread] p1a,p1b\n|-damage|p1a: Whimsicott|63/100\n|-damage|p1b: Regieleki|33/100\n|\n|upkeep\n|turn|2\n|\n|t:|1746011178\n|switch|p1b: Kyurem|Kyurem-Black, L50|100/100\n|-ability|p1b: Kyurem|Teravolt\n|move|p2a: Calyrex|Protect|p2a: Calyrex\n|-singleturn|p2a: Calyrex|Protect\n|move|p1a: Whimsicott|Tailwind|p1a: Whimsicott\n|-sidestart|p1: Sparkletastix|move: Tailwind\n|move|p2b: Indeedee|Trick Room|p2b: Indeedee\n|-fieldstart|move: Trick Room|[of] p2b: Indeedee\n|\n|upkeep\n|turn|3\n|inactive|Sparkletastix has 30 seconds left.\n|\n|t:|1746011205\n|move|p2b: Indeedee|Follow Me|p2b: Indeedee\n|-singleturn|p2b: Indeedee|move: Follow Me\n|move|p1a: Whimsicott|Encore|p2b: Indeedee\n|-activate|p2b: Indeedee|move: Psychic Terrain\n|move|p2a: Calyrex|Calm Mind|p2a: Calyrex\n|-boost|p2a: Calyrex|spa|1\n|-boost|p2a: Calyrex|spd|1\n|move|p1b: Kyurem|Icicle Spear|p2b: Indeedee\n|-damage|p2b: Indeedee|68/100\n|-damage|p2b: Indeedee|53/100\n|-crit|p2b: Indeedee\n|-damage|p2b: Indeedee|29/100\n|-damage|p2b: Indeedee|14/100\n|-damage|p2b: Indeedee|0 fnt\n|faint|p2b: Indeedee\n|-hitcount|p2: Indeedee|5\n|\n|upkeep\n|\n|t:|1746011223\n|switch|p2b: Zamazenta|Zamazenta-Crowned, L50|100/100\n|-ability|p2b: Zamazenta|Dauntless Shield|boost\n|-boost|p2b: Zamazenta|def|1\n|turn|4\n|\n|t:|1746011242\n|move|p1a: Whimsicott|Encore|p2a: Calyrex\n|-activate|p2a: Calyrex|move: Psychic Terrain\n|move|p2b: Zamazenta|Body Press|p1b: Kyurem\n|-supereffective|p1b: Kyurem\n|-damage|p1b: Kyurem|0 fnt\n|faint|p1b: Kyurem\n|move|p2a: Calyrex|Astral Barrage|p1a: Whimsicott\n|-damage|p1a: Whimsicott|0 fnt\n|faint|p1a: Whimsicott\n|-ability|p2a: Calyrex|Grim Neigh|boost\n|-boost|p2a: Calyrex|spa|1\n|\n|upkeep\n|\n|t:|1746011254\n|switch|p1a: Calyrex|Calyrex-Shadow, L50|100/100\n|switch|p1b: Regieleki|Regieleki, L50|33/100\n|-ability|p1a: Calyrex|As One\n|-ability|p1a: Calyrex|Unnerve\n|turn|5\n|\n|t:|1746011273\n|-terastallize|p2a: Calyrex|Dark\n|move|p1a: Calyrex|Protect|p1a: Calyrex\n|-singleturn|p1a: Calyrex|Protect\n|move|p2b: Zamazenta|Body Press|p1b: Regieleki\n|-damage|p1b: Regieleki|0 fnt\n|faint|p1b: Regieleki\n|move|p2a: Calyrex|Astral Barrage|p1a: Calyrex\n|-activate|p1a: Calyrex|move: Protect\n|\n|-sideend|p1: Sparkletastix|move: Light Screen\n|-sideend|p1: Sparkletastix|move: Tailwind\n|-fieldend|move: Psychic Terrain\n|upkeep\n|turn|6\n|\n|t:|1746011290\n|move|p1a: Calyrex|Protect|p1a: Calyrex\n|-singleturn|p1a: Calyrex|Protect\n|move|p2b: Zamazenta|Heavy Slam|p1a: Calyrex\n|-activate|p1a: Calyrex|move: Protect\n|move|p2a: Calyrex|Astral Barrage|p1a: Calyrex\n|-activate|p1a: Calyrex|move: Protect\n|\n|-fieldend|move: Trick Room\n|upkeep\n|turn|7\n|\n|t:|1746011304\n|-terastallize|p1a: Calyrex|Ghost\n|move|p2a: Calyrex|Astral Barrage|p1a: Calyrex\n|-supereffective|p1a: Calyrex\n|-enditem|p1a: Calyrex|Focus Sash\n|-damage|p1a: Calyrex|1/100\n|move|p1a: Calyrex|Astral Barrage|p2b: Zamazenta|[spread] p2a,p2b\n|-resisted|p2a: Calyrex\n|-damage|p2a: Calyrex|77/100\n|-damage|p2b: Zamazenta|41/100\n|move|p2b: Zamazenta|Heavy Slam|p1a: Calyrex\n|-damage|p1a: Calyrex|0 fnt\n|faint|p1a: Calyrex\n|\n|win|goatdengo77\n||Sparkletastix is ready for game 2.\n||goatdengo77 is ready for game 2.\n|uhtml|next|Next: <a href=\"/battle-gen9vgc2025regibo3-2353858469\"><strong>Game 2 of 3</strong></a>\n|l|\u2606Sparkletastix\n|player|p1|\n", "uploadtime": 1746011655, "views": 6, "formatid": "gen9vgc2025regibo3", "rating": null, "private": 0, "password": null}