{"id": "gen9vgc2025regibo3-2354046179", "format": "[Gen 9] VGC 2025 Reg I (Bo3)", "players": ["Yoddle Yoddle", "PikachP2"], "log": "|j|\u2606Yoddle Yoddle\n|j|\u2606PikachP2\n|html|<table width=\"100%\"><tr><td align=\"left\">Yoddle Yoddle</td><td align=\"right\">PikachP2</tr><tr><td align=\"left\"><i class=\"fa fa-circle-o\"></i> <i class=\"fa fa-circle-o\"></i> </td><td align=\"right\"><i class=\"fa fa-circle-o\"></i> <i class=\"fa fa-circle-o\"></i> </tr></table>\n|uhtml|bestof|<h2><strong>Game 1</strong> of <a href=\"/game-bestof3-gen9vgc2025regibo3-2354046178\">a best-of-3</a></h2>\n|t:|1746030254\n|gametype|doubles\n|player|p1|Yoddle Yoddle|backpacker|1176\n|player|p2|PikachP2|265|1231\n|teamsize|p1|6\n|teamsize|p2|6\n|gen|9\n|tier|[Gen 9] VGC 2025 Reg I (Bo3)\n|rated|\n|rule|Species Clause: Limit one of each Pok\u00e9mon\n|rule|Item Clause: Limit 1 of each item\n|clearpoke\n|poke|p1|Zamazenta-*, L50|\n|poke|p1|Lunala, L50|\n|poke|p1|Gouging Fire, L50|\n|poke|p1|Chien-Pao, L50|\n|poke|p1|Indeedee-F, L50, F|\n|poke|p1|Sneasler, L50, M|\n|poke|p2|Lunala, L50|\n|poke|p2|Koraidon, L50|\n|poke|p2|Incineroar, L50, M|\n|poke|p2|Scream Tail, L50|\n|poke|p2|Rillaboom, L50, F|\n|poke|p2|Ogerpon-Cornerstone, L50, F|\n|teampreview|4\n|showteam|p1|Zamazenta-Crowned||RustedShield|DauntlessShield|behemothbash,BodyPress,Protect,WideGuard||||||50|,,,,,Dragon]Lunala||PowerHerb|ShadowShield|MoongeistBeam,ExpandingForce,MeteorBeam,TrickRoom||||||50|,,,,,Water]Gouging Fire||BoosterEnergy|Protosynthesis|BurningBulwark,Howl,FlareBlitz,DragonClaw||||||50|,,,,,Water]Chien-Pao||FocusSash|SwordofRuin|Protect,ThroatChop,SacredSword,IcyWind||||||50|,,,,,Stellar]Indeedee-F||SafetyGoggles|PsychicSurge|FollowMe,TrickRoom,AlluringVoice,HealPulse|||F|||50|,,,,,Fairy]Sneasler||PsychicSeed|Unburden|DireClaw,ThroatChop,ToxicSpikes,CloseCombat|||M|||50|,,,,,Ghost\n|showteam|p2|Lunala||Leftovers|ShadowShield|MoongeistBeam,Moonblast,CalmMind,Protect||||||50|,,,,,Fairy]Koraidon||ClearAmulet|OrichalcumPulse|CloseCombat,FlareBlitz,FlameCharge,Protect||||||50|,,,,,Fire]Incineroar||SafetyGoggles|Intimidate|FakeOut,KnockOff,HelpingHand,PartingShot|||M|||50|,,,,,Poison]Scream Tail||BoosterEnergy|Protosynthesis|DazzlingGleam,Encore,Disable,Protect||||||50|,,,,,Grass]Rillaboom||AssaultVest|GrassySurge|FakeOut,WoodHammer,GrassyGlide,Uturn|||F|||50|,,,,,Water]Ogerpon-Cornerstone||CornerstoneMask|Sturdy|IvyCudgel,PowerWhip,FollowMe,SpikyShield|||F|||50|,,,,,Rock\n|inactive|Battle timer is ON: inactive players will automatically lose when time's up. (requested by Yoddle Yoddle)\n|\n|t:|1746030317\n|start\n|switch|p1a: Sneasler|Sneasler, L50, M|100/100\n|switch|p1b: Indeedee|Indeedee-F, L50, F|100/100\n|switch|p2a: Incineroar|Incineroar, L50, M|100/100\n|switch|p2b: Lunala|Lunala, L50|100/100\n|-fieldstart|move: Psychic Terrain|[from] ability: Psychic Surge|[of] p1b: Indeedee\n|-enditem|p1a: Sneasler|Psychic Seed\n|-boost|p1a: Sneasler|spd|1|[from] item: Psychic Seed\n|-ability|p2a: Incineroar|Intimidate|boost\n|-unboost|p1a: Sneasler|atk|1\n|-unboost|p1b: Indeedee|atk|1\n|turn|1\n|inactive|Yoddle Yoddle has 30 seconds left.\n|\n|t:|1746030348\n|-terastallize|p2b: Lunala|Fairy\n|move|p1a: Sneasler|Toxic Spikes|p2a: Incineroar\n|-sidestart|p2: PikachP2|move: Toxic Spikes\n|move|p2b: Lunala|Calm Mind|p2b: Lunala\n|-boost|p2b: Lunala|spa|1\n|-boost|p2b: Lunala|spd|1\n|move|p1b: Indeedee|Alluring Voice|p2b: Lunala\n|-damage|p2b: Lunala|96/100\n|-start|p2b: Lunala|confusion\n|move|p2a: Incineroar|Knock Off|p1b: Indeedee\n|-supereffective|p1b: Indeedee\n|-damage|p1b: Indeedee|22/100\n|-enditem|p1b: Indeedee|Safety Goggles|[from] move: Knock Off|[of] p2a: Incineroar\n|\n|-heal|p2b: Lunala|100/100|[from] item: Leftovers\n|upkeep\n|turn|2\n|\n|t:|1746030362\n|-activate|p2b: Lunala|confusion\n|move|p2b: Lunala|Protect|p2b: Lunala\n|-singleturn|p2b: Lunala|Protect\n|move|p1b: Indeedee|Follow Me|p1b: Indeedee\n|-singleturn|p1b: Indeedee|move: Follow Me\n|move|p1a: Sneasler|Dire Claw|p2b: Lunala\n|-activate|p2b: Lunala|move: Protect\n|move|p2a: Incineroar|Parting Shot|p1b: Indeedee\n|-unboost|p1b: Indeedee|atk|1\n|-unboost|p1b: Indeedee|spa|1\n|\n|t:|1746030371\n|switch|p2a: Koraidon|Koraidon, L50|100/100|[from] Parting Shot\n|-status|p2a: Koraidon|psn\n|-weather|SunnyDay|[from] ability: Orichalcum Pulse|[of] p2a: Koraidon\n|-activate|p2a: Koraidon|Orichalcum Pulse|[source]\n|\n|-weather|SunnyDay|[upkeep]\n|-damage|p2a: Koraidon|88/100 psn|[from] psn\n|upkeep\n|turn|3\n|\n|t:|1746030389\n|move|p1b: Indeedee|Follow Me|p1b: Indeedee\n|-singleturn|p1b: Indeedee|move: Follow Me\n|move|p1a: Sneasler|Dire Claw|p2b: Lunala\n|-supereffective|p2b: Lunala\n|-damage|p2b: Lunala|80/100\n|-status|p2b: Lunala|slp\n|move|p2a: Koraidon|Flame Charge|p1b: Indeedee\n|-damage|p1b: Indeedee|0 fnt\n|-boost|p2a: Koraidon|spe|1\n|faint|p1b: Indeedee\n|cant|p2b: Lunala|slp\n|\n|-weather|SunnyDay|[upkeep]\n|-heal|p2b: Lunala|86/100 slp|[from] item: Leftovers\n|-damage|p2a: Koraidon|76/100 psn|[from] psn\n|upkeep\n|\n|t:|1746030401\n|switch|p1b: Lunala|Lunala, L50|100/100\n|turn|4\n|\n|t:|1746030425\n|-terastallize|p1b: Lunala|Water\n|cant|p2b: Lunala|slp\n|move|p1a: Sneasler|Close Combat|p2a: Koraidon\n|-damage|p2a: Koraidon|36/100 psn\n|-unboost|p1a: Sneasler|def|1\n|-unboost|p1a: Sneasler|spd|1\n|move|p2a: Koraidon|Flare Blitz|p1a: Sneasler\n|-damage|p1a: Sneasler|0 fnt\n|faint|p1a: Sneasler\n|-damage|p2a: Koraidon|5/100 psn|[from] Recoil\n|move|p1b: Lunala|Trick Room|p1b: Lunala\n|-fieldstart|move: Trick Room|[of] p1b: Lunala\n|\n|-weather|SunnyDay|[upkeep]\n|-heal|p2b: Lunala|93/100 slp|[from] item: Leftovers\n|-damage|p2a: Koraidon|0 fnt|[from] psn\n|faint|p2a: Koraidon\n|upkeep\n|\n|t:|1746030436\n|switch|p1a: Chien-Pao|Chien-Pao, L50|100/100\n|switch|p2a: Incineroar|Incineroar, L50, M|100/100\n|-status|p2a: Incineroar|psn\n|-ability|p2a: Incineroar|Intimidate|boost\n|-unboost|p1a: Chien-Pao|atk|1\n|-unboost|p1b: Lunala|atk|1\n|-ability|p1a: Chien-Pao|Sword of Ruin\n|turn|5\n|\n|t:|1746030450\n|move|p2a: Incineroar|Fake Out|p1b: Lunala\n|-activate|p1b: Lunala|move: Psychic Terrain\n|move|p1b: Lunala|Meteor Beam||[still]\n|-prepare|p1b: Lunala|Meteor Beam\n|-boost|p1b: Lunala|spa|1\n|-enditem|p1b: Lunala|Power Herb\n|-anim|p1b: Lunala|Meteor Beam|p2b: Lunala\n|-damage|p2b: Lunala|56/100 slp\n|-curestatus|p2b: Lunala|slp|[msg]\n|-activate|p2b: Lunala|confusion\n|move|p2b: Lunala|Moonblast|p1a: Chien-Pao\n|-supereffective|p1a: Chien-Pao\n|-enditem|p1a: Chien-Pao|Focus Sash\n|-damage|p1a: Chien-Pao|1/100\n|-unboost|p1a: Chien-Pao|spa|1\n|move|p1a: Chien-Pao|Sacred Sword|p2a: Incineroar\n|-supereffective|p2a: Incineroar\n|-damage|p2a: Incineroar|55/100 psn\n|\n|-weather|SunnyDay|[upkeep]\n|-heal|p2b: Lunala|63/100|[from] item: Leftovers\n|-damage|p2a: Incineroar|43/100 psn|[from] psn\n|-fieldend|move: Psychic Terrain\n|upkeep\n|turn|6\n|\n|t:|1746030465\n|move|p1a: Chien-Pao|Protect|p1a: Chien-Pao\n|-singleturn|p1a: Chien-Pao|Protect\n|move|p2a: Incineroar|Knock Off|p1a: Chien-Pao\n|-activate|p1a: Chien-Pao|move: Protect\n|move|p1b: Lunala|Moongeist Beam|p2b: Lunala\n|-crit|p2b: Lunala\n|-damage|p2b: Lunala|0 fnt\n|faint|p2b: Lunala\n|\n|-weather|none\n|-damage|p2a: Incineroar|30/100 psn|[from] psn\n|upkeep\n|\n|t:|1746030469\n|switch|p2b: Scream Tail|Scream Tail, L50|100/100\n|-status|p2b: Scream Tail|psn\n|-enditem|p2b: Scream Tail|Booster Energy\n|-activate|p2b: Scream Tail|ability: Protosynthesis|[fromitem]\n|-start|p2b: Scream Tail|protosynthesisspe\n|turn|7\n|-message|PikachP2 forfeited.\n|\n|win|Yoddle Yoddle\n||PikachP2 is ready for game 2.\n||Yoddle Yoddle is ready for game 2.\n|uhtml|next|Next: <a href=\"/battle-gen9vgc2025regibo3-2354048863\"><strong>Game 2 of 3</strong></a>\n", "uploadtime": 1746030772, "views": 10, "formatid": "gen9vgc2025regibo3", "rating": null, "private": 0, "password": null}