{"id": "gen9vgc2025regibo3-2353444139", "format": "[Gen 9] VGC 2025 Reg I (Bo3)", "players": ["mtrx_cheeky", "Grennijathingy"], "log": "|j|\u2606mtrx_cheeky\n|j|\u2606Grennijathingy\n|html|<table width=\"100%\"><tr><td align=\"left\">mtrx_cheeky</td><td align=\"right\">Grennijathingy</tr><tr><td align=\"left\"><i class=\"fa fa-circle-o\"></i> <i class=\"fa fa-circle-o\"></i> </td><td align=\"right\"><i class=\"fa fa-circle-o\"></i> <i class=\"fa fa-circle-o\"></i> </tr></table>\n|uhtml|bestof|<h2><strong>Game 1</strong> of <a href=\"/game-bestof3-gen9vgc2025regibo3-2353444138\">a best-of-3</a></h2>\n|t:|1745956493\n|gametype|doubles\n|player|p1|mtrx_cheeky|102|\n|player|p2|Grennijathingy|cameraman|\n|teamsize|p1|6\n|teamsize|p2|6\n|gen|9\n|tier|[Gen 9] VGC 2025 Reg I (Bo3)\n|rule|Species Clause: Limit one of each Pok\u00e9mon\n|rule|Item Clause: Limit 1 of each item\n|clearpoke\n|poke|p1|Miraidon, L50|\n|poke|p1|Whimsicott, L50, M|\n|poke|p1|Ogerpon-Cornerstone, L50, F|\n|poke|p1|Incineroar, L50, M|\n|poke|p1|Urshifu-*, L50, M|\n|poke|p1|Kyogre, L50|\n|poke|p2|Lunala, L50|\n|poke|p2|Kyogre, L50|\n|poke|p2|Iron Valiant, L50|\n|poke|p2|Urshifu-*, L50, M|\n|poke|p2|Ogerpon-Cornerstone, L50, F|\n|poke|p2|Incineroar, L50, M|\n|teampreview|4\n|showteam|p1|Miraidon||ChoiceSpecs|HadronEngine|ElectroDrift,DracoMeteor,VoltSwitch,DazzlingGleam||||||50|,,,,,Fairy]Whimsicott||CovertCloak|Prankster|Tailwind,Encore,Taunt,Moonblast|||M|||50|,,,,,Ghost]Ogerpon-Cornerstone||CornerstoneMask|Sturdy|IvyCudgel,HornLeech,FollowMe,Protect|||F|||50|,,,,,Rock]Incineroar||AssaultVest|Intimidate|FakeOut,FlareBlitz,KnockOff,Protect|||M|||50|,,,,,Bug]Urshifu-Rapid-Strike||FocusSash|UnseenFist|SurgingStrikes,CloseCombat,AquaJet,PoisonJab|||M|||50|,,,,,Stellar]Kyogre||ChoiceScarf|Drizzle|WaterSpout,OriginPulse,IceBeam,Thunder||||||50|,,,,,Grass\n|showteam|p2|Lunala||Leftovers|ShadowShield|Protect,MoongeistBeam,Moonblast,WideGuard||||||50|,,,,,Fairy]Kyogre||ChoiceSpecs|Drizzle|WaterSpout,OriginPulse,Thunder,IceBeam||||||50|,,,,,Grass]Iron Valiant||MentalHerb|QuarkDrive|WideGuard,QuickGuard,Taunt,Moonblast||||||50|,,,,,Ghost]Urshifu-Rapid-Strike||SafetyGoggles|UnseenFist|SurgingStrikes,CloseCombat,FirePunch,ThunderPunch|||M|||50|,,,,,Fire]Ogerpon-Cornerstone||CornerstoneMask|Sturdy|SpikyShield,IvyCudgel,HornLeech,FollowMe|||F|||50|,,,,,Rock]Incineroar||AssaultVest|Intimidate|FakeOut,Uturn,FirePunch,DarkestLariat|||M|||50|,,,,,Stellar\n|inactive|Battle timer is ON: inactive players will automatically lose when time's up. (requested by mtrx_cheeky)\n|\n|t:|1745956531\n|start\n|switch|p1a: Miraidon|Miraidon, L50|100/100\n|switch|p1b: Whimsicott|Whimsicott, L50, M|100/100\n|switch|p2a: Incineroar|Incineroar, L50, M|100/100\n|switch|p2b: Lunala|Lunala, L50|100/100\n|-fieldstart|move: Electric Terrain|[from] ability: Hadron Engine|[of] p1a: Miraidon\n|-ability|p2a: Incineroar|Intimidate|boost\n|-unboost|p1a: Miraidon|atk|1\n|-unboost|p1b: Whimsicott|atk|1\n|turn|1\n|inactive|mtrx_cheeky has 30 seconds left.\n|inactive|Grennijathingy has 30 seconds left.\n|inactive|mtrx_cheeky has 20 seconds left.\n|inactive|Grennijathingy has 20 seconds left.\n|\n|t:|1745956570\n|-terastallize|p2b: Lunala|Fairy\n|move|p2a: Incineroar|Fake Out|p1a: Miraidon\n|-damage|p1a: Miraidon|89/100\n|move|p1b: Whimsicott|Tailwind|p1b: Whimsicott\n|-sidestart|p1: mtrx_cheeky|move: Tailwind\n|cant|p1a: Miraidon|flinch\n|move|p2b: Lunala|Moongeist Beam|p1b: Whimsicott\n|-damage|p1b: Whimsicott|15/100\n|\n|upkeep\n|turn|2\n|\n|t:|1745956594\n|switch|p2a: Ogerpon|Ogerpon-Cornerstone, L50, F|100/100\n|move|p2b: Lunala|Protect|p2b: Lunala\n|-singleturn|p2b: Lunala|Protect\n|move|p1b: Whimsicott|Encore||[still]\n|-fail|p1b: Whimsicott\n|move|p1a: Miraidon|Volt Switch|p2a: Ogerpon\n|-resisted|p2a: Ogerpon\n|-damage|p2a: Ogerpon|48/100\n|inactive|mtrx_cheeky has 30 seconds left.\n|\n|t:|1745956622\n|switch|p1a: Kyogre|Kyogre, L50|100/100|[from] Volt Switch\n|-weather|RainDance|[from] ability: Drizzle|[of] p1a: Kyogre\n|\n|-weather|RainDance|[upkeep]\n|upkeep\n|turn|3\n|\n|t:|1745956638\n|move|p2b: Lunala|Wide Guard|p2b: Lunala\n|-singleturn|p2b: Lunala|Wide Guard\n|move|p1b: Whimsicott|Encore|p2b: Lunala\n|-start|p2b: Lunala|Encore\n|move|p1a: Kyogre|Ice Beam|p2a: Ogerpon\n|-supereffective|p2a: Ogerpon\n|-damage|p2a: Ogerpon|0 fnt\n|faint|p2a: Ogerpon\n|\n|-weather|RainDance|[upkeep]\n|upkeep\n|\n|t:|1745956658\n|switch|p2a: Kyogre|Kyogre, L50|100/100\n|turn|4\n|inactive|mtrx_cheeky has 30 seconds left.\n|\n|t:|1745956690\n|switch|p1a: Miraidon|Miraidon, L50|89/100\n|-activate|p1a: Miraidon|ability: Hadron Engine\n|switch|p2b: Incineroar|Incineroar, L50, M|100/100\n|-ability|p2b: Incineroar|Intimidate|boost\n|-unboost|p1a: Miraidon|atk|1\n|-unboost|p1b: Whimsicott|atk|1\n|move|p1b: Whimsicott|Moonblast|p2b: Incineroar\n|-damage|p2b: Incineroar|84/100\n|move|p2a: Kyogre|Thunder|p1a: Miraidon\n|-resisted|p1a: Miraidon\n|-damage|p1a: Miraidon|70/100\n|\n|-weather|RainDance|[upkeep]\n|-sideend|p1: mtrx_cheeky|move: Tailwind\n|upkeep\n|turn|5\n|inactive|mtrx_cheeky has 30 seconds left.\n|inactive|Grennijathingy has 30 seconds left.\n|\n|t:|1745956724\n|switch|p2a: Lunala|Lunala, L50, tera:Fairy|100/100\n|move|p2b: Incineroar|Fake Out|p1a: Miraidon\n|-damage|p1a: Miraidon|58/100\n|move|p1b: Whimsicott|Tailwind|p1b: Whimsicott\n|-sidestart|p1: mtrx_cheeky|move: Tailwind\n|cant|p1a: Miraidon|flinch\n|\n|-weather|RainDance|[upkeep]\n|-fieldend|move: Electric Terrain\n|upkeep\n|turn|6\n|\n|t:|1745956748\n|switch|p1b: Incineroar|Incineroar, L50, M|100/100\n|-ability|p1b: Incineroar|Intimidate|boost\n|-unboost|p2a: Lunala|atk|1\n|-unboost|p2b: Incineroar|atk|1\n|-terastallize|p1a: Miraidon|Fairy\n|move|p1a: Miraidon|Dazzling Gleam|p2a: Lunala|[spread] p2a,p2b\n|-damage|p2a: Lunala|83/100\n|-damage|p2b: Incineroar|55/100\n|move|p2a: Lunala|Moonblast|p1a: Miraidon\n|-damage|p1a: Miraidon|11/100\n|move|p2b: Incineroar|U-turn|p1b: Incineroar\n|-damage|p1b: Incineroar|88/100\n|\n|t:|1745956763\n|switch|p2b: Kyogre|Kyogre, L50|100/100|[from] U-turn\n|\n|-weather|none\n|-heal|p2a: Lunala|89/100|[from] item: Leftovers\n|upkeep\n|turn|7\n|inactive|mtrx_cheeky has 30 seconds left.\n|inactive|mtrx_cheeky has 20 seconds left.\n|inactive|mtrx_cheeky has 15 seconds left.\n|\n|t:|1745956806\n|switch|p1a: Kyogre|Kyogre, L50|100/100\n|-weather|RainDance|[from] ability: Drizzle|[of] p1a: Kyogre\n|move|p1b: Incineroar|Fake Out|p2b: Kyogre\n|-damage|p2b: Kyogre|86/100\n|move|p2a: Lunala|Wide Guard|p2a: Lunala\n|-singleturn|p2a: Lunala|Wide Guard\n|cant|p2b: Kyogre|flinch\n|\n|-weather|RainDance|[upkeep]\n|-heal|p2a: Lunala|95/100|[from] item: Leftovers\n|upkeep\n|turn|8\n|inactive|mtrx_cheeky has 30 seconds left.\n|inactive|Grennijathingy has 30 seconds left.\n|inactive|mtrx_cheeky has 20 seconds left.\n|\n|t:|1745956843\n|switch|p2b: Incineroar|Incineroar, L50, M|55/100\n|-ability|p2b: Incineroar|Intimidate|boost\n|-unboost|p1a: Kyogre|atk|1\n|-unboost|p1b: Incineroar|atk|1\n|move|p1a: Kyogre|Thunder|p2b: Incineroar\n|-damage|p2b: Incineroar|27/100\n|move|p1b: Incineroar|Flare Blitz|p2a: Lunala\n|-damage|p2a: Lunala|78/100\n|-damage|p1b: Incineroar|82/100|[from] Recoil\n|move|p2a: Lunala|Moongeist Beam|p1a: Kyogre\n|-damage|p1a: Kyogre|59/100\n|\n|-weather|RainDance|[upkeep]\n|-heal|p2a: Lunala|84/100|[from] item: Leftovers\n|-sideend|p1: mtrx_cheeky|move: Tailwind\n|upkeep\n|turn|9\n|inactive|Grennijathingy has 30 seconds left.\n|\n|t:|1745956876\n|move|p2b: Incineroar|Fake Out|p1a: Kyogre\n|-crit|p1a: Kyogre\n|-damage|p1a: Kyogre|39/100\n|cant|p1a: Kyogre|flinch\n|move|p2a: Lunala|Moonblast|p1b: Incineroar\n|-damage|p1b: Incineroar|48/100\n|move|p1b: Incineroar|Flare Blitz|p2a: Lunala\n|-damage|p2a: Lunala|65/100\n|-damage|p1b: Incineroar|41/100|[from] Recoil\n|\n|-weather|RainDance|[upkeep]\n|-heal|p2a: Lunala|72/100|[from] item: Leftovers\n|upkeep\n|turn|10\n|inactive|Grennijathingy has 30 seconds left.\n|\n|t:|1745956906\n|move|p1a: Kyogre|Thunder|p2b: Incineroar\n|-damage|p2b: Incineroar|0 fnt\n|faint|p2b: Incineroar\n|move|p2a: Lunala|Moonblast|p1b: Incineroar\n|-damage|p1b: Incineroar|3/100\n|move|p1b: Incineroar|Flare Blitz|p2a: Lunala\n|-damage|p2a: Lunala|54/100\n|-damage|p1b: Incineroar|0 fnt|[from] Recoil\n|faint|p1b: Incineroar\n|\n|-weather|RainDance|[upkeep]\n|-heal|p2a: Lunala|60/100|[from] item: Leftovers\n|upkeep\n|\n|t:|1745956922\n|switch|p2b: Kyogre|Kyogre, L50|86/100\n|switch|p1b: Whimsicott|Whimsicott, L50, M|15/100\n|turn|11\n|\n|t:|1745956945\n|move|p1b: Whimsicott|Tailwind|p1b: Whimsicott\n|-sidestart|p1: mtrx_cheeky|move: Tailwind\n|move|p1a: Kyogre|Thunder|p2b: Kyogre\n|-supereffective|p2b: Kyogre\n|-damage|p2b: Kyogre|24/100\n|move|p2b: Kyogre|Ice Beam|p1b: Whimsicott\n|-supereffective|p1b: Whimsicott\n|-damage|p1b: Whimsicott|0 fnt\n|faint|p1b: Whimsicott\n|move|p2a: Lunala|Moongeist Beam|p1a: Kyogre\n|-damage|p1a: Kyogre|0 fnt\n|faint|p1a: Kyogre\n|\n|-weather|none\n|-heal|p2a: Lunala|66/100|[from] item: Leftovers\n|upkeep\n|\n|t:|1745956963\n|switch|p1a: Miraidon|Miraidon, L50, tera:Fairy|11/100\n|-fieldstart|move: Electric Terrain|[from] ability: Hadron Engine|[of] p1a: Miraidon\n|turn|12\n|\n|t:|1745956972\n|move|p1a: Miraidon|Electro Drift|p2b: Kyogre\n|-supereffective|p2b: Kyogre\n|-damage|p2b: Kyogre|0 fnt\n|faint|p2b: Kyogre\n|move|p2a: Lunala|Moongeist Beam|p1a: Miraidon\n|-damage|p1a: Miraidon|0 fnt\n|faint|p1a: Miraidon\n|\n|win|Grennijathingy\n|inactive|mtrx_cheeky has 30 seconds to confirm battle start!\n|inactive|Grennijathingy has 30 seconds to confirm battle start!\n||mtrx_cheeky is ready for game 2.\n||Grennijathingy is ready for game 2.\n|uhtml|next|Next: <a href=\"/battle-gen9vgc2025regibo3-2353449669\"><strong>Game 2 of 3</strong></a>\n|l|\u2606mtrx_cheeky\n|player|p1|\n", "uploadtime": 1745957720, "views": 17, "formatid": "gen9vgc2025regibo3", "rating": null, "private": 0, "password": null}