{"id": "gen9vgc2025regibo3-2354887371", "format": "[Gen 9] VGC 2025 Reg I (Bo3)", "players": ["untamedshane", "14#coder"], "log": "|j|\u2606untamedshane\n|j|\u260614#coder\n|html|<table width=\"100%\"><tr><td align=\"left\">untamedshane</td><td align=\"right\">14#coder</tr><tr><td align=\"left\"><i class=\"fa fa-circle-o\"></i> <i class=\"fa fa-circle-o\"></i> </td><td align=\"right\"><i class=\"fa fa-circle-o\"></i> <i class=\"fa fa-circle\"></i> </tr></table>\n|uhtml|bestof|<h2><strong>Game 2</strong> of <a href=\"/game-bestof3-gen9vgc2025regibo3-2354883733\">a best-of-3</a></h2>\n|t:|1746128644\n|gametype|doubles\n|player|p1|untamedshane|sage|1154\n|player|p2|14#coder|102|1085\n|teamsize|p1|6\n|teamsize|p2|6\n|gen|9\n|tier|[Gen 9] VGC 2025 Reg I (Bo3)\n|rated|\n|rule|Species Clause: Limit one of each Pok\u00e9mon\n|rule|Item Clause: Limit 1 of each item\n|clearpoke\n|poke|p1|Calyrex-Ice, L50|\n|poke|p1|Regieleki, L50|\n|poke|p1|Hawlucha, L50, M|\n|poke|p1|Oranguru, L50, M|\n|poke|p1|Mimikyu, L50, F|\n|poke|p1|Palkia-Origin, L50|\n|poke|p2|Kyogre, L50|\n|poke|p2|Calyrex-Shadow, L50|\n|poke|p2|Incineroar, L50, F|\n|poke|p2|Rillaboom, L50, M|\n|poke|p2|Urshifu-*, L50, F|\n|poke|p2|Roaring Moon, L50|\n|teampreview|4\n|showteam|p1|Calyrex-Ice||CovertCloak|AsOneGlastrier|GlacialLance,TrickRoom,HighHorsepower,Protect||||||50|,,,,,Ice]Regieleki||LifeOrb|Transistor|Explosion,SupercellSlam,Acrobatics,Protect||||||50|,,,,,Normal]Hawlucha||WeaknessPolicy|Unburden|CloseCombat,TeraBlast,Protect,Acrobatics|||M|||50|,,,,,Ghost]Oranguru||MentalHerb|Telepathy|Instruct,TrickRoom,Protect,EnergyBall|||M|||50|,,,,,Grass]Mimikyu||SafetyGoggles|Disguise|ShadowSneak,TrickRoom,WillOWisp,Taunt|||F|||50|,,,,,Steel]Palkia-Origin||LustrousGlobe|Telepathy|SpacialRend,Protect,FireBlast,HydroPump||||||50|,,,,,Water\n|showteam|p2|Kyogre||MysticWater|Drizzle|WaterSpout,OriginPulse,IceBeam,Protect||||||50|,,,,,Grass]Calyrex-Shadow||FocusSash|AsOneSpectrier|AstralBarrage,ShadowBall,Protect,Encore||||||50|,,,,,Ghost]Incineroar||SafetyGoggles|Intimidate|KnockOff,WillOWisp,PartingShot,FakeOut|||F|||50|,,,,,Bug]Rillaboom||AssaultVest|GrassySurge|WoodHammer,GrassyGlide,Uturn,FakeOut|||M|||50|,,,,,Fire]Urshifu-Rapid-Strike||ChoiceScarf|UnseenFist|SurgingStrikes,CloseCombat,AquaJet,Uturn|||F|||50|,,,,,Ghost]Roaring Moon||BoosterEnergy|Protosynthesis|KnockOff,Acrobatics,Tailwind,Protect||||||50|,,,,,Flying\n|inactive|Battle timer is ON: inactive players will automatically lose when time's up. (requested by untamedshane)\n|\n|t:|1746128676\n|start\n|switch|p1a: Regitechi|Regieleki, L50|100/100\n|switch|p1b: ooOO oo00|Oranguru, L50, M|100/100\n|switch|p2a: Kyogre|Kyogre, L50, shiny|100/100\n|switch|p2b: Rillaboom|Rillaboom, L50, M|100/100\n|-weather|RainDance|[from] ability: Drizzle|[of] p2a: Kyogre\n|-fieldstart|move: Grassy Terrain|[from] ability: Grassy Surge|[of] p2b: Rillaboom\n|turn|1\n|\n|t:|1746128692\n|move|p1a: Regitechi|Protect|p1a: Regitechi\n|-singleturn|p1a: Regitechi|Protect\n|move|p1b: ooOO oo00|Protect|p1b: ooOO oo00\n|-singleturn|p1b: ooOO oo00|Protect\n|move|p2b: Rillaboom|Fake Out|p1a: Regitechi\n|-activate|p1a: Regitechi|move: Protect\n|move|p2a: Kyogre|Water Spout|p1b: ooOO oo00|[spread] \n|-activate|p1a: Regitechi|move: Protect\n|-activate|p1b: ooOO oo00|move: Protect\n|\n|-weather|RainDance|[upkeep]\n|upkeep\n|turn|2\n|inactive|untamedshane has 30 seconds left.\n|inactive|14#coder has 30 seconds left.\n|\n|t:|1746128719\n|-terastallize|p1b: ooOO oo00|Grass\n|move|p2a: Kyogre|Protect|p2a: Kyogre\n|-singleturn|p2a: Kyogre|Protect\n|move|p1a: Regitechi|Explosion|p2b: Rillaboom|[spread] p2b\n|-activate|p2a: Kyogre|move: Protect\n|-activate|p1b: ooOO oo00|ability: Telepathy\n|-damage|p2b: Rillaboom|27/100\n|faint|p1a: Regitechi\n|move|p2b: Rillaboom|U-turn|p1b: ooOO oo00\n|-supereffective|p1b: ooOO oo00\n|-damage|p1b: ooOO oo00|63/100\n|\n|t:|1746128743\n|switch|p2b: Calyrex|Calyrex-Shadow, L50|100/100|[from] U-turn\n|-ability|p2b: Calyrex|As One\n|-ability|p2b: Calyrex|Unnerve\n|move|p1b: ooOO oo00|Trick Room|p1b: ooOO oo00\n|-fieldstart|move: Trick Room|[of] p1b: ooOO oo00\n|\n|-weather|RainDance|[upkeep]\n|-heal|p1b: ooOO oo00|69/100|[from] Grassy Terrain\n|upkeep\n|\n|t:|1746128749\n|switch|p1a: Berrt|Calyrex-Ice, L50|100/100\n|-ability|p1a: Berrt|As One\n|-ability|p1a: Berrt|Unnerve\n|turn|3\n|\n|t:|1746128766\n|switch|p2a: Incineroar|Incineroar, L50, F|100/100\n|-ability|p2a: Incineroar|Intimidate|boost\n|-unboost|p1a: Berrt|atk|1\n|-unboost|p1b: ooOO oo00|atk|1\n|move|p2b: Calyrex|Protect|p2b: Calyrex\n|-singleturn|p2b: Calyrex|Protect\n|move|p1a: Berrt|High Horsepower|p2b: Calyrex\n|-activate|p2b: Calyrex|move: Protect\n|move|p1b: ooOO oo00|Instruct|p1a: Berrt\n|-singleturn|p1a: Berrt|move: Instruct|[of] p1b: ooOO oo00\n|move|p1a: Berrt|High Horsepower|p2b: Calyrex\n|-activate|p2b: Calyrex|move: Protect\n|\n|-weather|RainDance|[upkeep]\n|-heal|p1b: ooOO oo00|75/100|[from] Grassy Terrain\n|upkeep\n|turn|4\n|\n|t:|1746128785\n|move|p2a: Incineroar|Fake Out|p1a: Berrt\n|-crit|p1a: Berrt\n|-damage|p1a: Berrt|89/100\n|move|p1a: Berrt|High Horsepower|p2a: Incineroar\n|-supereffective|p2a: Incineroar\n|-damage|p2a: Incineroar|60/100\n|move|p1b: ooOO oo00|Instruct|p1a: Berrt\n|-singleturn|p1a: Berrt|move: Instruct|[of] p1b: ooOO oo00\n|move|p1a: Berrt|High Horsepower|p2a: Incineroar\n|-supereffective|p2a: Incineroar\n|-damage|p2a: Incineroar|15/100\n|move|p2b: Calyrex|Astral Barrage|p1a: Berrt|[spread] p1a,p1b\n|-supereffective|p1a: Berrt\n|-damage|p1a: Berrt|19/100\n|-damage|p1b: ooOO oo00|27/100\n|\n|-weather|RainDance|[upkeep]\n|-heal|p1a: Berrt|25/100|[from] Grassy Terrain\n|-heal|p1b: ooOO oo00|33/100|[from] Grassy Terrain\n|-heal|p2a: Incineroar|21/100|[from] Grassy Terrain\n|upkeep\n|turn|5\n|inactive|14#coder has 30 seconds left.\n|\n|t:|1746128816\n|move|p2b: Calyrex|Protect|p2b: Calyrex\n|-singleturn|p2b: Calyrex|Protect\n|move|p1a: Berrt|Glacial Lance|p2a: Incineroar|[spread] p2a\n|-activate|p2b: Calyrex|move: Protect\n|-resisted|p2a: Incineroar\n|-damage|p2a: Incineroar|7/100\n|move|p1b: ooOO oo00|Instruct|p1a: Berrt\n|-singleturn|p1a: Berrt|move: Instruct|[of] p1b: ooOO oo00\n|move|p1a: Berrt|Glacial Lance|p2b: Calyrex|[spread] p2a\n|-activate|p2b: Calyrex|move: Protect\n|-resisted|p2a: Incineroar\n|-damage|p2a: Incineroar|0 fnt\n|faint|p2a: Incineroar\n|-ability|p1a: Berrt|Chilling Neigh|boost\n|-boost|p1a: Berrt|atk|1\n|\n|-weather|none\n|-heal|p1a: Berrt|30/100|[from] Grassy Terrain\n|-heal|p1b: ooOO oo00|40/100|[from] Grassy Terrain\n|-fieldend|move: Grassy Terrain\n|upkeep\n|\n|t:|1746128832\n|switch|p2a: Rillaboom|Rillaboom, L50, M|27/100\n|-fieldstart|move: Grassy Terrain|[from] ability: Grassy Surge|[of] p2a: Rillaboom\n|turn|6\n|\n|t:|1746128852\n|switch|p1b: Netty|Palkia-Origin, L50|100/100\n|-terastallize|p2b: Calyrex|Ghost\n|move|p2a: Rillaboom|Fake Out|p1a: Berrt\n|-damage|p1a: Berrt|22/100\n|move|p1a: Berrt|Glacial Lance|p2a: Rillaboom|[spread] p2a,p2b\n|-supereffective|p2a: Rillaboom\n|-damage|p2a: Rillaboom|0 fnt\n|-damage|p2b: Calyrex|29/100\n|faint|p2a: Rillaboom\n|-ability|p1a: Berrt|Chilling Neigh|boost\n|-boost|p1a: Berrt|atk|1\n|move|p2b: Calyrex|Astral Barrage|p1a: Berrt|[spread] p1a,p1b\n|-supereffective|p1a: Berrt\n|-damage|p1a: Berrt|0 fnt\n|-damage|p1b: Netty|37/100\n|faint|p1a: Berrt\n|-ability|p2b: Calyrex|Grim Neigh|boost\n|-boost|p2b: Calyrex|spa|1\n|\n|-heal|p1b: Netty|43/100|[from] Grassy Terrain\n|-heal|p2b: Calyrex|35/100|[from] Grassy Terrain\n|-fieldend|move: Trick Room\n|upkeep\n|\n|t:|1746128872\n|switch|p2a: Kyogre|Kyogre, L50, shiny|100/100\n|switch|p1a: ooOO oo00|Oranguru, L50, M, tera:Grass|40/100\n|-weather|RainDance|[from] ability: Drizzle|[of] p2a: Kyogre\n|turn|7\n|inactive|untamedshane has 30 seconds left.\n|\n|t:|1746128897\n|move|p1a: ooOO oo00|Protect|p1a: ooOO oo00\n|-singleturn|p1a: ooOO oo00|Protect\n|move|p2b: Calyrex|Astral Barrage|p1a: ooOO oo00|[spread] p1b\n|-activate|p1a: ooOO oo00|move: Protect\n|-damage|p1b: Netty|0 fnt\n|faint|p1b: Netty\n|-ability|p2b: Calyrex|Grim Neigh|boost\n|-boost|p2b: Calyrex|spa|1\n|move|p2a: Kyogre|Water Spout|p1a: ooOO oo00\n|-activate|p1a: ooOO oo00|move: Protect\n|\n|-weather|RainDance|[upkeep]\n|-heal|p2b: Calyrex|41/100|[from] Grassy Terrain\n|-heal|p1a: ooOO oo00|46/100|[from] Grassy Terrain\n|upkeep\n|turn|8\n|c|\u2606untamedshane|gg\n|\n|t:|1746128912\n|move|p2b: Calyrex|Astral Barrage|p1a: ooOO oo00\n|-damage|p1a: ooOO oo00|0 fnt\n|faint|p1a: ooOO oo00\n|\n|win|14#coder\n|raw|untamedshane's rating: 1154 &rarr; <strong>1124</strong><br />(-30 for losing)\n|raw|14#coder's rating: 1085 &rarr; <strong>1118</strong><br />(+33 for winning)\n|l|\u2606untamedshane\n|player|p1|\n", "uploadtime": 1746129719, "views": 12, "formatid": "gen9vgc2025regibo3", "rating": 1118, "private": 0, "password": null}