{"id": "gen9vgc2025regibo3-2354473612", "format": "[Gen 9] VGC 2025 Reg I (Bo3)", "players": ["pasko2004", "Whoisnikoooo._"], "log": "|j|\u2606pasko2004\n|j|\u2606Whoisnikoooo._\n|html|<table width=\"100%\"><tr><td align=\"left\">pasko2004</td><td align=\"right\">Whoisnikoooo._</tr><tr><td align=\"left\"><i class=\"fa fa-circle-o\"></i> <i class=\"fa fa-circle-o\"></i> </td><td align=\"right\"><i class=\"fa fa-circle-o\"></i> <i class=\"fa fa-circle-o\"></i> </tr></table>\n|uhtml|bestof|<h2><strong>Game 1</strong> of <a href=\"/game-bestof3-gen9vgc2025regibo3-2354473611\">a best-of-3</a></h2>\n|t:|1746077352\n|gametype|doubles\n|player|p1|pasko2004|petrel|\n|player|p2|Whoisnikoooo._|pokemaniac|\n|teamsize|p1|6\n|teamsize|p2|6\n|gen|9\n|tier|[Gen 9] VGC 2025 Reg I (Bo3)\n|rule|Species Clause: Limit one of each Pok\u00e9mon\n|rule|Item Clause: Limit 1 of each item\n|clearpoke\n|poke|p1|Calyrex-Ice, L50|\n|poke|p1|Miraidon, L50|\n|poke|p1|Iron Valiant, L50|\n|poke|p1|Brute Bonnet, L50|\n|poke|p1|Ogerpon-Hearthflame, L50, F|\n|poke|p1|Iron Hands, L50|\n|poke|p2|Kyogre, L50|\n|poke|p2|Maushold, L50|\n|poke|p2|Urshifu-*, L50, M|\n|poke|p2|Brute Bonnet, L50|\n|poke|p2|Miraidon, L50|\n|poke|p2|Archaludon, L50, F|\n|teampreview|4\n|showteam|p1|Calyrex-Ice||ClearAmulet|AsOneGlastrier|GlacialLance,HighHorsepower,TrickRoom,Protect||||||50|,,,,,Water]Miraidon||ChoiceSpecs|HadronEngine|DracoMeteor,DazzlingGleam,VoltSwitch,ElectroDrift||||||50|,,,,,Fairy]Iron Valiant||FocusSash|QuarkDrive|ThunderWave,Moonblast,Encore,WideGuard||||||50|,,,,,Ghost]Brute Bonnet||CovertCloak|Protosynthesis|PollenPuff,RagePowder,SuckerPunch,Spore||||||50|,,,,,Fire]Ogerpon-Hearthflame||HearthflameMask|MoldBreaker|IvyCudgel,SpikyShield,FollowMe,WoodHammer|||F|||50|,,,,,Fire]Iron Hands||AssaultVest|QuarkDrive|LowKick,DrainPunch,FakeOut,HeavySlam||||||50|,,,,,Bug\n|showteam|p2|Kyogre||MysticWater|Drizzle|WaterSpout,IceBeam,OriginPulse,Protect||||||50|,,,,,Grass]Maushold||CovertCloak|FriendGuard|Protect,FollowMe,SuperFang,BeatUp||||||50|,,,,,Ghost]Urshifu-Rapid-Strike||PunchingGlove|UnseenFist|SurgingStrikes,CloseCombat,AquaJet,Detect|||M|||50|,,,,,Water]Brute Bonnet||RockyHelmet|Protosynthesis|PollenPuff,RagePowder,SuckerPunch,Spore||||||50|,,,,,Fire]Miraidon||ChoiceSpecs|HadronEngine|DazzlingGleam,DracoMeteor,ElectroDrift,VoltSwitch||||||50|,,,,,Fairy]Archaludon||AssaultVest|Stamina|BodyPress,Protect,ElectroShot,DracoMeteor|||F|||50|,,,,,Steel\n|\n|t:|1746077455\n|start\n|switch|p1a: Calyrex|Calyrex-Ice, L50|100/100\n|switch|p1b: Iron Hands|Iron Hands, L50|100/100\n|switch|p2a: Miraidon|Miraidon, L50|100/100\n|switch|p2b: Urshifu|Urshifu-Rapid-Strike, L50, M|100/100\n|-ability|p1a: Calyrex|As One\n|-ability|p1a: Calyrex|Unnerve\n|-fieldstart|move: Electric Terrain|[from] ability: Hadron Engine|[of] p2a: Miraidon\n|-activate|p1b: Iron Hands|ability: Quark Drive\n|-start|p1b: Iron Hands|quarkdriveatk\n|turn|1\n|inactive|Battle timer is ON: inactive players will automatically lose when time's up. (requested by Whoisnikoooo._)\n|\n|t:|1746077490\n|-terastallize|p2b: Urshifu|Water\n|move|p1b: Iron Hands|Fake Out|p2a: Miraidon\n|-damage|p2a: Miraidon|81/100\n|move|p2b: Urshifu|Aqua Jet|p1b: Iron Hands\n|-damage|p1b: Iron Hands|83/100\n|cant|p2a: Miraidon|flinch\n|move|p1a: Calyrex|Trick Room|p1a: Calyrex\n|-fieldstart|move: Trick Room|[of] p1a: Calyrex\n|\n|upkeep\n|turn|2\n|inactive|pasko2004 has 30 seconds left.\n|inactive|pasko2004 has 20 seconds left.\n|inactive|pasko2004 has 15 seconds left.\n|\n|t:|1746077533\n|move|p2b: Urshifu|Detect|p2b: Urshifu\n|-singleturn|p2b: Urshifu|Protect\n|move|p1a: Calyrex|Glacial Lance|p2b: Urshifu|[spread] p2a\n|-activate|p2b: Urshifu|move: Protect\n|-supereffective|p2a: Miraidon\n|-damage|p2a: Miraidon|2/100\n|move|p1b: Iron Hands|Low Kick|p2a: Miraidon\n|-damage|p2a: Miraidon|0 fnt\n|faint|p2a: Miraidon\n|\n|upkeep\n|\n|t:|1746077555\n|switch|p2a: Brute Bonnet|Brute Bonnet, L50|100/100\n|turn|3\n|\n|t:|1746077570\n|switch|p2b: Kyogre|Kyogre, L50|100/100\n|-weather|RainDance|[from] ability: Drizzle|[of] p2b: Kyogre\n|move|p1a: Calyrex|Glacial Lance|p2a: Brute Bonnet|[spread] p2a,p2b\n|-supereffective|p2a: Brute Bonnet\n|-resisted|p2b: Kyogre\n|-damage|p2a: Brute Bonnet|28/100\n|-damage|p2b: Kyogre|72/100\n|move|p2a: Brute Bonnet|Spore|p1b: Iron Hands\n|-activate|p1b: Iron Hands|move: Electric Terrain\n|move|p1b: Iron Hands|Drain Punch|p2a: Brute Bonnet\n|-supereffective|p2a: Brute Bonnet\n|-damage|p2a: Brute Bonnet|0 fnt\n|-heal|p1b: Iron Hands|94/100|[from] drain|[of] p2a: Brute Bonnet\n|-damage|p1b: Iron Hands|78/100|[from] item: Rocky Helmet|[of] p2a: Brute Bonnet\n|faint|p2a: Brute Bonnet\n|-end|p2a: Brute Bonnet|Protosynthesis|[silent]\n|\n|-weather|RainDance|[upkeep]\n|upkeep\n|inactive|Whoisnikoooo._ has 30 seconds left.\n|\n|t:|1746077597\n|switch|p2a: Urshifu|Urshifu-Rapid-Strike, L50, M, tera:Water|100/100\n|turn|4\n|\n|t:|1746077615\n|-end|p1b: Iron Hands|Quark Drive|[silent]\n|switch|p1b: Iron Valiant|Iron Valiant, L50|100/100\n|-activate|p1b: Iron Valiant|ability: Quark Drive\n|-start|p1b: Iron Valiant|quarkdrivespe\n|move|p1a: Calyrex|Protect|p1a: Calyrex\n|-singleturn|p1a: Calyrex|Protect\n|move|p2b: Kyogre|Water Spout|p1b: Iron Valiant|[spread] p1b\n|-activate|p1a: Calyrex|move: Protect\n|-enditem|p1b: Iron Valiant|Focus Sash\n|-damage|p1b: Iron Valiant|1/100\n|move|p2a: Urshifu|Surging Strikes|p1a: Calyrex\n|-activate|p1a: Calyrex|move: Protect\n|\n|-weather|RainDance|[upkeep]\n|upkeep\n|turn|5\n|inactive|pasko2004 has 30 seconds left.\n|\n|t:|1746077645\n|move|p1b: Iron Valiant|Wide Guard|p1b: Iron Valiant\n|-singleturn|p1b: Iron Valiant|Wide Guard\n|move|p2a: Urshifu|Aqua Jet|p1b: Iron Valiant\n|-damage|p1b: Iron Valiant|0 fnt\n|faint|p1b: Iron Valiant\n|-end|p1b: Iron Valiant|Quark Drive|[silent]\n|move|p1a: Calyrex|High Horsepower|p2a: Urshifu\n|-damage|p2a: Urshifu|67/100\n|move|p2b: Kyogre|Water Spout|p1a: Calyrex\n|-activate|p1a: Calyrex|move: Wide Guard\n|\n|-weather|RainDance|[upkeep]\n|-fieldend|move: Trick Room\n|-fieldend|move: Electric Terrain\n|upkeep\n|\n|t:|1746077660\n|switch|p1b: Iron Hands|Iron Hands, L50|78/100\n|turn|6\n|\n|t:|1746077682\n|move|p1b: Iron Hands|Fake Out|p2b: Kyogre\n|-damage|p2b: Kyogre|56/100\n|move|p2a: Urshifu|Close Combat|p1b: Iron Hands\n|-damage|p1b: Iron Hands|40/100\n|-unboost|p2a: Urshifu|def|1\n|-unboost|p2a: Urshifu|spd|1\n|cant|p2b: Kyogre|flinch\n|move|p1a: Calyrex|Trick Room|p1a: Calyrex\n|-fieldstart|move: Trick Room|[of] p1a: Calyrex\n|\n|-weather|RainDance|[upkeep]\n|upkeep\n|turn|7\n|\n|t:|1746077697\n|move|p2a: Urshifu|Detect|p2a: Urshifu\n|-singleturn|p2a: Urshifu|Protect\n|move|p1a: Calyrex|Glacial Lance|p2b: Kyogre|[spread] p2b\n|-activate|p2a: Urshifu|move: Protect\n|-resisted|p2b: Kyogre\n|-damage|p2b: Kyogre|28/100\n|move|p1b: Iron Hands|Drain Punch|p2a: Urshifu\n|-activate|p2a: Urshifu|move: Protect\n|move|p2b: Kyogre|Water Spout|p1b: Iron Hands|[spread] p1a,p1b\n|-damage|p1a: Calyrex|76/100\n|-damage|p1b: Iron Hands|22/100\n|\n|-weather|none\n|upkeep\n|turn|8\n|\n|t:|1746077716\n|move|p2b: Kyogre|Protect|p2b: Kyogre\n|-singleturn|p2b: Kyogre|Protect\n|move|p2a: Urshifu|Aqua Jet|p1b: Iron Hands\n|-damage|p1b: Iron Hands|4/100\n|move|p1a: Calyrex|Glacial Lance|p2b: Kyogre|[spread] p2a\n|-activate|p2b: Kyogre|move: Protect\n|-resisted|p2a: Urshifu\n|-damage|p2a: Urshifu|32/100\n|move|p1b: Iron Hands|Drain Punch|p2a: Urshifu\n|-damage|p2a: Urshifu|0 fnt\n|-heal|p1b: Iron Hands|14/100|[from] drain|[of] p2a: Urshifu\n|faint|p2a: Urshifu\n|\n|upkeep\n|turn|9\n|inactive|pasko2004 has 30 seconds left.\n|\n|t:|1746077742\n|move|p1a: Calyrex|Glacial Lance|p2b: Kyogre\n|-resisted|p2b: Kyogre\n|-damage|p2b: Kyogre|0 fnt\n|faint|p2b: Kyogre\n|\n|win|pasko2004\n|inactive|pasko2004 has 30 seconds to confirm battle start!\n|inactive|Whoisnikoooo._ has 30 seconds to confirm battle start!\n||Whoisnikoooo._ is ready for game 2.\n|inactive|pasko2004 has 20 seconds to confirm battle start!\n|inactive|pasko2004 has 10 seconds to confirm battle start!\n|l|\u2606pasko2004\n|player|p1|\n||pasko2004 is ready for game 2.\n|uhtml|next|Next: <a href=\"/battle-gen9vgc2025regibo3-2354475915\"><strong>Game 2 of 3</strong></a>\n", "uploadtime": 1746078009, "views": 7, "formatid": "gen9vgc2025regibo3", "rating": null, "private": 0, "password": null}