{"id": "gen9vgc2025regibo3-2353397840", "format": "[Gen 9] VGC 2025 Reg I (Bo3)", "players": ["itsyaboibenbaker", "HardStark98"], "log": "|j|\u2606itsyaboibenbaker\n|j|\u2606HardStark98\n|html|<table width=\"100%\"><tr><td align=\"left\">itsyaboibenbaker</td><td align=\"right\">HardStark98</tr><tr><td align=\"left\"><i class=\"fa fa-circle-o\"></i> <i class=\"fa fa-circle-o\"></i> </td><td align=\"right\"><i class=\"fa fa-circle-o\"></i> <i class=\"fa fa-circle-o\"></i> </tr></table>\n|uhtml|bestof|<h2><strong>Game 1</strong> of <a href=\"/game-bestof3-gen9vgc2025regibo3-2353397839\">a best-of-3</a></h2>\n|t:|1745952421\n|gametype|doubles\n|player|p1|itsyaboibenbaker|ghetsis-gen5bw|1070\n|player|p2|HardStark98|red|1028\n|teamsize|p1|6\n|teamsize|p2|6\n|gen|9\n|tier|[Gen 9] VGC 2025 Reg I (Bo3)\n|rated|\n|rule|Species Clause: Limit one of each Pok\u00e9mon\n|rule|Item Clause: Limit 1 of each item\n|clearpoke\n|poke|p1|Tornadus, L50, M|\n|poke|p1|Rillaboom, L50, M|\n|poke|p1|Incineroar, L50, F|\n|poke|p1|Zamazenta-*, L50|\n|poke|p1|Calyrex-Shadow, L50|\n|poke|p1|Chien-Pao, L50|\n|poke|p2|Zacian-*, L50|\n|poke|p2|Kyogre, L50|\n|poke|p2|Tornadus, L50, M|\n|poke|p2|Amoonguss, L50, F|\n|poke|p2|Incineroar, L50, M|\n|poke|p2|Urshifu-*, L50, F|\n|teampreview|4\n|showteam|p1|Tornadus||CovertCloak|Prankster|Tailwind,BleakwindStorm,IcyWind,RainDance|||M|||50|,,,,,Dark]Rillaboom||AssaultVest|GrassySurge|GrassyGlide,Uturn,FakeOut,DrumBeating|||M|||50|,,,,,Fire]Incineroar||SafetyGoggles|Intimidate|KnockOff,PartingShot,HelpingHand,FakeOut|||F|||50|,,,,,Ghost]Zamazenta-Crowned||RustedShield|DauntlessShield|BodyPress,WideGuard,IronDefense,behemothbash||||||50|,,,,,Dragon]Calyrex-Shadow||LifeOrb|AsOneSpectrier|AstralBarrage,DrainingKiss,Taunt,Protect||||||50|,,,,,Fairy]Chien-Pao||FocusSash|SwordofRuin|SacredSword,IceSpinner,Protect,ThroatChop||||||50|,,,,,Ghost\n|showteam|p2|Zacian-Crowned||RustedSword|IntrepidSword|behemothblade,PlayRough,Substitute,Protect||||||50|,,,,,Fairy]Kyogre||MysticWater|Drizzle|WaterSpout,OriginPulse,IceBeam,Protect||||||50|,,,,,Grass]Tornadus||CovertCloak|Prankster|BleakwindStorm,Tailwind,RainDance,Taunt|||M|||50|,,,,,Dark]Amoonguss||RockyHelmet|Regenerator|PollenPuff,Spore,RagePowder,Protect|||F|||50|,,,,,Steel]Incineroar||SafetyGoggles|Intimidate|KnockOff,FakeOut,WillOWisp,PartingShot|||M|||50|,,,,,Water]Urshifu-Rapid-Strike||ChoiceScarf|UnseenFist|SurgingStrikes,CloseCombat,Uturn,Coaching|||F|||50|,,,,,Ghost\n|inactive|Battle timer is ON: inactive players will automatically lose when time's up. (requested by itsyaboibenbaker)\n|inactive|itsyaboibenbaker has 60 seconds left.\n|inactive|HardStark98 has 60 seconds left.\n|\n|t:|1745952457\n|start\n|switch|p1a: Tornadus|Tornadus, L50, M|100/100\n|switch|p1b: Incineroar|Incineroar, L50, F|100/100\n|switch|p2a: Tornadus|Tornadus, L50, M|100/100\n|switch|p2b: Urshifu|Urshifu-Rapid-Strike, L50, F|100/100\n|-ability|p1b: Incineroar|Intimidate|boost\n|-unboost|p2a: Tornadus|atk|1\n|-unboost|p2b: Urshifu|atk|1\n|turn|1\n|inactive|itsyaboibenbaker has 30 seconds left.\n|\n|t:|1745952483\n|-terastallize|p2b: Urshifu|Ghost\n|move|p1b: Incineroar|Fake Out|p2b: Urshifu\n|-immune|p2b: Urshifu\n|move|p1a: Tornadus|Tailwind|p1a: Tornadus\n|-sidestart|p1: itsyaboibenbaker|move: Tailwind\n|move|p2a: Tornadus|Rain Dance|p2a: Tornadus\n|-weather|RainDance\n|move|p2b: Urshifu|Surging Strikes|p1a: Tornadus\n|-crit|p1a: Tornadus\n|-damage|p1a: Tornadus|60/100\n|-crit|p1a: Tornadus\n|-damage|p1a: Tornadus|24/100\n|-crit|p1a: Tornadus\n|-damage|p1a: Tornadus|0 fnt\n|faint|p1a: Tornadus\n|-hitcount|p1: Tornadus|3\n|\n|-weather|RainDance|[upkeep]\n|upkeep\n|\n|t:|1745952499\n|switch|p1a: Rillaboom|Rillaboom, L50, M|100/100\n|-fieldstart|move: Grassy Terrain|[from] ability: Grassy Surge|[of] p1a: Rillaboom\n|turn|2\n|\n|t:|1745952518\n|move|p2a: Tornadus|Tailwind|p2a: Tornadus\n|-sidestart|p2: HardStark98|move: Tailwind\n|move|p2b: Urshifu|Surging Strikes|p1b: Incineroar\n|-supereffective|p1b: Incineroar\n|-crit|p1b: Incineroar\n|-damage|p1b: Incineroar|43/100\n|-supereffective|p1b: Incineroar\n|-crit|p1b: Incineroar\n|-damage|p1b: Incineroar|0 fnt\n|faint|p1b: Incineroar\n|-hitcount|p1: Incineroar|2\n|move|p1a: Rillaboom|Drum Beating|p2b: Urshifu\n|-damage|p2b: Urshifu|42/100\n|-unboost|p2b: Urshifu|spe|1\n|\n|-weather|RainDance|[upkeep]\n|-heal|p2b: Urshifu|48/100|[from] Grassy Terrain\n|upkeep\n|\n|t:|1745952523\n|switch|p1b: Chien-Pao|Chien-Pao, L50|100/100\n|-ability|p1b: Chien-Pao|Sword of Ruin\n|turn|3\n|\n|t:|1745952545\n|move|p1a: Rillaboom|Grassy Glide|p2b: Urshifu\n|-damage|p2b: Urshifu|0 fnt\n|faint|p2b: Urshifu\n|move|p1b: Chien-Pao|Sacred Sword|p2a: Tornadus\n|-resisted|p2a: Tornadus\n|-damage|p2a: Tornadus|82/100\n|move|p2a: Tornadus|Bleakwind Storm|p1b: Chien-Pao|[spread] p1a,p1b\n|-supereffective|p1a: Rillaboom\n|-damage|p1a: Rillaboom|58/100\n|-damage|p1b: Chien-Pao|48/100\n|\n|-weather|RainDance|[upkeep]\n|-heal|p1b: Chien-Pao|54/100|[from] Grassy Terrain\n|-heal|p1a: Rillaboom|64/100|[from] Grassy Terrain\n|upkeep\n|\n|t:|1745952557\n|switch|p2b: Kyogre|Kyogre, L50|100/100\n|turn|4\n|inactive|itsyaboibenbaker has 30 seconds left.\n|\n|t:|1745952587\n|move|p2b: Kyogre|Protect|p2b: Kyogre\n|-singleturn|p2b: Kyogre|Protect\n|move|p1a: Rillaboom|Grassy Glide|p2b: Kyogre\n|-activate|p2b: Kyogre|move: Protect\n|move|p1b: Chien-Pao|Sacred Sword|p2b: Kyogre\n|-activate|p2b: Kyogre|move: Protect\n|move|p2a: Tornadus|Bleakwind Storm|p1b: Chien-Pao|[spread] p1a,p1b\n|-supereffective|p1a: Rillaboom\n|-damage|p1a: Rillaboom|18/100\n|-damage|p1b: Chien-Pao|7/100\n|\n|-weather|RainDance|[upkeep]\n|-heal|p1b: Chien-Pao|13/100|[from] Grassy Terrain\n|-heal|p1a: Rillaboom|24/100|[from] Grassy Terrain\n|-sideend|p1: itsyaboibenbaker|move: Tailwind\n|upkeep\n|turn|5\n|\n|t:|1745952604\n|switch|p2b: Amoonguss|Amoonguss, L50, F|100/100\n|move|p1a: Rillaboom|Grassy Glide|p2b: Amoonguss\n|-resisted|p2b: Amoonguss\n|-damage|p2b: Amoonguss|91/100\n|-damage|p1a: Rillaboom|8/100|[from] item: Rocky Helmet|[of] p2b: Amoonguss\n|move|p2a: Tornadus|Bleakwind Storm|p1b: Chien-Pao|[spread] p1a,p1b\n|-supereffective|p1a: Rillaboom\n|-damage|p1a: Rillaboom|0 fnt\n|-damage|p1b: Chien-Pao|0 fnt\n|faint|p1a: Rillaboom\n|faint|p1b: Chien-Pao\n|\n|win|HardStark98\n", "uploadtime": 1745952612, "views": 13, "formatid": "gen9vgc2025regibo3", "rating": null, "private": 0, "password": null}