{"id": "gen9vgc2025regibo3-2354455084", "format": "[Gen 9] VGC 2025 Reg I (Bo3)", "players": ["bigj009", "TheParasectKing"], "log": "|j|\u2606bigj009\n|j|\u2606TheParasectKing\n|html|<table width=\"100%\"><tr><td align=\"left\">bigj009</td><td align=\"right\">TheParasectKing</tr><tr><td align=\"left\"><i class=\"fa fa-circle-o\"></i> <i class=\"fa fa-circle-o\"></i> </td><td align=\"right\"><i class=\"fa fa-circle-o\"></i> <i class=\"fa fa-circle-o\"></i> </tr></table>\n|uhtml|bestof|<h2><strong>Game 1</strong> of <a href=\"/game-bestof3-gen9vgc2025regibo3-2354455083\">a best-of-3</a></h2>\n|t:|1746074156\n|gametype|doubles\n|player|p1|bigj009|lucas|1105\n|player|p2|TheParasectKing|acetrainer-gen4dp|1128\n|teamsize|p1|6\n|teamsize|p2|6\n|gen|9\n|tier|[Gen 9] VGC 2025 Reg I (Bo3)\n|rated|\n|rule|Species Clause: Limit one of each Pok\u00e9mon\n|rule|Item Clause: Limit 1 of each item\n|clearpoke\n|poke|p1|Calyrex-Ice, L50|\n|poke|p1|Kyogre, L50|\n|poke|p1|Smeargle, L50, M|\n|poke|p1|Whimsicott, L50, M|\n|poke|p1|Indeedee-F, L50, F|\n|poke|p1|Iron Treads, L50|\n|poke|p2|Koraidon, L50|\n|poke|p2|Tornadus, L50, M|\n|poke|p2|Flutter Mane, L50|\n|poke|p2|Zacian-*, L50|\n|poke|p2|Chi-Yu, L50|\n|poke|p2|Walking Wake, L50|\n|teampreview|4\n|showteam|p1|Calyrex-Ice||LifeOrb|AsOneGlastrier|GlacialLance,HighHorsepower,Protect,TrickRoom||||||50|,,,,,Water]Kyogre||ChoiceScarf|Drizzle|WaterSpout,TeraBlast,IceBeam,Thunder||||||50|,,,,,Water]Smeargle||FocusSash|OwnTempo|FakeOut,Spore,Feint,FollowMe|||M|||50|,,,,,Ghost]Whimsicott||CovertCloak|Prankster|Tailwind,Moonblast,Encore,CottonSpore|||M|||50|,,,,,Dark]Indeedee-F||SafetyGoggles|PsychicSurge|FollowMe,TrickRoom,HelpingHand,Psychic|||F|||50|,,,,,Water]Iron Treads||BoosterEnergy|QuarkDrive|HighHorsepower,MetalSound,ScaryFace,IronHead||||||50|,,,,,Fire\n|showteam|p2|Koraidon||ClearAmulet|OrichalcumPulse|CloseCombat,FlareBlitz,FlameCharge,Protect||||||50|,,,,,Fire]Tornadus||CovertCloak|Prankster|Tailwind,BleakwindStorm,SunnyDay,Protect|||M|||50|,,,,,Dark]Flutter Mane||ChoiceSpecs|Protosynthesis|Moonblast,ShadowBall,DazzlingGleam,Thunderbolt||||||50|,,,,,Dark]Zacian-Crowned||RustedSword|IntrepidSword|behemothblade,PlayRough,SacredSword,Protect||||||50|,,,,,Water]Chi-Yu||FocusSash|BeadsofRuin|HeatWave,DarkPulse,Taunt,Protect||||||50|,,,,,Ghost]Walking Wake||ChoiceScarf|Protosynthesis|HydroSteam,DragonPulse,Snarl,FlipTurn||||||50|,,,,,Grass\n|inactive|Battle timer is ON: inactive players will automatically lose when time's up. (requested by TheParasectKing)\n|inactive|TheParasectKing has 60 seconds left.\n|\n|t:|1746074189\n|start\n|switch|p1a: Calyrex|Calyrex-Ice, L50|100/100\n|switch|p1b: Indeedee|Indeedee-F, L50, F|100/100\n|switch|p2a: Koraidon|Koraidon, L50|100/100\n|switch|p2b: Chi-Yu|Chi-Yu, L50|100/100\n|-ability|p1a: Calyrex|As One\n|-ability|p1a: Calyrex|Unnerve\n|-weather|SunnyDay|[from] ability: Orichalcum Pulse|[of] p2a: Koraidon\n|-activate|p2a: Koraidon|Orichalcum Pulse|[source]\n|-ability|p2b: Chi-Yu|Beads of Ruin\n|-fieldstart|move: Psychic Terrain|[from] ability: Psychic Surge|[of] p1b: Indeedee\n|turn|1\n|\n|t:|1746074202\n|move|p1a: Calyrex|Protect|p1a: Calyrex\n|-singleturn|p1a: Calyrex|Protect\n|move|p2a: Koraidon|Flare Blitz|p1b: Indeedee\n|-damage|p1b: Indeedee|0 fnt\n|faint|p1b: Indeedee\n|-damage|p2a: Koraidon|68/100|[from] Recoil\n|move|p2b: Chi-Yu|Taunt|p1a: Calyrex\n|-activate|p1a: Calyrex|move: Protect\n|\n|-weather|SunnyDay|[upkeep]\n|upkeep\n|\n|t:|1746074213\n|switch|p1b: Kyogre|Kyogre, L50|100/100\n|-weather|RainDance|[from] ability: Drizzle|[of] p1b: Kyogre\n|turn|2\n|\n|t:|1746074221\n|-terastallize|p1b: Kyogre|Water\n|move|p2a: Koraidon|Protect|p2a: Koraidon\n|-singleturn|p2a: Koraidon|Protect\n|move|p1b: Kyogre|Water Spout|p2b: Chi-Yu|[spread] p2b\n|-activate|p2a: Koraidon|move: Protect\n|-supereffective|p2b: Chi-Yu\n|-enditem|p2b: Chi-Yu|Focus Sash\n|-damage|p2b: Chi-Yu|1/100\n|move|p2b: Chi-Yu|Taunt|p1a: Calyrex\n|-start|p1a: Calyrex|move: Taunt\n|move|p1a: Calyrex|Glacial Lance|p2b: Chi-Yu|[spread] p2b\n|-activate|p2a: Koraidon|move: Protect\n|-resisted|p2b: Chi-Yu\n|-damage|p2b: Chi-Yu|0 fnt\n|faint|p2b: Chi-Yu\n|-ability|p1a: Calyrex|Chilling Neigh|boost\n|-boost|p1a: Calyrex|atk|1\n|-damage|p1a: Calyrex|91/100|[from] item: Life Orb\n|\n|-weather|RainDance|[upkeep]\n|upkeep\n|\n|t:|1746074229\n|switch|p2b: Zacian|Zacian-Crowned, L50|100/100\n|-ability|p2b: Zacian|Intrepid Sword|boost\n|-boost|p2b: Zacian|atk|1\n|turn|3\n|\n|t:|1746074243\n|-terastallize|p2b: Zacian|Water\n|move|p1b: Kyogre|Water Spout|p2a: Koraidon|[spread] p2a,p2b\n|-resisted|p2a: Koraidon\n|-resisted|p2b: Zacian\n|-damage|p2a: Koraidon|0 fnt\n|-damage|p2b: Zacian|41/100\n|faint|p2a: Koraidon\n|move|p2b: Zacian|Behemoth Blade|p1a: Calyrex\n|-supereffective|p1a: Calyrex\n|-damage|p1a: Calyrex|0 fnt\n|faint|p1a: Calyrex\n|\n|-weather|RainDance|[upkeep]\n|upkeep\n|\n|t:|1746074251\n|switch|p2a: Walking Wake|Walking Wake, L50|100/100\n|switch|p1a: Smeargle|Smeargle, L50, M|100/100\n|turn|4\n|\n|t:|1746074271\n|move|p2a: Walking Wake|Snarl|p1a: Smeargle|[spread] p1a,p1b\n|-damage|p1a: Smeargle|75/100\n|-damage|p1b: Kyogre|90/100\n|-unboost|p1a: Smeargle|spa|1\n|-unboost|p1b: Kyogre|spa|1\n|move|p1b: Kyogre|Water Spout|p2b: Zacian|[spread] p2a,p2b\n|-resisted|p2a: Walking Wake\n|-crit|p2a: Walking Wake\n|-resisted|p2b: Zacian\n|-damage|p2a: Walking Wake|47/100\n|-damage|p2b: Zacian|9/100\n|move|p2b: Zacian|Sacred Sword|p1a: Smeargle\n|-supereffective|p1a: Smeargle\n|-damage|p1a: Smeargle|0 fnt\n|faint|p1a: Smeargle\n|\n|-weather|RainDance|[upkeep]\n|upkeep\n|turn|5\n|\n|t:|1746074281\n|move|p2b: Zacian|Protect|p2b: Zacian\n|-singleturn|p2b: Zacian|Protect\n|move|p2a: Walking Wake|Snarl|p1b: Kyogre\n|-damage|p1b: Kyogre|75/100\n|-unboost|p1b: Kyogre|spa|1\n|move|p1b: Kyogre|Water Spout|p2a: Walking Wake|[spread] p2a\n|-activate|p2b: Zacian|move: Protect\n|-resisted|p2a: Walking Wake\n|-damage|p2a: Walking Wake|34/100\n|\n|-weather|RainDance|[upkeep]\n|-fieldend|move: Psychic Terrain\n|upkeep\n|turn|6\n|\n|t:|1746074291\n|move|p2b: Zacian|Protect|p2b: Zacian\n|-singleturn|p2b: Zacian|Protect\n|move|p2a: Walking Wake|Snarl|p1b: Kyogre\n|-damage|p1b: Kyogre|60/100\n|-unboost|p1b: Kyogre|spa|1\n|move|p1b: Kyogre|Water Spout|p2a: Walking Wake|[spread] p2a\n|-activate|p2b: Zacian|move: Protect\n|-resisted|p2a: Walking Wake\n|-damage|p2a: Walking Wake|25/100\n|\n|-weather|none\n|upkeep\n|turn|7\n|\n|t:|1746074297\n|move|p2a: Walking Wake|Snarl|p1b: Kyogre\n|-damage|p1b: Kyogre|45/100\n|-unboost|p1b: Kyogre|spa|1\n|move|p1b: Kyogre|Water Spout|p2a: Walking Wake|[spread] p2a,p2b\n|-resisted|p2a: Walking Wake\n|-resisted|p2b: Zacian\n|-damage|p2a: Walking Wake|21/100\n|-damage|p2b: Zacian|3/100\n|move|p2b: Zacian|Play Rough|p1b: Kyogre\n|-damage|p1b: Kyogre|0 fnt\n|faint|p1b: Kyogre\n|\n|win|TheParasectKing\n", "uploadtime": 1746074301, "views": 15, "formatid": "gen9vgc2025regibo3", "rating": null, "private": 0, "password": null}