{"id": "gen9vgc2025regibo3-2354344096", "format": "[Gen 9] VGC 2025 Reg I (Bo3)", "players": ["alphamystogan", "themismatcher"], "log": "|j|\u2606alphamystogan\n|j|\u2606themismatcher\n|html|<table width=\"100%\"><tr><td align=\"left\">alphamystogan</td><td align=\"right\">themismatcher</tr><tr><td align=\"left\"><i class=\"fa fa-circle\"></i> <i class=\"fa fa-circle-o\"></i> </td><td align=\"right\"><i class=\"fa fa-circle-o\"></i> <i class=\"fa fa-circle\"></i> </tr></table>\n|uhtml|bestof|<h2><strong>Game 3</strong> of <a href=\"/game-bestof3-gen9vgc2025regibo3-2354339781\">a best-of-3</a></h2>\n|t:|1746059828\n|gametype|doubles\n|player|p1|alphamystogan|266|\n|player|p2|themismatcher|benga|\n|teamsize|p1|6\n|teamsize|p2|6\n|gen|9\n|tier|[Gen 9] VGC 2025 Reg I (Bo3)\n|rule|Species Clause: Limit one of each Pok\u00e9mon\n|rule|Item Clause: Limit 1 of each item\n|clearpoke\n|poke|p1|Koraidon, L50|\n|poke|p1|Calyrex-Ice, L50|\n|poke|p1|Brute Bonnet, L50|\n|poke|p1|Flutter Mane, L50|\n|poke|p1|Chi-Yu, L50|\n|poke|p1|Iron Hands, L50|\n|poke|p2|Indeedee-F, L50, F|\n|poke|p2|Brute Bonnet, L50|\n|poke|p2|Calyrex-Shadow, L50|\n|poke|p2|Chi-Yu, L50|\n|poke|p2|Koraidon, L50|\n|poke|p2|Whimsicott, L50, M|\n|teampreview|4\n|showteam|p1|Koraidon||LifeOrb|OrichalcumPulse|FlameCharge,FlareBlitz,CloseCombat,Protect||||||50|,,,,,Fire]Calyrex-Ice||ClearAmulet|AsOneGlastrier|GlacialLance,HighHorsepower,Protect,TrickRoom||||||50|,,,,,Poison]Brute Bonnet||CovertCloak|Protosynthesis|Protect,SuckerPunch,Spore,RagePowder||||||50|,,,,,Water]Flutter Mane||ChoiceSpecs|Protosynthesis|ShadowBall,Moonblast,DazzlingGleam,IcyWind||||||50|,,,,,Fairy]Chi-Yu||ChoiceScarf|BeadsofRuin|HeatWave,Snarl,DarkPulse,Overheat||||||50|,,,,,Ghost]Iron Hands||AssaultVest|QuarkDrive|DrainPunch,WildCharge,FakeOut,LowKick||||||50|,,,,,Bug\n|showteam|p2|Indeedee-F||PsychicSeed|PsychicSurge|Psychic,Imprison,HelpingHand,TrickRoom|||F|||50|,,,,,Fairy]Brute Bonnet||SitrusBerry|Protosynthesis|SeedBomb,SuckerPunch,Spore,RagePowder||||||50|,,,,,Water]Calyrex-Shadow||FocusSash|AsOneSpectrier|AstralBarrage,ExpandingForce,ShadowBall,Protect||||||50|,,,,,Ghost]Chi-Yu||ChoiceScarf|BeadsofRuin|HeatWave,DarkPulse,Overheat,Snarl||||||50|,,,,,Fire]Koraidon||ClearAmulet|OrichalcumPulse|FlareBlitz,CollisionCourse,FlameCharge,Protect||||||50|,,,,,Fire]Whimsicott||CovertCloak|Prankster|Tailwind,Moonblast,Encore,SunnyDay|||M|||50|,,,,,Dark\n|inactive|Battle timer is ON: inactive players will automatically lose when time's up. (requested by alphamystogan)\n|inactive|alphamystogan has 60 seconds left.\n|inactive|themismatcher has 60 seconds left.\n|\n|t:|1746059884\n|start\n|switch|p1a: Calyrex|Calyrex-Ice, L50|100/100\n|switch|p1b: Iron Hands|Iron Hands, L50|100/100\n|switch|p2a: Brute Bonnet|Brute Bonnet, L50|100/100\n|switch|p2b: Koraidon|Koraidon, L50|100/100\n|-ability|p1a: Calyrex|As One\n|-ability|p1a: Calyrex|Unnerve\n|-weather|SunnyDay|[from] ability: Orichalcum Pulse|[of] p2b: Koraidon\n|-activate|p2a: Brute Bonnet|ability: Protosynthesis\n|-start|p2a: Brute Bonnet|protosynthesisdef\n|-activate|p2b: Koraidon|Orichalcum Pulse|[source]\n|turn|1\n|inactive|alphamystogan has 30 seconds left.\n|inactive|themismatcher has 30 seconds left.\n|inactive|themismatcher has 20 seconds left.\n|inactive|alphamystogan has 20 seconds left.\n|inactive|themismatcher has 15 seconds left.\n|\n|t:|1746059927\n|-terastallize|p2b: Koraidon|Fire\n|-terastallize|p1a: Calyrex|Poison\n|move|p1b: Iron Hands|Fake Out|p2a: Brute Bonnet\n|-damage|p2a: Brute Bonnet|92/100\n|move|p2b: Koraidon|Flare Blitz|p1a: Calyrex\n|-damage|p1a: Calyrex|15/100\n|-status|p1a: Calyrex|brn\n|-damage|p2b: Koraidon|69/100|[from] Recoil\n|cant|p2a: Brute Bonnet|flinch\n|move|p1a: Calyrex|Trick Room|p1a: Calyrex\n|-fieldstart|move: Trick Room|[of] p1a: Calyrex\n|\n|-weather|SunnyDay|[upkeep]\n|-damage|p1a: Calyrex|9/100 brn|[from] brn\n|upkeep\n|turn|2\n|inactive|themismatcher has 30 seconds left.\n|\n|t:|1746059955\n|move|p2b: Koraidon|Protect|p2b: Koraidon\n|-singleturn|p2b: Koraidon|Protect\n|move|p1b: Iron Hands|Drain Punch|p2a: Brute Bonnet\n|-supereffective|p2a: Brute Bonnet\n|-damage|p2a: Brute Bonnet|50/100\n|move|p1a: Calyrex|Glacial Lance|p2b: Koraidon|[spread] p2a\n|-activate|p2b: Koraidon|move: Protect\n|-supereffective|p2a: Brute Bonnet\n|-damage|p2a: Brute Bonnet|22/100\n|move|p2a: Brute Bonnet|Spore|p1b: Iron Hands\n|-status|p1b: Iron Hands|slp|[from] move: Spore\n|\n|-weather|SunnyDay|[upkeep]\n|-damage|p1a: Calyrex|3/100 brn|[from] brn\n|upkeep\n|turn|3\n|inactive|themismatcher has 30 seconds left.\n|inactive|alphamystogan has 30 seconds left.\n|inactive|themismatcher has 20 seconds left.\n|\n|t:|1746059993\n|move|p2a: Brute Bonnet|Sucker Punch|p1a: Calyrex\n|-damage|p1a: Calyrex|0 fnt\n|-enditem|p2a: Brute Bonnet|Sitrus Berry|[eat]\n|-heal|p2a: Brute Bonnet|46/100|[from] item: Sitrus Berry\n|faint|p1a: Calyrex\n|cant|p1b: Iron Hands|slp\n|move|p2b: Koraidon|Flare Blitz|p1b: Iron Hands\n|-damage|p1b: Iron Hands|14/100 slp\n|-damage|p2b: Koraidon|33/100|[from] Recoil\n|\n|-weather|SunnyDay|[upkeep]\n|upkeep\n|\n|t:|1746059995\n|switch|p1a: Brute Bonnet|Brute Bonnet, L50|100/100\n|-activate|p1a: Brute Bonnet|ability: Protosynthesis\n|-start|p1a: Brute Bonnet|protosynthesisdef\n|turn|4\n|inactive|themismatcher has 30 seconds left.\n|\n|t:|1746060023\n|-curestatus|p1b: Iron Hands|slp|[msg]\n|move|p1b: Iron Hands|Drain Punch|p2a: Brute Bonnet\n|-supereffective|p2a: Brute Bonnet\n|-damage|p2a: Brute Bonnet|5/100\n|-heal|p1b: Iron Hands|33/100|[from] drain|[of] p2a: Brute Bonnet\n|move|p1a: Brute Bonnet|Spore|p2b: Koraidon\n|-status|p2b: Koraidon|slp|[from] move: Spore\n|move|p2a: Brute Bonnet|Seed Bomb|p1b: Iron Hands\n|-damage|p1b: Iron Hands|8/100\n|cant|p2b: Koraidon|slp\n|\n|-weather|SunnyDay|[upkeep]\n|upkeep\n|turn|5\n|inactive|themismatcher has 30 seconds left.\n|\n|t:|1746060049\n|-end|p1b: Iron Hands|Quark Drive|[silent]\n|switch|p1b: Chi-Yu|Chi-Yu, L50|100/100\n|-ability|p1b: Chi-Yu|Beads of Ruin\n|move|p1a: Brute Bonnet|Sucker Punch|p2a: Brute Bonnet\n|-resisted|p2a: Brute Bonnet\n|-damage|p2a: Brute Bonnet|0 fnt\n|faint|p2a: Brute Bonnet\n|-end|p2a: Brute Bonnet|Protosynthesis|[silent]\n|cant|p2b: Koraidon|slp\n|\n|-weather|none\n|-end|p1a: Brute Bonnet|Protosynthesis\n|-fieldend|move: Trick Room\n|upkeep\n|\n|t:|1746060063\n|switch|p2a: Chi-Yu|Chi-Yu, L50|100/100\n|-ability|p2a: Chi-Yu|Beads of Ruin\n|turn|6\n|\n|t:|1746060083\n|move|p1a: Brute Bonnet|Protect|p1a: Brute Bonnet\n|-singleturn|p1a: Brute Bonnet|Protect\n|move|p1b: Chi-Yu|Snarl|p2b: Koraidon|[spread] p2a,p2b\n|-resisted|p2a: Chi-Yu\n|-damage|p2a: Chi-Yu|87/100\n|-damage|p2b: Koraidon|4/100 slp\n|-unboost|p2a: Chi-Yu|spa|1\n|move|p2a: Chi-Yu|Overheat|p1a: Brute Bonnet\n|-activate|p1a: Brute Bonnet|move: Protect\n|cant|p2b: Koraidon|slp\n|\n|upkeep\n|turn|7\n|\n|t:|1746060107\n|-end|p1a: Brute Bonnet|Protosynthesis|[silent]\n|switch|p1a: Iron Hands|Iron Hands, L50|8/100\n|move|p2a: Chi-Yu|Overheat|p1a: Iron Hands\n|-damage|p1a: Iron Hands|0 fnt\n|-unboost|p2a: Chi-Yu|spa|2\n|faint|p1a: Iron Hands\n|-end|p1a: Iron Hands|Quark Drive|[silent]\n|move|p1b: Chi-Yu|Snarl|p2a: Chi-Yu|[spread] p2a,p2b\n|-resisted|p2a: Chi-Yu\n|-damage|p2a: Chi-Yu|75/100\n|-damage|p2b: Koraidon|0 fnt\n|-unboost|p2a: Chi-Yu|spa|1\n|faint|p2b: Koraidon\n|\n|upkeep\n|\n|t:|1746060116\n|switch|p2b: Calyrex|Calyrex-Shadow, L50|100/100\n|switch|p1a: Brute Bonnet|Brute Bonnet, L50|100/100\n|-ability|p2b: Calyrex|As One\n|-ability|p2b: Calyrex|Unnerve\n|turn|8\n|\n|t:|1746060122\n|move|p2b: Calyrex|Protect|p2b: Calyrex\n|-singleturn|p2b: Calyrex|Protect\n|move|p1a: Brute Bonnet|Sucker Punch||[still]\n|-fail|p1a: Brute Bonnet\n|move|p1b: Chi-Yu|Snarl|p2b: Calyrex|[spread] p2a\n|-activate|p2b: Calyrex|move: Protect\n|-resisted|p2a: Chi-Yu\n|-damage|p2a: Chi-Yu|63/100\n|-unboost|p2a: Chi-Yu|spa|1\n|move|p2a: Chi-Yu|Overheat|p1a: Brute Bonnet|[miss]\n|-miss|p2a: Chi-Yu|p1a: Brute Bonnet\n|\n|upkeep\n|turn|9\n|\n|t:|1746060136\n|move|p2b: Calyrex|Protect||[still]\n|-fail|p2b: Calyrex\n|move|p1b: Chi-Yu|Snarl|p2a: Chi-Yu|[spread] p2a,p2b\n|-resisted|p2a: Chi-Yu\n|-supereffective|p2b: Calyrex\n|-damage|p2a: Chi-Yu|52/100\n|-enditem|p2b: Calyrex|Focus Sash\n|-damage|p2b: Calyrex|1/100\n|-unboost|p2a: Chi-Yu|spa|1\n|-unboost|p2b: Calyrex|spa|1\n|move|p2a: Chi-Yu|Overheat|p1a: Brute Bonnet\n|-supereffective|p1a: Brute Bonnet\n|-damage|p1a: Brute Bonnet|66/100\n|move|p1a: Brute Bonnet|Spore|p2a: Chi-Yu\n|-status|p2a: Chi-Yu|slp|[from] move: Spore\n|\n|upkeep\n|turn|10\n|\n|t:|1746060158\n|move|p2b: Calyrex|Protect|p2b: Calyrex\n|-singleturn|p2b: Calyrex|Protect\n|move|p1b: Chi-Yu|Snarl|p2b: Calyrex|[spread] p2a\n|-activate|p2b: Calyrex|move: Protect\n|-resisted|p2a: Chi-Yu\n|-damage|p2a: Chi-Yu|37/100 slp\n|cant|p2a: Chi-Yu|slp\n|move|p1a: Brute Bonnet|Spore|p2b: Calyrex\n|-activate|p2b: Calyrex|move: Protect\n|\n|upkeep\n|turn|11\n|\n|t:|1746060172\n|move|p1a: Brute Bonnet|Sucker Punch|p2a: Chi-Yu\n|-resisted|p2a: Chi-Yu\n|-damage|p2a: Chi-Yu|17/100 slp\n|-curestatus|p2a: Chi-Yu|slp|[msg]\n|move|p2a: Chi-Yu|Overheat|p1a: Brute Bonnet\n|-supereffective|p1a: Brute Bonnet\n|-damage|p1a: Brute Bonnet|30/100\n|move|p1b: Chi-Yu|Snarl|p2a: Chi-Yu|[spread] p2a,p2b\n|-resisted|p2a: Chi-Yu\n|-supereffective|p2b: Calyrex\n|-damage|p2a: Chi-Yu|5/100\n|-damage|p2b: Calyrex|0 fnt\n|faint|p2b: Calyrex\n|\n|upkeep\n|turn|12\n|\n|t:|1746060182\n|move|p1a: Brute Bonnet|Sucker Punch|p2a: Chi-Yu\n|-resisted|p2a: Chi-Yu\n|-damage|p2a: Chi-Yu|0 fnt\n|faint|p2a: Chi-Yu\n|\n|win|alphamystogan\n|l|\u2606themismatcher\n|player|p2|\n|l|\u2606alphamystogan\n|player|p1|\n|j|\u2606themismatcher\n|player|p2|themismatcher|benga|\n", "uploadtime": 1746060260, "views": 22, "formatid": "gen9vgc2025regibo3", "rating": null, "private": 0, "password": null}