{"id": "gen9vgc2025regibo3-2354120834", "format": "[Gen 9] VGC 2025 Reg I (Bo3)", "players": ["angandi01", "tttsui"], "log": "|j|\u2606angandi01\n|j|\u2606tttsui\n|html|<table width=\"100%\"><tr><td align=\"left\">angandi01</td><td align=\"right\">tttsui</tr><tr><td align=\"left\"><i class=\"fa fa-circle-o\"></i> <i class=\"fa fa-circle-o\"></i> </td><td align=\"right\"><i class=\"fa fa-circle-o\"></i> <i class=\"fa fa-circle-o\"></i> </tr></table>\n|uhtml|bestof|<h2><strong>Game 1</strong> of <a href=\"/game-bestof3-gen9vgc2025regibo3-2354120833\">a best-of-3</a></h2>\n|t:|1746036629\n|gametype|doubles\n|player|p1|angandi01|265|1247\n|player|p2|tttsui|101|1202\n|teamsize|p1|6\n|teamsize|p2|6\n|gen|9\n|tier|[Gen 9] VGC 2025 Reg I (Bo3)\n|rated|\n|rule|Species Clause: Limit one of each Pok\u00e9mon\n|rule|Item Clause: Limit 1 of each item\n|clearpoke\n|poke|p1|Miraidon, L50|\n|poke|p1|Ho-Oh, L50|\n|poke|p1|Iron Hands, L50|\n|poke|p1|Urshifu-*, L50, M|\n|poke|p1|Ursaluna, L50, F|\n|poke|p1|Farigiraf, L50, M|\n|poke|p2|Sneasler, L50, M|\n|poke|p2|Calyrex-Shadow, L50|\n|poke|p2|Dondozo, L50, M|\n|poke|p2|Tatsugiri-Droopy, L50, M|\n|poke|p2|Chi-Yu, L50|\n|poke|p2|Miraidon, L50|\n|teampreview|4\n|showteam|p1|Miraidon||ChoiceSpecs|HadronEngine|ElectroDrift,DracoMeteor,DazzlingGleam,VoltSwitch||||||50|,,,,,Fairy]Ho-Oh||ClearAmulet|Regenerator|SacredFire,BraveBird,Tailwind,Protect||||||50|,,,,,Grass]Iron Hands||AssaultVest|QuarkDrive|FakeOut,WildCharge,DrainPunch,LowKick||||||50|,,,,,Grass]Urshifu||FocusSash|UnseenFist|WickedBlow,CloseCombat,SuckerPunch,Protect|||M|||50|,,,,,Dark]Ursaluna||FlameOrb|Guts|Facade,Earthquake,HeadlongRush,Protect|||F|||50|,,,,,Fairy]Farigiraf||ElectricSeed|ArmorTail|PsychicFangs,FoulPlay,TrickRoom,HelpingHand|||M|||50|,,,,,Water\n|showteam|p2|Sneasler||ElectricSeed|Unburden|CloseCombat,DireClaw,ToxicSpikes,FakeOut|||M|||50|,,,,,Dark]Calyrex-Shadow||LifeOrb|AsOneSpectrier|AstralBarrage,Psychic,Encore,Protect||||||50|,,,,,Dark]Dondozo||Leftovers|Unaware|Earthquake,BodyPress,OrderUp,Protect|||M|||50|,,,,,Grass]Tatsugiri-Droopy||FocusSash|Commander|DracoMeteor,MuddyWater,HelpingHand,Protect|||M|||50|,,,,,Stellar]Chi-Yu||ChoiceScarf|BeadsofRuin|Overheat,HeatWave,DarkPulse,Snarl||||||50|,,,,,Ghost]Miraidon||ChoiceSpecs|HadronEngine|ElectroDrift,DracoMeteor,DazzlingGleam,VoltSwitch||||||50|,,,,,Fairy\n|\n|t:|1746036723\n|start\n|switch|p1a: Miraidon|Miraidon, L50|100/100\n|switch|p1b: Farigiraf|Farigiraf, L50, M|100/100\n|switch|p2a: Sneasler|Sneasler, L50, M|100/100\n|switch|p2b: Miraidon|Miraidon, L50|100/100\n|-fieldstart|move: Electric Terrain|[from] ability: Hadron Engine|[of] p1a: Miraidon\n|-enditem|p2a: Sneasler|Electric Seed\n|-boost|p2a: Sneasler|def|1|[from] item: Electric Seed\n|-enditem|p1b: Farigiraf|Electric Seed\n|-boost|p1b: Farigiraf|def|1|[from] item: Electric Seed\n|-activate|p2b: Miraidon|ability: Hadron Engine\n|turn|1\n|\n|t:|1746036787\n|-terastallize|p2b: Miraidon|Fairy\n|move|p2a: Sneasler|Toxic Spikes|p1b: Farigiraf\n|-sidestart|p1: angandi01|move: Toxic Spikes\n|move|p1a: Miraidon|Volt Switch|p2a: Sneasler\n|-damage|p2a: Sneasler|0 fnt\n|faint|p2a: Sneasler\n|\n|t:|1746036804\n|switch|p1a: Ursaluna|Ursaluna, L50, F|100/100|[from] Volt Switch\n|-status|p1a: Ursaluna|psn\n|move|p2b: Miraidon|Dazzling Gleam|p1a: Ursaluna|[spread] p1a,p1b\n|-damage|p1a: Ursaluna|44/100 psn\n|-damage|p1b: Farigiraf|39/100\n|move|p1b: Farigiraf|Trick Room|p1b: Farigiraf\n|-fieldstart|move: Trick Room|[of] p1b: Farigiraf\n|\n|-damage|p1a: Ursaluna|32/100 psn|[from] psn\n|upkeep\n|\n|t:|1746036816\n|switch|p2a: Dondozo|Dondozo, L50, M|100/100\n|turn|2\n|\n|t:|1746036831\n|switch|p2b: Tatsugiri|Tatsugiri-Droopy, L50, M|100/100\n|-activate|p2b: Tatsugiri|ability: Commander|[of] p2a: Dondozo\n|-boost|p2a: Dondozo|atk|2\n|-boost|p2a: Dondozo|spa|2\n|-boost|p2a: Dondozo|spe|2\n|-boost|p2a: Dondozo|def|2\n|-boost|p2a: Dondozo|spd|2\n|move|p1b: Farigiraf|Helping Hand|p1a: Ursaluna\n|-singleturn|p1a: Ursaluna|Helping Hand|[of] p1b: Farigiraf\n|move|p1a: Ursaluna|Facade|p2a: Dondozo\n|-damage|p2a: Dondozo|49/100\n|move|p2a: Dondozo|Body Press|p1a: Ursaluna\n|-supereffective|p1a: Ursaluna\n|-damage|p1a: Ursaluna|0 fnt\n|faint|p1a: Ursaluna\n|\n|-heal|p2a: Dondozo|55/100|[from] item: Leftovers\n|upkeep\n|\n|t:|1746036852\n|switch|p1a: Urshifu|Urshifu, L50, M|100/100\n|-status|p1a: Urshifu|psn\n|turn|3\n|\n|t:|1746036875\n|-terastallize|p1a: Urshifu|Dark\n|move|p1b: Farigiraf|Helping Hand|p1a: Urshifu\n|-singleturn|p1a: Urshifu|Helping Hand|[of] p1b: Farigiraf\n|move|p1a: Urshifu|Wicked Blow|p2a: Dondozo\n|-crit|p2a: Dondozo\n|-damage|p2a: Dondozo|0 fnt\n|faint|p2a: Dondozo\n|\n|-damage|p1a: Urshifu|88/100 psn|[from] psn\n|upkeep\n|\n|t:|1746036882\n|switch|p2a: Miraidon|Miraidon, L50, tera:Fairy|100/100\n|-activate|p2a: Miraidon|ability: Hadron Engine\n|turn|4\n|\n|t:|1746036928\n|move|p2b: Tatsugiri|Protect|p2b: Tatsugiri\n|-singleturn|p2b: Tatsugiri|Protect\n|move|p1b: Farigiraf|Foul Play|p2b: Tatsugiri\n|-activate|p2b: Tatsugiri|move: Protect\n|move|p1a: Urshifu|Wicked Blow|p2b: Tatsugiri\n|-crit|p2b: Tatsugiri\n|-enditem|p2b: Tatsugiri|Focus Sash\n|-damage|p2b: Tatsugiri|1/100\n|move|p2a: Miraidon|Dazzling Gleam|p1a: Urshifu|[spread] p1a,p1b\n|-supereffective|p1a: Urshifu\n|-damage|p1a: Urshifu|0 fnt\n|-damage|p1b: Farigiraf|0 fnt\n|faint|p1a: Urshifu\n|faint|p1b: Farigiraf\n|\n|upkeep\n|\n|t:|1746036945\n|switch|p1b: Miraidon|Miraidon, L50|100/100\n|-status|p1b: Miraidon|psn\n|-activate|p1b: Miraidon|ability: Hadron Engine\n|turn|5\n|\n|t:|1746036979\n|move|p2b: Tatsugiri|Helping Hand|p2a: Miraidon\n|-singleturn|p2a: Miraidon|Helping Hand|[of] p2b: Tatsugiri\n|move|p2a: Miraidon|Dazzling Gleam|p1b: Miraidon\n|-supereffective|p1b: Miraidon\n|-damage|p1b: Miraidon|0 fnt\n|faint|p1b: Miraidon\n|\n|win|tttsui\n||tttsui is ready for game 2.\n|inactive|angandi01 has 30 seconds to confirm battle start!\n||angandi01 is ready for game 2.\n|uhtml|next|Next: <a href=\"/battle-gen9vgc2025regibo3-2354125089\"><strong>Game 2 of 3</strong></a>\n|l|\u2606tttsui\n|player|p2|\n", "uploadtime": 1746037432, "views": 8, "formatid": "gen9vgc2025regibo3", "rating": null, "private": 0, "password": null}