{"id": "gen9vgc2025regibo3-2353548174", "format": "[Gen 9] VGC 2025 Reg I (Bo3)", "players": ["wizzpoower", "HardTRIsWashed"], "log": "|j|\u2606wizzpoower\n|j|\u2606HardTRIsWashed\n|html|<table width=\"100%\"><tr><td align=\"left\">wizzpoower</td><td align=\"right\">HardTRIsWashed</tr><tr><td align=\"left\"><i class=\"fa fa-circle\"></i> <i class=\"fa fa-circle-o\"></i> </td><td align=\"right\"><i class=\"fa fa-circle-o\"></i> <i class=\"fa fa-circle\"></i> </tr></table>\n|uhtml|bestof|<h2><strong>Game 3</strong> of <a href=\"/game-bestof3-gen9vgc2025regibo3-2353540420\">a best-of-3</a></h2>\n|t:|1745966996\n|gametype|doubles\n|player|p1|wizzpoower|cheren-masters|1155\n|player|p2|HardTRIsWashed|preschooler|1211\n|teamsize|p1|6\n|teamsize|p2|6\n|gen|9\n|tier|[Gen 9] VGC 2025 Reg I (Bo3)\n|rated|\n|rule|Species Clause: Limit one of each Pok\u00e9mon\n|rule|Item Clause: Limit 1 of each item\n|clearpoke\n|poke|p1|Miraidon, L50|\n|poke|p1|Urshifu-*, L50, F|\n|poke|p1|Iron Hands, L50|\n|poke|p1|Iron Treads, L50|\n|poke|p1|Farigiraf, L50, M|\n|poke|p1|Ho-Oh, L50|\n|poke|p2|Calyrex-Shadow, L50|\n|poke|p2|Terapagos, L50, M|\n|poke|p2|Incineroar, L50, F|\n|poke|p2|Rillaboom, L50, F|\n|poke|p2|Amoonguss, L50, F|\n|poke|p2|Urshifu-*, L50, F|\n|teampreview|4\n|showteam|p1|Miraidon||ChoiceSpecs|HadronEngine|ElectroDrift,VoltSwitch,DracoMeteor,DazzlingGleam||||||50|,,,,,Fairy]Urshifu||FocusSash|UnseenFist|WickedBlow,SuckerPunch,CloseCombat,Detect|||F|||50|,,,,,Dark]Iron Hands||AssaultVest|QuarkDrive|DrainPunch,LowKick,HeavySlam,FakeOut||||||50|,,,,,Poison]Iron Treads||ChoiceBand|QuarkDrive|HighHorsepower,IronHead,SteelRoller,RockSlide||||||50|,,,,,Ghost]Farigiraf||ElectricSeed|ArmorTail|Psychic,Roar,TrickRoom,HelpingHand|||M|||50|,,,,,Water]Ho-Oh||ClearAmulet|Regenerator|BraveBird,SacredFire,Protect,Tailwind||||||50|,,,,,Grass\n|showteam|p2|Calyrex-Shadow||FocusSash|AsOneSpectrier|AstralBarrage,WillOWisp,Disable,Protect||||||50|,,,,,Ghost]Terapagos||Leftovers|TeraShift|TeraStarstorm,EarthPower,CalmMind,Protect|||M|||50|,,,,,Stellar]Incineroar||SafetyGoggles|Intimidate|WillOWisp,KnockOff,FakeOut,PartingShot|||F|||50|,,,,,Bug]Rillaboom||AssaultVest|GrassySurge|FakeOut,WoodHammer,Uturn,GrassyGlide|||F|||50|,,,,,Grass]Amoonguss||RockyHelmet|Regenerator|Protect,Spore,RagePowder,SludgeBomb|||F|||50|,,,,,Water]Urshifu-Rapid-Strike||ChoiceScarf|UnseenFist|RockTomb,SurgingStrikes,Uturn,CloseCombat|||F|||50|,,,,,Water\n|j| Yarin65\n|j| Hydrion\n|inactive|Battle timer is ON: inactive players will automatically lose when time's up. (requested by HardTRIsWashed)\n|inactive|wizzpoower has 60 seconds left.\n|inactive|wizzpoower has 30 seconds left.\n|\n|t:|1745967112\n|start\n|switch|p1a: megabeast:3|Miraidon, L50|100/100\n|switch|p1b: mythicdreamr|Farigiraf, L50, M, shiny|100/100\n|switch|p2a: Terapagos|Terapagos, L50, M|100/100\n|switch|p2b: Incineroar|Incineroar, L50, F|100/100\n|-activate|p2a: Terapagos|ability: Tera Shift\n|detailschange|p2a: Terapagos|Terapagos-Terastal, L50, M\n|-heal|p2a: Terapagos|100/100|[silent]\n|-fieldstart|move: Electric Terrain|[from] ability: Hadron Engine|[of] p1a: megabeast:3\n|-enditem|p1b: mythicdreamr|Electric Seed\n|-boost|p1b: mythicdreamr|def|1|[from] item: Electric Seed\n|-ability|p2b: Incineroar|Intimidate|boost\n|-unboost|p1a: megabeast:3|atk|1\n|-unboost|p1b: mythicdreamr|atk|1\n|turn|1\n|inactive|HardTRIsWashed has 30 seconds left.\n|\n|t:|1745967143\n|switch|p2b: Rillaboom|Rillaboom, L50, F|100/100\n|-fieldstart|move: Grassy Terrain|[from] ability: Grassy Surge|[of] p2b: Rillaboom\n|move|p1b: mythicdreamr|Helping Hand|p1a: megabeast:3\n|-singleturn|p1a: megabeast:3|Helping Hand|[of] p1b: mythicdreamr\n|move|p1a: megabeast:3|Volt Switch|p2b: Rillaboom\n|-resisted|p2b: Rillaboom\n|-damage|p2b: Rillaboom|72/100\n|\n|t:|1745967149\n|switch|p1a: partypirate|Iron Hands, L50|100/100|[from] Volt Switch\n|move|p2a: Terapagos|Calm Mind|p2a: Terapagos\n|-boost|p2a: Terapagos|spa|1\n|-boost|p2a: Terapagos|spd|1\n|\n|-heal|p2b: Rillaboom|78/100|[from] Grassy Terrain\n|upkeep\n|turn|2\n|\n|t:|1745967167\n|move|p2a: Terapagos|Protect|p2a: Terapagos\n|-singleturn|p2a: Terapagos|Protect\n|move|p1a: partypirate|Fake Out|p2a: Terapagos\n|-activate|p2a: Terapagos|move: Protect\n|move|p2b: Rillaboom|U-turn|p1b: mythicdreamr\n|-supereffective|p1b: mythicdreamr\n|-damage|p1b: mythicdreamr|80/100\n|\n|t:|1745967180\n|switch|p2b: Incineroar|Incineroar, L50, F|100/100|[from] U-turn\n|-ability|p2b: Incineroar|Intimidate|boost\n|-unboost|p1a: partypirate|atk|1\n|-unboost|p1b: mythicdreamr|atk|1\n|move|p1b: mythicdreamr|Roar|p2a: Terapagos\n|drag|p2a: Rillaboom|Rillaboom, L50, F|78/100\n|\n|-heal|p2a: Rillaboom|84/100|[from] Grassy Terrain\n|-heal|p1b: mythicdreamr|86/100|[from] Grassy Terrain\n|upkeep\n|turn|3\n|inactive|wizzpoower has 30 seconds left.\n|inactive|HardTRIsWashed has 30 seconds left.\n|inactive|wizzpoower has 20 seconds left.\n|inactive|HardTRIsWashed has 20 seconds left.\n|inactive|wizzpoower has 15 seconds left.\n|inactive|HardTRIsWashed has 15 seconds left.\n|inactive|wizzpoower has 10 seconds left.\n|inactive|HardTRIsWashed has 10 seconds left.\n|inactive|wizzpoower has 5 seconds left.\n|\n|t:|1745967234\n|-end|p1a: partypirate|Quark Drive|[silent]\n|switch|p1a: megabeast:3|Miraidon, L50|100/100\n|-fieldstart|move: Electric Terrain|[from] ability: Hadron Engine|[of] p1a: megabeast:3\n|move|p2a: Rillaboom|U-turn|p1b: mythicdreamr\n|-supereffective|p1b: mythicdreamr\n|-damage|p1b: mythicdreamr|66/100\n|\n|t:|1745967241\n|switch|p2a: Terapagos|Terapagos-Terastal, L50, M|100/100|[from] U-turn\n|move|p2b: Incineroar|Parting Shot|p1a: megabeast:3\n|-unboost|p1a: megabeast:3|atk|1\n|-unboost|p1a: megabeast:3|spa|1\n|\n|t:|1745967248\n|switch|p2b: Rillaboom|Rillaboom, L50, F|84/100|[from] Parting Shot\n|-fieldstart|move: Grassy Terrain|[from] ability: Grassy Surge|[of] p2b: Rillaboom\n|move|p1b: mythicdreamr|Psychic|p2a: Terapagos\n|-activate|p2a: Terapagos|ability: Tera Shell\n|-resisted|p2a: Terapagos\n|-damage|p2a: Terapagos|86/100\n|\n|-heal|p2a: Terapagos|92/100|[from] Grassy Terrain\n|-heal|p2a: Terapagos|98/100|[from] item: Leftovers\n|-heal|p2b: Rillaboom|89/100|[from] Grassy Terrain\n|-heal|p1b: mythicdreamr|72/100|[from] Grassy Terrain\n|upkeep\n|turn|4\n|inactive|wizzpoower has 30 seconds left.\n|inactive|HardTRIsWashed has 30 seconds left.\n|\n|t:|1745967278\n|move|p2a: Terapagos|Protect|p2a: Terapagos\n|-singleturn|p2a: Terapagos|Protect\n|move|p1a: megabeast:3|Volt Switch|p2a: Terapagos\n|-activate|p2a: Terapagos|move: Protect\n|move|p2b: Rillaboom|Wood Hammer|p1b: mythicdreamr\n|-damage|p1b: mythicdreamr|36/100\n|-damage|p2b: Rillaboom|76/100|[from] Recoil\n|move|p1b: mythicdreamr|Psychic|p2b: Rillaboom\n|-damage|p2b: Rillaboom|55/100\n|\n|-heal|p2a: Terapagos|100/100|[from] Grassy Terrain\n|-heal|p2b: Rillaboom|60/100|[from] Grassy Terrain\n|-heal|p1b: mythicdreamr|42/100|[from] Grassy Terrain\n|upkeep\n|turn|5\n|inactive|HardTRIsWashed has 30 seconds left.\n|inactive|HardTRIsWashed has 20 seconds left.\n|\n|t:|1745967315\n|move|p1b: mythicdreamr|Helping Hand|p1a: megabeast:3\n|-singleturn|p1a: megabeast:3|Helping Hand|[of] p1b: mythicdreamr\n|move|p1a: megabeast:3|Volt Switch|p2a: Terapagos\n|-activate|p2a: Terapagos|ability: Tera Shell\n|-resisted|p2a: Terapagos\n|-damage|p2a: Terapagos|77/100\n|\n|t:|1745967322\n|switch|p1a: radicalqueen|Urshifu, L50, F|100/100|[from] Volt Switch\n|move|p2a: Terapagos|Tera Starstorm|p1b: mythicdreamr\n|-damage|p1b: mythicdreamr|0 fnt\n|faint|p1b: mythicdreamr\n|move|p2b: Rillaboom|U-turn|p1a: radicalqueen\n|-damage|p1a: radicalqueen|81/100\n|inactive|HardTRIsWashed has 30 seconds left.\n|\n|t:|1745967349\n|switch|p2b: Incineroar|Incineroar, L50, F|100/100|[from] U-turn\n|-ability|p2b: Incineroar|Intimidate|boost\n|-unboost|p1a: radicalqueen|atk|1\n|\n|-heal|p1a: radicalqueen|87/100|[from] Grassy Terrain\n|-heal|p2a: Terapagos|83/100|[from] Grassy Terrain\n|-heal|p2a: Terapagos|89/100|[from] item: Leftovers\n|upkeep\n|\n|t:|1745967356\n|switch|p1b: megabeast:3|Miraidon, L50|100/100\n|-fieldstart|move: Electric Terrain|[from] ability: Hadron Engine|[of] p1b: megabeast:3\n|turn|6\n|inactive|HardTRIsWashed has 30 seconds left.\n|inactive|HardTRIsWashed has 20 seconds left.\n|inactive|HardTRIsWashed has 15 seconds left.\n|\n|t:|1745967398\n|-terastallize|p1a: radicalqueen|Dark\n|-terastallize|p2a: Terapagos|Stellar\n|detailschange|p2a: Terapagos|Terapagos-Stellar, L50, M, tera:Stellar\n|-heal|p2a: Terapagos|92/100|[silent]\n|-ability|p2a: Terapagos|Teraform Zero\n|-fieldend|move: Electric Terrain\n|move|p2b: Incineroar|Fake Out|p1a: radicalqueen\n|-damage|p1a: radicalqueen|77/100\n|move|p1b: megabeast:3|Volt Switch|p2a: Terapagos\n|-damage|p2a: Terapagos|58/100\n|-message|wizzpoower forfeited.\n|\n|win|HardTRIsWashed\n|raw|wizzpoower's rating: 1155 &rarr; <strong>1134</strong><br />(-21 for losing)\n|raw|HardTRIsWashed's rating: 1211 &rarr; <strong>1232</strong><br />(+21 for winning)\n", "uploadtime": 1745967451, "views": 14, "formatid": "gen9vgc2025regibo3", "rating": 1134, "private": 0, "password": null}