{"id": "gen9vgc2025regibo3-2354610295", "format": "[Gen 9] VGC 2025 Reg I (Bo3)", "players": ["teriyaki malarky", "HeZaR"], "log": "|j|\u2606teriyaki malarky\n|j|\u2606HeZaR\n|html|<table width=\"100%\"><tr><td align=\"left\">teriyaki malarky</td><td align=\"right\">HeZaR</tr><tr><td align=\"left\"><i class=\"fa fa-circle\"></i> <i class=\"fa fa-circle-o\"></i> </td><td align=\"right\"><i class=\"fa fa-circle-o\"></i> <i class=\"fa fa-circle\"></i> </tr></table>\n|uhtml|bestof|<h2><strong>Game 3</strong> of <a href=\"/game-bestof3-gen9vgc2025regibo3-2354606805\">a best-of-3</a></h2>\n|t:|1746102486\n|gametype|doubles\n|player|p1|teriyaki malarky|169|1132\n|player|p2|HeZaR|harlequin|1104\n|teamsize|p1|6\n|teamsize|p2|6\n|gen|9\n|tier|[Gen 9] VGC 2025 Reg I (Bo3)\n|rated|\n|rule|Species Clause: Limit one of each Pok\u00e9mon\n|rule|Item Clause: Limit 1 of each item\n|clearpoke\n|poke|p1|Groudon, L50|\n|poke|p1|Miraidon, L50|\n|poke|p1|Iron Hands, L50|\n|poke|p1|Whimsicott, L50, M|\n|poke|p1|Chi-Yu, L50|\n|poke|p1|Farigiraf, L50, M|\n|poke|p2|Koraidon, L50|\n|poke|p2|Armarouge, L50, F|\n|poke|p2|Indeedee-F, L50, F|\n|poke|p2|Torkoal, L50, F|\n|poke|p2|Calyrex-Ice, L50|\n|poke|p2|Brute Bonnet, L50|\n|teampreview|4\n|showteam|p1|Groudon||ClearAmulet|Drought|PrecipiceBlades,FirePunch,BulkUp,Protect||||||50|,,,,,Fire]Miraidon||ChoiceSpecs|HadronEngine|ElectroDrift,DazzlingGleam,VoltSwitch,DracoMeteor||||||50|,,,,,Fairy]Iron Hands||AssaultVest|QuarkDrive|LowKick,HeavySlam,WildCharge,FakeOut||||||50|,,,,,Grass]Whimsicott||FocusSash|Prankster|Moonblast,Tailwind,Encore,LightScreen|||M|||50|,,,,,Ghost]Chi-Yu||ChoiceScarf|BeadsofRuin|Overheat,HeatWave,DarkPulse,Snarl||||||50|,,,,,Ghost]Farigiraf||ElectricSeed|ArmorTail|FoulPlay,HelpingHand,TrickRoom,Psychic|||M|||50|,,,,,Fairy\n|showteam|p2|Koraidon||ChoiceScarf|OrichalcumPulse|CollisionCourse,FlareBlitz,Uturn||||||50|,,,,,Fire]Armarouge||WeaknessPolicy|WeakArmor|ExpandingForce,HeatWave,EnergyBall,Endure|||F|||50|,,,,,Grass]Indeedee-F||RockyHelmet|PsychicSurge|FollowMe,TrickRoom,HelpingHand,Psychic|||F|||50|,,,,,Grass]Torkoal|||Drought|Eruption,WeatherBall|||F|||50|,,,,,Fire]Calyrex-Ice||ClearAmulet|AsOneGlastrier|GlacialLance,HighHorsepower,TrickRoom,Protect||||||50|,,,,,Normal]Brute Bonnet||SitrusBerry|Protosynthesis|Spore,RagePowder,SeedBomb,SuckerPunch||||||50|,,,,,Fire\n|inactive|Battle timer is ON: inactive players will automatically lose when time's up. (requested by HeZaR)\n|inactive|teriyaki malarky has 60 seconds left.\n|\n|t:|1746102533\n|start\n|switch|p1a: Whimsicott|Whimsicott, L50, M|100/100\n|switch|p1b: Chi-Yu|Chi-Yu, L50|100/100\n|switch|p2a: Koraidon|Koraidon, L50|100/100\n|switch|p2b: Armarouge|Armarouge, L50, F|100/100\n|-weather|SunnyDay|[from] ability: Orichalcum Pulse|[of] p2a: Koraidon\n|-activate|p2a: Koraidon|Orichalcum Pulse|[source]\n|-ability|p1b: Chi-Yu|Beads of Ruin\n|turn|1\n|inactive|teriyaki malarky has 30 seconds left.\n|inactive|HeZaR has 30 seconds left.\n|inactive|teriyaki malarky has 20 seconds left.\n|inactive|teriyaki malarky has 15 seconds left.\n|inactive|teriyaki malarky has 10 seconds left.\n|\n|t:|1746102579\n|switch|p2b: Indeedee|Indeedee-F, L50, F|100/100\n|-fieldstart|move: Psychic Terrain|[from] ability: Psychic Surge|[of] p2b: Indeedee\n|-terastallize|p1b: Chi-Yu|Ghost\n|move|p1a: Whimsicott|Tailwind|p1a: Whimsicott\n|-sidestart|p1: teriyaki malarky|move: Tailwind\n|move|p1b: Chi-Yu|Heat Wave|p2a: Koraidon|[spread] p2a,p2b\n|-resisted|p2a: Koraidon\n|-damage|p2a: Koraidon|63/100\n|-damage|p2b: Indeedee|3/100\n|-status|p2a: Koraidon|brn\n|move|p2a: Koraidon|Collision Course|p1b: Chi-Yu\n|-immune|p1b: Chi-Yu\n|\n|-weather|SunnyDay|[upkeep]\n|-damage|p2a: Koraidon|57/100 brn|[from] brn\n|upkeep\n|turn|2\n|inactive|teriyaki malarky has 30 seconds left.\n|\n|t:|1746102606\n|move|p1b: Chi-Yu|Heat Wave|p2b: Indeedee|[spread] p2a\n|-miss|p1b: Chi-Yu|p2b: Indeedee\n|-resisted|p2a: Koraidon\n|-damage|p2a: Koraidon|18/100 brn\n|move|p1a: Whimsicott|Moonblast|p2a: Koraidon\n|-supereffective|p2a: Koraidon\n|-damage|p2a: Koraidon|0 fnt\n|faint|p2a: Koraidon\n|move|p2b: Indeedee|Trick Room|p2b: Indeedee\n|-fieldstart|move: Trick Room|[of] p2b: Indeedee\n|\n|-weather|SunnyDay|[upkeep]\n|upkeep\n|\n|t:|1746102625\n|switch|p2a: Brute Bonnet|Brute Bonnet, L50|100/100\n|-activate|p2a: Brute Bonnet|ability: Protosynthesis\n|-start|p2a: Brute Bonnet|protosynthesisatk\n|turn|3\n|inactive|teriyaki malarky has 30 seconds left.\n|inactive|teriyaki malarky has 20 seconds left.\n|\n|t:|1746102662\n|switch|p2b: Armarouge|Armarouge, L50, F|100/100\n|switch|p1b: Iron Hands|Iron Hands, L50|100/100\n|-terastallize|p2a: Brute Bonnet|Fire\n|move|p2a: Brute Bonnet|Seed Bomb|p1b: Iron Hands\n|-damage|p1b: Iron Hands|65/100\n|move|p1a: Whimsicott|Moonblast|p2a: Brute Bonnet\n|-resisted|p2a: Brute Bonnet\n|-damage|p2a: Brute Bonnet|87/100\n|-unboost|p2a: Brute Bonnet|spa|1\n|\n|-weather|SunnyDay|[upkeep]\n|upkeep\n|turn|4\n|inactive|teriyaki malarky has 30 seconds left.\n|inactive|HeZaR has 30 seconds left.\n|inactive|teriyaki malarky has 20 seconds left.\n|\n|t:|1746102702\n|move|p1a: Whimsicott|Light Screen|p1a: Whimsicott\n|-sidestart|p1: teriyaki malarky|move: Light Screen\n|move|p2a: Brute Bonnet|Spore|p1b: Iron Hands\n|-status|p1b: Iron Hands|slp|[from] move: Spore\n|move|p2b: Armarouge|Heat Wave|p1a: Whimsicott|[spread] p1a,p1b\n|-supereffective|p1a: Whimsicott\n|-enditem|p1a: Whimsicott|Focus Sash\n|-damage|p1a: Whimsicott|1/100\n|-damage|p1b: Iron Hands|43/100 slp\n|cant|p1b: Iron Hands|slp\n|\n|-weather|SunnyDay|[upkeep]\n|-sideend|p1: teriyaki malarky|move: Tailwind\n|upkeep\n|turn|5\n|inactive|teriyaki malarky has 30 seconds left.\n|inactive|teriyaki malarky has 20 seconds left.\n|inactive|teriyaki malarky has 15 seconds left.\n|inactive|teriyaki malarky has 10 seconds left.\n|\n|t:|1746102748\n|move|p2a: Brute Bonnet|Seed Bomb|p1a: Whimsicott\n|-resisted|p1a: Whimsicott\n|-damage|p1a: Whimsicott|0 fnt\n|faint|p1a: Whimsicott\n|cant|p1b: Iron Hands|slp\n|move|p2b: Armarouge|Expanding Force|p1b: Iron Hands\n|-supereffective|p1b: Iron Hands\n|-damage|p1b: Iron Hands|0 fnt\n|faint|p1b: Iron Hands\n|-end|p1b: Iron Hands|Quark Drive|[silent]\n|\n|-weather|none\n|-end|p2a: Brute Bonnet|Protosynthesis\n|-fieldend|move: Psychic Terrain\n|upkeep\n|\n|t:|1746102752\n|switch|p1b: Miraidon|Miraidon, L50|100/100\n|switch|p1a: Chi-Yu|Chi-Yu, L50, tera:Ghost|100/100\n|-fieldstart|move: Electric Terrain|[from] ability: Hadron Engine|[of] p1b: Miraidon\n|-ability|p1a: Chi-Yu|Beads of Ruin\n|turn|6\n|inactive|teriyaki malarky has 30 seconds left.\n|inactive|HeZaR has 30 seconds left.\n|inactive|teriyaki malarky has 20 seconds left.\n|inactive|HeZaR has 20 seconds left.\n|\n|t:|1746102790\n|move|p2a: Brute Bonnet|Sucker Punch|p1a: Chi-Yu\n|-supereffective|p1a: Chi-Yu\n|-damage|p1a: Chi-Yu|0 fnt\n|faint|p1a: Chi-Yu\n|move|p2b: Armarouge|Heat Wave|p1b: Miraidon\n|-resisted|p1b: Miraidon\n|-damage|p1b: Miraidon|86/100\n|move|p1b: Miraidon|Electro Drift|p2a: Brute Bonnet\n|-damage|p2a: Brute Bonnet|0 fnt\n|faint|p2a: Brute Bonnet\n|-end|p2a: Brute Bonnet|Protosynthesis|[silent]\n|\n|-fieldend|move: Trick Room\n|upkeep\n|\n|t:|1746102800\n|switch|p2a: Indeedee|Indeedee-F, L50, F|3/100\n|-fieldstart|move: Psychic Terrain|[from] ability: Psychic Surge|[of] p2a: Indeedee\n|turn|7\n|\n|t:|1746102807\n|move|p2a: Indeedee|Follow Me|p2a: Indeedee\n|-singleturn|p2a: Indeedee|move: Follow Me\n|move|p1b: Miraidon|Electro Drift|p2a: Indeedee\n|-damage|p2a: Indeedee|0 fnt\n|-damage|p1b: Miraidon|69/100|[from] item: Rocky Helmet|[of] p2a: Indeedee\n|faint|p2a: Indeedee\n|move|p2b: Armarouge|Expanding Force|p1b: Miraidon\n|-damage|p1b: Miraidon|14/100\n|\n|upkeep\n|turn|8\n|\n|t:|1746102821\n|move|p1b: Miraidon|Electro Drift|p2b: Armarouge\n|-damage|p2b: Armarouge|1/100\n|move|p2b: Armarouge|Expanding Force|p1b: Miraidon\n|-damage|p1b: Miraidon|0 fnt\n|faint|p1b: Miraidon\n|\n|win|HeZaR\n|raw|teriyaki malarky's rating: 1132 &rarr; <strong>1105</strong><br />(-27 for losing)\n|raw|HeZaR's rating: 1104 &rarr; <strong>1131</strong><br />(+27 for winning)\n|c|\u2606teriyaki malarky|man\n|c|\u2606HeZaR|crazy\n|c|\u2606HeZaR|cool games\n|c|\u2606HeZaR|gg\n|l|\u2606teriyaki malarky\n|player|p1|\n", "uploadtime": 1746102859, "views": 14, "formatid": "gen9vgc2025regibo3", "rating": 1105, "private": 0, "password": null}