{"id": "gen9vgc2025regibo3-2353952284", "format": "[Gen 9] VGC 2025 Reg I (Bo3)", "players": ["200dollarteam", "femapu"], "log": "|j|\u2606200dollarteam\n|j|\u2606femapu\n|html|<table width=\"100%\"><tr><td align=\"left\">200dollarteam</td><td align=\"right\">femapu</tr><tr><td align=\"left\"><i class=\"fa fa-circle-o\"></i> <i class=\"fa fa-circle-o\"></i> </td><td align=\"right\"><i class=\"fa fa-circle-o\"></i> <i class=\"fa fa-circle\"></i> </tr></table>\n|uhtml|bestof|<h2><strong>Game 2</strong> of <a href=\"/game-bestof3-gen9vgc2025regibo3-2353948513\">a best-of-3</a></h2>\n|t:|1746022085\n|gametype|doubles\n|player|p1|200dollarteam|shauntal|1385\n|player|p2|femapu|crasherwake|1320\n|teamsize|p1|6\n|teamsize|p2|6\n|gen|9\n|tier|[Gen 9] VGC 2025 Reg I (Bo3)\n|rated|\n|rule|Species Clause: Limit one of each Pok\u00e9mon\n|rule|Item Clause: Limit 1 of each item\n|clearpoke\n|poke|p1|Zamazenta-*, L50|\n|poke|p1|Miraidon, L50|\n|poke|p1|Farigiraf, L50, M|\n|poke|p1|Iron Bundle, L50|\n|poke|p1|Incineroar, L50, M|\n|poke|p1|Ursaluna, L50, F|\n|poke|p2|Calyrex-Shadow, L50|\n|poke|p2|Koraidon, L50|\n|poke|p2|Chi-Yu, L50|\n|poke|p2|Weezing-Galar, L50, M|\n|poke|p2|Dondozo, L50, M|\n|poke|p2|Tatsugiri-Droopy, L50, M|\n|teampreview|4\n|showteam|p1|Zamazenta-Crowned||RustedShield|DauntlessShield|BodyPress,HeavySlam,WideGuard,Protect||||||50|,,,,,Dragon]Miraidon||ChoiceSpecs|HadronEngine|ElectroDrift,DracoMeteor,VoltSwitch,DazzlingGleam||||||50|,,,,,Fairy]Farigiraf||ElectricSeed|ArmorTail|Psychic,FoulPlay,HelpingHand,TrickRoom|||M|||50|,,,,,Water]Iron Bundle||FocusSash|QuarkDrive|IcyWind,FreezeDry,Encore,Protect||||||50|,,,,,Ghost]Incineroar||AssaultVest|Intimidate|KnockOff,FlareBlitz,Uturn,FakeOut|||M|||50|,,,,,Bug]Ursaluna||FlameOrb|Guts|Facade,HeadlongRush,Substitute,Protect|||F|||50|,,,,,Poison\n|showteam|p2|Calyrex-Shadow||LifeOrb|AsOneSpectrier|AstralBarrage,Psychic,Encore,Protect||||||50|,,,,,Dark]Koraidon||AbilityShield|OrichalcumPulse|CollisionCourse,FlameCharge,FlareBlitz,Protect||||||50|,,,,,Fire]Chi-Yu||ChoiceScarf|BeadsofRuin|Overheat,HeatWave,Snarl,DarkPulse||||||50|,,,,,Ghost]Weezing-Galar||SitrusBerry|NeutralizingGas|StrangeSteam,PoisonGas,Protect,ToxicSpikes|||M|||50|,,,,,Water]Dondozo||Leftovers|Unaware|Earthquake,BodyPress,OrderUp,Protect|||M|||50|,,,,,Grass]Tatsugiri-Droopy||FocusSash|Commander|DracoMeteor,MuddyWater,HelpingHand,Protect|||M|||50|,,,,,Stellar\n|inactive|Battle timer is ON: inactive players will automatically lose when time's up. (requested by 200dollarteam)\n|inactive|200dollarteam has 60 seconds left.\n|inactive|200dollarteam has 30 seconds left.\n|inactive|200dollarteam has 20 seconds left.\n|inactive|200dollarteam has 15 seconds left.\n|inactive|200dollarteam has 10 seconds left.\n|\n|t:|1746022168\n|start\n|switch|p1a: Iron Bundle|Iron Bundle, L50|100/100\n|switch|p1b: Farigiraf|Farigiraf, L50, M|100/100\n|switch|p2a: Sir. Weezing|Weezing-Galar, L50, M, shiny|100/100\n|switch|p2b: As One Button|Calyrex-Shadow, L50|100/100\n|-ability|p2a: Sir. Weezing|Neutralizing Gas\n|-ability|p2b: As One Button|As One\n|-ability|p2b: As One Button|Unnerve\n|turn|1\n|\n|t:|1746022190\n|move|p2b: As One Button|Psychic|p1a: Iron Bundle\n|-enditem|p1a: Iron Bundle|Focus Sash\n|-damage|p1a: Iron Bundle|1/100\n|-damage|p2b: As One Button|91/100|[from] item: Life Orb\n|move|p1a: Iron Bundle|Icy Wind|p2a: Sir. Weezing|[spread] p2a,p2b\n|-damage|p2a: Sir. Weezing|77/100\n|-damage|p2b: As One Button|70/100\n|-unboost|p2a: Sir. Weezing|spe|1\n|-unboost|p2b: As One Button|spe|1\n|move|p1b: Farigiraf|Psychic|p2a: Sir. Weezing\n|-supereffective|p2a: Sir. Weezing\n|-damage|p2a: Sir. Weezing|11/100\n|-enditem|p2a: Sir. Weezing|Sitrus Berry|[eat]\n|-heal|p2a: Sir. Weezing|36/100|[from] item: Sitrus Berry\n|move|p2a: Sir. Weezing|Poison Gas|p1b: Farigiraf|[spread] p1b\n|-miss|p2a: Sir. Weezing|p1a: Iron Bundle\n|-status|p1b: Farigiraf|psn\n|\n|-damage|p1b: Farigiraf|88/100 psn|[from] psn\n|upkeep\n|turn|2\n|inactive|200dollarteam has 30 seconds left.\n|inactive|femapu has 30 seconds left.\n|inactive|femapu has 20 seconds left.\n|inactive|femapu has 15 seconds left.\n|inactive|femapu has 10 seconds left.\n|inactive|femapu has 5 seconds left.\n|\n|t:|1746022242\n|switch|p2b: Tatsu|Tatsugiri-Droopy, L50, M, shiny|100/100\n|-end|p2a: Sir. Weezing|ability: Neutralizing Gas\n|switch|p2a: Have u Prepped?|Dondozo, L50, M|100/100\n|-activate|p2b: Tatsu|ability: Commander|[of] p2a: Have u Prepped?\n|-boost|p2a: Have u Prepped?|atk|2\n|-boost|p2a: Have u Prepped?|spa|2\n|-boost|p2a: Have u Prepped?|spe|2\n|-boost|p2a: Have u Prepped?|def|2\n|-boost|p2a: Have u Prepped?|spd|2\n|move|p1a: Iron Bundle|Freeze-Dry|p2a: Have u Prepped?\n|-supereffective|p2a: Have u Prepped?\n|-damage|p2a: Have u Prepped?|69/100\n|move|p1b: Farigiraf|Foul Play|p2b: Tatsu|[miss]\n|-miss|p1b: Farigiraf|p2b: Tatsu\n|\n|-heal|p2a: Have u Prepped?|75/100|[from] item: Leftovers\n|-damage|p1b: Farigiraf|75/100 psn|[from] psn\n|upkeep\n|turn|3\n|inactive|femapu has 30 seconds left.\n|\n|t:|1746022271\n|move|p1b: Farigiraf|Helping Hand|p1a: Iron Bundle\n|-singleturn|p1a: Iron Bundle|Helping Hand|[of] p1b: Farigiraf\n|move|p1a: Iron Bundle|Freeze-Dry|p2a: Have u Prepped?\n|-supereffective|p2a: Have u Prepped?\n|-damage|p2a: Have u Prepped?|31/100\n|move|p2a: Have u Prepped?|Earthquake|p1a: Iron Bundle|[spread] p1a,p1b\n|-miss|p2a: Have u Prepped?|p2b: Tatsu\n|-damage|p1a: Iron Bundle|0 fnt\n|-damage|p1b: Farigiraf|47/100 psn\n|faint|p1a: Iron Bundle\n|-end|p1a: Iron Bundle|Quark Drive|[silent]\n|\n|-heal|p2a: Have u Prepped?|37/100|[from] item: Leftovers\n|-damage|p1b: Farigiraf|34/100 psn|[from] psn\n|upkeep\n|\n|t:|1746022282\n|switch|p1a: Miraidon|Miraidon, L50|100/100\n|-fieldstart|move: Electric Terrain|[from] ability: Hadron Engine|[of] p1a: Miraidon\n|-enditem|p1b: Farigiraf|Electric Seed\n|-boost|p1b: Farigiraf|def|1|[from] item: Electric Seed\n|turn|4\n|\n|t:|1746022296\n|-terastallize|p1a: Miraidon|Fairy\n|move|p1b: Farigiraf|Helping Hand|p1a: Miraidon\n|-singleturn|p1a: Miraidon|Helping Hand|[of] p1b: Farigiraf\n|move|p2a: Have u Prepped?|Protect|p2a: Have u Prepped?\n|-singleturn|p2a: Have u Prepped?|Protect\n|move|p1a: Miraidon|Dazzling Gleam|p2a: Have u Prepped?|[spread] \n|-miss|p1a: Miraidon|p2b: Tatsu\n|-activate|p2a: Have u Prepped?|move: Protect\n|\n|-heal|p2a: Have u Prepped?|43/100|[from] item: Leftovers\n|-damage|p1b: Farigiraf|22/100 psn|[from] psn\n|upkeep\n|turn|5\n|inactive|femapu has 30 seconds left.\n|inactive|femapu has 20 seconds left.\n|inactive|femapu has 15 seconds left.\n|\n|t:|1746022338\n|move|p1b: Farigiraf|Helping Hand|p1a: Miraidon\n|-singleturn|p1a: Miraidon|Helping Hand|[of] p1b: Farigiraf\n|move|p1a: Miraidon|Dazzling Gleam|p2b: Tatsu|[spread] p2a\n|-miss|p1a: Miraidon|p2b: Tatsu\n|-damage|p2a: Have u Prepped?|6/100\n|move|p2a: Have u Prepped?|Earthquake|p1a: Miraidon|[spread] p1a,p1b\n|-miss|p2a: Have u Prepped?|p2b: Tatsu\n|-damage|p1a: Miraidon|66/100\n|-damage|p1b: Farigiraf|0 fnt\n|faint|p1b: Farigiraf\n|\n|-heal|p2a: Have u Prepped?|12/100|[from] item: Leftovers\n|upkeep\n|\n|t:|1746022345\n|switch|p1b: Ursaluna|Ursaluna, L50, F|100/100\n|turn|6\n|inactive|femapu has 30 seconds left.\n|inactive|200dollarteam has 30 seconds left.\n|\n|t:|1746022378\n|move|p2a: Have u Prepped?|Protect|p2a: Have u Prepped?\n|-singleturn|p2a: Have u Prepped?|Protect\n|move|p1a: Miraidon|Dazzling Gleam|p2a: Have u Prepped?|[spread] \n|-miss|p1a: Miraidon|p2b: Tatsu\n|-activate|p2a: Have u Prepped?|move: Protect\n|move|p1b: Ursaluna|Substitute|p1b: Ursaluna\n|-start|p1b: Ursaluna|Substitute\n|-damage|p1b: Ursaluna|76/100\n|\n|-heal|p2a: Have u Prepped?|18/100|[from] item: Leftovers\n|-status|p1b: Ursaluna|brn|[from] item: Flame Orb\n|upkeep\n|turn|7\n|inactive|femapu has 30 seconds left.\n|inactive|femapu has 20 seconds left.\n|inactive|femapu has 15 seconds left.\n|inactive|femapu has 10 seconds left.\n|\n|t:|1746022424\n|move|p1a: Miraidon|Dazzling Gleam|p2a: Have u Prepped?|[spread] p2a\n|-miss|p1a: Miraidon|p2b: Tatsu\n|-damage|p2a: Have u Prepped?|0 fnt\n|faint|p2a: Have u Prepped?\n|move|p1b: Ursaluna|Facade|p2b: Tatsu\n|-enditem|p2b: Tatsu|Focus Sash\n|-damage|p2b: Tatsu|1/100\n|\n|-damage|p1b: Ursaluna|70/100 brn|[from] brn\n|upkeep\n|\n|t:|1746022431\n|switch|p2a: As One Button|Calyrex-Shadow, L50|70/100\n|-ability|p2a: As One Button|As One\n|-ability|p2a: As One Button|Unnerve\n|turn|8\n|inactive|200dollarteam has 30 seconds left.\n|inactive|200dollarteam has 20 seconds left.\n|inactive|200dollarteam has 15 seconds left.\n|\n|t:|1746022474\n|move|p2b: Tatsu|Helping Hand|p2a: As One Button\n|-singleturn|p2a: As One Button|Helping Hand|[of] p2b: Tatsu\n|move|p2a: As One Button|Astral Barrage|p1b: Ursaluna|[spread] p1a\n|-immune|p1b: Ursaluna\n|-damage|p1a: Miraidon|0 fnt\n|faint|p1a: Miraidon\n|-ability|p2a: As One Button|Grim Neigh|boost\n|-boost|p2a: As One Button|spa|1\n|-damage|p2a: As One Button|61/100|[from] item: Life Orb\n|move|p1b: Ursaluna|Headlong Rush|p2a: As One Button\n|-damage|p2a: As One Button|0 fnt\n|-unboost|p1b: Ursaluna|def|1\n|-unboost|p1b: Ursaluna|spd|1\n|faint|p2a: As One Button\n|\n|-damage|p1b: Ursaluna|64/100 brn|[from] brn\n|-fieldend|move: Electric Terrain\n|upkeep\n|\n|t:|1746022483\n|switch|p2a: Sir. Weezing|Weezing-Galar, L50, M, shiny|36/100\n|-ability|p2a: Sir. Weezing|Neutralizing Gas\n|turn|9\n|\n|t:|1746022499\n|-terastallize|p2a: Sir. Weezing|Water\n|move|p2b: Tatsu|Muddy Water|p1b: Ursaluna\n|-supereffective|p1b: Ursaluna\n|-crit|p1b: Ursaluna\n|-end|p1b: Ursaluna|Substitute\n|move|p2a: Sir. Weezing|Strange Steam|p1b: Ursaluna\n|-damage|p1b: Ursaluna|27/100 brn\n|move|p1b: Ursaluna|Facade|p2b: Tatsu\n|-damage|p2b: Tatsu|0 fnt\n|faint|p2b: Tatsu\n|\n|-damage|p1b: Ursaluna|21/100 brn|[from] brn\n|upkeep\n|turn|10\n|\n|t:|1746022512\n|move|p2a: Sir. Weezing|Strange Steam|p1b: Ursaluna\n|-damage|p1b: Ursaluna|0 fnt\n|faint|p1b: Ursaluna\n|\n|win|femapu\n|raw|200dollarteam's rating: 1385 &rarr; <strong>1361</strong><br />(-24 for losing)\n|raw|femapu's rating: 1320 &rarr; <strong>1344</strong><br />(+24 for winning)\n|l|\u2606200dollarteam\n|player|p1|\n|l|\u2606femapu\n|player|p2|\n", "uploadtime": 1746022517, "views": 15, "formatid": "gen9vgc2025regibo3", "rating": 1344, "private": 0, "password": null}