{"id": "gen9vgc2025regibo3-2353392892", "format": "[Gen 9] VGC 2025 Reg I (Bo3)", "players": ["Fenozi", "Danger69orion"], "log": "|j|\u2606Fenozi\n|j|\u2606Danger69orion\n|html|<table width=\"100%\"><tr><td align=\"left\">Fenozi</td><td align=\"right\">Danger69orion</tr><tr><td align=\"left\"><i class=\"fa fa-circle-o\"></i> <i class=\"fa fa-circle-o\"></i> </td><td align=\"right\"><i class=\"fa fa-circle-o\"></i> <i class=\"fa fa-circle\"></i> </tr></table>\n|uhtml|bestof|<h2><strong>Game 2</strong> of <a href=\"/game-bestof3-gen9vgc2025regibo3-2353389877\">a best-of-3</a></h2>\n|t:|1745952011\n|gametype|doubles\n|player|p1|Fenozi|veteran|1270\n|player|p2|Danger69orion|larry|1265\n|teamsize|p1|6\n|teamsize|p2|6\n|gen|9\n|tier|[Gen 9] VGC 2025 Reg I (Bo3)\n|rated|\n|rule|Species Clause: Limit one of each Pok\u00e9mon\n|rule|Item Clause: Limit 1 of each item\n|clearpoke\n|poke|p1|Koraidon, L50|\n|poke|p1|Lunala, L50|\n|poke|p1|Chi-Yu, L50|\n|poke|p1|Ursaluna, L50, M|\n|poke|p1|Brute Bonnet, L50|\n|poke|p1|Flutter Mane, L50|\n|poke|p2|Miraidon, L50|\n|poke|p2|Ursaluna, L50, F|\n|poke|p2|Incineroar, L50, M|\n|poke|p2|Dialga-Origin, L50|\n|poke|p2|Flutter Mane, L50|\n|poke|p2|Chi-Yu, L50|\n|teampreview|4\n|showteam|p1|Koraidon||LifeOrb|OrichalcumPulse|FlareBlitz,FlameCharge,CloseCombat,Protect||||||50|,,,,,Fire]Lunala||PowerHerb|ShadowShield|MoongeistBeam,MeteorBeam,WideGuard,TrickRoom||||||50|,,,,,Water]Chi-Yu||ChoiceScarf|BeadsofRuin|Overheat,HeatWave,DarkPulse,Snarl||||||50|,,,,,Ghost]Ursaluna||FlameOrb|Guts|Facade,Earthquake,HeadlongRush,Protect|||M|||50|,,,,,Water]Brute Bonnet||CovertCloak|Protosynthesis|SeedBomb,SuckerPunch,Spore,RagePowder||||||50|,,,,,Water]Flutter Mane||FocusSash|Protosynthesis|Moonblast,IcyWind,ShadowBall,Protect||||||50|,,,,,Normal\n|showteam|p2|Miraidon||ChoiceSpecs|HadronEngine|Discharge,VoltSwitch,DazzlingGleam,ElectroDrift||||||50|,,,,,Electric]Ursaluna||FlameOrb|Guts|Facade,Earthquake,HeadlongRush,Protect|||F|||50|,,,,,Grass]Incineroar||AssaultVest|Intimidate|FakeOut,FlareBlitz,Uturn,KnockOff|||M|||50|,,,,,Ghost]Dialga-Origin||AdamantCrystal|Telepathy|TrickRoom,DragonPulse,Protect,FlashCannon||||||50|,,,,,Ghost]Flutter Mane||BoosterEnergy|Protosynthesis|IcyWind,Moonblast,ThunderWave,ShadowBall||||||50|,,,,,Ghost]Chi-Yu||ChoiceScarf|BeadsofRuin|HeatWave,DarkPulse,Snarl,Overheat||||||50|,,,,,Fire\n|inactive|Battle timer is ON: inactive players will automatically lose when time's up. (requested by Fenozi)\n|inactive|Fenozi has 60 seconds left.\n|\n|t:|1745952064\n|start\n|switch|p1a: Lunala|Lunala, L50|100/100\n|switch|p1b: Ursaluna|Ursaluna, L50, M|100/100\n|switch|p2a: Incineroar|Incineroar, L50, M|100/100\n|switch|p2b: Dialga|Dialga-Origin, L50|100/100\n|-ability|p2a: Incineroar|Intimidate|boost\n|-unboost|p1a: Lunala|atk|1\n|-unboost|p1b: Ursaluna|atk|1\n|turn|1\n|inactive|Danger69orion has 30 seconds left.\n|\n|t:|1745952095\n|move|p1b: Ursaluna|Protect|p1b: Ursaluna\n|-singleturn|p1b: Ursaluna|Protect\n|move|p1a: Lunala|Meteor Beam||[still]\n|-prepare|p1a: Lunala|Meteor Beam\n|-boost|p1a: Lunala|spa|1\n|-enditem|p1a: Lunala|Power Herb\n|-anim|p1a: Lunala|Meteor Beam|p2a: Incineroar\n|-supereffective|p2a: Incineroar\n|-damage|p2a: Incineroar|35/100\n|move|p2b: Dialga|Dragon Pulse|p1a: Lunala\n|-damage|p1a: Lunala|77/100\n|move|p2a: Incineroar|Knock Off|p1a: Lunala\n|-supereffective|p1a: Lunala\n|-damage|p1a: Lunala|0 fnt\n|faint|p1a: Lunala\n|\n|-status|p1b: Ursaluna|brn|[from] item: Flame Orb\n|upkeep\n|\n|t:|1745952111\n|switch|p1a: Koraidon|Koraidon, L50|100/100\n|-weather|SunnyDay|[from] ability: Orichalcum Pulse|[of] p1a: Koraidon\n|-activate|p1a: Koraidon|Orichalcum Pulse|[source]\n|turn|2\n|inactive|Fenozi has 30 seconds left.\n|inactive|Danger69orion has 30 seconds left.\n|inactive|Danger69orion has 20 seconds left.\n|\n|t:|1745952147\n|move|p1a: Koraidon|Protect|p1a: Koraidon\n|-singleturn|p1a: Koraidon|Protect\n|move|p2b: Dialga|Protect|p2b: Dialga\n|-singleturn|p2b: Dialga|Protect\n|move|p2a: Incineroar|U-turn|p1b: Ursaluna\n|-damage|p1b: Ursaluna|88/100 brn\n|\n|t:|1745952154\n|switch|p2a: Ursaluna|Ursaluna, L50, F|100/100|[from] U-turn\n|move|p1b: Ursaluna|Earthquake|p2a: Ursaluna|[spread] p2a\n|-activate|p1a: Koraidon|move: Protect\n|-activate|p2b: Dialga|move: Protect\n|-damage|p2a: Ursaluna|70/100\n|\n|-weather|SunnyDay|[upkeep]\n|-damage|p1b: Ursaluna|82/100 brn|[from] brn\n|-status|p2a: Ursaluna|brn|[from] item: Flame Orb\n|upkeep\n|turn|3\n|inactive|Fenozi has 30 seconds left.\n|inactive|Fenozi has 20 seconds left.\n|inactive|Danger69orion has 30 seconds left.\n|inactive|Fenozi has 15 seconds left.\n|inactive|Fenozi has 10 seconds left.\n|inactive|Fenozi has 5 seconds left.\n|\n|t:|1745952206\n|-terastallize|p1a: Koraidon|Fire\n|-terastallize|p2b: Dialga|Ghost\n|move|p2a: Ursaluna|Protect|p2a: Ursaluna\n|-singleturn|p2a: Ursaluna|Protect\n|move|p1a: Koraidon|Flare Blitz|p2b: Dialga\n|-damage|p2b: Dialga|0 fnt\n|faint|p2b: Dialga\n|-damage|p1a: Koraidon|62/100|[from] Recoil\n|-damage|p1a: Koraidon|52/100|[from] item: Life Orb\n|move|p1b: Ursaluna|Facade|p2a: Ursaluna\n|-activate|p2a: Ursaluna|move: Protect\n|\n|-weather|SunnyDay|[upkeep]\n|-damage|p1b: Ursaluna|76/100 brn|[from] brn\n|-damage|p2a: Ursaluna|64/100 brn|[from] brn\n|upkeep\n|\n|t:|1745952221\n|switch|p2b: Incineroar|Incineroar, L50, M|35/100\n|-ability|p2b: Incineroar|Intimidate|boost\n|-unboost|p1a: Koraidon|atk|1\n|-unboost|p1b: Ursaluna|atk|1\n|turn|4\n|inactive|Danger69orion has 30 seconds left.\n|inactive|Danger69orion has 20 seconds left.\n|inactive|Danger69orion has 15 seconds left.\n|\n|t:|1745952263\n|switch|p2b: Miraidon|Miraidon, L50|100/100\n|-fieldstart|move: Electric Terrain|[from] ability: Hadron Engine|[of] p2b: Miraidon\n|switch|p1b: Flutter Mane|Flutter Mane, L50|100/100\n|-activate|p1b: Flutter Mane|ability: Protosynthesis\n|-start|p1b: Flutter Mane|protosynthesisspe\n|move|p1a: Koraidon|Protect|p1a: Koraidon\n|-singleturn|p1a: Koraidon|Protect\n|move|p2a: Ursaluna|Facade|p1a: Koraidon\n|-activate|p1a: Koraidon|move: Protect\n|\n|-weather|SunnyDay|[upkeep]\n|-damage|p2a: Ursaluna|58/100 brn|[from] brn\n|upkeep\n|turn|5\n|inactive|Fenozi has 30 seconds left.\n|inactive|Danger69orion has 30 seconds left.\n|\n|t:|1745952298\n|move|p1b: Flutter Mane|Icy Wind|p2b: Miraidon|[spread] p2a,p2b\n|-supereffective|p2a: Ursaluna\n|-supereffective|p2b: Miraidon\n|-damage|p2a: Ursaluna|30/100 brn\n|-damage|p2b: Miraidon|77/100\n|-unboost|p2a: Ursaluna|spe|1\n|-unboost|p2b: Miraidon|spe|1\n|move|p1a: Koraidon|Close Combat|p2b: Miraidon\n|-damage|p2b: Miraidon|9/100\n|-unboost|p1a: Koraidon|def|1\n|-unboost|p1a: Koraidon|spd|1\n|-damage|p1a: Koraidon|43/100|[from] item: Life Orb\n|move|p2b: Miraidon|Discharge|p1a: Koraidon|[spread] p1a,p1b\n|-immune|p2a: Ursaluna\n|-damage|p1a: Koraidon|0 fnt\n|-enditem|p1b: Flutter Mane|Focus Sash\n|-damage|p1b: Flutter Mane|1/100\n|faint|p1a: Koraidon\n|move|p2a: Ursaluna|Headlong Rush|p1b: Flutter Mane\n|-damage|p1b: Flutter Mane|0 fnt\n|-unboost|p2a: Ursaluna|def|1\n|-unboost|p2a: Ursaluna|spd|1\n|faint|p1b: Flutter Mane\n|-end|p1b: Flutter Mane|Protosynthesis|[silent]\n|\n|-weather|SunnyDay|[upkeep]\n|-damage|p2a: Ursaluna|25/100 brn|[from] brn\n|upkeep\n|\n|t:|1745952319\n|switch|p1b: Ursaluna|Ursaluna, L50, M|76/100 brn\n|turn|6\n|inactive|Danger69orion has 30 seconds left.\n|\n|t:|1745952353\n|move|p2b: Miraidon|Discharge|p1b: Ursaluna|[spread] \n|-immune|p2a: Ursaluna\n|-immune|p1b: Ursaluna\n|move|p1b: Ursaluna|Earthquake|p2a: Ursaluna|[spread] p2a,p2b\n|-supereffective|p2b: Miraidon\n|-damage|p2a: Ursaluna|0 fnt\n|-damage|p2b: Miraidon|0 fnt\n|faint|p2a: Ursaluna\n|faint|p2b: Miraidon\n|\n|-weather|none\n|-damage|p1b: Ursaluna|70/100 brn|[from] brn\n|upkeep\n|\n|t:|1745952358\n|switch|p2a: Incineroar|Incineroar, L50, M|35/100\n|-ability|p2a: Incineroar|Intimidate|boost\n|-unboost|p1b: Ursaluna|atk|1\n|turn|7\n|\n|t:|1745952371\n|move|p2a: Incineroar|Fake Out|p1b: Ursaluna\n|-damage|p1b: Ursaluna|63/100 brn\n|cant|p1b: Ursaluna|flinch\n|\n|-damage|p1b: Ursaluna|57/100 brn|[from] brn\n|upkeep\n|turn|8\n|\n|t:|1745952376\n|move|p2a: Incineroar|Flare Blitz|p1b: Ursaluna\n|-damage|p1b: Ursaluna|22/100 brn\n|-damage|p2a: Incineroar|21/100|[from] Recoil\n|move|p1b: Ursaluna|Headlong Rush|p2a: Incineroar\n|-supereffective|p2a: Incineroar\n|-damage|p2a: Incineroar|0 fnt\n|-unboost|p1b: Ursaluna|def|1\n|-unboost|p1b: Ursaluna|spd|1\n|faint|p2a: Incineroar\n|\n|win|Fenozi\n||Danger69orion is ready for game 3.\n||Fenozi is ready for game 3.\n|uhtml|next|Next: <a href=\"/battle-gen9vgc2025regibo3-2353397342\"><strong>Game 3 of 3</strong></a>\n|l|\u2606Danger69orion\n|player|p2|\n", "uploadtime": 1745952594, "views": 10, "formatid": "gen9vgc2025regibo3", "rating": null, "private": 0, "password": null}