{"id": "gen9vgc2025regibo3-2354819022", "format": "[Gen 9] VGC 2025 Reg I (Bo3)", "players": ["dman12352", "whocanpelican"], "log": "|j|\u2606dman12352\n|j|\u2606whocanpelican\n|html|<table width=\"100%\"><tr><td align=\"left\">dman12352</td><td align=\"right\">whocanpelican</tr><tr><td align=\"left\"><i class=\"fa fa-circle\"></i> <i class=\"fa fa-circle-o\"></i> </td><td align=\"right\"><i class=\"fa fa-circle-o\"></i> <i class=\"fa fa-circle\"></i> </tr></table>\n|uhtml|bestof|<h2><strong>Game 3</strong> of <a href=\"/game-bestof3-gen9vgc2025regibo3-2354814699\">a best-of-3</a></h2>\n|t:|1746122466\n|gametype|doubles\n|player|p1|dman12352|brycenman|1101\n|player|p2|whocanpelican|scientist-gen4dp|1000\n|teamsize|p1|6\n|teamsize|p2|6\n|gen|9\n|tier|[Gen 9] VGC 2025 Reg I (Bo3)\n|rated|\n|rule|Species Clause: Limit one of each Pok\u00e9mon\n|rule|Item Clause: Limit 1 of each item\n|clearpoke\n|poke|p1|Amoonguss, L50, M|\n|poke|p1|Incineroar, L50, M|\n|poke|p1|Calyrex-Shadow, L50|\n|poke|p1|Koraidon, L50|\n|poke|p1|Raging Bolt, L50|\n|poke|p1|Grimmsnarl, L50, M|\n|poke|p2|Terapagos, L50, M|\n|poke|p2|Incineroar, L50, F|\n|poke|p2|Zacian-*, L50|\n|poke|p2|Urshifu-*, L50, M|\n|poke|p2|Grimmsnarl, L50, M|\n|poke|p2|Pelipper, L50, M|\n|teampreview|4\n|showteam|p1|Amoonguss||RockyHelmet|Regenerator|SludgeBomb,Spore,Protect,RagePowder|||M|||50|,,,,,Water]Incineroar||SafetyGoggles|Intimidate|FlareBlitz,KnockOff,FakeOut,PartingShot|||M|||50|,,,,,Bug]Calyrex-Shadow||FocusSash|AsOneSpectrier|AstralBarrage,Psychic,Protect,NastyPlot||||||50|,,,,,Dark]Koraidon||ClearAmulet|OrichalcumPulse|CollisionCourse,FlareBlitz,FlameCharge,Protect||||||50|,,,,,Fire]Raging Bolt||AssaultVest|Protosynthesis|VoltSwitch,DracoMeteor,Thunderclap,Snarl||||||50|,,,,,Fairy]Grimmsnarl||LightClay|Prankster|Reflect,LightScreen,FoulPlay,ThunderWave|||M|||50|,,,,,Ghost\n|showteam|p2|Terapagos||Leftovers|TeraShift|TeraStarstorm,EarthPower,CalmMind,Protect|||M|||50|,,,,,Stellar]Incineroar||SafetyGoggles|Intimidate|KnockOff,Taunt,PartingShot,FakeOut|||F|||50|,,,,,Bug]Zacian-Crowned||RustedSword|IntrepidSword|behemothblade,PlayRough,SacredSword,Protect||||||50|,,,,,Dragon]Urshifu-Rapid-Strike||ChoiceScarf|UnseenFist|SurgingStrikes,CloseCombat,Uturn,Coaching|||M|||50|,,,,,Water]Grimmsnarl||LightClay|Prankster|SpiritBreak,Reflect,LightScreen,ThunderWave|||M|||50|,,,,,Ghost]Pelipper||FocusSash|Drizzle|Hurricane,WeatherBall,Tailwind,Protect|||M|||50|,,,,,Grass\n|inactive|Battle timer is ON: inactive players will automatically lose when time's up. (requested by dman12352)\n|inactive|whocanpelican has 60 seconds left.\n|\n|t:|1746122510\n|start\n|switch|p1a: Raging Bolt|Raging Bolt, L50|100/100\n|switch|p1b: Koraidon|Koraidon, L50|100/100\n|switch|p2a: Grimmsnarl|Grimmsnarl, L50, M, shiny|100/100\n|switch|p2b: Terapagos|Terapagos, L50, M|100/100\n|-activate|p2b: Terapagos|ability: Tera Shift\n|detailschange|p2b: Terapagos|Terapagos-Terastal, L50, M\n|-heal|p2b: Terapagos|100/100|[silent]\n|-weather|SunnyDay|[from] ability: Orichalcum Pulse|[of] p1b: Koraidon\n|-activate|p1a: Raging Bolt|ability: Protosynthesis\n|-start|p1a: Raging Bolt|protosynthesisspa\n|-activate|p1b: Koraidon|Orichalcum Pulse|[source]\n|turn|1\n|\n|t:|1746122523\n|move|p2a: Grimmsnarl|Reflect|p2a: Grimmsnarl\n|-sidestart|p2: whocanpelican|Reflect\n|move|p1b: Koraidon|Flame Charge|p2a: Grimmsnarl\n|-damage|p2a: Grimmsnarl|70/100\n|-boost|p1b: Koraidon|spe|1\n|move|p2b: Terapagos|Calm Mind|p2b: Terapagos\n|-boost|p2b: Terapagos|spa|1\n|-boost|p2b: Terapagos|spd|1\n|move|p1a: Raging Bolt|Snarl|p2b: Terapagos|[spread] p2a,p2b\n|-resisted|p2a: Grimmsnarl\n|-activate|p2b: Terapagos|ability: Tera Shell\n|-resisted|p2b: Terapagos\n|-damage|p2a: Grimmsnarl|66/100\n|-damage|p2b: Terapagos|95/100\n|-unboost|p2a: Grimmsnarl|spa|1\n|-unboost|p2b: Terapagos|spa|1\n|\n|-weather|SunnyDay|[upkeep]\n|-heal|p2b: Terapagos|100/100|[from] item: Leftovers\n|upkeep\n|turn|2\n|\n|t:|1746122538\n|move|p2b: Terapagos|Protect|p2b: Terapagos\n|-singleturn|p2b: Terapagos|Protect\n|move|p1b: Koraidon|Flame Charge|p2b: Terapagos\n|-activate|p2b: Terapagos|move: Protect\n|move|p1a: Raging Bolt|Snarl|p2b: Terapagos|[spread] \n|-activate|p2b: Terapagos|move: Protect\n|-miss|p1a: Raging Bolt|p2a: Grimmsnarl\n|move|p2a: Grimmsnarl|Spirit Break|p1a: Raging Bolt\n|-supereffective|p1a: Raging Bolt\n|-damage|p1a: Raging Bolt|54/100\n|-unboost|p1a: Raging Bolt|spa|1\n|\n|-weather|SunnyDay|[upkeep]\n|upkeep\n|turn|3\n|\n|t:|1746122558\n|switch|p1b: Incineroar|Incineroar, L50, M|100/100\n|-ability|p1b: Incineroar|Intimidate|boost\n|-unboost|p2a: Grimmsnarl|atk|1\n|-unboost|p2b: Terapagos|atk|1\n|move|p2b: Terapagos|Earth Power|p1a: Raging Bolt\n|-supereffective|p1a: Raging Bolt\n|-damage|p1a: Raging Bolt|24/100\n|move|p1a: Raging Bolt|Draco Meteor|p2b: Terapagos\n|-activate|p2b: Terapagos|ability: Tera Shell\n|-resisted|p2b: Terapagos\n|-damage|p2b: Terapagos|81/100\n|-unboost|p1a: Raging Bolt|spa|2\n|move|p2a: Grimmsnarl|Spirit Break|p1a: Raging Bolt\n|-supereffective|p1a: Raging Bolt\n|-damage|p1a: Raging Bolt|0 fnt\n|faint|p1a: Raging Bolt\n|-end|p1a: Raging Bolt|Protosynthesis|[silent]\n|\n|-weather|SunnyDay|[upkeep]\n|-heal|p2b: Terapagos|87/100|[from] item: Leftovers\n|upkeep\n|\n|t:|1746122573\n|switch|p1a: Koraidon|Koraidon, L50|100/100\n|-activate|p1a: Koraidon|ability: Orichalcum Pulse\n|turn|4\n|\n|t:|1746122596\n|move|p2b: Terapagos|Protect|p2b: Terapagos\n|-singleturn|p2b: Terapagos|Protect\n|move|p1b: Incineroar|Fake Out|p2a: Grimmsnarl\n|-damage|p2a: Grimmsnarl|58/100\n|cant|p2a: Grimmsnarl|flinch\n|move|p1a: Koraidon|Collision Course|p2b: Terapagos\n|-activate|p2b: Terapagos|move: Protect\n|\n|-weather|SunnyDay|[upkeep]\n|-heal|p2b: Terapagos|93/100|[from] item: Leftovers\n|upkeep\n|turn|5\n|inactive|whocanpelican has 30 seconds left.\n|\n|t:|1746122627\n|switch|p2b: Pelipper|Pelipper, L50, M|100/100\n|-weather|RainDance|[from] ability: Drizzle|[of] p2b: Pelipper\n|move|p2a: Grimmsnarl|Thunder Wave|p1a: Koraidon\n|-status|p1a: Koraidon|par\n|move|p1b: Incineroar|Knock Off|p2b: Pelipper\n|-crit|p2b: Pelipper\n|-damage|p2b: Pelipper|25/100\n|-enditem|p2b: Pelipper|Focus Sash|[from] move: Knock Off|[of] p1b: Incineroar\n|cant|p1a: Koraidon|par\n|\n|-weather|RainDance|[upkeep]\n|upkeep\n|turn|6\n|\n|t:|1746122646\n|switch|p1a: Calyrex|Calyrex-Shadow, L50|100/100\n|-ability|p1a: Calyrex|As One\n|-ability|p1a: Calyrex|Unnerve\n|move|p2b: Pelipper|Weather Ball|p1b: Incineroar\n|-supereffective|p1b: Incineroar\n|-damage|p1b: Incineroar|0 fnt\n|faint|p1b: Incineroar\n|move|p2a: Grimmsnarl|Spirit Break|p1a: Calyrex\n|-damage|p1a: Calyrex|75/100\n|-unboost|p1a: Calyrex|spa|1\n|\n|-weather|RainDance|[upkeep]\n|upkeep\n|\n|t:|1746122654\n|switch|p1b: Koraidon|Koraidon, L50|100/100 par\n|-weather|SunnyDay|[from] ability: Orichalcum Pulse|[of] p1b: Koraidon\n|-activate|p1b: Koraidon|Orichalcum Pulse|[source]\n|turn|7\n|\n|t:|1746122678\n|switch|p2b: Zacian|Zacian-Crowned, L50, shiny|100/100\n|-ability|p2b: Zacian|Intrepid Sword|boost\n|-boost|p2b: Zacian|atk|1\n|-terastallize|p1b: Koraidon|Fire\n|move|p2a: Grimmsnarl|Light Screen|p2a: Grimmsnarl\n|-sidestart|p2: whocanpelican|move: Light Screen\n|move|p1a: Calyrex|Nasty Plot|p1a: Calyrex\n|-boost|p1a: Calyrex|spa|2\n|move|p1b: Koraidon|Flame Charge|p2a: Grimmsnarl\n|-damage|p2a: Grimmsnarl|12/100\n|-boost|p1b: Koraidon|spe|1\n|\n|-weather|SunnyDay|[upkeep]\n|upkeep\n|turn|8\n|inactive|whocanpelican has 30 seconds left.\n|\n|t:|1746122707\n|move|p1a: Calyrex|Protect|p1a: Calyrex\n|-singleturn|p1a: Calyrex|Protect\n|move|p2b: Zacian|Protect|p2b: Zacian\n|-singleturn|p2b: Zacian|Protect\n|move|p2a: Grimmsnarl|Thunder Wave|p1a: Calyrex\n|-activate|p1a: Calyrex|move: Protect\n|cant|p1b: Koraidon|par\n|\n|-weather|SunnyDay|[upkeep]\n|-sideend|p2: whocanpelican|Reflect\n|upkeep\n|turn|9\n|j| s10 ultra baby\n|c|\u2606dman12352|Bro I got full parad on the turn I woulda killed pelliper\n|inactive|dman12352 has 30 seconds left.\n|c|\u2606whocanpelican|yeah\n|c|\u2606dman12352|I got full parad the turn I kill grimm\n|c|\u2606whocanpelican|thunder wave is horseshit\n|c|\u2606dman12352|cmon ive been parad 3 turns in this bo3\n|inactive|dman12352 has 20 seconds left.\n|inactive|whocanpelican has 30 seconds left.\n|c|\u2606whocanpelican|i'm sorry man\n|inactive|dman12352 has 15 seconds left.\n|c|\u2606dman12352|you got full parad 0 timed\n|inactive|dman12352 has 10 seconds left.\n|inactive|whocanpelican has 20 seconds left.\n|inactive|whocanpelican has 15 seconds left.\n|c|\u2606whocanpelican|well you couldn't para me\n|c|\u2606dman12352|and been parad more\n|\n|t:|1746122760\n|move|p1a: Calyrex|Protect||[still]\n|-fail|p1a: Calyrex\n|move|p2a: Grimmsnarl|Thunder Wave|p1a: Calyrex\n|-status|p1a: Calyrex|par\n|move|p2b: Zacian|Behemoth Blade|p1a: Calyrex\n|-crit|p1a: Calyrex\n|-damage|p1a: Calyrex|0 fnt\n|faint|p1a: Calyrex\n|move|p1b: Koraidon|Flare Blitz|p2b: Zacian\n|-supereffective|p2b: Zacian\n|-damage|p2b: Zacian|0 fnt\n|faint|p2b: Zacian\n|-damage|p1b: Koraidon|70/100 par|[from] Recoil\n|\n|-weather|SunnyDay|[upkeep]\n|upkeep\n|j| Tindall64\n|c|\u2606dman12352|I literally did g1\n|c|\u2606dman12352|and g2\n|c|\u2606dman12352|and you fucking crit\n|c|\u2606whocanpelican|you did?\n|c|\u2606dman12352|that matters\n|c|\u2606dman12352|yes\n|c|\u2606whocanpelican|wait when did you para me?\n|c|\u2606whocanpelican|oh\n|c|\u2606dman12352|I dont die if I dont get crit\n|c|\u2606whocanpelican|grimmsnarl\n|c|\u2606whocanpelican|i'm slow\n|inactive|whocanpelican has 30 seconds left.\n|inactive|whocanpelican has 20 seconds left.\n|c|\u2606dman12352|I live that if I dont get crit\n|inactive|whocanpelican has 15 seconds left.\n|\n|t:|1746122800\n|switch|p2b: Terapagos|Terapagos-Terastal, L50, M|93/100\n|turn|10\n|c|\u2606whocanpelican|i believe you\n|l| s10 ultra baby\n|c|\u2606whocanpelican|game 2? which hit?\n|inactive|whocanpelican has 30 seconds left.\n|\n|t:|1746122827\n|-terastallize|p2b: Terapagos|Stellar\n|detailschange|p2b: Terapagos|Terapagos-Stellar, L50, M, tera:Stellar\n|-heal|p2b: Terapagos|95/100|[silent]\n|-ability|p2b: Terapagos|Teraform Zero\n|-weather|none\n|move|p2a: Grimmsnarl|Reflect|p2a: Grimmsnarl\n|-sidestart|p2: whocanpelican|Reflect\n|move|p1b: Koraidon|Collision Course|p2b: Terapagos\n|-supereffective|p2b: Terapagos\n|-damage|p2b: Terapagos|37/100\n|move|p2b: Terapagos|Tera Starstorm|p1b: Koraidon\n|-supereffective|p1b: Koraidon\n|-damage|p1b: Koraidon|0 fnt\n|faint|p1b: Koraidon\n|\n|win|whocanpelican\n|raw|dman12352's rating: 1101 &rarr; <strong>1069</strong><br />(-32 for losing)\n|raw|whocanpelican's rating: 1000 &rarr; <strong>1051</strong><br />(+51 for winning)\n|c|\u2606dman12352|pagos was parad for like 8 turns\n|l|\u2606dman12352\n|player|p1|\n|c|\u2606whocanpelican|yeah and it got full para'd twice\n|c|\u2606whocanpelican|or so\n|l|\u2606whocanpelican\n|player|p2|\n", "uploadtime": 1746123009, "views": 17, "formatid": "gen9vgc2025regibo3", "rating": 1051, "private": 0, "password": null}