{"id": "gen9vgc2025regibo3-2354323244", "format": "[Gen 9] VGC 2025 Reg I (Bo3)", "players": ["is_katabo", "Harricardo"], "log": "|j|\u2606is_katabo\n|j|\u2606Harricardo\n|html|<table width=\"100%\"><tr><td align=\"left\">is_katabo</td><td align=\"right\">Harricardo</tr><tr><td align=\"left\"><i class=\"fa fa-circle-o\"></i> <i class=\"fa fa-circle-o\"></i> </td><td align=\"right\"><i class=\"fa fa-circle-o\"></i> <i class=\"fa fa-circle-o\"></i> </tr></table>\n|uhtml|bestof|<h2><strong>Game 1</strong> of <a href=\"/game-bestof3-gen9vgc2025regibo3-2354323243\">a best-of-3</a></h2>\n|t:|1746057306\n|gametype|doubles\n|player|p1|is_katabo|caitlin|1143\n|player|p2|Harricardo|101|1003\n|teamsize|p1|6\n|teamsize|p2|6\n|gen|9\n|tier|[Gen 9] VGC 2025 Reg I (Bo3)\n|rated|\n|rule|Species Clause: Limit one of each Pok\u00e9mon\n|rule|Item Clause: Limit 1 of each item\n|clearpoke\n|poke|p1|Koraidon, L50|\n|poke|p1|Calyrex-Shadow, L50|\n|poke|p1|Incineroar, L50, F|\n|poke|p1|Indeedee-F, L50, F|\n|poke|p1|Brute Bonnet, L50|\n|poke|p1|Flutter Mane, L50|\n|poke|p2|Necrozma-Dusk-Mane, L50|\n|poke|p2|Terapagos, L50, M|\n|poke|p2|Maushold-Four, L50|\n|poke|p2|Incineroar, L50, F|\n|poke|p2|Amoonguss, L50, M|\n|poke|p2|Farigiraf, L50, M|\n|teampreview|4\n|showteam|p1|Koraidon||LifeOrb|OrichalcumPulse|CloseCombat,FlameCharge,FlareBlitz,Protect||||||50|,,,,,Fire]Calyrex-Shadow||FocusSash|AsOneSpectrier|AstralBarrage,ExpandingForce,Psychic,Protect||||||50|,,,,,Ghost]Incineroar||SafetyGoggles|Intimidate|FakeOut,KnockOff,PartingShot,Taunt|||F|||50|,,,,,Bug]Indeedee-F||RockyHelmet|PsychicSurge|Psychic,FollowMe,HelpingHand,TrickRoom|||F|||50|,,,,,Water]Brute Bonnet||CovertCloak|Protosynthesis|SeedBomb,SuckerPunch,RagePowder,Spore||||||50|,,,,,Fairy]Flutter Mane||BoosterEnergy|Protosynthesis|Moonblast,IcyWind,Taunt,Protect||||||50|,,,,,Water\n|showteam|p2|Necrozma-Dusk-Mane||WeaknessPolicy|PrismArmor|SunsteelStrike,PhotonGeyser,RockSlide,Protect||||||50|,,,,,Psychic]Terapagos||Leftovers|TeraShift|TeraStarstorm,EarthPower,CalmMind,Protect|||M|||50|,,,,,Stellar]Maushold-Four||FocusSash|FriendGuard|BeatUp,PopulationBomb,FollowMe,Protect||||||50|,,,,,Normal]Incineroar||SafetyGoggles|Intimidate|FakeOut,KnockOff,WillOWisp,PartingShot|||F|||50|,,,,,Fire]Amoonguss||SitrusBerry|Regenerator|Spore,RagePowder,PollenPuff,Protect|||M|||50|,,,,,Grass]Farigiraf||ThroatSpray|ArmorTail|TrickRoom,HyperVoice,Psychic,AllySwitch|||M|||50|,,,,,Normal\n|\n|t:|1746057357\n|start\n|switch|p1a: Chicken|Koraidon, L50|100/100\n|switch|p1b: Steve|Incineroar, L50, F|100/100\n|switch|p2a: Maushold|Maushold-Four, L50|100/100\n|switch|p2b: Necrozma|Necrozma-Dusk-Mane, L50|100/100\n|-weather|SunnyDay|[from] ability: Orichalcum Pulse|[of] p1a: Chicken\n|-activate|p1a: Chicken|Orichalcum Pulse|[source]\n|-ability|p1b: Steve|Intimidate|boost\n|-unboost|p2a: Maushold|atk|1\n|-unboost|p2b: Necrozma|atk|1\n|turn|1\n|\n|t:|1746057376\n|move|p2a: Maushold|Protect|p2a: Maushold\n|-singleturn|p2a: Maushold|Protect\n|move|p2b: Necrozma|Protect|p2b: Necrozma\n|-singleturn|p2b: Necrozma|Protect\n|move|p1b: Steve|Fake Out|p2a: Maushold\n|-activate|p2a: Maushold|move: Protect\n|move|p1a: Chicken|Flare Blitz|p2b: Necrozma\n|-activate|p2b: Necrozma|move: Protect\n|\n|-weather|SunnyDay|[upkeep]\n|upkeep\n|turn|2\n|\n|t:|1746057412\n|switch|p2b: Incineroar|Incineroar, L50, F|100/100\n|-ability|p2b: Incineroar|Intimidate|boost\n|-unboost|p1a: Chicken|atk|1\n|-unboost|p1b: Steve|atk|1\n|-terastallize|p1a: Chicken|Fire\n|move|p1a: Chicken|Flame Charge|p2b: Incineroar\n|-resisted|p2b: Incineroar\n|-damage|p2b: Incineroar|80/100\n|-boost|p1a: Chicken|spe|1\n|-damage|p1a: Chicken|91/100|[from] item: Life Orb\n|move|p2a: Maushold|Population Bomb|p1a: Chicken\n|-damage|p1a: Chicken|86/100\n|-damage|p1a: Chicken|81/100\n|-damage|p1a: Chicken|75/100\n|-damage|p1a: Chicken|70/100\n|-damage|p1a: Chicken|65/100\n|-damage|p1a: Chicken|60/100\n|-damage|p1a: Chicken|55/100\n|-hitcount|p1a: Chicken|7\n|move|p1b: Steve|Taunt|p2a: Maushold\n|-start|p2a: Maushold|move: Taunt\n|\n|-weather|SunnyDay|[upkeep]\n|upkeep\n|turn|3\n|\n|t:|1746057450\n|move|p1a: Chicken|Protect|p1a: Chicken\n|-singleturn|p1a: Chicken|Protect\n|move|p2a: Maushold|Population Bomb|p1a: Chicken\n|-activate|p1a: Chicken|move: Protect\n|move|p1b: Steve|Parting Shot|p2b: Incineroar\n|-unboost|p2b: Incineroar|atk|1\n|-unboost|p2b: Incineroar|spa|1\n|\n|t:|1746057461\n|switch|p1b: Shulker Box|Brute Bonnet, L50|100/100|[from] Parting Shot\n|-activate|p1b: Shulker Box|ability: Protosynthesis\n|-start|p1b: Shulker Box|protosynthesisdef\n|move|p2b: Incineroar|Parting Shot|p1a: Chicken\n|-activate|p1a: Chicken|move: Protect\n|\n|-weather|SunnyDay|[upkeep]\n|upkeep\n|turn|4\n|\n|t:|1746057480\n|move|p1b: Shulker Box|Sucker Punch|p2a: Maushold\n|-damage|p2a: Maushold|52/100\n|move|p1a: Chicken|Close Combat|p2a: Maushold\n|-supereffective|p2a: Maushold\n|-damage|p2a: Maushold|0 fnt\n|-unboost|p1a: Chicken|def|1\n|-unboost|p1a: Chicken|spd|1\n|faint|p2a: Maushold\n|-damage|p1a: Chicken|45/100|[from] item: Life Orb\n|move|p2b: Incineroar|Knock Off|p1a: Chicken\n|-damage|p1a: Chicken|11/100\n|-enditem|p1a: Chicken|Life Orb|[from] move: Knock Off|[of] p2b: Incineroar\n|\n|-weather|SunnyDay|[upkeep]\n|upkeep\n|\n|t:|1746057502\n|switch|p2a: Terapagos|Terapagos, L50, M|100/100\n|-activate|p2a: Terapagos|ability: Tera Shift\n|detailschange|p2a: Terapagos|Terapagos-Terastal, L50, M\n|-heal|p2a: Terapagos|100/100|[silent]\n|turn|5\n|\n|t:|1746057511\n|move|p1a: Chicken|Protect|p1a: Chicken\n|-singleturn|p1a: Chicken|Protect\n|move|p2a: Terapagos|Protect|p2a: Terapagos\n|-singleturn|p2a: Terapagos|Protect\n|move|p2b: Incineroar|Will-O-Wisp|p1b: Shulker Box\n|-status|p1b: Shulker Box|brn\n|move|p1b: Shulker Box|Spore|p2a: Terapagos\n|-activate|p2a: Terapagos|move: Protect\n|\n|-weather|none\n|-end|p1b: Shulker Box|Protosynthesis\n|-damage|p1b: Shulker Box|95/100 brn|[from] brn\n|upkeep\n|turn|6\n|\n|t:|1746057557\n|switch|p2a: Necrozma|Necrozma-Dusk-Mane, L50|100/100\n|move|p1a: Chicken|Close Combat|p2b: Incineroar\n|-supereffective|p2b: Incineroar\n|-damage|p2b: Incineroar|3/100\n|-unboost|p1a: Chicken|def|1\n|-unboost|p1a: Chicken|spd|1\n|move|p2b: Incineroar|Parting Shot|p1a: Chicken\n|-unboost|p1a: Chicken|atk|1\n|-unboost|p1a: Chicken|spa|1\n|\n|t:|1746057569\n|switch|p2b: Terapagos|Terapagos-Terastal, L50, M|100/100|[from] Parting Shot\n|move|p1b: Shulker Box|Spore|p2a: Necrozma\n|-status|p2a: Necrozma|slp|[from] move: Spore\n|\n|-damage|p1b: Shulker Box|89/100 brn|[from] brn\n|upkeep\n|turn|7\n|\n|t:|1746057584\n|-terastallize|p2a: Necrozma|Psychic\n|move|p1a: Chicken|Flare Blitz|p2a: Necrozma\n|-damage|p2a: Necrozma|76/100 slp\n|-damage|p1a: Chicken|2/100|[from] Recoil\n|move|p2b: Terapagos|Earth Power|p1a: Chicken\n|-supereffective|p1a: Chicken\n|-damage|p1a: Chicken|0 fnt\n|faint|p1a: Chicken\n|move|p1b: Shulker Box|Seed Bomb|p2b: Terapagos\n|-activate|p2b: Terapagos|ability: Tera Shell\n|-resisted|p2b: Terapagos\n|-damage|p2b: Terapagos|93/100\n|cant|p2a: Necrozma|slp\n|\n|-heal|p2b: Terapagos|99/100|[from] item: Leftovers\n|-damage|p1b: Shulker Box|83/100 brn|[from] brn\n|upkeep\n|\n|t:|1746057600\n|switch|p1a: Jockey|Calyrex-Shadow, L50|100/100\n|-ability|p1a: Jockey|As One\n|-ability|p1a: Jockey|Unnerve\n|turn|8\n|\n|t:|1746057616\n|switch|p2a: Incineroar|Incineroar, L50, F|3/100\n|-ability|p2a: Incineroar|Intimidate|boost\n|-unboost|p1a: Jockey|atk|1\n|-unboost|p1b: Shulker Box|atk|1\n|move|p1a: Jockey|Astral Barrage|p2a: Incineroar|[spread] p2a\n|-immune|p2b: Terapagos\n|-resisted|p2a: Incineroar\n|-damage|p2a: Incineroar|0 fnt\n|faint|p2a: Incineroar\n|-ability|p1a: Jockey|Grim Neigh|boost\n|-boost|p1a: Jockey|spa|1\n|move|p2b: Terapagos|Tera Starstorm|p1b: Shulker Box\n|-damage|p1b: Shulker Box|34/100 brn\n|move|p1b: Shulker Box|Seed Bomb|p2b: Terapagos\n|-damage|p2b: Terapagos|89/100\n|\n|-heal|p2b: Terapagos|95/100|[from] item: Leftovers\n|-damage|p1b: Shulker Box|28/100 brn|[from] brn\n|upkeep\n|\n|t:|1746057641\n|switch|p2a: Necrozma|Necrozma-Dusk-Mane, L50, tera:Psychic|76/100 slp\n|turn|9\n|\n|t:|1746057661\n|move|p1a: Jockey|Astral Barrage|p2b: Terapagos|[spread] p2a\n|-immune|p2b: Terapagos\n|-supereffective|p2a: Necrozma\n|-damage|p2a: Necrozma|0 fnt\n|faint|p2a: Necrozma\n|-ability|p1a: Jockey|Grim Neigh|boost\n|-boost|p1a: Jockey|spa|1\n|move|p2b: Terapagos|Calm Mind|p2b: Terapagos\n|-boost|p2b: Terapagos|spa|1\n|-boost|p2b: Terapagos|spd|1\n|move|p1b: Shulker Box|Spore|p2b: Terapagos\n|-status|p2b: Terapagos|slp|[from] move: Spore\n|\n|-heal|p2b: Terapagos|100/100 slp|[from] item: Leftovers\n|-damage|p1b: Shulker Box|23/100 brn|[from] brn\n|upkeep\n|turn|10\n|\n|t:|1746057680\n|move|p1a: Jockey|Psychic|p2b: Terapagos\n|-activate|p2b: Terapagos|ability: Tera Shell\n|-resisted|p2b: Terapagos\n|-damage|p2b: Terapagos|70/100 slp\n|cant|p2b: Terapagos|slp\n|move|p1b: Shulker Box|Seed Bomb|p2b: Terapagos\n|-damage|p2b: Terapagos|60/100 slp\n|\n|-heal|p2b: Terapagos|66/100 slp|[from] item: Leftovers\n|-damage|p1b: Shulker Box|17/100 brn|[from] brn\n|upkeep\n|turn|11\n|\n|t:|1746057693\n|move|p1a: Jockey|Psychic|p2b: Terapagos\n|-damage|p2b: Terapagos|5/100 slp\n|cant|p2b: Terapagos|slp\n|move|p1b: Shulker Box|Seed Bomb|p2b: Terapagos\n|-damage|p2b: Terapagos|0 fnt\n|faint|p2b: Terapagos\n|\n|win|is_katabo\n|l|\u2606Harricardo\n|player|p2|\n||is_katabo is ready for game 2.\n|inactive|Harricardo has 30 seconds to confirm battle start!\n|raw|is_katabo's rating: 1143 &rarr; <strong>1158</strong><br />(+15 for winning)\n|raw|Harricardo's rating: 1003 &rarr; <strong>1000</strong><br />(-3 for losing)\n", "uploadtime": 1746057700, "views": 7, "formatid": "gen9vgc2025regibo3", "rating": 1000, "private": 0, "password": null}