{"id": "gen9vgc2025regibo3-2353560611", "format": "[Gen 9] VGC 2025 Reg I (Bo3)", "players": ["arielrai", "upchicken"], "log": "|j|\u2606arielrai\n|j|\u2606upchicken\n|html|<table width=\"100%\"><tr><td align=\"left\">arielrai</td><td align=\"right\">upchicken</tr><tr><td align=\"left\"><i class=\"fa fa-circle-o\"></i> <i class=\"fa fa-circle-o\"></i> </td><td align=\"right\"><i class=\"fa fa-circle-o\"></i> <i class=\"fa fa-circle-o\"></i> </tr></table>\n|uhtml|bestof|<h2><strong>Game 1</strong> of <a href=\"/game-bestof3-gen9vgc2025regibo3-2353560610\">a best-of-3</a></h2>\n|t:|1745968430\n|gametype|doubles\n|player|p1|arielrai|2|1290\n|player|p2|upchicken|schoolkid-gen4dp|1354\n|teamsize|p1|6\n|teamsize|p2|6\n|gen|9\n|tier|[Gen 9] VGC 2025 Reg I (Bo3)\n|rated|\n|rule|Species Clause: Limit one of each Pok\u00e9mon\n|rule|Item Clause: Limit 1 of each item\n|clearpoke\n|poke|p1|Miraidon, L50|\n|poke|p1|Tornadus, L50, M|\n|poke|p1|Kyogre, L50|\n|poke|p1|Ludicolo, L50, F|\n|poke|p1|Urshifu-*, L50, F|\n|poke|p1|Clefairy, L50, M|\n|poke|p2|Eternatus, L50|\n|poke|p2|Grimmsnarl, L50, M|\n|poke|p2|Rillaboom, L50, M|\n|poke|p2|Calyrex-Shadow, L50|\n|poke|p2|Ting-Lu, L50|\n|poke|p2|Volcarona, L50, F|\n|teampreview|4\n|showteam|p1|Miraidon||LifeOrb|HadronEngine|Protect,ElectroDrift,VoltSwitch,DracoMeteor||||||50|,,,,,Electric]Tornadus||SitrusBerry|Prankster|Tailwind,Taunt,RainDance,BleakwindStorm|||M|||50|,,,,,Dark]Kyogre||Leftovers|Drizzle|OriginPulse,WaterSpout,IceBeam,Protect||||||50|,,,,,Grass]Ludicolo||FocusSash|SwiftSwim|FakeOut,GigaDrain,Encore,HydroPump|||F|||50|,,,,,Water]Urshifu-Rapid-Strike||ChoiceScarf|UnseenFist|SurgingStrikes,AquaJet,CloseCombat,Uturn|||F|||50|,,,,,Water]Clefairy||Eviolite|FriendGuard|FollowMe,HelpingHand,LifeDew,Protect|||M|||50|,,,,,Grass\n|showteam|p2|Eternatus||Leftovers|Pressure|CosmicPower,Toxic,Recover,DynamaxCannon||||||50|,,,,,Dark]Grimmsnarl||LightClay|Prankster|FakeOut,LightScreen,Reflect,FoulPlay|||M|||50|,,,,,Dark]Rillaboom||AssaultVest|GrassySurge|FakeOut,WoodHammer,GrassyGlide,Uturn|||M|||50|,,,,,Fire]Calyrex-Shadow||FocusSash|AsOneSpectrier|AstralBarrage,Psychic,Encore,Protect||||||50|,,,,,Dark]Ting-Lu||SitrusBerry|VesselofRuin|Snarl,SandTomb,Ruination,Protect||||||50|,,,,,Fairy]Volcarona||GrassySeed|FlameBody|FieryDance,GigaDrain,QuiverDance,Protect|||F|||50|,,,,,Grass\n|inactive|Battle timer is ON: inactive players will automatically lose when time's up. (requested by arielrai)\n|inactive|arielrai has 60 seconds left.\n|\n|t:|1745968465\n|start\n|switch|p1a: Tornadus|Tornadus, L50, M|100/100\n|switch|p1b: Kyogre|Kyogre, L50|100/100\n|switch|p2a: Eternatus|Eternatus, L50|100/100\n|switch|p2b: Grimmsnarl|Grimmsnarl, L50, M, shiny|100/100\n|-ability|p2a: Eternatus|Pressure\n|-weather|RainDance|[from] ability: Drizzle|[of] p1b: Kyogre\n|turn|1\n|\n|t:|1745968484\n|-terastallize|p2a: Eternatus|Dark\n|move|p2b: Grimmsnarl|Fake Out|p1b: Kyogre\n|-damage|p1b: Kyogre|89/100\n|move|p1a: Tornadus|Taunt|p2a: Eternatus\n|-hint|Since gen 7, Dark is immune to Prankster moves.\n|-immune|p2a: Eternatus\n|move|p2a: Eternatus|Cosmic Power|p2a: Eternatus\n|-boost|p2a: Eternatus|def|1\n|-boost|p2a: Eternatus|spd|1\n|cant|p1b: Kyogre|flinch\n|\n|-weather|RainDance|[upkeep]\n|-heal|p1b: Kyogre|95/100|[from] item: Leftovers\n|upkeep\n|turn|2\n|\n|t:|1745968505\n|move|p1a: Tornadus|Tailwind|p1a: Tornadus\n|-sidestart|p1: arielrai|move: Tailwind\n|move|p2b: Grimmsnarl|Light Screen|p2b: Grimmsnarl\n|-sidestart|p2: upchicken|move: Light Screen\n|move|p1b: Kyogre|Water Spout|p2a: Eternatus|[spread] p2a,p2b\n|-damage|p2a: Eternatus|71/100\n|-damage|p2b: Grimmsnarl|35/100\n|move|p2a: Eternatus|Cosmic Power|p2a: Eternatus\n|-boost|p2a: Eternatus|def|1\n|-boost|p2a: Eternatus|spd|1\n|\n|-weather|RainDance|[upkeep]\n|-heal|p1b: Kyogre|100/100|[from] item: Leftovers\n|-heal|p2a: Eternatus|77/100|[from] item: Leftovers\n|upkeep\n|turn|3\n|\n|t:|1745968519\n|switch|p2b: Rillaboom|Rillaboom, L50, M|100/100\n|-fieldstart|move: Grassy Terrain|[from] ability: Grassy Surge|[of] p2b: Rillaboom\n|move|p1a: Tornadus|Bleakwind Storm|p2b: Rillaboom|[spread] p2a,p2b\n|-supereffective|p2b: Rillaboom\n|-damage|p2a: Eternatus|67/100\n|-damage|p2b: Rillaboom|67/100\n|-unboost|p2a: Eternatus|spe|1\n|move|p1b: Kyogre|Water Spout|p2b: Rillaboom|[spread] p2a,p2b\n|-resisted|p2b: Rillaboom\n|-damage|p2a: Eternatus|41/100\n|-damage|p2b: Rillaboom|48/100\n|move|p2a: Eternatus|Toxic|p1b: Kyogre\n|-status|p1b: Kyogre|tox\n|\n|-weather|RainDance|[upkeep]\n|-heal|p2b: Rillaboom|54/100|[from] Grassy Terrain\n|-heal|p2a: Eternatus|47/100|[from] Grassy Terrain\n|-heal|p2a: Eternatus|53/100|[from] item: Leftovers\n|-damage|p1b: Kyogre|94/100 tox|[from] psn\n|upkeep\n|turn|4\n|\n|t:|1745968543\n|move|p2b: Rillaboom|Fake Out|p1b: Kyogre\n|-damage|p1b: Kyogre|82/100 tox\n|move|p1a: Tornadus|Bleakwind Storm|p2b: Rillaboom|[spread] p2a,p2b\n|-supereffective|p2b: Rillaboom\n|-damage|p2a: Eternatus|44/100\n|-damage|p2b: Rillaboom|24/100\n|cant|p1b: Kyogre|flinch\n|move|p2a: Eternatus|Recover|p2a: Eternatus\n|-heal|p2a: Eternatus|94/100\n|\n|-weather|RainDance|[upkeep]\n|-heal|p1b: Kyogre|88/100 tox|[from] Grassy Terrain\n|-heal|p1b: Kyogre|94/100 tox|[from] item: Leftovers\n|-heal|p2b: Rillaboom|30/100|[from] Grassy Terrain\n|-heal|p2a: Eternatus|99/100|[from] Grassy Terrain\n|-heal|p2a: Eternatus|100/100|[from] item: Leftovers\n|-damage|p1b: Kyogre|82/100 tox|[from] psn\n|upkeep\n|turn|5\n|\n|t:|1745968553\n|move|p2b: Rillaboom|Grassy Glide|p1b: Kyogre\n|-supereffective|p1b: Kyogre\n|-damage|p1b: Kyogre|10/100 tox\n|move|p1a: Tornadus|Bleakwind Storm|p2b: Rillaboom|[spread] p2a,p2b\n|-supereffective|p2b: Rillaboom\n|-damage|p2a: Eternatus|90/100\n|-damage|p2b: Rillaboom|0 fnt\n|faint|p2b: Rillaboom\n|move|p1b: Kyogre|Water Spout|p2a: Eternatus\n|-damage|p2a: Eternatus|87/100\n|move|p2a: Eternatus|Toxic|p1a: Tornadus\n|-status|p1a: Tornadus|tox\n|\n|-weather|none\n|-heal|p1b: Kyogre|16/100 tox|[from] Grassy Terrain\n|-heal|p1b: Kyogre|22/100 tox|[from] item: Leftovers\n|-heal|p2a: Eternatus|93/100|[from] Grassy Terrain\n|-heal|p2a: Eternatus|99/100|[from] item: Leftovers\n|-damage|p1a: Tornadus|95/100 tox|[from] psn\n|-damage|p1b: Kyogre|4/100 tox|[from] psn\n|-sideend|p1: arielrai|move: Tailwind\n|upkeep\n|\n|t:|1745968575\n|switch|p2b: Grimmsnarl|Grimmsnarl, L50, M, shiny|35/100\n|turn|6\n|\n|t:|1745968580\n|move|p2b: Grimmsnarl|Fake Out|p1a: Tornadus\n|-damage|p1a: Tornadus|80/100 tox\n|cant|p1a: Tornadus|flinch\n|move|p1b: Kyogre|Origin Pulse|p2b: Grimmsnarl|[spread] p2a,p2b\n|-damage|p2a: Eternatus|88/100\n|-damage|p2b: Grimmsnarl|2/100\n|move|p2a: Eternatus|Cosmic Power|p2a: Eternatus\n|-boost|p2a: Eternatus|def|1\n|-boost|p2a: Eternatus|spd|1\n|\n|-heal|p1b: Kyogre|10/100 tox|[from] Grassy Terrain\n|-heal|p1b: Kyogre|16/100 tox|[from] item: Leftovers\n|-heal|p2a: Eternatus|94/100|[from] Grassy Terrain\n|-heal|p2a: Eternatus|99/100|[from] item: Leftovers\n|-heal|p2b: Grimmsnarl|8/100|[from] Grassy Terrain\n|-damage|p1a: Tornadus|68/100 tox|[from] psn\n|-damage|p1b: Kyogre|0 fnt|[from] psn\n|faint|p1b: Kyogre\n|upkeep\n|\n|t:|1745968597\n|switch|p1b: Urshifu|Urshifu-Rapid-Strike, L50, F|100/100\n|turn|7\n|\n|t:|1745968606\n|switch|p2b: Calyrex|Calyrex-Shadow, L50|100/100\n|-ability|p2b: Calyrex|As One\n|-ability|p2b: Calyrex|Unnerve\n|-terastallize|p1b: Urshifu|Water\n|move|p1a: Tornadus|Rain Dance|p1a: Tornadus\n|-weather|RainDance\n|move|p1b: Urshifu|Surging Strikes|p2a: Eternatus\n|-crit|p2a: Eternatus\n|-damage|p2a: Eternatus|71/100\n|-crit|p2a: Eternatus\n|-damage|p2a: Eternatus|42/100\n|-crit|p2a: Eternatus\n|-damage|p2a: Eternatus|13/100\n|-hitcount|p2a: Eternatus|3\n|move|p2a: Eternatus|Dynamax Cannon|p1b: Urshifu\n|-damage|p1b: Urshifu|16/100\n|\n|-weather|RainDance|[upkeep]\n|-heal|p1b: Urshifu|23/100|[from] Grassy Terrain\n|-heal|p2a: Eternatus|19/100|[from] Grassy Terrain\n|-heal|p2a: Eternatus|25/100|[from] item: Leftovers\n|-damage|p1a: Tornadus|50/100 tox|[from] psn\n|-fieldend|move: Grassy Terrain\n|upkeep\n|turn|8\n|inactive|arielrai has 30 seconds left.\n|inactive|arielrai has 20 seconds left.\n|inactive|upchicken has 30 seconds left.\n|\n|t:|1745968644\n|move|p1b: Urshifu|Surging Strikes|p2b: Calyrex\n|-crit|p2b: Calyrex\n|-damage|p2b: Calyrex|46/100\n|-crit|p2b: Calyrex\n|-damage|p2b: Calyrex|0 fnt\n|-enditem|p1a: Tornadus|Sitrus Berry|[eat]\n|-heal|p1a: Tornadus|75/100 tox|[from] item: Sitrus Berry\n|faint|p2b: Calyrex\n|-hitcount|p2: Calyrex|2\n|move|p1a: Tornadus|Bleakwind Storm|p2a: Eternatus\n|-crit|p2a: Eternatus\n|-damage|p2a: Eternatus|0 fnt\n|faint|p2a: Eternatus\n|\n|-weather|RainDance|[upkeep]\n|-damage|p1a: Tornadus|51/100 tox|[from] psn\n|upkeep\n|-message|upchicken forfeited.\n|\n|win|arielrai\n|l|\u2606upchicken\n|player|p2|\n||upchicken is ready for game 2.\n||arielrai is ready for game 2.\n|uhtml|next|Next: <a href=\"/battle-gen9vgc2025regibo3-2353562660\"><strong>Game 2 of 3</strong></a>\n", "uploadtime": 1745968921, "views": 18, "formatid": "gen9vgc2025regibo3", "rating": null, "private": 0, "password": null}