{"id": "gen9vgc2025regibo3-2353460132", "format": "[Gen 9] VGC 2025 Reg I (Bo3)", "players": ["MatthewJi\u5e7b\u6b87\u79cb\u51a5VGC", "kazuha12311"], "log": "|j|\u2606MatthewJi\u5e7b\u6b87\u79cb\u51a5VGC\n|j|\u2606kazuha12311\n|html|<table width=\"100%\"><tr><td align=\"left\">MatthewJi\u5e7b\u6b87\u79cb\u51a5VGC</td><td align=\"right\">kazuha12311</tr><tr><td align=\"left\"><i class=\"fa fa-circle\"></i> <i class=\"fa fa-circle-o\"></i> </td><td align=\"right\"><i class=\"fa fa-circle-o\"></i> <i class=\"fa fa-circle-o\"></i> </tr></table>\n|uhtml|bestof|<h2><strong>Game 2</strong> of <a href=\"/game-bestof3-gen9vgc2025regibo3-2353457674\">a best-of-3</a></h2>\n|t:|1745957944\n|gametype|doubles\n|player|p1|MatthewJi\u5e7b\u6b87\u79cb\u51a5VGC|lucas|1144\n|player|p2|kazuha12311|265|1124\n|teamsize|p1|6\n|teamsize|p2|6\n|gen|9\n|tier|[Gen 9] VGC 2025 Reg I (Bo3)\n|rated|\n|rule|Species Clause: Limit one of each Pok\u00e9mon\n|rule|Item Clause: Limit 1 of each item\n|clearpoke\n|poke|p1|Koraidon, L50|\n|poke|p1|Lunala, L50|\n|poke|p1|Umbreon, L50, M|\n|poke|p1|Raging Bolt, L50|\n|poke|p1|Flutter Mane, L50|\n|poke|p1|Brute Bonnet, L50|\n|poke|p2|Miraidon, L50|\n|poke|p2|Urshifu-*, L50, F|\n|poke|p2|Tornadus, L50, M|\n|poke|p2|Iron Hands, L50|\n|poke|p2|Calyrex-Ice, L50|\n|poke|p2|Farigiraf, L50, M|\n|teampreview|4\n|showteam|p1|Koraidon||ClearAmulet|OrichalcumPulse|CollisionCourse,FlareBlitz,FlameCharge,Protect||||||50|,,,,,Fire]Lunala||Leftovers|ShadowShield|MoongeistBeam,Moonblast,WideGuard,TrickRoom||||||50|,,,,,Fairy]Umbreon||SafetyGoggles|InnerFocus|FoulPlay,Taunt,Snarl,Moonlight|||M|||50|,,,,,Poison]Raging Bolt||AssaultVest|Protosynthesis|Thunderclap,VoltSwitch,DracoMeteor,Thunderbolt||||||50|,,,,,Fairy]Flutter Mane||FocusSash|Protosynthesis|Moonblast,DazzlingGleam,IcyWind,Protect||||||50|,,,,,Fairy]Brute Bonnet||SitrusBerry|Protosynthesis|Spore,SuckerPunch,SeedBomb,Protect||||||50|,,,,,Ghost\n|showteam|p2|Miraidon||ChoiceSpecs|HadronEngine|ElectroDrift,DracoMeteor,DazzlingGleam,VoltSwitch||||||50|,,,,,Fairy]Urshifu-Rapid-Strike||FocusSash|UnseenFist|SurgingStrikes,AquaJet,Protect,CloseCombat|||F|||50|,,,,,Stellar]Tornadus||CovertCloak|Prankster|RainDance,BleakwindStorm,Tailwind,Protect|||M|||50|,,,,,Dark]Iron Hands||AssaultVest|QuarkDrive|DrainPunch,WildCharge,FakeOut,LowKick||||||50|,,,,,Bug]Calyrex-Ice||ClearAmulet|AsOneGlastrier|GlacialLance,CloseCombat,Protect,TrickRoom||||||50|,,,,,Fire]Farigiraf||ThroatSpray|ArmorTail|HyperVoice,FoulPlay,HelpingHand,TrickRoom|||M|||50|,,,,,Water\n|inactive|Battle timer is ON: inactive players will automatically lose when time's up. (requested by MatthewJi\u5e7b\u6b87\u79cb\u51a5VGC)\n|inactive|kazuha12311 has 60 seconds left.\n|\n|t:|1745958031\n|start\n|switch|p1a: Raging Bolt|Raging Bolt, L50|100/100\n|switch|p1b: Lunala|Lunala, L50|100/100\n|switch|p2a: Miraidon|Miraidon, L50|100/100\n|switch|p2b: Iron Hands|Iron Hands, L50|100/100\n|-fieldstart|move: Electric Terrain|[from] ability: Hadron Engine|[of] p2a: Miraidon\n|-activate|p2b: Iron Hands|ability: Quark Drive\n|-start|p2b: Iron Hands|quarkdriveatk\n|turn|1\n|inactive|MatthewJi\u5e7b\u6b87\u79cb\u51a5VGC has 30 seconds left.\n|inactive|kazuha12311 has 30 seconds left.\n|inactive|MatthewJi\u5e7b\u6b87\u79cb\u51a5VGC has 20 seconds left.\n|\n|t:|1745958067\n|-terastallize|p1a: Raging Bolt|Fairy\n|move|p2b: Iron Hands|Fake Out|p1a: Raging Bolt\n|-damage|p1a: Raging Bolt|87/100\n|move|p2a: Miraidon|Draco Meteor|p1a: Raging Bolt\n|-immune|p1a: Raging Bolt\n|move|p1b: Lunala|Moongeist Beam|p2a: Miraidon\n|-damage|p2a: Miraidon|47/100\n|cant|p1a: Raging Bolt|flinch\n|\n|upkeep\n|turn|2\n|inactive|kazuha12311 has 30 seconds left.\n|\n|t:|1745958095\n|switch|p2a: Farigiraf|Farigiraf, L50, M|100/100\n|move|p1b: Lunala|Moonblast|p2b: Iron Hands\n|-supereffective|p2b: Iron Hands\n|-damage|p2b: Iron Hands|63/100\n|move|p1a: Raging Bolt|Draco Meteor|p2b: Iron Hands\n|-damage|p2b: Iron Hands|32/100\n|-unboost|p1a: Raging Bolt|spa|2\n|move|p2b: Iron Hands|Wild Charge|p1a: Raging Bolt\n|-damage|p1a: Raging Bolt|21/100\n|-damage|p2b: Iron Hands|18/100|[from] Recoil\n|\n|upkeep\n|turn|3\n|inactive|kazuha12311 has 30 seconds left.\n|\n|t:|1745958126\n|-end|p1a: Raging Bolt|Protosynthesis|[silent]\n|switch|p1a: Koraidon|Koraidon, L50|100/100\n|-weather|SunnyDay|[from] ability: Orichalcum Pulse|[of] p1a: Koraidon\n|-activate|p1a: Koraidon|Orichalcum Pulse|[source]\n|move|p1b: Lunala|Moonblast|p2b: Iron Hands\n|-supereffective|p2b: Iron Hands\n|-damage|p2b: Iron Hands|0 fnt\n|faint|p2b: Iron Hands\n|-end|p2b: Iron Hands|Quark Drive|[silent]\n|move|p2a: Farigiraf|Foul Play|p1b: Lunala\n|-supereffective|p1b: Lunala\n|-damage|p1b: Lunala|71/100\n|\n|-weather|SunnyDay|[upkeep]\n|-heal|p1b: Lunala|78/100|[from] item: Leftovers\n|upkeep\n|\n|t:|1745958144\n|switch|p2b: Calyrex|Calyrex-Ice, L50|100/100\n|-ability|p2b: Calyrex|As One\n|-ability|p2b: Calyrex|Unnerve\n|turn|4\n|\n|t:|1745958162\n|-terastallize|p2b: Calyrex|Fire\n|move|p2a: Farigiraf|Helping Hand|p2b: Calyrex\n|-singleturn|p2b: Calyrex|Helping Hand|[of] p2a: Farigiraf\n|move|p1b: Lunala|Wide Guard|p1b: Lunala\n|-singleturn|p1b: Lunala|Wide Guard\n|move|p1a: Koraidon|Flare Blitz|p2a: Farigiraf\n|-damage|p2a: Farigiraf|29/100\n|-damage|p1a: Koraidon|75/100|[from] Recoil\n|move|p2b: Calyrex|Glacial Lance|p1a: Koraidon|[spread] \n|-activate|p1a: Koraidon|move: Wide Guard\n|-activate|p1b: Lunala|move: Wide Guard\n|\n|-weather|SunnyDay|[upkeep]\n|-heal|p1b: Lunala|84/100|[from] item: Leftovers\n|upkeep\n|turn|5\n|\n|t:|1745958180\n|move|p1a: Koraidon|Protect|p1a: Koraidon\n|-singleturn|p1a: Koraidon|Protect\n|move|p1b: Lunala|Moongeist Beam|p2b: Calyrex\n|-damage|p2b: Calyrex|62/100\n|move|p2a: Farigiraf|Foul Play|p1b: Lunala\n|-supereffective|p1b: Lunala\n|-damage|p1b: Lunala|21/100\n|move|p2b: Calyrex|Glacial Lance|p1a: Koraidon|[spread] p1b\n|-activate|p1a: Koraidon|move: Protect\n|-damage|p1b: Lunala|0 fnt\n|faint|p1b: Lunala\n|-ability|p2b: Calyrex|Chilling Neigh|boost\n|-boost|p2b: Calyrex|atk|1\n|\n|-weather|SunnyDay|[upkeep]\n|-fieldend|move: Electric Terrain\n|upkeep\n|\n|t:|1745958190\n|switch|p1b: Umbreon|Umbreon, L50, M, shiny|100/100\n|turn|6\n|inactive|kazuha12311 has 30 seconds left.\n|inactive|kazuha12311 has 20 seconds left.\n|inactive|kazuha12311 has 15 seconds left.\n|\n|t:|1745958231\n|move|p1a: Koraidon|Flame Charge|p2a: Farigiraf\n|-damage|p2a: Farigiraf|0 fnt\n|-boost|p1a: Koraidon|spe|1\n|faint|p2a: Farigiraf\n|move|p1b: Umbreon|Foul Play|p2b: Calyrex\n|-damage|p2b: Calyrex|3/100\n|move|p2b: Calyrex|Trick Room|p2b: Calyrex\n|-fieldstart|move: Trick Room|[of] p2b: Calyrex\n|\n|-weather|SunnyDay|[upkeep]\n|upkeep\n|\n|t:|1745958233\n|switch|p2a: Miraidon|Miraidon, L50|47/100\n|-fieldstart|move: Electric Terrain|[from] ability: Hadron Engine|[of] p2a: Miraidon\n|turn|7\n|inactive|kazuha12311 has 30 seconds left.\n|inactive|kazuha12311 has 20 seconds left.\n|\n|t:|1745958270\n|move|p1a: Koraidon|Protect|p1a: Koraidon\n|-singleturn|p1a: Koraidon|Protect\n|move|p2b: Calyrex|Glacial Lance|p1a: Koraidon|[spread] p1b\n|-activate|p1a: Koraidon|move: Protect\n|-damage|p1b: Umbreon|47/100\n|move|p1b: Umbreon|Snarl|p2a: Miraidon|[spread] p2a\n|-miss|p1b: Umbreon|p2b: Calyrex\n|-damage|p2a: Miraidon|38/100\n|-unboost|p2a: Miraidon|spa|1\n|move|p2a: Miraidon|Dazzling Gleam|p1b: Umbreon|[spread] p1b\n|-activate|p1a: Koraidon|move: Protect\n|-supereffective|p1b: Umbreon\n|-damage|p1b: Umbreon|5/100\n|\n|-weather|none\n|upkeep\n|turn|8\n|\n|t:|1745958295\n|move|p1a: Koraidon|Protect||[still]\n|-fail|p1a: Koraidon\n|move|p2b: Calyrex|Glacial Lance|p1b: Umbreon|[spread] p1a,p1b\n|-supereffective|p1a: Koraidon\n|-damage|p1a: Koraidon|0 fnt\n|-damage|p1b: Umbreon|0 fnt\n|faint|p1a: Koraidon\n|faint|p1b: Umbreon\n|-ability|p2b: Calyrex|Chilling Neigh|boost\n|-boost|p2b: Calyrex|atk|2\n|move|p2a: Miraidon|Dazzling Gleam|p1: Koraidon|[notarget]\n|-fail|p2a: Miraidon\n|\n|upkeep\n|\n|t:|1745958298\n|switch|p1b: Raging Bolt|Raging Bolt, L50, tera:Fairy|21/100\n|turn|9\n|\n|t:|1745958306\n|move|p1b: Raging Bolt|Thunderclap|p2b: Calyrex\n|-damage|p2b: Calyrex|0 fnt\n|faint|p2b: Calyrex\n|move|p2a: Miraidon|Dazzling Gleam|p1b: Raging Bolt\n|-damage|p1b: Raging Bolt|0 fnt\n|faint|p1b: Raging Bolt\n|-end|p1b: Raging Bolt|Protosynthesis|[silent]\n|\n|win|kazuha12311\n||MatthewJi\u5e7b\u6b87\u79cb\u51a5VGC is ready for game 3.\n||kazuha12311 is ready for game 3.\n|uhtml|next|Next: <a href=\"/battle-gen9vgc2025regibo3-2353464100\"><strong>Game 3 of 3</strong></a>\n", "uploadtime": 1745958542, "views": 6, "formatid": "gen9vgc2025regibo3", "rating": null, "private": 0, "password": null}