{"id": "gen9vgc2025regibo3-2353899863", "format": "[Gen 9] VGC 2025 Reg I (Bo3)", "players": ["Hal8", "majormars"], "log": "|j|\u2606Hal8\n|j|\u2606majormars\n|html|<table width=\"100%\"><tr><td align=\"left\">Hal8</td><td align=\"right\">majormars</tr><tr><td align=\"left\"><i class=\"fa fa-circle\"></i> <i class=\"fa fa-circle-o\"></i> </td><td align=\"right\"><i class=\"fa fa-circle-o\"></i> <i class=\"fa fa-circle-o\"></i> </tr></table>\n|uhtml|bestof|<h2><strong>Game 2</strong> of <a href=\"/game-bestof3-gen9vgc2025regibo3-2353898397\">a best-of-3</a></h2>\n|t:|1746016671\n|gametype|doubles\n|player|p1|Hal8|102|1015\n|player|p2|majormars|sabrina|1030\n|teamsize|p1|6\n|teamsize|p2|6\n|gen|9\n|tier|[Gen 9] VGC 2025 Reg I (Bo3)\n|rated|\n|rule|Species Clause: Limit one of each Pok\u00e9mon\n|rule|Item Clause: Limit 1 of each item\n|clearpoke\n|poke|p1|Zamazenta-*, L50|\n|poke|p1|Calyrex-Shadow, L50|\n|poke|p1|Indeedee-F, L50, F|\n|poke|p1|Urshifu-*, L50, F|\n|poke|p1|Tornadus, L50, M|\n|poke|p1|Gholdengo, L50|\n|poke|p2|Calyrex-Shadow, L50|\n|poke|p2|Mewtwo, L50|\n|poke|p2|Indeedee-F, L50, F|\n|poke|p2|Metagross, L50|\n|poke|p2|Gothitelle, L50, M|\n|poke|p2|Scream Tail, L50|\n|teampreview|4\n|showteam|p1|Zamazenta-Crowned||RustedShield|DauntlessShield|BodyPress,HeavySlam,WideGuard,IronDefense||||||50|,,,,,Dragon]Calyrex-Shadow||FocusSash|AsOneSpectrier|AstralBarrage,ExpandingForce,DrainingKiss,Protect||||||50|,,,,,Fairy]Indeedee-F||PsychicSeed|PsychicSurge|FollowMe,Protect,HelpingHand,DazzlingGleam|||F|||50|,,,,,Fairy]Urshifu||ChoiceBand|UnseenFist|WickedBlow,Uturn,CloseCombat,PoisonJab|||F|||50|,,,,,Poison]Tornadus||MentalHerb|Prankster|Taunt,Tailwind,Protect,BleakwindStorm|||M|||50|,,,,,Dark]Gholdengo||ChoiceSpecs|GoodasGold|Trick,ShadowBall,MakeItRain,DazzlingGleam||||||50|,,,,,Fairy\n|showteam|p2|Calyrex-Shadow||FocusSash|AsOneSpectrier|AstralBarrage,Protect,Imprison,Psyshock||||||50|,,,,,Normal]Mewtwo||TwistedSpoon|Unnerve|Psystrike,ExpandingForce,Protect,AuraSphere||||||50|,,,,,Psychic]Indeedee-F||PsychicSeed|PsychicSurge|HelpingHand,FollowMe,DazzlingGleam,TrickRoom|||F|||50|,,,,,Fairy]Metagross||ChoiceBand|ClearBody|MeteorMash,PsychicFangs,Earthquake,Explosion||||||50|,,,,,Normal]Gothitelle||SitrusBerry|ShadowTag|FakeOut,Protect,TrickRoom,Psychic|||M|||50|,,,,,Steel]Scream Tail||BoosterEnergy|Protosynthesis|PerishSong,Protect,Encore,Disable||||||50|,,,,,Steel\n|inactive|Battle timer is ON: inactive players will automatically lose when time's up. (requested by majormars)\n|\n|t:|1746016709\n|start\n|switch|p1a: Zamazenta|Zamazenta-Crowned, L50|100/100\n|switch|p1b: Calyrex|Calyrex-Shadow, L50|100/100\n|switch|p2a: Scream Tail|Scream Tail, L50|100/100\n|switch|p2b: Gothitelle|Gothitelle, L50, M|100/100\n|-ability|p1b: Calyrex|As One\n|-ability|p1b: Calyrex|Unnerve\n|-ability|p1a: Zamazenta|Dauntless Shield|boost\n|-boost|p1a: Zamazenta|def|1\n|-enditem|p2a: Scream Tail|Booster Energy\n|-activate|p2a: Scream Tail|ability: Protosynthesis|[fromitem]\n|-start|p2a: Scream Tail|protosynthesisspe\n|turn|1\n|l|\u2606majormars\n|inactive|majormars disconnected and has a minute to reconnect!\n|player|p2|\n|\n|t:|1746016726\n|move|p2a: Scream Tail|Protect|p2a: Scream Tail\n|-singleturn|p2a: Scream Tail|Protect\n|move|p2b: Gothitelle|Protect|p2b: Gothitelle\n|-singleturn|p2b: Gothitelle|Protect\n|move|p1b: Calyrex|Astral Barrage|p2b: Gothitelle|[spread] \n|-activate|p2a: Scream Tail|move: Protect\n|-activate|p2b: Gothitelle|move: Protect\n|move|p1a: Zamazenta|Heavy Slam|p2a: Scream Tail\n|-activate|p2a: Scream Tail|move: Protect\n|\n|upkeep\n|turn|2\n|j|\u2606majormars\n|inactive|majormars reconnected and has 40 seconds left.\n|player|p2|majormars|sabrina|\n|inactive|majormars has 30 seconds left.\n|\n|t:|1746016757\n|move|p2a: Scream Tail|Disable|p1b: Calyrex\n|-start|p1b: Calyrex|Disable|Astral Barrage\n|cant|p1b: Calyrex|Disable|Astral Barrage\n|move|p1a: Zamazenta|Iron Defense|p1a: Zamazenta\n|-boost|p1a: Zamazenta|def|2\n|move|p2b: Gothitelle|Psychic|p1a: Zamazenta\n|-damage|p1a: Zamazenta|76/100\n|\n|upkeep\n|turn|3\n|\n|t:|1746016774\n|move|p2a: Scream Tail|Encore|p1a: Zamazenta\n|-start|p1a: Zamazenta|Encore\n|move|p1b: Calyrex|Expanding Force|p2a: Scream Tail\n|-resisted|p2a: Scream Tail\n|-damage|p2a: Scream Tail|83/100\n|move|p1a: Zamazenta|Iron Defense|p1a: Zamazenta\n|-boost|p1a: Zamazenta|def|2\n|move|p2b: Gothitelle|Psychic|p1a: Zamazenta\n|-damage|p1a: Zamazenta|51/100\n|\n|upkeep\n|turn|4\n|\n|t:|1746016789\n|switch|p1b: Urshifu|Urshifu, L50, F|100/100\n|move|p2a: Scream Tail|Disable|p1a: Zamazenta\n|-start|p1a: Zamazenta|Disable|Iron Defense\n|cant|p1a: Zamazenta|Disable|Iron Defense\n|move|p2b: Gothitelle|Psychic|p1a: Zamazenta\n|-damage|p1a: Zamazenta|26/100\n|\n|upkeep\n|turn|5\n|\n|t:|1746016813\n|-terastallize|p2b: Gothitelle|Steel\n|move|p2a: Scream Tail|Perish Song|p2a: Scream Tail\n|-start|p1a: Zamazenta|perish3|[silent]\n|-start|p1b: Urshifu|perish3|[silent]\n|-start|p2a: Scream Tail|perish3|[silent]\n|-start|p2b: Gothitelle|perish3|[silent]\n|-fieldactivate|move: Perish Song\n|-activate|p1a: Zamazenta|move: Struggle\n|move|p1a: Zamazenta|Struggle|p2a: Scream Tail\n|-damage|p2a: Scream Tail|73/100\n|-damage|p1a: Zamazenta|1/100|[from] recoil\n|move|p1b: Urshifu|U-turn|p2b: Gothitelle\n|-resisted|p2b: Gothitelle\n|-damage|p2b: Gothitelle|88/100\n|\n|t:|1746016823\n|switch|p1b: Calyrex|Calyrex-Shadow, L50|100/100|[from] U-turn\n|-ability|p1b: Calyrex|As One\n|-ability|p1b: Calyrex|Unnerve\n|move|p2b: Gothitelle|Psychic|p1a: Zamazenta\n|-damage|p1a: Zamazenta|0 fnt\n|faint|p1a: Zamazenta\n|\n|-start|p2a: Scream Tail|perish3\n|-start|p2b: Gothitelle|perish3\n|upkeep\n|\n|t:|1746016836\n|switch|p1a: Tornadus|Tornadus, L50, M|100/100\n|turn|6\n|\n|t:|1746016848\n|-end|p2a: Scream Tail|Protosynthesis|[silent]\n|switch|p2a: Indeedee|Indeedee-F, L50, F|100/100\n|-fieldstart|move: Psychic Terrain|[from] ability: Psychic Surge|[of] p2a: Indeedee\n|-enditem|p2a: Indeedee|Psychic Seed\n|-boost|p2a: Indeedee|spd|1|[from] item: Psychic Seed\n|move|p1a: Tornadus|Tailwind|p1a: Tornadus\n|-sidestart|p1: Hal8|move: Tailwind\n|move|p1b: Calyrex|Astral Barrage|p2b: Gothitelle|[spread] p2b\n|-immune|p2a: Indeedee\n|-damage|p2b: Gothitelle|33/100\n|move|p2b: Gothitelle|Trick Room|p2b: Gothitelle\n|-fieldstart|move: Trick Room|[of] p2b: Gothitelle\n|\n|-start|p2b: Gothitelle|perish2\n|upkeep\n|turn|7\n|\n|t:|1746016871\n|move|p1a: Tornadus|Taunt|p2a: Indeedee\n|-activate|p2a: Indeedee|move: Psychic Terrain\n|move|p2b: Gothitelle|Psychic|p1a: Tornadus\n|-damage|p1a: Tornadus|64/100\n|move|p2a: Indeedee|Dazzling Gleam|p1a: Tornadus|[spread] p1a,p1b\n|-damage|p1a: Tornadus|50/100\n|-damage|p1b: Calyrex|86/100\n|move|p1b: Calyrex|Expanding Force|p2b: Gothitelle|[spread] p2a,p2b\n|-resisted|p2a: Indeedee\n|-resisted|p2b: Gothitelle\n|-damage|p2a: Indeedee|77/100\n|-damage|p2b: Gothitelle|0 fnt\n|faint|p2b: Gothitelle\n|-ability|p1b: Calyrex|Grim Neigh|boost\n|-boost|p1b: Calyrex|spa|1\n|\n|upkeep\n|\n|t:|1746016879\n|switch|p2b: Calyrex|Calyrex-Shadow, L50|100/100\n|-ability|p2b: Calyrex|As One\n|-ability|p2b: Calyrex|Unnerve\n|turn|8\n|\n|t:|1746016897\n|-terastallize|p1b: Calyrex|Fairy\n|move|p2a: Indeedee|Dazzling Gleam|p1a: Tornadus|[spread] p1a,p1b\n|-damage|p1a: Tornadus|38/100\n|-damage|p1b: Calyrex|72/100\n|move|p2b: Calyrex|Imprison|p2b: Calyrex\n|-start|p2b: Calyrex|move: Imprison\n|move|p1a: Tornadus|Bleakwind Storm|p2a: Indeedee|[spread] p2a,p2b\n|-crit|p2a: Indeedee\n|-damage|p2a: Indeedee|31/100\n|-damage|p2b: Calyrex|66/100\n|cant|p1b: Calyrex|move: Imprison|Astral Barrage\n|\n|upkeep\n|turn|9\n|inactive|Hal8 has 30 seconds left.\n|\n|t:|1746016923\n|move|p2a: Indeedee|Helping Hand|p2b: Calyrex\n|-singleturn|p2b: Calyrex|Helping Hand|[of] p2a: Indeedee\n|move|p2b: Calyrex|Astral Barrage|p1b: Calyrex|[spread] p1a,p1b\n|-damage|p1a: Tornadus|0 fnt\n|-damage|p1b: Calyrex|0 fnt\n|faint|p1a: Tornadus\n|faint|p1b: Calyrex\n|-ability|p2b: Calyrex|Grim Neigh|boost\n|-boost|p2b: Calyrex|spa|2\n|\n|-sideend|p1: Hal8|move: Tailwind\n|upkeep\n|\n|t:|1746016933\n|switch|p1b: Urshifu|Urshifu, L50, F|100/100\n|turn|10\n|\n|t:|1746016941\n|move|p2a: Indeedee|Follow Me|p2a: Indeedee\n|-singleturn|p2a: Indeedee|move: Follow Me\n|move|p1b: Urshifu|Wicked Blow|p2a: Indeedee\n|-supereffective|p2a: Indeedee\n|-crit|p2a: Indeedee\n|-damage|p2a: Indeedee|0 fnt\n|faint|p2a: Indeedee\n|move|p2b: Calyrex|Astral Barrage|p1b: Urshifu\n|-resisted|p1b: Urshifu\n|-damage|p1b: Urshifu|0 fnt\n|faint|p1b: Urshifu\n|\n|win|majormars\n||majormars is ready for game 3.\n||Hal8 is ready for game 3.\n|uhtml|next|Next: <a href=\"/battle-gen9vgc2025regibo3-2353902153\"><strong>Game 3 of 3</strong></a>\n|l|\u2606majormars\n|player|p2|\n|l|\u2606Hal8\n|player|p1|\n", "uploadtime": 1746017293, "views": 6, "formatid": "gen9vgc2025regibo3", "rating": null, "private": 0, "password": null}