{"id": "gen9vgc2025regibo3-2353335578", "format": "[Gen 9] VGC 2025 Reg I (Bo3)", "players": ["kidmilk1", "Squall67"], "log": "|j|\u2606kidmilk1\n|j|\u2606Squall67\n|html|<table width=\"100%\"><tr><td align=\"left\">kidmilk1</td><td align=\"right\">Squall67</tr><tr><td align=\"left\"><i class=\"fa fa-circle\"></i> <i class=\"fa fa-circle-o\"></i> </td><td align=\"right\"><i class=\"fa fa-circle-o\"></i> <i class=\"fa fa-circle-o\"></i> </tr></table>\n|uhtml|bestof|<h2><strong>Game 2</strong> of <a href=\"/game-bestof3-gen9vgc2025regibo3-2353333276\">a best-of-3</a></h2>\n|t:|1745947362\n|gametype|doubles\n|player|p1|kidmilk1|1|1090\n|player|p2|Squall67|hiker|1150\n|teamsize|p1|6\n|teamsize|p2|6\n|gen|9\n|tier|[Gen 9] VGC 2025 Reg I (Bo3)\n|rated|\n|rule|Species Clause: Limit one of each Pok\u00e9mon\n|rule|Item Clause: Limit 1 of each item\n|clearpoke\n|poke|p1|Koraidon, L50|\n|poke|p1|Lunala, L50|\n|poke|p1|Indeedee-F, L50, F|\n|poke|p1|Flutter Mane, L50|\n|poke|p1|Amoonguss, L50, F|\n|poke|p1|Ursaluna, L50, M|\n|poke|p2|Miraidon, L50|\n|poke|p2|Urshifu-*, L50, F|\n|poke|p2|Grimmsnarl, L50, M|\n|poke|p2|Lunala, L50|\n|poke|p2|Incineroar, L50, F|\n|poke|p2|Ogerpon-Cornerstone, L50, F|\n|teampreview|4\n|showteam|p1|Koraidon||ClearAmulet|OrichalcumPulse|FlameCharge,CollisionCourse,FlareBlitz,Protect||||||50|,,,,,Fire]Lunala||PowerHerb|ShadowShield|MeteorBeam,MoongeistBeam,ExpandingForce,Protect||||||50|,,,,,Water]Indeedee-F||AbilityShield|PsychicSurge|FollowMe,HelpingHand,TrickRoom,ShadowBall|||F|||50|,,,,,Grass]Flutter Mane||FocusSash|Protosynthesis|ShadowBall,Moonblast,IcyWind,Protect||||||50|,,,,,Normal]Amoonguss||RockyHelmet|EffectSpore|Spore,RagePowder,SludgeBomb,Protect|||F|||50|,,,,,Fairy]Ursaluna||FlameOrb|Guts|Facade,HeadlongRush,Taunt,Protect|||M|||50|,,,,,Ghost\n|showteam|p2|Miraidon||ChoiceSpecs|HadronEngine|ElectroDrift,DragonPulse,Snarl,VoltSwitch||||||50|,,,,,Electric]Urshifu-Rapid-Strike||ChoiceScarf|UnseenFist|SurgingStrikes,CloseCombat,AquaJet,Uturn|||F|||50|,,,,,Water]Grimmsnarl||LightClay|Prankster|ThunderWave,LightScreen,Reflect,SpiritBreak|||M|||50|,,,,,Ghost]Lunala||PowerHerb|ShadowShield|MeteorBeam,TrickRoom,DazzlingGleam,MoongeistBeam||||||50|,,,,,Water]Incineroar||AssaultVest|Intimidate|FakeOut,KnockOff,DrainPunch,Uturn|||F|||50|,,,,,Fairy]Ogerpon-Cornerstone||CornerstoneMask|Sturdy|SpikyShield,IvyCudgel,KnockOff,FollowMe|||F|||50|,,,,,Rock\n|inactive|Battle timer is ON: inactive players will automatically lose when time's up. (requested by Squall67)\n|\n|t:|1745947384\n|start\n|switch|p1a: Flutter Mane|Flutter Mane, L50|100/100\n|switch|p1b: Amoonguss|Amoonguss, L50, F|100/100\n|switch|p2a: Ogerpon|Ogerpon-Cornerstone, L50, F|100/100\n|switch|p2b: Miraidon|Miraidon, L50|100/100\n|-fieldstart|move: Electric Terrain|[from] ability: Hadron Engine|[of] p2b: Miraidon\n|turn|1\n|\n|t:|1745947407\n|move|p2a: Ogerpon|Follow Me|p2a: Ogerpon\n|-singleturn|p2a: Ogerpon|move: Follow Me\n|move|p1a: Flutter Mane|Moonblast|p2a: Ogerpon\n|-damage|p2a: Ogerpon|43/100\n|-unboost|p2a: Ogerpon|spa|1\n|move|p2b: Miraidon|Volt Switch|p1a: Flutter Mane\n|-damage|p1a: Flutter Mane|4/100\n|\n|t:|1745947409\n|switch|p2b: Grimmsnarl|Grimmsnarl, L50, M, shiny|100/100|[from] Volt Switch\n|move|p1b: Amoonguss|Sludge Bomb|p2a: Ogerpon\n|-damage|p2a: Ogerpon|10/100\n|-status|p2a: Ogerpon|psn\n|\n|-damage|p2a: Ogerpon|0 fnt|[from] psn\n|faint|p2a: Ogerpon\n|upkeep\n|\n|t:|1745947421\n|switch|p2a: Lunala|Lunala, L50|100/100\n|turn|2\n|inactive|kidmilk1 has 30 seconds left.\n|\n|t:|1745947450\n|-terastallize|p2a: Lunala|Water\n|move|p1b: Amoonguss|Rage Powder|p1b: Amoonguss\n|-singleturn|p1b: Amoonguss|move: Rage Powder\n|move|p2b: Grimmsnarl|Light Screen|p2b: Grimmsnarl\n|-sidestart|p2: Squall67|move: Light Screen\n|move|p1a: Flutter Mane|Shadow Ball|p2a: Lunala\n|-damage|p2a: Lunala|91/100\n|move|p2a: Lunala|Meteor Beam||[still]\n|-prepare|p2a: Lunala|Meteor Beam\n|-boost|p2a: Lunala|spa|1\n|-enditem|p2a: Lunala|Power Herb\n|-anim|p2a: Lunala|Meteor Beam|p1b: Amoonguss\n|-damage|p1b: Amoonguss|44/100\n|\n|upkeep\n|turn|3\n|\n|t:|1745947471\n|move|p1b: Amoonguss|Rage Powder|p1b: Amoonguss\n|-singleturn|p1b: Amoonguss|move: Rage Powder\n|move|p1a: Flutter Mane|Moonblast|p2a: Lunala\n|-damage|p2a: Lunala|66/100\n|-unboost|p2a: Lunala|spa|1\n|move|p2b: Grimmsnarl|Spirit Break|p1b: Amoonguss\n|-resisted|p1b: Amoonguss\n|-damage|p1b: Amoonguss|32/100\n|-unboost|p1b: Amoonguss|spa|1\n|-damage|p2b: Grimmsnarl|84/100|[from] item: Rocky Helmet|[of] p1b: Amoonguss\n|move|p2a: Lunala|Trick Room|p2a: Lunala\n|-fieldstart|move: Trick Room|[of] p2a: Lunala\n|\n|upkeep\n|turn|4\n|\n|t:|1745947494\n|move|p1b: Amoonguss|Protect|p1b: Amoonguss\n|-singleturn|p1b: Amoonguss|Protect\n|move|p1a: Flutter Mane|Protect|p1a: Flutter Mane\n|-singleturn|p1a: Flutter Mane|Protect\n|move|p2b: Grimmsnarl|Thunder Wave|p1b: Amoonguss\n|-activate|p1b: Amoonguss|move: Protect\n|move|p2a: Lunala|Dazzling Gleam|p1b: Amoonguss|[spread] \n|-activate|p1a: Flutter Mane|move: Protect\n|-activate|p1b: Amoonguss|move: Protect\n|\n|upkeep\n|turn|5\n|inactive|kidmilk1 has 30 seconds left.\n|\n|t:|1745947521\n|move|p2b: Grimmsnarl|Thunder Wave|p1b: Amoonguss\n|-status|p1b: Amoonguss|par\n|move|p1b: Amoonguss|Sludge Bomb|p2b: Grimmsnarl\n|-supereffective|p2b: Grimmsnarl\n|-damage|p2b: Grimmsnarl|58/100\n|move|p2a: Lunala|Dazzling Gleam|p1a: Flutter Mane|[spread] p1a,p1b\n|-resisted|p1b: Amoonguss\n|-damage|p1a: Flutter Mane|0 fnt\n|-damage|p1b: Amoonguss|23/100 par\n|faint|p1a: Flutter Mane\n|-end|p1a: Flutter Mane|Protosynthesis|[silent]\n|\n|-fieldend|move: Electric Terrain\n|upkeep\n|\n|t:|1745947536\n|switch|p1a: Lunala|Lunala, L50|100/100\n|turn|6\n|\n|t:|1745947550\n|-terastallize|p1a: Lunala|Water\n|move|p1b: Amoonguss|Spore|p2b: Grimmsnarl\n|-status|p2b: Grimmsnarl|slp|[from] move: Spore\n|cant|p2b: Grimmsnarl|slp\n|move|p1a: Lunala|Meteor Beam||[still]\n|-prepare|p1a: Lunala|Meteor Beam\n|-boost|p1a: Lunala|spa|1\n|-enditem|p1a: Lunala|Power Herb\n|-anim|p1a: Lunala|Meteor Beam|p2a: Lunala\n|-damage|p2a: Lunala|35/100\n|move|p2a: Lunala|Moongeist Beam|p1a: Lunala\n|-damage|p1a: Lunala|81/100\n|\n|upkeep\n|turn|7\n|inactive|Squall67 has 30 seconds left.\n|\n|t:|1745947581\n|switch|p2a: Miraidon|Miraidon, L50|100/100\n|-fieldstart|move: Electric Terrain|[from] ability: Hadron Engine|[of] p2a: Miraidon\n|move|p1b: Amoonguss|Rage Powder|p1b: Amoonguss\n|-singleturn|p1b: Amoonguss|move: Rage Powder\n|-curestatus|p2b: Grimmsnarl|slp|[msg]\n|move|p2b: Grimmsnarl|Spirit Break|p1b: Amoonguss\n|-resisted|p1b: Amoonguss\n|-damage|p1b: Amoonguss|10/100 par\n|-unboost|p1b: Amoonguss|spa|1\n|-damage|p2b: Grimmsnarl|42/100|[from] item: Rocky Helmet|[of] p1b: Amoonguss\n|-status|p2b: Grimmsnarl|par|[from] ability: Effect Spore|[of] p1b: Amoonguss\n|move|p1a: Lunala|Moongeist Beam|p2a: Miraidon\n|-damage|p2a: Miraidon|52/100\n|\n|-fieldend|move: Trick Room\n|upkeep\n|turn|8\n|inactive|kidmilk1 has 30 seconds left.\n|\n|t:|1745947610\n|move|p1a: Lunala|Protect|p1a: Lunala\n|-singleturn|p1a: Lunala|Protect\n|move|p2a: Miraidon|Volt Switch|p1a: Lunala\n|-activate|p1a: Lunala|move: Protect\n|move|p2b: Grimmsnarl|Spirit Break|p1a: Lunala\n|-activate|p1a: Lunala|move: Protect\n|move|p1b: Amoonguss|Sludge Bomb|p2a: Miraidon\n|-damage|p2a: Miraidon|45/100\n|\n|upkeep\n|turn|9\n|c|\u2606Squall67|effect spor?!\n|\n|t:|1745947632\n|move|p1b: Amoonguss|Rage Powder|p1b: Amoonguss\n|-singleturn|p1b: Amoonguss|move: Rage Powder\n|move|p2a: Miraidon|Volt Switch|p1b: Amoonguss\n|-resisted|p1b: Amoonguss\n|-damage|p1b: Amoonguss|0 fnt\n|faint|p1b: Amoonguss\n|\n|t:|1745947634\n|switch|p2a: Lunala|Lunala, L50, tera:Water|35/100|[from] Volt Switch\n|move|p1a: Lunala|Moongeist Beam|p2a: Lunala\n|-damage|p2a: Lunala|0 fnt\n|faint|p2a: Lunala\n|move|p2b: Grimmsnarl|Spirit Break|p1a: Lunala\n|-damage|p1a: Lunala|56/100\n|-unboost|p1a: Lunala|spa|1\n|\n|-sideend|p2: Squall67|move: Light Screen\n|upkeep\n|\n|t:|1745947652\n|switch|p2a: Miraidon|Miraidon, L50|45/100\n|switch|p1b: Koraidon|Koraidon, L50|100/100\n|-activate|p2a: Miraidon|ability: Hadron Engine\n|-weather|SunnyDay|[from] ability: Orichalcum Pulse|[of] p1b: Koraidon\n|-activate|p1b: Koraidon|Orichalcum Pulse|[source]\n|turn|10\n|\n|t:|1745947663\n|move|p1b: Koraidon|Protect|p1b: Koraidon\n|-singleturn|p1b: Koraidon|Protect\n|move|p2b: Grimmsnarl|Thunder Wave|p1b: Koraidon\n|-activate|p1b: Koraidon|move: Protect\n|move|p2a: Miraidon|Dragon Pulse|p1b: Koraidon\n|-activate|p1b: Koraidon|move: Protect\n|move|p1a: Lunala|Moongeist Beam|p2a: Miraidon\n|-damage|p2a: Miraidon|0 fnt\n|faint|p2a: Miraidon\n|\n|-weather|SunnyDay|[upkeep]\n|upkeep\n|turn|11\n|c|\u2606Squall67|gg\n|-message|Squall67 forfeited.\n|\n|win|kidmilk1\n|raw|kidmilk1's rating: 1090 &rarr; <strong>1121</strong><br />(+31 for winning)\n|raw|Squall67's rating: 1150 &rarr; <strong>1121</strong><br />(-29 for losing)\n", "uploadtime": 1745947680, "views": 14, "formatid": "gen9vgc2025regibo3", "rating": 1121, "private": 0, "password": null}