{"id": "gen9vgc2025regibo3-2355126727", "format": "[Gen 9] VGC 2025 Reg I (Bo3)", "players": ["gsgsysnsns", "is_katabo"], "log": "|j|\u2606gsgsysnsns\n|j|\u2606is_katabo\n|html|<table width=\"100%\"><tr><td align=\"left\">gsgsysnsns</td><td align=\"right\">is_katabo</tr><tr><td align=\"left\"><i class=\"fa fa-circle-o\"></i> <i class=\"fa fa-circle-o\"></i> </td><td align=\"right\"><i class=\"fa fa-circle-o\"></i> <i class=\"fa fa-circle\"></i> </tr></table>\n|uhtml|bestof|<h2><strong>Game 2</strong> of <a href=\"/game-bestof3-gen9vgc2025regibo3-2355125053\">a best-of-3</a></h2>\n|t:|1746155861\n|gametype|doubles\n|player|p1|gsgsysnsns|beauty-gen5bw2|1081\n|player|p2|is_katabo|caitlin|1237\n|teamsize|p1|6\n|teamsize|p2|6\n|gen|9\n|tier|[Gen 9] VGC 2025 Reg I (Bo3)\n|rated|\n|rule|Species Clause: Limit one of each Pok\u00e9mon\n|rule|Item Clause: Limit 1 of each item\n|clearpoke\n|poke|p1|Calyrex-Shadow, L50|\n|poke|p1|Zamazenta-*, L50|\n|poke|p1|Incineroar, L50, F|\n|poke|p1|Rillaboom, L50, F|\n|poke|p1|Ogerpon-Cornerstone, L50, F|\n|poke|p1|Pelipper, L50, M|\n|poke|p2|Koraidon, L50|\n|poke|p2|Calyrex-Shadow, L50|\n|poke|p2|Chi-Yu, L50|\n|poke|p2|Indeedee-F, L50, F|\n|poke|p2|Brute Bonnet, L50|\n|poke|p2|Flutter Mane, L50|\n|teampreview|4\n|showteam|p1|Calyrex-Shadow||LifeOrb|AsOneSpectrier|AstralBarrage,Psychic,NastyPlot,Protect||||||50|,,,,,Normal]Zamazenta-Crowned||RustedShield|DauntlessShield|BodyPress,behemothbash,WideGuard,Protect||||||50|,,,,,Water]Incineroar||RockyHelmet|Intimidate|KnockOff,FlareBlitz,PartingShot,FakeOut|||F|||50|,,,,,Water]Rillaboom||AssaultVest|GrassySurge|WoodHammer,GrassyGlide,Uturn,FakeOut|||F|||50|,,,,,Fire]Ogerpon-Cornerstone||CornerstoneMask|Sturdy|IvyCudgel,GrassyGlide,FollowMe,SpikyShield|||F|||50|,,,,,Rock]Pelipper||FocusSash|Drizzle|WeatherBall,Hurricane,Tailwind,WideGuard|||M|||50|,,,,,Ghost\n|showteam|p2|Koraidon||LifeOrb|OrichalcumPulse|CloseCombat,FlareBlitz,FlameCharge,Protect||||||50|,,,,,Fire]Calyrex-Shadow||FocusSash|AsOneSpectrier|AstralBarrage,ExpandingForce,ShadowBall,Protect||||||50|,,,,,Ghost]Chi-Yu||ChoiceScarf|BeadsofRuin|DarkPulse,Snarl,HeatWave,Overheat||||||50|,,,,,Ghost]Indeedee-F||RockyHelmet|PsychicSurge|Psychic,FollowMe,HelpingHand,TrickRoom|||F|||50|,,,,,Water]Brute Bonnet||CovertCloak|Protosynthesis|SeedBomb,SuckerPunch,RagePowder,Spore||||||50|,,,,,Water]Flutter Mane||BoosterEnergy|Protosynthesis|Moonblast,IcyWind,Taunt,Protect||||||50|,,,,,Water\n|inactive|Battle timer is ON: inactive players will automatically lose when time's up. (requested by gsgsysnsns)\n|inactive|is_katabo has 60 seconds left.\n|\n|t:|1746155908\n|start\n|switch|p1a: Rillaboom|Rillaboom, L50, F|100/100\n|switch|p1b: Incineroar|Incineroar, L50, F|100/100\n|switch|p2a: Shulker Box|Brute Bonnet, L50|100/100\n|switch|p2b: Ghast|Flutter Mane, L50|100/100\n|-fieldstart|move: Grassy Terrain|[from] ability: Grassy Surge|[of] p1a: Rillaboom\n|-ability|p1b: Incineroar|Intimidate|boost\n|-unboost|p2a: Shulker Box|atk|1\n|-unboost|p2b: Ghast|atk|1\n|-enditem|p2b: Ghast|Booster Energy\n|-activate|p2b: Ghast|ability: Protosynthesis|[fromitem]\n|-start|p2b: Ghast|protosynthesisspe\n|turn|1\n|inactive|is_katabo has 30 seconds left.\n|inactive|gsgsysnsns has 30 seconds left.\n|\n|t:|1746155940\n|-end|p2b: Ghast|Protosynthesis|[silent]\n|switch|p2b: Chicken|Koraidon, L50|100/100\n|-weather|SunnyDay|[from] ability: Orichalcum Pulse|[of] p2b: Chicken\n|-activate|p2a: Shulker Box|ability: Protosynthesis\n|-start|p2a: Shulker Box|protosynthesisdef\n|-activate|p2b: Chicken|Orichalcum Pulse|[source]\n|move|p1a: Rillaboom|U-turn|p2a: Shulker Box\n|-supereffective|p2a: Shulker Box\n|-damage|p2a: Shulker Box|55/100\n|\n|t:|1746155950\n|switch|p1a: Calyrex|Calyrex-Shadow, L50|100/100|[from] U-turn\n|-ability|p1a: Calyrex|As One\n|-ability|p1a: Calyrex|Unnerve\n|move|p1b: Incineroar|Flare Blitz|p2a: Shulker Box\n|-supereffective|p2a: Shulker Box\n|-damage|p2a: Shulker Box|0 fnt\n|faint|p2a: Shulker Box\n|-end|p2a: Shulker Box|Protosynthesis|[silent]\n|-damage|p1b: Incineroar|81/100|[from] Recoil\n|\n|-weather|SunnyDay|[upkeep]\n|-heal|p1b: Incineroar|87/100|[from] Grassy Terrain\n|upkeep\n|\n|t:|1746155963\n|switch|p2a: Ghast|Flutter Mane, L50|100/100\n|-activate|p2a: Ghast|ability: Protosynthesis\n|-start|p2a: Ghast|protosynthesisspe\n|turn|2\n|\n|t:|1746155981\n|-terastallize|p2a: Ghast|Water\n|-terastallize|p1a: Calyrex|Normal\n|move|p1b: Incineroar|Fake Out||[still]\n|-hint|Fake Out only works on your first turn out.\n|-fail|p1b: Incineroar\n|move|p2a: Ghast|Icy Wind|p1b: Incineroar|[spread] p1a,p1b\n|-resisted|p1b: Incineroar\n|-damage|p1a: Calyrex|89/100\n|-damage|p1b: Incineroar|82/100\n|-unboost|p1a: Calyrex|spe|1\n|-unboost|p1b: Incineroar|spe|1\n|move|p2b: Chicken|Close Combat|p1b: Incineroar\n|-supereffective|p1b: Incineroar\n|-damage|p1b: Incineroar|0 fnt\n|-unboost|p2b: Chicken|def|1\n|-unboost|p2b: Chicken|spd|1\n|-damage|p2b: Chicken|84/100|[from] item: Rocky Helmet|[of] p1b: Incineroar\n|faint|p1b: Incineroar\n|-damage|p2b: Chicken|74/100|[from] item: Life Orb\n|move|p1a: Calyrex|Astral Barrage|p2b: Chicken|[spread] p2a,p2b\n|-damage|p2a: Ghast|33/100\n|-damage|p2b: Chicken|0 fnt\n|faint|p2b: Chicken\n|-ability|p1a: Calyrex|Grim Neigh|boost\n|-boost|p1a: Calyrex|spa|1\n|-damage|p1a: Calyrex|79/100|[from] item: Life Orb\n|\n|-weather|SunnyDay|[upkeep]\n|-heal|p2a: Ghast|39/100|[from] Grassy Terrain\n|-heal|p1a: Calyrex|85/100|[from] Grassy Terrain\n|upkeep\n|inactive|is_katabo has 30 seconds left.\n|\n|t:|1746156006\n|switch|p2b: Pufferfish|Chi-Yu, L50|100/100\n|switch|p1b: Zamazenta|Zamazenta-Crowned, L50|100/100\n|-ability|p2b: Pufferfish|Beads of Ruin\n|-ability|p1b: Zamazenta|Dauntless Shield|boost\n|-boost|p1b: Zamazenta|def|1\n|turn|3\n|\n|t:|1746156027\n|move|p1b: Zamazenta|Protect|p1b: Zamazenta\n|-singleturn|p1b: Zamazenta|Protect\n|move|p1a: Calyrex|Protect|p1a: Calyrex\n|-singleturn|p1a: Calyrex|Protect\n|move|p2a: Ghast|Taunt|p1b: Zamazenta\n|-activate|p1b: Zamazenta|move: Protect\n|move|p2b: Pufferfish|Heat Wave|p1a: Calyrex|[spread] \n|-activate|p1a: Calyrex|move: Protect\n|-activate|p1b: Zamazenta|move: Protect\n|\n|-weather|SunnyDay|[upkeep]\n|-heal|p2a: Ghast|45/100|[from] Grassy Terrain\n|-heal|p1a: Calyrex|92/100|[from] Grassy Terrain\n|upkeep\n|turn|4\n|\n|t:|1746156043\n|move|p1b: Zamazenta|Wide Guard|p1b: Zamazenta\n|-singleturn|p1b: Zamazenta|Wide Guard\n|move|p2a: Ghast|Moonblast|p1a: Calyrex\n|-damage|p1a: Calyrex|36/100\n|move|p2b: Pufferfish|Heat Wave|p1a: Calyrex|[spread] \n|-activate|p1a: Calyrex|move: Wide Guard\n|-activate|p1b: Zamazenta|move: Wide Guard\n|move|p1a: Calyrex|Astral Barrage|p2b: Pufferfish|[spread] p2a,p2b\n|-resisted|p2b: Pufferfish\n|-damage|p2a: Ghast|0 fnt\n|-damage|p2b: Pufferfish|40/100\n|faint|p2a: Ghast\n|-end|p2a: Ghast|Protosynthesis|[silent]\n|-ability|p1a: Calyrex|Grim Neigh|boost\n|-boost|p1a: Calyrex|spa|1\n|-damage|p1a: Calyrex|27/100|[from] item: Life Orb\n|\n|-weather|SunnyDay|[upkeep]\n|-heal|p2b: Pufferfish|47/100|[from] Grassy Terrain\n|-heal|p1a: Calyrex|33/100|[from] Grassy Terrain\n|upkeep\n|turn|5\n|-message|is_katabo forfeited.\n|\n|win|gsgsysnsns\n||gsgsysnsns is ready for game 3.\n", "uploadtime": 1746156062, "views": 3, "formatid": "gen9vgc2025regibo3", "rating": null, "private": 0, "password": null}