{"id": "gen9vgc2025regibo3-2353714288", "format": "[Gen 9] VGC 2025 Reg I (Bo3)", "players": ["R4ka", "Comedier"], "log": "|j|\u2606R4ka\n|j|\u2606Comedier\n|html|<table width=\"100%\"><tr><td align=\"left\">R4ka</td><td align=\"right\">Comedier</tr><tr><td align=\"left\"><i class=\"fa fa-circle-o\"></i> <i class=\"fa fa-circle-o\"></i> </td><td align=\"right\"><i class=\"fa fa-circle-o\"></i> <i class=\"fa fa-circle\"></i> </tr></table>\n|uhtml|bestof|<h2><strong>Game 2</strong> of <a href=\"/game-bestof3-gen9vgc2025regibo3-2353711741\">a best-of-3</a></h2>\n|t:|1745987500\n|gametype|doubles\n|player|p1|R4ka|riley|1284\n|player|p2|Comedier|irida|1226\n|teamsize|p1|6\n|teamsize|p2|6\n|gen|9\n|tier|[Gen 9] VGC 2025 Reg I (Bo3)\n|rated|\n|rule|Species Clause: Limit one of each Pok\u00e9mon\n|rule|Item Clause: Limit 1 of each item\n|clearpoke\n|poke|p1|Miraidon, L50|\n|poke|p1|Lunala, L50|\n|poke|p1|Whimsicott, L50, F|\n|poke|p1|Chi-Yu, L50|\n|poke|p1|Urshifu-*, L50, F|\n|poke|p1|Iron Hands, L50|\n|poke|p2|Calyrex-Shadow, L50|\n|poke|p2|Zamazenta-*, L50|\n|poke|p2|Urshifu-*, L50, M|\n|poke|p2|Incineroar, L50, M|\n|poke|p2|Rillaboom, L50, F|\n|poke|p2|Tornadus, L50, M|\n|teampreview|4\n|showteam|p1|Miraidon||ChoiceSpecs|HadronEngine|ElectroDrift,VoltSwitch,DracoMeteor,DazzlingGleam||||||50|,,,,,Fairy]Lunala||ElectricSeed|ShadowShield|MoongeistBeam,Psyshock,TrickRoom,WideGuard||||||50|,,,,,Water]Whimsicott||CovertCloak|Prankster|Moonblast,Tailwind,Encore,LightScreen|||F|||50|,,,,,Dark]Chi-Yu||ChoiceScarf|BeadsofRuin|HeatWave,DarkPulse,Overheat,Snarl||||||50|,,,,,Ghost]Urshifu-Rapid-Strike||FocusSash|UnseenFist|SurgingStrikes,CloseCombat,AquaJet,Detect|||F|||50|,,,,,Stellar]Iron Hands||AssaultVest|QuarkDrive|DrainPunch,LowKick,HeavySlam,FakeOut||||||50|,,,,,Water\n|showteam|p2|Calyrex-Shadow||LifeOrb|AsOneSpectrier|AstralBarrage,Psychic,Substitute,Protect||||||50|,,,,,Grass]Zamazenta-Crowned||RustedShield|DauntlessShield|BodyPress,HeavySlam,WideGuard,Protect||||||50|,,,,,Ghost]Urshifu-Rapid-Strike||ChoiceScarf|UnseenFist|SurgingStrikes,CloseCombat,Uturn,AquaJet|||M|||50|,,,,,Water]Incineroar||RockyHelmet|Intimidate|FakeOut,FlareBlitz,HelpingHand,Uturn|||M|||50|,,,,,Bug]Rillaboom||AssaultVest|GrassySurge|GrassyGlide,FakeOut,WoodHammer,Uturn|||F|||50|,,,,,Water]Tornadus||CovertCloak|Prankster|RainDance,Tailwind,BleakwindStorm,Taunt|||M|||50|,,,,,Dark\n|inactive|Battle timer is ON: inactive players will automatically lose when time's up. (requested by Comedier)\n|inactive|Comedier has 60 seconds left.\n|\n|t:|1745987532\n|start\n|switch|p1a: Miraidon|Miraidon, L50|100/100\n|switch|p1b: Whimsicott|Whimsicott, L50, F|100/100\n|switch|p2a: Rillaboom|Rillaboom, L50, F|100/100\n|switch|p2b: Zamazenta|Zamazenta-Crowned, L50|100/100\n|-fieldstart|move: Electric Terrain|[from] ability: Hadron Engine|[of] p1a: Miraidon\n|-ability|p2b: Zamazenta|Dauntless Shield|boost\n|-boost|p2b: Zamazenta|def|1\n|-fieldstart|move: Grassy Terrain|[from] ability: Grassy Surge|[of] p2a: Rillaboom\n|turn|1\n|inactive|Comedier has 30 seconds left.\n|\n|t:|1745987560\n|switch|p1a: Chi-Yu|Chi-Yu, L50|100/100\n|-ability|p1a: Chi-Yu|Beads of Ruin\n|switch|p1b: Iron Hands|Iron Hands, L50|100/100\n|move|p2a: Rillaboom|Fake Out|p1a: Chi-Yu\n|-damage|p1a: Chi-Yu|79/100\n|move|p2b: Zamazenta|Body Press|p1a: Chi-Yu\n|-supereffective|p1a: Chi-Yu\n|-damage|p1a: Chi-Yu|0 fnt\n|faint|p1a: Chi-Yu\n|\n|upkeep\n|\n|t:|1745987576\n|switch|p1a: Miraidon|Miraidon, L50|100/100\n|-fieldstart|move: Electric Terrain|[from] ability: Hadron Engine|[of] p1a: Miraidon\n|-activate|p1b: Iron Hands|ability: Quark Drive\n|-start|p1b: Iron Hands|quarkdriveatk\n|turn|2\n|inactive|Comedier has 30 seconds left.\n|inactive|Comedier has 20 seconds left.\n|\n|t:|1745987613\n|move|p1b: Iron Hands|Fake Out|p2b: Zamazenta\n|-resisted|p2b: Zamazenta\n|-damage|p2b: Zamazenta|96/100\n|move|p1a: Miraidon|Electro Drift|p2a: Rillaboom\n|-resisted|p2a: Rillaboom\n|-damage|p2a: Rillaboom|56/100\n|cant|p2b: Zamazenta|flinch\n|move|p2a: Rillaboom|U-turn|p1a: Miraidon\n|-damage|p1a: Miraidon|77/100\n|\n|t:|1745987619\n|switch|p2a: Calyrex|Calyrex-Shadow, L50|100/100|[from] U-turn\n|-ability|p2a: Calyrex|As One\n|-ability|p2a: Calyrex|Unnerve\n|\n|upkeep\n|turn|3\n|inactive|Comedier has 30 seconds left.\n|\n|t:|1745987652\n|-terastallize|p2a: Calyrex|Grass\n|-terastallize|p1a: Miraidon|Fairy\n|move|p2a: Calyrex|Astral Barrage|p1b: Iron Hands|[spread] p1a,p1b\n|-damage|p1a: Miraidon|26/100\n|-damage|p1b: Iron Hands|68/100\n|-damage|p2a: Calyrex|91/100|[from] item: Life Orb\n|move|p1a: Miraidon|Electro Drift|p2a: Calyrex\n|-resisted|p2a: Calyrex\n|-damage|p2a: Calyrex|27/100\n|move|p2b: Zamazenta|Body Press|p1a: Miraidon\n|-resisted|p1a: Miraidon\n|-damage|p1a: Miraidon|0 fnt\n|faint|p1a: Miraidon\n|move|p1b: Iron Hands|Heavy Slam|p2a: Calyrex\n|-damage|p2a: Calyrex|0 fnt\n|faint|p2a: Calyrex\n|\n|upkeep\n|\n|t:|1745987674\n|switch|p2a: Rillaboom|Rillaboom, L50, F|56/100\n|switch|p1a: Whimsicott|Whimsicott, L50, F|100/100\n|-fieldstart|move: Grassy Terrain|[from] ability: Grassy Surge|[of] p2a: Rillaboom\n|-end|p1b: Iron Hands|Quark Drive\n|turn|4\n|\n|t:|1745987686\n|move|p2a: Rillaboom|Fake Out|p1b: Iron Hands\n|-damage|p1b: Iron Hands|59/100\n|move|p1a: Whimsicott|Encore|p2b: Zamazenta\n|-start|p2b: Zamazenta|Encore\n|move|p2b: Zamazenta|Body Press|p1a: Whimsicott\n|-resisted|p1a: Whimsicott\n|-damage|p1a: Whimsicott|63/100\n|cant|p1b: Iron Hands|flinch\n|\n|-heal|p2b: Zamazenta|100/100|[from] Grassy Terrain\n|-heal|p1a: Whimsicott|69/100|[from] Grassy Terrain\n|-heal|p2a: Rillaboom|62/100|[from] Grassy Terrain\n|-heal|p1b: Iron Hands|66/100|[from] Grassy Terrain\n|upkeep\n|turn|5\n|inactive|R4ka has 30 seconds left.\n|inactive|R4ka has 20 seconds left.\n|inactive|R4ka has 15 seconds left.\n|\n|t:|1745987728\n|switch|p2a: Urshifu|Urshifu-Rapid-Strike, L50, M|100/100\n|move|p1a: Whimsicott|Encore||[still]\n|-fail|p1a: Whimsicott\n|move|p2b: Zamazenta|Body Press|p1b: Iron Hands\n|-damage|p1b: Iron Hands|20/100\n|move|p1b: Iron Hands|Low Kick|p2b: Zamazenta\n|-supereffective|p2b: Zamazenta\n|-damage|p2b: Zamazenta|42/100\n|\n|-heal|p2b: Zamazenta|48/100|[from] Grassy Terrain\n|-heal|p1a: Whimsicott|75/100|[from] Grassy Terrain\n|-heal|p1b: Iron Hands|27/100|[from] Grassy Terrain\n|upkeep\n|turn|6\n|inactive|R4ka has 30 seconds left.\n|\n|t:|1745987761\n|move|p2a: Urshifu|Surging Strikes|p1b: Iron Hands\n|-crit|p1b: Iron Hands\n|-damage|p1b: Iron Hands|14/100\n|-crit|p1b: Iron Hands\n|-damage|p1b: Iron Hands|0 fnt\n|faint|p1b: Iron Hands\n|-end|p1b: Iron Hands|Quark Drive|[silent]\n|-hitcount|p1: Iron Hands|2\n|move|p2b: Zamazenta|Body Press|p1a: Whimsicott\n|-resisted|p1a: Whimsicott\n|-damage|p1a: Whimsicott|41/100\n|move|p1a: Whimsicott|Moonblast|p2a: Urshifu\n|-supereffective|p2a: Urshifu\n|-damage|p2a: Urshifu|18/100\n|\n|-heal|p2a: Urshifu|24/100|[from] Grassy Terrain\n|-heal|p2b: Zamazenta|54/100|[from] Grassy Terrain\n|-heal|p1a: Whimsicott|47/100|[from] Grassy Terrain\n|-end|p2b: Zamazenta|Encore\n|upkeep\n|turn|7\n|\n|t:|1745987778\n|move|p2a: Urshifu|Surging Strikes|p1a: Whimsicott\n|-resisted|p1a: Whimsicott\n|-crit|p1a: Whimsicott\n|-damage|p1a: Whimsicott|35/100\n|-resisted|p1a: Whimsicott\n|-crit|p1a: Whimsicott\n|-damage|p1a: Whimsicott|22/100\n|-resisted|p1a: Whimsicott\n|-crit|p1a: Whimsicott\n|-damage|p1a: Whimsicott|11/100\n|-hitcount|p1a: Whimsicott|3\n|move|p2b: Zamazenta|Heavy Slam|p1a: Whimsicott\n|-supereffective|p1a: Whimsicott\n|-damage|p1a: Whimsicott|0 fnt\n|faint|p1a: Whimsicott\n|\n|win|Comedier\n|raw|R4ka's rating: 1284 &rarr; <strong>1255</strong><br />(-29 for losing)\n|raw|Comedier's rating: 1226 &rarr; <strong>1255</strong><br />(+29 for winning)\n|l|\u2606Comedier\n|player|p2|\n", "uploadtime": 1745987837, "views": 8, "formatid": "gen9vgc2025regibo3", "rating": 1255, "private": 0, "password": null}