{"id": "gen9vgc2025regibo3-2353982048", "format": "[Gen 9] VGC 2025 Reg I (Bo3)", "players": ["arm fire", "TheBlindTurkey"], "log": "|j|\u2606arm fire\n|j|\u2606TheBlindTurkey\n|html|<table width=\"100%\"><tr><td align=\"left\">arm fire</td><td align=\"right\">TheBlindTurkey</tr><tr><td align=\"left\"><i class=\"fa fa-circle\"></i> <i class=\"fa fa-circle-o\"></i> </td><td align=\"right\"><i class=\"fa fa-circle-o\"></i> <i class=\"fa fa-circle\"></i> </tr></table>\n|uhtml|bestof|<h2><strong>Game 3</strong> of <a href=\"/game-bestof3-gen9vgc2025regibo3-2353973390\">a best-of-3</a></h2>\n|t:|1746024743\n|gametype|doubles\n|player|p1|arm fire|flannery|1148\n|player|p2|TheBlindTurkey|crasherwake|1176\n|teamsize|p1|6\n|teamsize|p2|6\n|gen|9\n|tier|[Gen 9] VGC 2025 Reg I (Bo3)\n|rated|\n|rule|Species Clause: Limit one of each Pok\u00e9mon\n|rule|Item Clause: Limit 1 of each item\n|clearpoke\n|poke|p1|Ho-Oh, L50|\n|poke|p1|Miraidon, L50|\n|poke|p1|Urshifu-*, L50, F|\n|poke|p1|Iron Treads, L50|\n|poke|p1|Iron Hands, L50|\n|poke|p1|Farigiraf, L50, M|\n|poke|p2|Ho-Oh, L50|\n|poke|p2|Koraidon, L50|\n|poke|p2|Indeedee-F, L50, F|\n|poke|p2|Ursaluna, L50, F|\n|poke|p2|Chien-Pao, L50|\n|poke|p2|Raging Bolt, L50|\n|teampreview|4\n|showteam|p1|Ho-Oh||ClearAmulet|Regenerator|SacredFire,BraveBird,Tailwind,Protect||||||50|,,,,,Grass]Miraidon||ChoiceSpecs|HadronEngine|ElectroDrift,VoltSwitch,DazzlingGleam,DracoMeteor||||||50|,,,,,Fairy]Urshifu||FocusSash|UnseenFist|Protect,CloseCombat,SuckerPunch,WickedBlow|||F|||50|,,,,,Dark]Iron Treads||LifeOrb|QuarkDrive|KnockOff,HighHorsepower,IronHead,Protect||||||50|,,,,,Ground]Iron Hands||AssaultVest|QuarkDrive|DrainPunch,WildCharge,FakeOut,LowKick||||||50|,,,,,Fire]Farigiraf||ElectricSeed|ArmorTail|TrickRoom,Psychic,FoulPlay,HelpingHand|||M|||50|,,,,,Water\n|showteam|p2|Ho-Oh||ClearAmulet|Regenerator|Tailwind,Protect,SacredFire,BraveBird||||||50|,,,,,Grass]Koraidon||LifeOrb|OrichalcumPulse|FlareBlitz,CloseCombat,FlameCharge,Protect||||||50|,,,,,Fire]Indeedee-F||PsychicSeed|PsychicSurge|Psychic,TrickRoom,FollowMe,HelpingHand|||F|||50|,,,,,Water]Ursaluna||FlameOrb|Guts|Protect,Facade,Earthquake,HeadlongRush|||F|||50|,,,,,Ghost]Chien-Pao||FocusSash|SwordofRuin|IceSpinner,SuckerPunch,Crunch,Protect||||||50|,,,,,Stellar]Raging Bolt||AssaultVest|Protosynthesis|Electroweb,Thunderbolt,DracoMeteor,Thunderclap||||||50|,,,,,Electric\n|inactive|Battle timer is ON: inactive players will automatically lose when time's up. (requested by arm fire)\n|inactive|TheBlindTurkey has 60 seconds left.\n|\n|t:|1746024786\n|start\n|switch|p1a: Miraidon|Miraidon, L50|100/100\n|switch|p1b: Iron Treads|Iron Treads, L50|100/100\n|switch|p2a: Ho-Oh|Ho-Oh, L50, shiny|100/100\n|switch|p2b: Koraidon|Koraidon, L50|100/100\n|-weather|SunnyDay|[from] ability: Orichalcum Pulse|[of] p2b: Koraidon\n|-activate|p2b: Koraidon|Orichalcum Pulse|[source]\n|-fieldstart|move: Electric Terrain|[from] ability: Hadron Engine|[of] p1a: Miraidon\n|-activate|p1b: Iron Treads|ability: Quark Drive\n|-start|p1b: Iron Treads|quarkdrivespe\n|turn|1\n|inactive|arm fire has 30 seconds left.\n|inactive|TheBlindTurkey has 30 seconds left.\n|inactive|arm fire has 20 seconds left.\n|inactive|TheBlindTurkey has 20 seconds left.\n|inactive|arm fire has 15 seconds left.\n|inactive|TheBlindTurkey has 15 seconds left.\n|inactive|arm fire has 10 seconds left.\n|inactive|arm fire has 5 seconds left.\n|\n|t:|1746024837\n|-terastallize|p2a: Ho-Oh|Grass\n|move|p1b: Iron Treads|Protect|p1b: Iron Treads\n|-singleturn|p1b: Iron Treads|Protect\n|move|p2b: Koraidon|Protect|p2b: Koraidon\n|-singleturn|p2b: Koraidon|Protect\n|move|p1a: Miraidon|Volt Switch|p2a: Ho-Oh\n|-resisted|p2a: Ho-Oh\n|-damage|p2a: Ho-Oh|75/100\n|\n|t:|1746024850\n|switch|p1a: Iron Hands|Iron Hands, L50|100/100|[from] Volt Switch\n|-activate|p1a: Iron Hands|ability: Quark Drive\n|-start|p1a: Iron Hands|quarkdriveatk\n|move|p2a: Ho-Oh|Tailwind|p2a: Ho-Oh\n|-sidestart|p2: TheBlindTurkey|move: Tailwind\n|\n|-weather|SunnyDay|[upkeep]\n|upkeep\n|turn|2\n|inactive|arm fire has 30 seconds left.\n|inactive|TheBlindTurkey has 30 seconds left.\n|\n|t:|1746024880\n|switch|p2a: Raging Bolt|Raging Bolt, L50|100/100\n|-activate|p2a: Raging Bolt|ability: Protosynthesis\n|-start|p2a: Raging Bolt|protosynthesisspa\n|-terastallize|p1a: Iron Hands|Fire\n|move|p1a: Iron Hands|Fake Out|p2b: Koraidon\n|-damage|p2b: Koraidon|82/100\n|cant|p2b: Koraidon|flinch\n|move|p1b: Iron Treads|High Horsepower|p2b: Koraidon\n|-damage|p2b: Koraidon|32/100\n|-damage|p1b: Iron Treads|91/100|[from] item: Life Orb\n|\n|-weather|SunnyDay|[upkeep]\n|upkeep\n|turn|3\n|inactive|arm fire has 30 seconds left.\n|inactive|TheBlindTurkey has 30 seconds left.\n|inactive|arm fire has 20 seconds left.\n|inactive|TheBlindTurkey has 20 seconds left.\n|inactive|TheBlindTurkey has 15 seconds left.\n|inactive|TheBlindTurkey has 10 seconds left.\n|\n|t:|1746024926\n|move|p1b: Iron Treads|Protect|p1b: Iron Treads\n|-singleturn|p1b: Iron Treads|Protect\n|move|p2b: Koraidon|Close Combat|p1a: Iron Hands\n|-damage|p1a: Iron Hands|34/100\n|-unboost|p2b: Koraidon|def|1\n|-unboost|p2b: Koraidon|spd|1\n|-damage|p2b: Koraidon|22/100|[from] item: Life Orb\n|move|p2a: Raging Bolt|Thunderbolt|p1a: Iron Hands\n|-damage|p1a: Iron Hands|0 fnt\n|faint|p1a: Iron Hands\n|-end|p1a: Iron Hands|Quark Drive|[silent]\n|\n|-weather|SunnyDay|[upkeep]\n|upkeep\n|\n|t:|1746024939\n|switch|p1a: Miraidon|Miraidon, L50|100/100\n|-activate|p1a: Miraidon|ability: Hadron Engine\n|turn|4\n|inactive|TheBlindTurkey has 30 seconds left.\n|\n|t:|1746024973\n|move|p2b: Koraidon|Flame Charge|p1b: Iron Treads\n|-supereffective|p1b: Iron Treads\n|-damage|p1b: Iron Treads|7/100\n|-boost|p2b: Koraidon|spe|1\n|-damage|p2b: Koraidon|12/100|[from] item: Life Orb\n|move|p1b: Iron Treads|High Horsepower|p2a: Raging Bolt\n|-supereffective|p2a: Raging Bolt\n|-damage|p2a: Raging Bolt|0 fnt\n|faint|p2a: Raging Bolt\n|-end|p2a: Raging Bolt|Protosynthesis|[silent]\n|-damage|p1b: Iron Treads|0 fnt|[from] item: Life Orb\n|faint|p1b: Iron Treads\n|-end|p1b: Iron Treads|Quark Drive|[silent]\n|move|p1a: Miraidon|Dazzling Gleam|p2b: Koraidon\n|-supereffective|p2b: Koraidon\n|-crit|p2b: Koraidon\n|-damage|p2b: Koraidon|0 fnt\n|faint|p2b: Koraidon\n|\n|-weather|SunnyDay|[upkeep]\n|-sideend|p2: TheBlindTurkey|move: Tailwind\n|upkeep\n|\n|t:|1746024984\n|switch|p2b: Chien-Pao|Chien-Pao, L50|100/100\n|switch|p1b: Urshifu|Urshifu, L50, F|100/100\n|switch|p2a: Ho-Oh|Ho-Oh, L50, shiny, tera:Grass|100/100\n|-ability|p2b: Chien-Pao|Sword of Ruin\n|turn|5\n|inactive|TheBlindTurkey has 30 seconds left.\n|\n|t:|1746025011\n|move|p1b: Urshifu|Sucker Punch|p2b: Chien-Pao\n|-resisted|p2b: Chien-Pao\n|-crit|p2b: Chien-Pao\n|-damage|p2b: Chien-Pao|60/100\n|move|p2b: Chien-Pao|Ice Spinner|p1a: Miraidon\n|-supereffective|p1a: Miraidon\n|-damage|p1a: Miraidon|6/100\n|-fieldend|move: Electric Terrain\n|move|p1a: Miraidon|Dazzling Gleam|p2a: Ho-Oh|[spread] p2a,p2b\n|-supereffective|p2b: Chien-Pao\n|-damage|p2a: Ho-Oh|84/100\n|-damage|p2b: Chien-Pao|0 fnt\n|faint|p2b: Chien-Pao\n|move|p2a: Ho-Oh|Sacred Fire|p1b: Urshifu\n|-damage|p1b: Urshifu|6/100\n|-status|p1b: Urshifu|brn\n|\n|-weather|none\n|-damage|p1b: Urshifu|0 fnt|[from] brn\n|faint|p1b: Urshifu\n|upkeep\n|turn|6\n|\n|t:|1746025026\n|move|p1a: Miraidon|Dazzling Gleam|p2a: Ho-Oh\n|-damage|p2a: Ho-Oh|62/100\n|move|p2a: Ho-Oh|Brave Bird|p1a: Miraidon\n|-resisted|p1a: Miraidon\n|-damage|p1a: Miraidon|0 fnt\n|faint|p1a: Miraidon\n|-damage|p2a: Ho-Oh|60/100|[from] Recoil\n|\n|win|TheBlindTurkey\n|raw|arm fire's rating: 1148 &rarr; <strong>1125</strong><br />(-23 for losing)\n|raw|TheBlindTurkey's rating: 1176 &rarr; <strong>1199</strong><br />(+23 for winning)\n|l|\u2606arm fire\n|player|p1|\n", "uploadtime": 1746025077, "views": 7, "formatid": "gen9vgc2025regibo3", "rating": 1125, "private": 0, "password": null}