{"id": "gen9vgc2025regibo3-2353794998", "format": "[Gen 9] VGC 2025 Reg I (Bo3)", "players": ["TimmyRuspa", "bnma123"], "log": "|j|\u2606TimmyRuspa\n|j|\u2606bnma123\n|html|<table width=\"100%\"><tr><td align=\"left\">TimmyRuspa</td><td align=\"right\">bnma123</tr><tr><td align=\"left\"><i class=\"fa fa-circle\"></i> <i class=\"fa fa-circle-o\"></i> </td><td align=\"right\"><i class=\"fa fa-circle-o\"></i> <i class=\"fa fa-circle-o\"></i> </tr></table>\n|uhtml|bestof|<h2><strong>Game 2</strong> of <a href=\"/game-bestof3-gen9vgc2025regibo3-2353792741\">a best-of-3</a></h2>\n|t:|1746001193\n|gametype|doubles\n|player|p1|TimmyRuspa|wattson|1132\n|player|p2|bnma123|266|1131\n|teamsize|p1|6\n|teamsize|p2|6\n|gen|9\n|tier|[Gen 9] VGC 2025 Reg I (Bo3)\n|rated|\n|rule|Species Clause: Limit one of each Pok\u00e9mon\n|rule|Item Clause: Limit 1 of each item\n|clearpoke\n|poke|p1|Ho-Oh, L50|\n|poke|p1|Grimmsnarl, L50, M|\n|poke|p1|Terapagos, L50, M|\n|poke|p1|Rillaboom, L50, F|\n|poke|p1|Amoonguss, L50, F|\n|poke|p1|Urshifu-*, L50, M|\n|poke|p2|Miraidon, L50|\n|poke|p2|Incineroar, L50, F|\n|poke|p2|Scream Tail, L50|\n|poke|p2|Calyrex-Ice, L50|\n|poke|p2|Amoonguss, L50, F|\n|poke|p2|Flutter Mane, L50|\n|teampreview|4\n|showteam|p1|Ho-Oh||ClearAmulet|Regenerator|SacredFire,BraveBird,Protect,LifeDew||||||50|,,,,,Grass]Grimmsnarl||LightClay|Prankster|SpiritBreak,PartingShot,Reflect,ThunderWave|||M|||50|,,,,,Ghost]Terapagos||Leftovers|TeraShift|TeraStarstorm,EarthPower,CalmMind,Protect|||M|||50|,,,,,Stellar]Rillaboom||AssaultVest|GrassySurge|FakeOut,GrassyGlide,WoodHammer,Uturn|||F|||50|,,,,,Grass]Amoonguss||RockyHelmet|Regenerator|SludgeBomb,Spore,RagePowder,Protect|||F|||50|,,,,,Grass]Urshifu-Rapid-Strike||ChoiceScarf|UnseenFist|SurgingStrikes,CloseCombat,Uturn,Coaching|||M|||50|,,,,,Water\n|showteam|p2|Miraidon||WeaknessPolicy|HadronEngine|Protect,ElectroDrift,DazzlingGleam,DracoMeteor||||||50|,,,,,Fairy]Incineroar||SafetyGoggles|Intimidate|PartingShot,FakeOut,Taunt,KnockOff|||F|||50|,,,,,Ghost]Scream Tail||BoosterEnergy|Protosynthesis|Encore,Disable,GyroBall,LightScreen||||||50|,,,,,Dark]Calyrex-Ice||ClearAmulet|AsOneGlastrier|GlacialLance,HighHorsepower,Protect,DrainingKiss||||||50|,,,,,Dark]Amoonguss||ElectricSeed|EffectSpore|RagePowder,Spore,Protect,ClearSmog|||F|||50|,,,,,Dark]Flutter Mane||FocusSash|Protosynthesis|Moonblast,IcyWind,ShadowBall,Protect||||||50|,,,,,Ghost\n|\n|t:|1746001217\n|start\n|switch|p1a: Terapagos|Terapagos, L50, M|100/100\n|switch|p1b: Rillaboom|Rillaboom, L50, F|100/100\n|switch|p2a: Miraidon|Miraidon, L50|100/100\n|switch|p2b: Scream Tail|Scream Tail, L50|100/100\n|-activate|p1a: Terapagos|ability: Tera Shift\n|detailschange|p1a: Terapagos|Terapagos-Terastal, L50, M\n|-heal|p1a: Terapagos|100/100|[silent]\n|-fieldstart|move: Electric Terrain|[from] ability: Hadron Engine|[of] p2a: Miraidon\n|-fieldstart|move: Grassy Terrain|[from] ability: Grassy Surge|[of] p1b: Rillaboom\n|-enditem|p2b: Scream Tail|Booster Energy\n|-activate|p2b: Scream Tail|ability: Protosynthesis|[fromitem]\n|-start|p2b: Scream Tail|protosynthesisspe\n|turn|1\n|\n|t:|1746001251\n|move|p1b: Rillaboom|Fake Out|p2b: Scream Tail\n|-damage|p2b: Scream Tail|90/100\n|cant|p2b: Scream Tail|flinch\n|move|p2a: Miraidon|Draco Meteor|p1b: Rillaboom\n|-damage|p1b: Rillaboom|54/100\n|-unboost|p2a: Miraidon|spa|2\n|move|p1a: Terapagos|Calm Mind|p1a: Terapagos\n|-boost|p1a: Terapagos|spa|1\n|-boost|p1a: Terapagos|spd|1\n|\n|-heal|p2b: Scream Tail|96/100|[from] Grassy Terrain\n|-heal|p1b: Rillaboom|60/100|[from] Grassy Terrain\n|upkeep\n|turn|2\n|\n|t:|1746001279\n|switch|p2a: Calyrex|Calyrex-Ice, L50|100/100\n|-ability|p2a: Calyrex|As One\n|-ability|p2a: Calyrex|Unnerve\n|move|p2b: Scream Tail|Encore|p1a: Terapagos\n|-start|p1a: Terapagos|Encore\n|move|p1b: Rillaboom|U-turn|p2b: Scream Tail\n|-damage|p2b: Scream Tail|78/100\n|\n|t:|1746001291\n|switch|p1b: Ho-Oh|Ho-Oh, L50|100/100|[from] U-turn\n|move|p1a: Terapagos|Calm Mind|p1a: Terapagos\n|-boost|p1a: Terapagos|spa|1\n|-boost|p1a: Terapagos|spd|1\n|\n|-heal|p2b: Scream Tail|84/100|[from] Grassy Terrain\n|upkeep\n|turn|3\n|\n|t:|1746001311\n|move|p2b: Scream Tail|Disable|p1a: Terapagos\n|-start|p1a: Terapagos|Disable|Calm Mind\n|move|p1b: Ho-Oh|Sacred Fire|p2b: Scream Tail\n|-damage|p2b: Scream Tail|44/100\n|-status|p2b: Scream Tail|brn\n|move|p2a: Calyrex|Glacial Lance|p1a: Terapagos|[spread] p1a,p1b\n|-activate|p1a: Terapagos|ability: Tera Shell\n|-resisted|p1a: Terapagos\n|-damage|p1a: Terapagos|83/100\n|-damage|p1b: Ho-Oh|58/100\n|cant|p1a: Terapagos|Disable|Calm Mind\n|\n|-heal|p2b: Scream Tail|50/100 brn|[from] Grassy Terrain\n|-heal|p1a: Terapagos|90/100|[from] Grassy Terrain\n|-heal|p1a: Terapagos|96/100|[from] item: Leftovers\n|-damage|p2b: Scream Tail|44/100 brn|[from] brn\n|upkeep\n|turn|4\n|\n|t:|1746001355\n|move|p2b: Scream Tail|Disable|p1b: Ho-Oh\n|-start|p1b: Ho-Oh|Disable|Sacred Fire\n|move|p2a: Calyrex|Glacial Lance|p1a: Terapagos|[spread] p1a,p1b\n|-damage|p1a: Terapagos|58/100\n|-damage|p1b: Ho-Oh|15/100\n|cant|p1b: Ho-Oh|Disable|Sacred Fire\n|-activate|p1a: Terapagos|move: Struggle\n|move|p1a: Terapagos|Struggle|p2b: Scream Tail\n|-damage|p2b: Scream Tail|36/100 brn\n|-damage|p1a: Terapagos|33/100|[from] recoil\n|\n|-heal|p2b: Scream Tail|42/100 brn|[from] Grassy Terrain\n|-heal|p1a: Terapagos|39/100|[from] Grassy Terrain\n|-heal|p1a: Terapagos|46/100|[from] item: Leftovers\n|-damage|p2b: Scream Tail|36/100 brn|[from] brn\n|-end|p1a: Terapagos|Encore\n|upkeep\n|turn|5\n|\n|t:|1746001423\n|-terastallize|p1a: Terapagos|Stellar\n|detailschange|p1a: Terapagos|Terapagos-Stellar, L50, M, tera:Stellar\n|-heal|p1a: Terapagos|59/100|[silent]\n|-ability|p1a: Terapagos|Teraform Zero\n|-fieldend|move: Grassy Terrain\n|move|p2b: Scream Tail|Light Screen|p2b: Scream Tail\n|-sidestart|p2: bnma123|move: Light Screen\n|move|p2a: Calyrex|Glacial Lance|p1a: Terapagos|[spread] p1a,p1b\n|-damage|p1a: Terapagos|33/100\n|-damage|p1b: Ho-Oh|0 fnt\n|faint|p1b: Ho-Oh\n|-ability|p2a: Calyrex|Chilling Neigh|boost\n|-boost|p2a: Calyrex|atk|1\n|move|p1a: Terapagos|Tera Starstorm|p2a: Calyrex|[spread] p2a,p2b\n|-damage|p2a: Calyrex|66/100\n|-damage|p2b: Scream Tail|0 fnt\n|faint|p2b: Scream Tail\n|-end|p2b: Scream Tail|Protosynthesis|[silent]\n|\n|-heal|p1a: Terapagos|39/100|[from] item: Leftovers\n|upkeep\n|\n|t:|1746001456\n|switch|p2b: Amoonguss|Amoonguss, L50, F|100/100\n|switch|p1b: Amoonguss|Amoonguss, L50, F|100/100\n|turn|6\n|\n|t:|1746001484\n|move|p2a: Calyrex|Glacial Lance|p1b: Amoonguss|[spread] p1a,p1b\n|-supereffective|p1b: Amoonguss\n|-damage|p1a: Terapagos|0 fnt\n|-damage|p1b: Amoonguss|0 fnt\n|faint|p1a: Terapagos\n|faint|p1b: Amoonguss\n|-ability|p2a: Calyrex|Chilling Neigh|boost\n|-boost|p2a: Calyrex|atk|2\n|move|p2b: Amoonguss|Spore|p1: Terapagos|[notarget]\n|-fail|p2b: Amoonguss\n|\n|upkeep\n|-message|TimmyRuspa forfeited.\n|\n|win|bnma123\n||TimmyRuspa is ready for game 3.\n|inactive|bnma123 has 30 seconds to confirm battle start!\n|l|\u2606TimmyRuspa\n|player|p1|\n|inactive|bnma123 has 20 seconds to confirm battle start!\n||bnma123 is ready for game 3.\n|uhtml|next|Next: <a href=\"/battle-gen9vgc2025regibo3-2353796892\"><strong>Game 3 of 3</strong></a>\n", "uploadtime": 1746001856, "views": 10, "formatid": "gen9vgc2025regibo3", "rating": null, "private": 0, "password": null}