{"id": "gen9vgc2025regibo3-2354579094", "format": "[Gen 9] VGC 2025 Reg I (Bo3)", "players": ["TacoBurger", "ooni boe"], "log": "|j|\u2606TacoBurger\n|j|\u2606ooni boe\n|html|<table width=\"100%\"><tr><td align=\"left\">TacoBurger</td><td align=\"right\">ooni boe</tr><tr><td align=\"left\"><i class=\"fa fa-circle-o\"></i> <i class=\"fa fa-circle-o\"></i> </td><td align=\"right\"><i class=\"fa fa-circle-o\"></i> <i class=\"fa fa-circle-o\"></i> </tr></table>\n|uhtml|bestof|<h2><strong>Game 1</strong> of <a href=\"/game-bestof3-gen9vgc2025regibo3-2354579092\">a best-of-3</a></h2>\n|t:|1746097828\n|gametype|doubles\n|player|p1|TacoBurger|266|1081\n|player|p2|ooni boe|ninjaboy|1042\n|teamsize|p1|6\n|teamsize|p2|6\n|gen|9\n|tier|[Gen 9] VGC 2025 Reg I (Bo3)\n|rated|\n|rule|Species Clause: Limit one of each Pok\u00e9mon\n|rule|Item Clause: Limit 1 of each item\n|clearpoke\n|poke|p1|Zamazenta-*, L50|\n|poke|p1|Kyogre, L50|\n|poke|p1|Tornadus, L50, M|\n|poke|p1|Rillaboom, L50, M|\n|poke|p1|Urshifu-*, L50, F|\n|poke|p1|Chien-Pao, L50|\n|poke|p2|Lunala, L50|\n|poke|p2|Kyogre, L50|\n|poke|p2|Urshifu-*, L50, F|\n|poke|p2|Indeedee-F, L50, F|\n|poke|p2|Tornadus, L50, M|\n|poke|p2|Landorus, L50, M|\n|teampreview|4\n|showteam|p1|Zamazenta-Crowned||RustedShield|DauntlessShield|BodyPress,HeavySlam,WideGuard,Protect||||||50|,,,,,Dragon]Kyogre||MysticWater|Drizzle|WaterSpout,OriginPulse,IceBeam,Protect||||||50|,,,,,Water]Tornadus||CovertCloak|Prankster|BleakwindStorm,Tailwind,RainDance,Taunt|||M|||50|,,,,,Dark]Rillaboom||AssaultVest|GrassySurge|FakeOut,GrassyGlide,WoodHammer,Uturn|||M|||50|,,,,,Fire]Urshifu-Rapid-Strike||SplashPlate|UnseenFist|SurgingStrikes,AquaJet,CloseCombat,Detect|||F|||50|,,,,,Water]Chien-Pao||FocusSash|SwordofRuin|IcicleCrash,Crunch,SuckerPunch,Protect||||||50|,,,,,Ghost\n|showteam|p2|Lunala||PowerHerb|ShadowShield|WideGuard,MeteorBeam,ExpandingForce,MoongeistBeam||||||50|,,,,,Fairy]Kyogre||ChoiceSpecs|Drizzle|WaterSpout,OriginPulse,Thunder,IceBeam||||||50|,,,,,Water]Urshifu-Rapid-Strike||MysticWater|UnseenFist|SurgingStrikes,AquaJet,CloseCombat,Detect|||F|||50|,,,,,Water]Indeedee-F||PsychicSeed|PsychicSurge|FollowMe,TrickRoom,Imprison,Psychic|||F|||50|,,,,,Fairy]Tornadus||FocusSash|Prankster|BleakwindStorm,Tailwind,Protect,ScaryFace|||M|||50|,,,,,Steel]Landorus||LifeOrb|SheerForce|SludgeBomb,EarthPower,SandsearStorm,Protect|||M|||50|,,,,,Poison\n|inactive|Battle timer is ON: inactive players will automatically lose when time's up. (requested by ooni boe)\n|inactive|TacoBurger has 60 seconds left.\n|\n|t:|1746097897\n|start\n|switch|p1a: Kyogre|Kyogre, L50|100/100\n|switch|p1b: Rillaboom|Rillaboom, L50, M|100/100\n|switch|p2a: Kyogre|Kyogre, L50|100/100\n|switch|p2b: Tornadus|Tornadus, L50, M|100/100\n|-weather|RainDance|[from] ability: Drizzle|[of] p2a: Kyogre\n|-fieldstart|move: Grassy Terrain|[from] ability: Grassy Surge|[of] p1b: Rillaboom\n|turn|1\n|inactive|TacoBurger has 30 seconds left.\n|\n|t:|1746097925\n|switch|p2a: Lunala|Lunala, L50|100/100\n|move|p2b: Tornadus|Bleakwind Storm|p1b: Rillaboom|[spread] p1a,p1b\n|-supereffective|p1b: Rillaboom\n|-damage|p1a: Kyogre|75/100\n|-damage|p1b: Rillaboom|53/100\n|-unboost|p1a: Kyogre|spe|1\n|move|p1b: Rillaboom|Wood Hammer|p2a: Lunala\n|-damage|p2a: Lunala|70/100\n|-damage|p1b: Rillaboom|40/100|[from] Recoil\n|move|p1a: Kyogre|Origin Pulse|p2b: Tornadus|[spread] p2a,p2b\n|-damage|p2a: Lunala|11/100\n|-enditem|p2b: Tornadus|Focus Sash\n|-damage|p2b: Tornadus|1/100\n|\n|-weather|RainDance|[upkeep]\n|-heal|p1b: Rillaboom|46/100|[from] Grassy Terrain\n|-heal|p2a: Lunala|17/100|[from] Grassy Terrain\n|-heal|p1a: Kyogre|81/100|[from] Grassy Terrain\n|upkeep\n|turn|2\n|inactive|TacoBurger has 30 seconds left.\n|\n|t:|1746097950\n|move|p1a: Kyogre|Protect|p1a: Kyogre\n|-singleturn|p1a: Kyogre|Protect\n|move|p2a: Lunala|Wide Guard|p2a: Lunala\n|-singleturn|p2a: Lunala|Wide Guard\n|move|p1b: Rillaboom|Grassy Glide|p2b: Tornadus\n|-resisted|p2b: Tornadus\n|-damage|p2b: Tornadus|0 fnt\n|faint|p2b: Tornadus\n|\n|-weather|RainDance|[upkeep]\n|-heal|p1b: Rillaboom|53/100|[from] Grassy Terrain\n|-heal|p2a: Lunala|23/100|[from] Grassy Terrain\n|-heal|p1a: Kyogre|87/100|[from] Grassy Terrain\n|upkeep\n|\n|t:|1746097965\n|switch|p2b: Kyogre|Kyogre, L50|100/100\n|turn|3\n|inactive|TacoBurger has 30 seconds left.\n|\n|t:|1746097996\n|move|p1b: Rillaboom|Grassy Glide|p2b: Kyogre\n|-supereffective|p2b: Kyogre\n|-damage|p2b: Kyogre|24/100\n|move|p2b: Kyogre|Thunder|p1a: Kyogre\n|-supereffective|p1a: Kyogre\n|-damage|p1a: Kyogre|0 fnt\n|faint|p1a: Kyogre\n|move|p2a: Lunala|Meteor Beam||[still]\n|-prepare|p2a: Lunala|Meteor Beam\n|-boost|p2a: Lunala|spa|1\n|-enditem|p2a: Lunala|Power Herb\n|-anim|p2a: Lunala|Meteor Beam|p1b: Rillaboom\n|-damage|p1b: Rillaboom|8/100\n|\n|-weather|RainDance|[upkeep]\n|-heal|p2b: Kyogre|31/100|[from] Grassy Terrain\n|-heal|p1b: Rillaboom|15/100|[from] Grassy Terrain\n|-heal|p2a: Lunala|29/100|[from] Grassy Terrain\n|upkeep\n|inactive|TacoBurger has 30 seconds left.\n|\n|t:|1746098030\n|switch|p1a: Zamazenta|Zamazenta-Crowned, L50|100/100\n|-ability|p1a: Zamazenta|Dauntless Shield|boost\n|-boost|p1a: Zamazenta|def|1\n|turn|4\n|inactive|TacoBurger has 30 seconds left.\n|\n|t:|1746098059\n|switch|p2b: Urshifu|Urshifu-Rapid-Strike, L50, F|100/100\n|move|p1a: Zamazenta|Protect|p1a: Zamazenta\n|-singleturn|p1a: Zamazenta|Protect\n|move|p1b: Rillaboom|Grassy Glide|p2a: Lunala\n|-damage|p2a: Lunala|1/100\n|move|p2a: Lunala|Moongeist Beam|p1b: Rillaboom\n|-damage|p1b: Rillaboom|0 fnt\n|faint|p1b: Rillaboom\n|\n|-weather|RainDance|[upkeep]\n|-heal|p2a: Lunala|7/100|[from] Grassy Terrain\n|upkeep\n|\n|t:|1746098074\n|switch|p1b: Chien-Pao|Chien-Pao, L50|100/100\n|-ability|p1b: Chien-Pao|Sword of Ruin\n|turn|5\n|inactive|TacoBurger has 30 seconds left.\n|inactive|TacoBurger has 20 seconds left.\n|\n|t:|1746098111\n|-terastallize|p1b: Chien-Pao|Ghost\n|-terastallize|p2b: Urshifu|Water\n|move|p1b: Chien-Pao|Crunch|p2a: Lunala\n|-supereffective|p2a: Lunala\n|-damage|p2a: Lunala|0 fnt\n|faint|p2a: Lunala\n|move|p2b: Urshifu|Surging Strikes|p1a: Zamazenta\n|-crit|p1a: Zamazenta\n|-damage|p1a: Zamazenta|58/100\n|-crit|p1a: Zamazenta\n|-damage|p1a: Zamazenta|20/100\n|-crit|p1a: Zamazenta\n|-damage|p1a: Zamazenta|0 fnt\n|faint|p1a: Zamazenta\n|-hitcount|p1: Zamazenta|3\n|\n|-weather|none\n|-fieldend|move: Grassy Terrain\n|upkeep\n|\n|t:|1746098127\n|switch|p2a: Kyogre|Kyogre, L50|31/100\n|-weather|RainDance|[from] ability: Drizzle|[of] p2a: Kyogre\n|turn|6\n|\n|t:|1746098147\n|move|p1b: Chien-Pao|Sucker Punch|p2b: Urshifu\n|-damage|p2b: Urshifu|54/100\n|move|p2b: Urshifu|Surging Strikes|p1b: Chien-Pao\n|-crit|p1b: Chien-Pao\n|-damage|p1b: Chien-Pao|33/100\n|-crit|p1b: Chien-Pao\n|-damage|p1b: Chien-Pao|0 fnt\n|faint|p1b: Chien-Pao\n|-hitcount|p1: Chien-Pao|2\n|\n|win|ooni boe\n", "uploadtime": 1746098156, "views": 11, "formatid": "gen9vgc2025regibo3", "rating": null, "private": 0, "password": null}