{"id": "gen9vgc2025regibo3-2354849720", "format": "[Gen 9] VGC 2025 Reg I (Bo3)", "players": ["moik.trainer", "albermapruebas2"], "log": "|j|\u2606moik.trainer\n|j|\u2606albermapruebas2\n|html|<table width=\"100%\"><tr><td align=\"left\">moik.trainer</td><td align=\"right\">albermapruebas2</tr><tr><td align=\"left\"><i class=\"fa fa-circle\"></i> <i class=\"fa fa-circle-o\"></i> </td><td align=\"right\"><i class=\"fa fa-circle-o\"></i> <i class=\"fa fa-circle-o\"></i> </tr></table>\n|uhtml|bestof|<h2><strong>Game 2</strong> of <a href=\"/game-bestof3-gen9vgc2025regibo3-2354845781\">a best-of-3</a></h2>\n|t:|1746125146\n|gametype|doubles\n|player|p1|moik.trainer|266|1048\n|player|p2|albermapruebas2|roughneck|1000\n|teamsize|p1|6\n|teamsize|p2|6\n|gen|9\n|tier|[Gen 9] VGC 2025 Reg I (Bo3)\n|rated|\n|rule|Species Clause: Limit one of each Pok\u00e9mon\n|rule|Item Clause: Limit 1 of each item\n|clearpoke\n|poke|p1|Indeedee-F, L50, F|\n|poke|p1|Koraidon, L50|\n|poke|p1|Whimsicott, L50, F|\n|poke|p1|Chi-Yu, L50|\n|poke|p1|Terapagos, L50, M|\n|poke|p1|Raging Bolt, L50|\n|poke|p2|Zamazenta-*, L50|\n|poke|p2|Calyrex-Shadow, L50|\n|poke|p2|Incineroar, L50, M|\n|poke|p2|Rillaboom, L50, F|\n|poke|p2|Urshifu-*, L50, F|\n|poke|p2|Tornadus, L50, M|\n|teampreview|4\n|showteam|p1|Indeedee-F||RockyHelmet|PsychicSurge|TrickRoom,HelpingHand,FollowMe,AlluringVoice|||F|||50|,,,,,Grass]Koraidon||LifeOrb|OrichalcumPulse|FlameCharge,CollisionCourse,FlareBlitz,Protect||||||50|,,,,,Fire]Whimsicott||CovertCloak|Prankster|SunnyDay,Tailwind,CottonSpore,Protect|||F|||50|,,,,,Dark]Chi-Yu||ChoiceScarf|BeadsofRuin|Overheat,HeatWave,Psychic,DarkPulse||||||50|,,,,,Ghost]Terapagos||Leftovers|TeraShift|DarkPulse,TeraStarstorm,Protect,CalmMind|||M|||50|,,,,,Stellar]Raging Bolt||AssaultVest|Protosynthesis|Thunderclap,VoltSwitch,Electroweb,DracoMeteor||||||50|,,,,,Fairy\n|showteam|p2|Zamazenta-Crowned||RustedShield|DauntlessShield|BodyPress,HeavySlam,WideGuard,Protect||||||50|,,,,,Dragon]Calyrex-Shadow||LifeOrb|AsOneSpectrier|AstralBarrage,Psychic,NastyPlot,Protect||||||50|,,,,,Dark]Incineroar||RockyHelmet|Intimidate|FakeOut,KnockOff,WillOWisp,PartingShot|||M|||50|,,,,,Bug]Rillaboom||AssaultVest|GrassySurge|FakeOut,WoodHammer,GrassyGlide,Uturn|||F|||50|,,,,,Water]Urshifu-Rapid-Strike||ChoiceScarf|UnseenFist|SurgingStrikes,CloseCombat,AquaJet,Uturn|||F|||50|,,,,,Water]Tornadus||CovertCloak|Prankster|BleakwindStorm,Taunt,RainDance,Tailwind|||M|||50|,,,,,Dark\n|inactive|Battle timer is ON: inactive players will automatically lose when time's up. (requested by albermapruebas2)\n|inactive|moik.trainer has 60 seconds left.\n|inactive|moik.trainer has 30 seconds left.\n|inactive|moik.trainer has 20 seconds left.\n|inactive|moik.trainer has 15 seconds left.\n|inactive|moik.trainer has 10 seconds left.\n|inactive|moik.trainer has 5 seconds left.\n|\n|t:|1746125251\n|start\n|switch|p1a: Koraidon|Koraidon, L50|100/100\n|switch|p1b: Terapagos|Terapagos, L50, M|100/100\n|switch|p2a: Zamazenta|Zamazenta-Crowned, L50|100/100\n|switch|p2b: Calyrex|Calyrex-Shadow, L50|100/100\n|-activate|p1b: Terapagos|ability: Tera Shift\n|detailschange|p1b: Terapagos|Terapagos-Terastal, L50, M\n|-heal|p1b: Terapagos|100/100|[silent]\n|-ability|p2b: Calyrex|As One\n|-ability|p2b: Calyrex|Unnerve\n|-weather|SunnyDay|[from] ability: Orichalcum Pulse|[of] p1a: Koraidon\n|-activate|p1a: Koraidon|Orichalcum Pulse|[source]\n|-ability|p2a: Zamazenta|Dauntless Shield|boost\n|-boost|p2a: Zamazenta|def|1\n|turn|1\n|inactive|albermapruebas2 has 30 seconds left.\n|inactive|albermapruebas2 has 20 seconds left.\n|\n|t:|1746125288\n|-terastallize|p1a: Koraidon|Fire\n|move|p2b: Calyrex|Psychic|p1a: Koraidon\n|-damage|p1a: Koraidon|39/100\n|-damage|p2b: Calyrex|91/100|[from] item: Life Orb\n|move|p1a: Koraidon|Flare Blitz|p2a: Zamazenta\n|-supereffective|p2a: Zamazenta\n|-damage|p2a: Zamazenta|0 fnt\n|faint|p2a: Zamazenta\n|-damage|p1a: Koraidon|9/100|[from] Recoil\n|-damage|p1a: Koraidon|0 fnt|[from] item: Life Orb\n|faint|p1a: Koraidon\n|move|p1b: Terapagos|Dark Pulse|p2b: Calyrex\n|-supereffective|p2b: Calyrex\n|-damage|p2b: Calyrex|6/100\n|\n|-weather|SunnyDay|[upkeep]\n|upkeep\n|\n|t:|1746125309\n|switch|p1a: Indeedee|Indeedee-F, L50, F|100/100\n|switch|p2a: Incineroar|Incineroar, L50, M|100/100\n|-fieldstart|move: Psychic Terrain|[from] ability: Psychic Surge|[of] p1a: Indeedee\n|-ability|p2a: Incineroar|Intimidate|boost\n|-unboost|p1a: Indeedee|atk|1\n|-unboost|p1b: Terapagos|atk|1\n|turn|2\n|inactive|albermapruebas2 has 30 seconds left.\n|inactive|albermapruebas2 has 20 seconds left.\n|inactive|albermapruebas2 has 15 seconds left.\n|inactive|albermapruebas2 has 10 seconds left.\n|\n|t:|1746125355\n|switch|p2b: Rillaboom|Rillaboom, L50, F|100/100\n|-fieldstart|move: Grassy Terrain|[from] ability: Grassy Surge|[of] p2b: Rillaboom\n|move|p1b: Terapagos|Calm Mind|p1b: Terapagos\n|-boost|p1b: Terapagos|spa|1\n|-boost|p1b: Terapagos|spd|1\n|move|p2a: Incineroar|Knock Off|p1a: Indeedee\n|-supereffective|p1a: Indeedee\n|-damage|p1a: Indeedee|28/100\n|-damage|p2a: Incineroar|84/100|[from] item: Rocky Helmet|[of] p1a: Indeedee\n|-enditem|p1a: Indeedee|Rocky Helmet|[from] move: Knock Off|[of] p2a: Incineroar\n|move|p1a: Indeedee|Trick Room|p1a: Indeedee\n|-fieldstart|move: Trick Room|[of] p1a: Indeedee\n|\n|-weather|SunnyDay|[upkeep]\n|-heal|p2a: Incineroar|90/100|[from] Grassy Terrain\n|-heal|p1a: Indeedee|34/100|[from] Grassy Terrain\n|upkeep\n|turn|3\n|inactive|albermapruebas2 has 30 seconds left.\n|inactive|albermapruebas2 has 20 seconds left.\n|inactive|albermapruebas2 has 15 seconds left.\n|\n|t:|1746125396\n|switch|p1a: Raging Bolt|Raging Bolt, L50|100/100\n|-activate|p1a: Raging Bolt|ability: Protosynthesis\n|-start|p1a: Raging Bolt|protosynthesisspa\n|move|p1b: Terapagos|Protect|p1b: Terapagos\n|-singleturn|p1b: Terapagos|Protect\n|move|p2a: Incineroar|Knock Off|p1b: Terapagos\n|-activate|p1b: Terapagos|move: Protect\n|move|p2b: Rillaboom|Wood Hammer|p1b: Terapagos\n|-activate|p1b: Terapagos|move: Protect\n|\n|-weather|SunnyDay|[upkeep]\n|-heal|p2a: Incineroar|96/100|[from] Grassy Terrain\n|upkeep\n|turn|4\n|j| s10 ultra baby\n|inactive|moik.trainer has 30 seconds left.\n|inactive|moik.trainer has 20 seconds left.\n|inactive|moik.trainer has 15 seconds left.\n|\n|t:|1746125437\n|move|p2a: Incineroar|Knock Off|p1b: Terapagos\n|-activate|p1b: Terapagos|ability: Tera Shell\n|-resisted|p1b: Terapagos\n|-damage|p1b: Terapagos|84/100\n|-enditem|p1b: Terapagos|Leftovers|[from] move: Knock Off|[of] p2a: Incineroar\n|move|p1a: Raging Bolt|Draco Meteor|p2b: Rillaboom\n|-damage|p2b: Rillaboom|51/100\n|-unboost|p1a: Raging Bolt|spa|2\n|move|p1b: Terapagos|Tera Starstorm|p2b: Rillaboom\n|-damage|p2b: Rillaboom|0 fnt\n|faint|p2b: Rillaboom\n|\n|-weather|SunnyDay|[upkeep]\n|-heal|p2a: Incineroar|100/100|[from] Grassy Terrain\n|-heal|p1b: Terapagos|90/100|[from] Grassy Terrain\n|upkeep\n|\n|t:|1746125452\n|switch|p2b: Calyrex|Calyrex-Shadow, L50|6/100\n|-ability|p2b: Calyrex|As One\n|-ability|p2b: Calyrex|Unnerve\n|turn|5\n|\n|t:|1746125460\n|move|p2a: Incineroar|Knock Off|p1a: Raging Bolt\n|-damage|p1a: Raging Bolt|72/100\n|-enditem|p1a: Raging Bolt|Assault Vest|[from] move: Knock Off|[of] p2a: Incineroar\n|move|p1a: Raging Bolt|Electroweb|p2a: Incineroar|[spread] p2a,p2b\n|-damage|p2a: Incineroar|89/100\n|-damage|p2b: Calyrex|0 fnt\n|-unboost|p2a: Incineroar|spe|1\n|faint|p2b: Calyrex\n|move|p1b: Terapagos|Tera Starstorm|p2a: Incineroar\n|-damage|p2a: Incineroar|10/100\n|\n|-weather|none\n|-end|p1a: Raging Bolt|Protosynthesis\n|-heal|p2a: Incineroar|16/100|[from] Grassy Terrain\n|-heal|p1a: Raging Bolt|78/100|[from] Grassy Terrain\n|-heal|p1b: Terapagos|96/100|[from] Grassy Terrain\n|upkeep\n|turn|6\n|\n|t:|1746125477\n|move|p1a: Raging Bolt|Thunderclap|p2a: Incineroar\n|-damage|p2a: Incineroar|0 fnt\n|faint|p2a: Incineroar\n|\n|win|moik.trainer\n|raw|moik.trainer's rating: 1048 &rarr; <strong>1076</strong><br />(+28 for winning)\n|raw|albermapruebas2's rating: 1000 &rarr; <strong>1000</strong><br />(+0 for losing)\n|l|\u2606moik.trainer\n|player|p1|\n", "uploadtime": 1746125596, "views": 6, "formatid": "gen9vgc2025regibo3", "rating": 1000, "private": 0, "password": null}