{"id": "gen9vgc2025regibo3-2354098344", "format": "[Gen 9] VGC 2025 Reg I (Bo3)", "players": ["slowbronien", "Clawara"], "log": "|j|\u2606slowbronien\n|j|\u2606Clawara\n|html|<table width=\"100%\"><tr><td align=\"left\">slowbronien</td><td align=\"right\">Clawara</tr><tr><td align=\"left\"><i class=\"fa fa-circle-o\"></i> <i class=\"fa fa-circle-o\"></i> </td><td align=\"right\"><i class=\"fa fa-circle-o\"></i> <i class=\"fa fa-circle-o\"></i> </tr></table>\n|uhtml|bestof|<h2><strong>Game 1</strong> of <a href=\"/game-bestof3-gen9vgc2025regibo3-2354098343\">a best-of-3</a></h2>\n|t:|1746034684\n|gametype|doubles\n|player|p1|slowbronien|102|1055\n|player|p2|Clawara|170|1063\n|teamsize|p1|6\n|teamsize|p2|6\n|gen|9\n|tier|[Gen 9] VGC 2025 Reg I (Bo3)\n|rated|\n|rule|Species Clause: Limit one of each Pok\u00e9mon\n|rule|Item Clause: Limit 1 of each item\n|clearpoke\n|poke|p1|Gallade, L50, M|\n|poke|p1|Pelipper, L50, F|\n|poke|p1|Slowbro, L50, M|\n|poke|p1|Porygon2, L50|\n|poke|p1|Indeedee, L50, M|\n|poke|p1|Zoroark-Hisui, L50, F|\n|poke|p2|Rayquaza, L50|\n|poke|p2|Chien-Pao, L50|\n|poke|p2|Rillaboom, L50, M|\n|poke|p2|Incineroar, L50, M|\n|poke|p2|Calyrex-Ice, L50|\n|poke|p2|Urshifu-*, L50, F|\n|teampreview|4\n|showteam|p1|Gallade||AssaultVest|Sharpness|AquaCutter,PsychoCut,AirSlash,SacredSword|||M|||50|,,,,,Water]Pelipper||FocusSash|Drizzle|Hurricane,Tailwind,ChillingWater,Protect|||F|||50|,,,,,Ground]Slowbro||LifeOrb|Regenerator|Protect,Psychic,WeatherBall,SlackOff|||M|||50|,,,,,Fire]Porygon2||Eviolite|Download|TriAttack,TrickRoom,Protect,Thunder||||||50|,,,,,Electric]Indeedee||Leftovers|PsychicSurge|TrickRoom,ExpandingForce,EnergyBall,DazzlingGleam|||M|||50|,,,,,Fairy]Zoroark-Hisui||ChoiceSpecs|Illusion|HyperVoice,ShadowBall,Uturn,Flamethrower|||F|||50|,,,,,Fire\n|showteam|p2|Rayquaza||ChoiceBand|AirLock|ExtremeSpeed,DragonAscent,Uturn,DragonTail||||||50|,,,,,Normal]Chien-Pao||FocusSash|SwordofRuin|IceSpinner,SuckerPunch,SacredSword,Protect||||||50|,,,,,Ghost]Rillaboom||AssaultVest|GrassySurge|FakeOut,Uturn,WoodHammer,KnockOff|||M|||50|,,,,,Fire]Incineroar||SitrusBerry|Intimidate|FakeOut,PartingShot,KnockOff,WillOWisp|||M|||50|,,,,,Bug]Calyrex-Ice||ClearAmulet|AsOneGlastrier|GlacialLance,HighHorsepower,TrickRoom,Protect||||||50|,,,,,Fire]Urshifu-Rapid-Strike||ChoiceScarf|UnseenFist|SurgingStrikes,AquaJet,Uturn,CloseCombat|||F|||50|,,,,,Water\n|\n|t:|1746034706\n|start\n|switch|p1a: Gallade|Gallade, L50, M|100/100\n|switch|p1b: Pelipper|Pelipper, L50, F|100/100\n|switch|p2a: Incineroar|Incineroar, L50, M|100/100\n|switch|p2b: Rillaboom|Rillaboom, L50, M|100/100\n|-weather|RainDance|[from] ability: Drizzle|[of] p1b: Pelipper\n|-fieldstart|move: Grassy Terrain|[from] ability: Grassy Surge|[of] p2b: Rillaboom\n|-ability|p2a: Incineroar|Intimidate|boost\n|-unboost|p1a: Gallade|atk|1\n|-unboost|p1b: Pelipper|atk|1\n|turn|1\n|\n|t:|1746034735\n|-terastallize|p1a: Gallade|Water\n|-terastallize|p2a: Incineroar|Bug\n|move|p2b: Rillaboom|Fake Out|p1b: Pelipper\n|-damage|p1b: Pelipper|84/100\n|cant|p1b: Pelipper|flinch\n|move|p1a: Gallade|Aqua Cutter|p2a: Incineroar\n|-damage|p2a: Incineroar|52/100\n|move|p2a: Incineroar|Will-O-Wisp|p1a: Gallade\n|-status|p1a: Gallade|brn\n|\n|-weather|RainDance|[upkeep]\n|-heal|p2a: Incineroar|58/100|[from] Grassy Terrain\n|-damage|p1a: Gallade|95/100 brn|[from] brn\n|upkeep\n|turn|2\n|\n|t:|1746034764\n|move|p1b: Pelipper|Tailwind|p1b: Pelipper\n|-sidestart|p1: slowbronien|move: Tailwind\n|move|p1a: Gallade|Air Slash|p2b: Rillaboom\n|-supereffective|p2b: Rillaboom\n|-damage|p2b: Rillaboom|78/100\n|cant|p2b: Rillaboom|flinch\n|move|p2a: Incineroar|Parting Shot|p1b: Pelipper\n|-unboost|p1b: Pelipper|atk|1\n|-unboost|p1b: Pelipper|spa|1\n|\n|t:|1746034776\n|switch|p2a: Calyrex|Calyrex-Ice, L50|100/100|[from] Parting Shot\n|-ability|p2a: Calyrex|As One\n|-ability|p2a: Calyrex|Unnerve\n|\n|-weather|RainDance|[upkeep]\n|-heal|p1a: Gallade|100/100 brn|[from] Grassy Terrain\n|-heal|p2b: Rillaboom|84/100|[from] Grassy Terrain\n|-damage|p1a: Gallade|95/100 brn|[from] brn\n|upkeep\n|turn|3\n|\n|t:|1746034790\n|switch|p1b: Indeedee|Indeedee, L50, M|100/100\n|-fieldstart|move: Psychic Terrain|[from] ability: Psychic Surge|[of] p1b: Indeedee\n|switch|p1a: Slowbro|Slowbro, L50, M|100/100\n|switch|p2b: Incineroar|Incineroar, L50, M, tera:Bug|58/100\n|-ability|p2b: Incineroar|Intimidate|boost\n|-unboost|p1a: Slowbro|atk|1\n|-unboost|p1b: Indeedee|atk|1\n|move|p2a: Calyrex|Trick Room|p2a: Calyrex\n|-fieldstart|move: Trick Room|[of] p2a: Calyrex\n|\n|-weather|RainDance|[upkeep]\n|upkeep\n|turn|4\n|inactive|Battle timer is ON: inactive players will automatically lose when time's up. (requested by slowbronien)\n|\n|t:|1746034841\n|move|p2a: Calyrex|Glacial Lance|p1b: Indeedee|[spread] p1a,p1b\n|-resisted|p1a: Slowbro\n|-damage|p1a: Slowbro|80/100\n|-damage|p1b: Indeedee|31/100\n|move|p2b: Incineroar|Knock Off|p1a: Slowbro\n|-supereffective|p1a: Slowbro\n|-damage|p1a: Slowbro|15/100\n|-enditem|p1a: Slowbro|Life Orb|[from] move: Knock Off|[of] p2b: Incineroar\n|move|p1a: Slowbro|Weather Ball|p2b: Incineroar\n|-damage|p2b: Incineroar|7/100\n|-enditem|p2b: Incineroar|Sitrus Berry|[eat]\n|-heal|p2b: Incineroar|32/100|[from] item: Sitrus Berry\n|move|p1b: Indeedee|Expanding Force|p2b: Incineroar|[spread] p2a,p2b\n|-resisted|p2a: Calyrex\n|-damage|p2a: Calyrex|80/100\n|-damage|p2b: Incineroar|0 fnt\n|faint|p2b: Incineroar\n|\n|-weather|RainDance|[upkeep]\n|-heal|p1b: Indeedee|37/100|[from] item: Leftovers\n|upkeep\n|\n|t:|1746034855\n|switch|p2b: Rillaboom|Rillaboom, L50, M|84/100\n|-fieldstart|move: Grassy Terrain|[from] ability: Grassy Surge|[of] p2b: Rillaboom\n|turn|5\n|j| angelicangel12\n|\n|t:|1746034873\n|switch|p1b: Gallade|Gallade, L50, M, tera:Water|95/100 brn\n|move|p1a: Slowbro|Protect|p1a: Slowbro\n|-singleturn|p1a: Slowbro|Protect\n|move|p2a: Calyrex|Glacial Lance|p1a: Slowbro|[spread] p1b\n|-activate|p1a: Slowbro|move: Protect\n|-resisted|p1b: Gallade\n|-damage|p1b: Gallade|66/100 brn\n|move|p2b: Rillaboom|U-turn|p1b: Gallade\n|-damage|p1b: Gallade|37/100 brn\n|l| angelicangel12\n|\n|t:|1746034891\n|switch|p2b: Chien-Pao|Chien-Pao, L50|100/100|[from] U-turn\n|-ability|p2b: Chien-Pao|Sword of Ruin\n|\n|-weather|none\n|-heal|p2a: Calyrex|86/100|[from] Grassy Terrain\n|-heal|p1a: Slowbro|21/100|[from] Grassy Terrain\n|-heal|p1b: Gallade|42/100 brn|[from] Grassy Terrain\n|-damage|p1b: Gallade|37/100 brn|[from] brn\n|-sideend|p1: slowbronien|move: Tailwind\n|upkeep\n|turn|6\n|inactive|slowbronien has 30 seconds left.\n|\n|t:|1746034916\n|switch|p2b: Rillaboom|Rillaboom, L50, M|84/100\n|move|p1a: Slowbro|Slack Off|p1a: Slowbro\n|-heal|p1a: Slowbro|71/100\n|move|p2a: Calyrex|Glacial Lance|p1a: Slowbro|[spread] p1a,p1b\n|-resisted|p1a: Slowbro\n|-resisted|p1b: Gallade\n|-damage|p1a: Slowbro|50/100\n|-damage|p1b: Gallade|7/100 brn\n|move|p1b: Gallade|Sacred Sword|p2a: Calyrex\n|-damage|p2a: Calyrex|70/100\n|\n|-heal|p1a: Slowbro|56/100|[from] Grassy Terrain\n|-heal|p2a: Calyrex|76/100|[from] Grassy Terrain\n|-heal|p2b: Rillaboom|90/100|[from] Grassy Terrain\n|-heal|p1b: Gallade|13/100 brn|[from] Grassy Terrain\n|-damage|p1b: Gallade|7/100 brn|[from] brn\n|upkeep\n|turn|7\n|\n|t:|1746034937\n|move|p1a: Slowbro|Slack Off|p1a: Slowbro\n|-heal|p1a: Slowbro|100/100\n|move|p2a: Calyrex|Glacial Lance|p1b: Gallade|[spread] p1a,p1b\n|-resisted|p1a: Slowbro\n|-resisted|p1b: Gallade\n|-damage|p1a: Slowbro|79/100\n|-damage|p1b: Gallade|0 fnt\n|faint|p1b: Gallade\n|-ability|p2a: Calyrex|Chilling Neigh|boost\n|-boost|p2a: Calyrex|atk|1\n|move|p2b: Rillaboom|Wood Hammer|p1a: Slowbro\n|-supereffective|p1a: Slowbro\n|-damage|p1a: Slowbro|0 fnt\n|faint|p1a: Slowbro\n|-damage|p2b: Rillaboom|65/100|[from] Recoil\n|\n|-heal|p2a: Calyrex|82/100|[from] Grassy Terrain\n|-heal|p2b: Rillaboom|71/100|[from] Grassy Terrain\n|-fieldend|move: Trick Room\n|upkeep\n|inactive|slowbronien has 30 seconds left.\n|\n|t:|1746034964\n|switch|p1b: Pelipper|Pelipper, L50, F|84/100\n|switch|p1a: Indeedee|Indeedee, L50, M|37/100\n|-weather|RainDance|[from] ability: Drizzle|[of] p1b: Pelipper\n|-fieldstart|move: Psychic Terrain|[from] ability: Psychic Surge|[of] p1a: Indeedee\n|turn|8\n|inactive|slowbronien has 30 seconds left.\n|\n|t:|1746034990\n|move|p1b: Pelipper|Hurricane|p2b: Rillaboom\n|-supereffective|p2b: Rillaboom\n|-damage|p2b: Rillaboom|23/100\n|move|p1a: Indeedee|Expanding Force|p2b: Rillaboom|[spread] p2a,p2b\n|-resisted|p2a: Calyrex\n|-crit|p2b: Rillaboom\n|-damage|p2a: Calyrex|61/100\n|-damage|p2b: Rillaboom|0 fnt\n|faint|p2b: Rillaboom\n|move|p2a: Calyrex|Trick Room|p2a: Calyrex\n|-fieldstart|move: Trick Room|[of] p2a: Calyrex\n|\n|-weather|RainDance|[upkeep]\n|-heal|p1a: Indeedee|43/100|[from] item: Leftovers\n|upkeep\n|\n|t:|1746035001\n|switch|p2b: Chien-Pao|Chien-Pao, L50|100/100\n|-ability|p2b: Chien-Pao|Sword of Ruin\n|turn|9\n|\n|t:|1746035022\n|move|p1b: Pelipper|Protect|p1b: Pelipper\n|-singleturn|p1b: Pelipper|Protect\n|move|p2b: Chien-Pao|Sucker Punch||[still]\n|-fail|p2b: Chien-Pao\n|move|p2a: Calyrex|Glacial Lance|p1b: Pelipper|[spread] p1a\n|-activate|p1b: Pelipper|move: Protect\n|-damage|p1a: Indeedee|0 fnt\n|faint|p1a: Indeedee\n|-ability|p2a: Calyrex|Chilling Neigh|boost\n|-boost|p2a: Calyrex|atk|1\n|\n|-weather|RainDance|[upkeep]\n|upkeep\n|turn|10\n|inactive|slowbronien has 30 seconds left.\n|\n|t:|1746035049\n|move|p2b: Chien-Pao|Sucker Punch|p1b: Pelipper\n|-hint|Psychic Terrain doesn't affect Pok\u00e9mon immune to Ground.\n|-damage|p1b: Pelipper|28/100\n|move|p2a: Calyrex|Glacial Lance|p1b: Pelipper\n|-damage|p1b: Pelipper|0 fnt\n|faint|p1b: Pelipper\n|\n|win|Clawara\n||slowbronien is ready for game 2.\n|l|\u2606slowbronien\n|player|p1|\n|raw|slowbronien's rating: 1055 &rarr; <strong>1037</strong><br />(-18 for losing)\n|raw|Clawara's rating: 1063 &rarr; <strong>1093</strong><br />(+30 for winning)\n|l|\u2606Clawara\n|player|p2|\n", "uploadtime": 1746035350, "views": 10, "formatid": "gen9vgc2025regibo3", "rating": 1037, "private": 0, "password": null}