{"id": "gen9vgc2025regibo3-2354000349", "format": "[Gen 9] VGC 2025 Reg I (Bo3)", "players": ["Lucky Curiango", "Mr Pring1e"], "log": "|j|\u2606Lucky Curiango\n|j|\u2606Mr Pring1e\n|html|<table width=\"100%\"><tr><td align=\"left\">Lucky Curiango</td><td align=\"right\">Mr Pring1e</tr><tr><td align=\"left\"><i class=\"fa fa-circle-o\"></i> <i class=\"fa fa-circle-o\"></i> </td><td align=\"right\"><i class=\"fa fa-circle-o\"></i> <i class=\"fa fa-circle-o\"></i> </tr></table>\n|uhtml|bestof|<h2><strong>Game 1</strong> of <a href=\"/game-bestof3-gen9vgc2025regibo3-2354000348\">a best-of-3</a></h2>\n|t:|1746026354\n|gametype|doubles\n|player|p1|Lucky Curiango|clerkf|1161\n|player|p2|Mr Pring1e|skyla|1184\n|teamsize|p1|6\n|teamsize|p2|6\n|gen|9\n|tier|[Gen 9] VGC 2025 Reg I (Bo3)\n|rated|\n|rule|Species Clause: Limit one of each Pok\u00e9mon\n|rule|Item Clause: Limit 1 of each item\n|clearpoke\n|poke|p1|Kyogre, L50|\n|poke|p1|Calyrex-Shadow, L50|\n|poke|p1|Urshifu-*, L50, F|\n|poke|p1|Tornadus, L50, M|\n|poke|p1|Raichu, L50, M|\n|poke|p1|Amoonguss, L50, M|\n|poke|p2|Rillaboom, L50, M|\n|poke|p2|Incineroar, L50, F|\n|poke|p2|Zamazenta-*, L50|\n|poke|p2|Calyrex-Shadow, L50|\n|poke|p2|Tornadus, L50, M|\n|poke|p2|Urshifu-*, L50, F|\n|teampreview|4\n|showteam|p1|Kyogre||MysticWater|Drizzle|OriginPulse,Protect,IceBeam,CalmMind||||||50|,,,,,Water]Calyrex-Shadow||ClearAmulet|AsOneSpectrier|AstralBarrage,Protect,NastyPlot,Psychic||||||50|,,,,,Stellar]Urshifu-Rapid-Strike||ChoiceBand|UnseenFist|AquaJet,SurgingStrikes,Uturn,CloseCombat|||F|||50|,,,,,Grass]Tornadus||CovertCloak|Prankster|Tailwind,BleakwindStorm,Taunt,IcyWind|||M|||50|,,,,,Ground]Raichu||FocusSash|LightningRod|FakeOut,Thunder,VoltSwitch,Protect|||M|||50|,,,,,Flying]Amoonguss||RockyHelmet|EffectSpore|Spore,RagePowder,PollenPuff,ClearSmog|||M|||50|,,,,,Water\n|showteam|p2|Rillaboom||AssaultVest|GrassySurge|FakeOut,GrassyGlide,WoodHammer,Uturn|||M|||50|,,,,,Fire]Incineroar||SafetyGoggles|Intimidate|FakeOut,KnockOff,WillOWisp,PartingShot|||F|||50|,,,,,Water]Zamazenta-Crowned||RustedShield|DauntlessShield|BodyPress,HeavySlam,WideGuard,Protect||||||50|,,,,,Dragon]Calyrex-Shadow||LifeOrb|AsOneSpectrier|AstralBarrage,Psychic,NastyPlot,Protect||||||50|,,,,,Dark]Tornadus||RockyHelmet|Prankster|BleakwindStorm,Tailwind,RainDance,Protect|||M|||50|,,,,,Dark]Urshifu-Rapid-Strike||ChoiceScarf|UnseenFist|SurgingStrikes,CloseCombat,AquaJet,Uturn|||F|||50|,,,,,Water\n|inactive|Battle timer is ON: inactive players will automatically lose when time's up. (requested by Lucky Curiango)\n|\n|t:|1746026380\n|start\n|switch|p1a: Tornadus|Tornadus, L50, M|100/100\n|switch|p1b: Urshifu|Urshifu-Rapid-Strike, L50, F|100/100\n|switch|p2a: Rillaboom|Rillaboom, L50, M|100/100\n|switch|p2b: Zamazenta|Zamazenta-Crowned, L50|100/100\n|-ability|p2b: Zamazenta|Dauntless Shield|boost\n|-boost|p2b: Zamazenta|def|1\n|-fieldstart|move: Grassy Terrain|[from] ability: Grassy Surge|[of] p2a: Rillaboom\n|turn|1\n|inactive|Lucky Curiango has 30 seconds left.\n|\n|t:|1746026411\n|-terastallize|p1b: Urshifu|Grass\n|move|p2a: Rillaboom|Fake Out|p1b: Urshifu\n|-damage|p1b: Urshifu|87/100\n|move|p1a: Tornadus|Tailwind|p1a: Tornadus\n|-sidestart|p1: Lucky Curiango|move: Tailwind\n|cant|p1b: Urshifu|flinch\n|move|p2b: Zamazenta|Heavy Slam|p1a: Tornadus\n|-damage|p1a: Tornadus|39/100\n|\n|-heal|p1b: Urshifu|93/100|[from] Grassy Terrain\n|upkeep\n|turn|2\n|\n|t:|1746026431\n|switch|p2b: Tornadus|Tornadus, L50, M|100/100\n|move|p1b: Urshifu|U-turn|p2a: Rillaboom\n|-supereffective|p2a: Rillaboom\n|-damage|p2a: Rillaboom|25/100\n|\n|t:|1746026439\n|switch|p1b: Calyrex|Calyrex-Shadow, L50|100/100|[from] U-turn\n|-ability|p1b: Calyrex|As One\n|-ability|p1b: Calyrex|Unnerve\n|move|p1a: Tornadus|Icy Wind|p2b: Tornadus|[spread] p2a,p2b\n|-supereffective|p2a: Rillaboom\n|-supereffective|p2b: Tornadus\n|-crit|p2b: Tornadus\n|-damage|p2a: Rillaboom|9/100\n|-damage|p2b: Tornadus|40/100\n|-unboost|p2a: Rillaboom|spe|1\n|-unboost|p2b: Tornadus|spe|1\n|move|p2a: Rillaboom|U-turn|p1b: Calyrex\n|-damage|p1b: Calyrex|75/100\n|\n|t:|1746026444\n|switch|p2a: Calyrex|Calyrex-Shadow, L50|100/100|[from] U-turn\n|-ability|p2a: Calyrex|As One\n|-ability|p2a: Calyrex|Unnerve\n|\n|-heal|p1b: Calyrex|81/100|[from] Grassy Terrain\n|upkeep\n|turn|3\n|\n|t:|1746026464\n|-terastallize|p2a: Calyrex|Dark\n|move|p2b: Tornadus|Protect|p2b: Tornadus\n|-singleturn|p2b: Tornadus|Protect\n|move|p1b: Calyrex|Astral Barrage|p2b: Tornadus|[spread] p2a\n|-activate|p2b: Tornadus|move: Protect\n|-resisted|p2a: Calyrex\n|-damage|p2a: Calyrex|75/100\n|move|p1a: Tornadus|Icy Wind|p2b: Tornadus|[spread] p2a\n|-activate|p2b: Tornadus|move: Protect\n|-damage|p2a: Calyrex|62/100\n|-unboost|p2a: Calyrex|spe|1\n|move|p2a: Calyrex|Astral Barrage|p1a: Tornadus|[spread] p1a,p1b\n|-supereffective|p1b: Calyrex\n|-damage|p1a: Tornadus|0 fnt\n|-damage|p1b: Calyrex|0 fnt\n|faint|p1a: Tornadus\n|faint|p1b: Calyrex\n|-ability|p2a: Calyrex|Grim Neigh|boost\n|-boost|p2a: Calyrex|spa|2\n|-damage|p2a: Calyrex|53/100|[from] item: Life Orb\n|\n|-heal|p2a: Calyrex|59/100|[from] Grassy Terrain\n|upkeep\n|\n|t:|1746026484\n|switch|p1b: Kyogre|Kyogre, L50|100/100\n|switch|p1a: Urshifu|Urshifu-Rapid-Strike, L50, F, tera:Grass|93/100\n|-weather|RainDance|[from] ability: Drizzle|[of] p1b: Kyogre\n|turn|4\n|\n|t:|1746026494\n|move|p2b: Tornadus|Tailwind|p2b: Tornadus\n|-sidestart|p2: Mr Pring1e|move: Tailwind\n|move|p1a: Urshifu|Surging Strikes|p2a: Calyrex\n|-crit|p2a: Calyrex\n|-damage|p2a: Calyrex|11/100\n|-crit|p2a: Calyrex\n|-damage|p2a: Calyrex|0 fnt\n|faint|p2a: Calyrex\n|-hitcount|p2: Calyrex|2\n|move|p1b: Kyogre|Origin Pulse|p2b: Tornadus\n|-damage|p2b: Tornadus|0 fnt\n|faint|p2b: Tornadus\n|\n|-weather|RainDance|[upkeep]\n|-heal|p1a: Urshifu|99/100|[from] Grassy Terrain\n|-sideend|p1: Lucky Curiango|move: Tailwind\n|upkeep\n|\n|t:|1746026499\n|switch|p2a: Rillaboom|Rillaboom, L50, M|9/100\n|switch|p2b: Zamazenta|Zamazenta-Crowned, L50|100/100\n|turn|5\n|inactive|Lucky Curiango has 30 seconds left.\n|inactive|Mr Pring1e has 30 seconds left.\n|\n|t:|1746026526\n|move|p2b: Zamazenta|Body Press|p1a: Urshifu\n|-damage|p1a: Urshifu|46/100\n|move|p2a: Rillaboom|U-turn|p1a: Urshifu\n|-supereffective|p1a: Urshifu\n|-damage|p1a: Urshifu|0 fnt\n|faint|p1a: Urshifu\n|move|p1b: Kyogre|Origin Pulse|p2a: Rillaboom|[spread] p2a,p2b\n|-resisted|p2a: Rillaboom\n|-crit|p2a: Rillaboom\n|-damage|p2a: Rillaboom|0 fnt\n|-damage|p2b: Zamazenta|20/100\n|faint|p2a: Rillaboom\n|\n|-weather|RainDance|[upkeep]\n|-heal|p2b: Zamazenta|26/100|[from] Grassy Terrain\n|-fieldend|move: Grassy Terrain\n|upkeep\n|turn|6\n|\n|t:|1746026546\n|move|p1b: Kyogre|Protect|p1b: Kyogre\n|-singleturn|p1b: Kyogre|Protect\n|move|p2b: Zamazenta|Body Press|p1b: Kyogre\n|-activate|p1b: Kyogre|move: Protect\n|\n|-weather|RainDance|[upkeep]\n|upkeep\n|turn|7\n|\n|t:|1746026555\n|move|p2b: Zamazenta|Body Press|p1b: Kyogre\n|-damage|p1b: Kyogre|58/100\n|move|p1b: Kyogre|Ice Beam|p2b: Zamazenta\n|-resisted|p2b: Zamazenta\n|-damage|p2b: Zamazenta|10/100\n|\n|-weather|RainDance|[upkeep]\n|-sideend|p2: Mr Pring1e|move: Tailwind\n|upkeep\n|turn|8\n|\n|t:|1746026565\n|move|p2b: Zamazenta|Body Press|p1b: Kyogre\n|-damage|p1b: Kyogre|13/100\n|move|p1b: Kyogre|Ice Beam|p2b: Zamazenta\n|-resisted|p2b: Zamazenta\n|-damage|p2b: Zamazenta|0 fnt\n|faint|p2b: Zamazenta\n|\n|win|Lucky Curiango\n|l|\u2606Lucky Curiango\n|player|p1|\n||Mr Pring1e is ready for game 2.\n||Lucky Curiango is ready for game 2.\n|uhtml|next|Next: <a href=\"/battle-gen9vgc2025regibo3-2354002853\"><strong>Game 2 of 3</strong></a>\n|l|\u2606Mr Pring1e\n|player|p2|\n", "uploadtime": 1746026962, "views": 7, "formatid": "gen9vgc2025regibo3", "rating": null, "private": 0, "password": null}