{"id": "gen9vgc2025regibo3-2354435442", "format": "[Gen 9] VGC 2025 Reg I (Bo3)", "players": ["LOArmarouge", "sadfkl"], "log": "|j|\u2606LOArmarouge\n|j|\u2606sadfkl\n|html|<table width=\"100%\"><tr><td align=\"left\">LOArmarouge</td><td align=\"right\">sadfkl</tr><tr><td align=\"left\"><i class=\"fa fa-circle\"></i> <i class=\"fa fa-circle-o\"></i> </td><td align=\"right\"><i class=\"fa fa-circle-o\"></i> <i class=\"fa fa-circle\"></i> </tr></table>\n|uhtml|bestof|<h2><strong>Game 3</strong> of <a href=\"/game-bestof3-gen9vgc2025regibo3-2354433317\">a best-of-3</a></h2>\n|t:|1746071279\n|gametype|doubles\n|player|p1|LOArmarouge|2|1167\n|player|p2|sadfkl|ethan|1058\n|teamsize|p1|6\n|teamsize|p2|6\n|gen|9\n|tier|[Gen 9] VGC 2025 Reg I (Bo3)\n|rated|\n|rule|Species Clause: Limit one of each Pok\u00e9mon\n|rule|Item Clause: Limit 1 of each item\n|clearpoke\n|poke|p1|Miraidon, L50|\n|poke|p1|Ho-Oh, L50|\n|poke|p1|Iron Hands, L50|\n|poke|p1|Farigiraf, L50, M|\n|poke|p1|Iron Bundle, L50|\n|poke|p1|Ogerpon-Cornerstone, L50, F|\n|poke|p2|Koraidon, L50|\n|poke|p2|Calyrex-Shadow, L50|\n|poke|p2|Indeedee-F, L50, F|\n|poke|p2|Iron Bundle, L50|\n|poke|p2|Chi-Yu, L50|\n|poke|p2|Brute Bonnet, L50|\n|teampreview|4\n|showteam|p1|Miraidon||ChoiceSpecs|HadronEngine|VoltSwitch,ElectroDrift,DracoMeteor,DazzlingGleam||||||50|,,,,,Fairy]Ho-Oh||ClearAmulet|Regenerator|SacredFire,BraveBird,Tailwind,Protect||||||50|,,,,,Grass]Iron Hands||AssaultVest|QuarkDrive|DrainPunch,WildCharge,FakeOut,LowKick||||||50|,,,,,Water]Farigiraf||ElectricSeed|ArmorTail|Psychic,FoulPlay,TrickRoom,HelpingHand|||M|||50|,,,,,Water]Iron Bundle||FocusSash|QuarkDrive|IcyWind,IceBeam,Encore,Protect||||||50|,,,,,Ghost]Ogerpon-Cornerstone||CornerstoneMask|Sturdy|IvyCudgel,FollowMe,PowerWhip,SpikyShield|||F|||50|,,,,,Rock\n|showteam|p2|Koraidon||LifeOrb|OrichalcumPulse|CollisionCourse,FlareBlitz,Protect,LowKick||||||50|,,,,,Fire]Calyrex-Shadow||FocusSash|AsOneSpectrier|AstralBarrage,ExpandingForce,Protect,PollenPuff||||||50|,,,,,Dark]Indeedee-F||PsychicSeed|PsychicSurge|AlluringVoice,FollowMe,HelpingHand,TrickRoom|||F|||50|,,,,,Water]Iron Bundle||BoosterEnergy|QuarkDrive|IcyWind,Taunt,Encore,FreezeDry||||||50|,,,,,Ghost]Chi-Yu||ChoiceScarf|BeadsofRuin|HeatWave,DarkPulse,Snarl,Overheat||||||50|,,,,,Fire]Brute Bonnet||CovertCloak|Protosynthesis|SeedBomb,SuckerPunch,Spore,RagePowder||||||50|,,,,,Water\n|\n|t:|1746071314\n|start\n|switch|p1a: Miraidon|Miraidon, L50|100/100\n|switch|p1b: Farigiraf|Farigiraf, L50, M, shiny|100/100\n|switch|p2a: Iron Bundle|Iron Bundle, L50|100/100\n|switch|p2b: Calyrex|Calyrex-Shadow, L50|100/100\n|-ability|p2b: Calyrex|As One\n|-ability|p2b: Calyrex|Unnerve\n|-fieldstart|move: Electric Terrain|[from] ability: Hadron Engine|[of] p1a: Miraidon\n|-activate|p2a: Iron Bundle|ability: Quark Drive\n|-start|p2a: Iron Bundle|quarkdrivespe\n|-enditem|p1b: Farigiraf|Electric Seed\n|-boost|p1b: Farigiraf|def|1|[from] item: Electric Seed\n|turn|1\n|\n|t:|1746071340\n|-terastallize|p2b: Calyrex|Dark\n|move|p2a: Iron Bundle|Freeze-Dry|p1a: Miraidon\n|-supereffective|p1a: Miraidon\n|-crit|p1a: Miraidon\n|-damage|p1a: Miraidon|30/100\n|-status|p1a: Miraidon|frz\n|move|p2b: Calyrex|Expanding Force|p1a: Miraidon\n|-damage|p1a: Miraidon|0 fnt\n|faint|p1a: Miraidon\n|-ability|p2b: Calyrex|Grim Neigh|boost\n|-boost|p2b: Calyrex|spa|1\n|move|p1b: Farigiraf|Trick Room|p1b: Farigiraf\n|-fieldstart|move: Trick Room|[of] p1b: Farigiraf\n|\n|upkeep\n|\n|t:|1746071355\n|switch|p1a: Iron Hands|Iron Hands, L50, shiny|100/100\n|-activate|p1a: Iron Hands|ability: Quark Drive\n|-start|p1a: Iron Hands|quarkdriveatk\n|turn|2\n|\n|t:|1746071387\n|-end|p2a: Iron Bundle|Quark Drive|[silent]\n|switch|p2a: Indeedee|Indeedee-F, L50, F|100/100\n|-fieldstart|move: Psychic Terrain|[from] ability: Psychic Surge|[of] p2a: Indeedee\n|-end|p1a: Iron Hands|Quark Drive\n|-enditem|p2a: Indeedee|Psychic Seed\n|-boost|p2a: Indeedee|spd|1|[from] item: Psychic Seed\n|-terastallize|p1a: Iron Hands|Water\n|move|p2b: Calyrex|Protect|p2b: Calyrex\n|-singleturn|p2b: Calyrex|Protect\n|move|p1a: Iron Hands|Low Kick|p2b: Calyrex\n|-activate|p2b: Calyrex|move: Protect\n|move|p1b: Farigiraf|Psychic|p2a: Indeedee\n|-resisted|p2a: Indeedee\n|-damage|p2a: Indeedee|86/100\n|-unboost|p2a: Indeedee|spd|1\n|\n|upkeep\n|turn|3\n|\n|t:|1746071427\n|move|p2a: Indeedee|Follow Me|p2a: Indeedee\n|-singleturn|p2a: Indeedee|move: Follow Me\n|move|p1a: Iron Hands|Low Kick|p2a: Indeedee\n|-damage|p2a: Indeedee|52/100\n|move|p1b: Farigiraf|Foul Play|p2a: Indeedee\n|-supereffective|p2a: Indeedee\n|-damage|p2a: Indeedee|32/100\n|move|p2b: Calyrex|Pollen Puff|p1b: Farigiraf\n|-supereffective|p1b: Farigiraf\n|-damage|p1b: Farigiraf|0 fnt\n|faint|p1b: Farigiraf\n|-ability|p2b: Calyrex|Grim Neigh|boost\n|-boost|p2b: Calyrex|spa|1\n|\n|upkeep\n|\n|t:|1746071441\n|switch|p1b: Ho-Oh|Ho-Oh, L50|100/100\n|turn|4\n|\n|t:|1746071471\n|move|p2a: Indeedee|Follow Me|p2a: Indeedee\n|-singleturn|p2a: Indeedee|move: Follow Me\n|move|p1a: Iron Hands|Drain Punch|p2a: Indeedee\n|-damage|p2a: Indeedee|0 fnt\n|faint|p2a: Indeedee\n|move|p1b: Ho-Oh|Sacred Fire|p2b: Calyrex\n|-damage|p2b: Calyrex|43/100\n|move|p2b: Calyrex|Expanding Force|p1b: Ho-Oh|[spread] p1a,p1b\n|-damage|p1a: Iron Hands|23/100\n|-damage|p1b: Ho-Oh|17/100\n|\n|upkeep\n|\n|t:|1746071485\n|switch|p2a: Koraidon|Koraidon, L50|100/100\n|-weather|SunnyDay|[from] ability: Orichalcum Pulse|[of] p2a: Koraidon\n|-activate|p2a: Koraidon|Orichalcum Pulse|[source]\n|turn|5\n|\n|t:|1746071503\n|move|p2a: Koraidon|Protect|p2a: Koraidon\n|-singleturn|p2a: Koraidon|Protect\n|move|p2b: Calyrex|Protect|p2b: Calyrex\n|-singleturn|p2b: Calyrex|Protect\n|move|p1a: Iron Hands|Drain Punch|p2b: Calyrex\n|-activate|p2b: Calyrex|move: Protect\n|move|p1b: Ho-Oh|Tailwind|p1b: Ho-Oh\n|-sidestart|p1: LOArmarouge|move: Tailwind\n|\n|-weather|SunnyDay|[upkeep]\n|-fieldend|move: Trick Room\n|upkeep\n|turn|6\n|\n|t:|1746071525\n|move|p1b: Ho-Oh|Sacred Fire|p2b: Calyrex\n|-damage|p2b: Calyrex|0 fnt\n|faint|p2b: Calyrex\n|move|p2a: Koraidon|Collision Course|p1a: Iron Hands\n|-damage|p1a: Iron Hands|0 fnt\n|faint|p1a: Iron Hands\n|-end|p1a: Iron Hands|Quark Drive|[silent]\n|-damage|p2a: Koraidon|91/100|[from] item: Life Orb\n|\n|-weather|SunnyDay|[upkeep]\n|-fieldend|move: Psychic Terrain\n|upkeep\n|\n|t:|1746071531\n|switch|p2b: Iron Bundle|Iron Bundle, L50|100/100\n|-enditem|p2b: Iron Bundle|Booster Energy\n|-activate|p2b: Iron Bundle|ability: Quark Drive|[fromitem]\n|-start|p2b: Iron Bundle|quarkdrivespe\n|turn|7\n|\n|t:|1746071546\n|move|p2a: Koraidon|Protect|p2a: Koraidon\n|-singleturn|p2a: Koraidon|Protect\n|move|p2b: Iron Bundle|Freeze-Dry|p1b: Ho-Oh\n|-damage|p1b: Ho-Oh|0 fnt\n|faint|p1b: Ho-Oh\n|\n|win|sadfkl\n|raw|LOArmarouge's rating: 1167 &rarr; <strong>1134</strong><br />(-33 for losing)\n|raw|sadfkl's rating: 1058 &rarr; <strong>1099</strong><br />(+41 for winning)\n|l|\u2606LOArmarouge\n|player|p1|\n", "uploadtime": 1746071567, "views": 14, "formatid": "gen9vgc2025regibo3", "rating": 1099, "private": 0, "password": null}