{"id": "gen9vgc2025regibo3-2354464837", "format": "[Gen 9] VGC 2025 Reg I (Bo3)", "players": ["Snickers23", "TheParasectKing"], "log": "|j|\u2606Snickers23\n|j|\u2606TheParasectKing\n|html|<table width=\"100%\"><tr><td align=\"left\">Snickers23</td><td align=\"right\">TheParasectKing</tr><tr><td align=\"left\"><i class=\"fa fa-circle\"></i> <i class=\"fa fa-circle-o\"></i> </td><td align=\"right\"><i class=\"fa fa-circle-o\"></i> <i class=\"fa fa-circle-o\"></i> </tr></table>\n|uhtml|bestof|<h2><strong>Game 2</strong> of <a href=\"/game-bestof3-gen9vgc2025regibo3-2354463720\">a best-of-3</a></h2>\n|t:|1746075798\n|gametype|doubles\n|player|p1|Snickers23|rosa|1301\n|player|p2|TheParasectKing|acetrainer-gen4dp|1127\n|teamsize|p1|6\n|teamsize|p2|6\n|gen|9\n|tier|[Gen 9] VGC 2025 Reg I (Bo3)\n|rated|\n|rule|Species Clause: Limit one of each Pok\u00e9mon\n|rule|Item Clause: Limit 1 of each item\n|clearpoke\n|poke|p1|Calyrex-Shadow, L50|\n|poke|p1|Zamazenta-*, L50|\n|poke|p1|Incineroar, L50, F|\n|poke|p1|Rillaboom, L50, M|\n|poke|p1|Clefairy, L50, F|\n|poke|p1|Urshifu-*, L50, M|\n|poke|p2|Koraidon, L50|\n|poke|p2|Tornadus, L50, M|\n|poke|p2|Flutter Mane, L50|\n|poke|p2|Zacian-*, L50|\n|poke|p2|Chi-Yu, L50|\n|poke|p2|Walking Wake, L50|\n|teampreview|4\n|showteam|p1|Calyrex-Shadow||SpellTag|AsOneSpectrier|AstralBarrage,Psychic,NastyPlot,Protect||||||50|,,,,,Dark]Zamazenta-Crowned||RustedShield|DauntlessShield|BodyPress,HeavySlam,WideGuard,Protect||||||50|,,,,,Water]Incineroar||SafetyGoggles|Intimidate|FlareBlitz,KnockOff,PartingShot,FakeOut|||F|||50|,,,,,Ghost]Rillaboom||AssaultVest|GrassySurge|WoodHammer,GrassyGlide,Uturn,FakeOut|||M|||50|,,,,,Fire]Clefairy||Eviolite|FriendGuard|FollowMe,IcyWind,HelpingHand,Protect|||F|||50|,,,,,Grass]Urshifu-Rapid-Strike||ChoiceScarf|UnseenFist|SurgingStrikes,CloseCombat,Uturn,RainDance|||M|||50|,,,,,Ghost\n|showteam|p2|Koraidon||ClearAmulet|OrichalcumPulse|CloseCombat,FlareBlitz,FlameCharge,Protect||||||50|,,,,,Fire]Tornadus||CovertCloak|Prankster|Tailwind,BleakwindStorm,SunnyDay,Protect|||M|||50|,,,,,Dark]Flutter Mane||ChoiceSpecs|Protosynthesis|Moonblast,ShadowBall,DazzlingGleam,Thunderbolt||||||50|,,,,,Dark]Zacian-Crowned||RustedSword|IntrepidSword|behemothblade,PlayRough,SacredSword,Protect||||||50|,,,,,Water]Chi-Yu||FocusSash|BeadsofRuin|HeatWave,DarkPulse,Taunt,Protect||||||50|,,,,,Ghost]Walking Wake||ChoiceScarf|Protosynthesis|HydroSteam,DragonPulse,Snarl,FlipTurn||||||50|,,,,,Grass\n|inactive|Battle timer is ON: inactive players will automatically lose when time's up. (requested by TheParasectKing)\n|\n|t:|1746075812\n|start\n|switch|p1a: Zamazenta|Zamazenta-Crowned, L50, shiny|100/100\n|switch|p1b: Clefairy|Clefairy, L50, F, shiny|100/100\n|switch|p2a: Tornadus|Tornadus, L50, M|100/100\n|switch|p2b: Koraidon|Koraidon, L50|100/100\n|-weather|SunnyDay|[from] ability: Orichalcum Pulse|[of] p2b: Koraidon\n|-activate|p2b: Koraidon|Orichalcum Pulse|[source]\n|-ability|p1a: Zamazenta|Dauntless Shield|boost\n|-boost|p1a: Zamazenta|def|1\n|turn|1\n|inactive|Snickers23 has 30 seconds left.\n|\n|t:|1746075840\n|switch|p1b: Incineroar|Incineroar, L50, F, shiny|100/100\n|-ability|p1b: Incineroar|Intimidate|boost\n|-unboost|p2a: Tornadus|atk|1\n|-fail|p2b: Koraidon|unboost|[from] item: Clear Amulet|[of] p2b: Koraidon\n|-terastallize|p1a: Zamazenta|Water\n|move|p2b: Koraidon|Flame Charge|p1b: Incineroar\n|-resisted|p1b: Incineroar\n|-damage|p1b: Incineroar|89/100\n|-boost|p2b: Koraidon|spe|1\n|move|p1a: Zamazenta|Body Press|p2b: Koraidon\n|-damage|p2b: Koraidon|35/100\n|move|p2a: Tornadus|Bleakwind Storm|p1b: Incineroar|[spread] p1b\n|-miss|p2a: Tornadus|p1a: Zamazenta\n|-damage|p1b: Incineroar|58/100\n|\n|-weather|SunnyDay|[upkeep]\n|upkeep\n|turn|2\n|inactive|Snickers23 has 30 seconds left.\n|\n|t:|1746075867\n|move|p2b: Koraidon|Protect|p2b: Koraidon\n|-singleturn|p2b: Koraidon|Protect\n|move|p1b: Incineroar|Fake Out|p2b: Koraidon\n|-activate|p2b: Koraidon|move: Protect\n|move|p2a: Tornadus|Tailwind|p2a: Tornadus\n|-sidestart|p2: TheParasectKing|move: Tailwind\n|move|p1a: Zamazenta|Heavy Slam|p2a: Tornadus\n|-damage|p2a: Tornadus|33/100\n|\n|-weather|SunnyDay|[upkeep]\n|upkeep\n|turn|3\n|\n|t:|1746075885\n|switch|p1b: Clefairy|Clefairy, L50, F, shiny|100/100\n|move|p2b: Koraidon|Flare Blitz|p1b: Clefairy\n|-damage|p1b: Clefairy|34/100\n|-damage|p2b: Koraidon|13/100|[from] Recoil\n|move|p2a: Tornadus|Bleakwind Storm|p1b: Clefairy|[spread] p1a,p1b\n|-damage|p1a: Zamazenta|80/100\n|-damage|p1b: Clefairy|2/100\n|-unboost|p1a: Zamazenta|spe|1\n|-unboost|p1b: Clefairy|spe|1\n|move|p1a: Zamazenta|Body Press|p2b: Koraidon\n|-damage|p2b: Koraidon|0 fnt\n|faint|p2b: Koraidon\n|\n|-weather|SunnyDay|[upkeep]\n|upkeep\n|\n|t:|1746075896\n|switch|p2b: Walking Wake|Walking Wake, L50|100/100\n|-activate|p2b: Walking Wake|ability: Protosynthesis\n|-start|p2b: Walking Wake|protosynthesisspa\n|turn|4\n|\n|t:|1746075910\n|move|p2a: Tornadus|Protect|p2a: Tornadus\n|-singleturn|p2a: Tornadus|Protect\n|move|p1a: Zamazenta|Protect|p1a: Zamazenta\n|-singleturn|p1a: Zamazenta|Protect\n|move|p1b: Clefairy|Protect|p1b: Clefairy\n|-singleturn|p1b: Clefairy|Protect\n|move|p2b: Walking Wake|Flip Turn|p1b: Clefairy\n|-activate|p1b: Clefairy|move: Protect\n|\n|-weather|SunnyDay|[upkeep]\n|upkeep\n|turn|5\n|\n|t:|1746075934\n|switch|p1b: Incineroar|Incineroar, L50, F, shiny|58/100\n|-ability|p1b: Incineroar|Intimidate|boost\n|-unboost|p2a: Tornadus|atk|1\n|-unboost|p2b: Walking Wake|atk|1\n|move|p2b: Walking Wake|Flip Turn|p1b: Incineroar\n|-supereffective|p1b: Incineroar\n|-damage|p1b: Incineroar|51/100\n|\n|t:|1746075937\n|-end|p2b: Walking Wake|Protosynthesis|[silent]\n|switch|p2b: Flutter Mane|Flutter Mane, L50|100/100|[from] Flip Turn\n|-activate|p2b: Flutter Mane|ability: Protosynthesis\n|-start|p2b: Flutter Mane|protosynthesisspe\n|move|p2a: Tornadus|Bleakwind Storm|p1b: Incineroar|[spread] p1a,p1b\n|-damage|p1a: Zamazenta|55/100\n|-damage|p1b: Incineroar|17/100\n|-unboost|p1a: Zamazenta|spe|1\n|move|p1a: Zamazenta|Heavy Slam|p2a: Tornadus\n|-damage|p2a: Tornadus|0 fnt\n|faint|p2a: Tornadus\n|\n|-weather|none\n|-end|p2b: Flutter Mane|Protosynthesis\n|-sideend|p2: TheParasectKing|move: Tailwind\n|upkeep\n|\n|t:|1746075939\n|switch|p2a: Walking Wake|Walking Wake, L50|100/100\n|turn|6\n|\n|t:|1746075963\n|-terastallize|p2b: Flutter Mane|Dark\n|move|p2a: Walking Wake|Dragon Pulse|p1a: Zamazenta\n|-damage|p1a: Zamazenta|25/100\n|move|p2b: Flutter Mane|Thunderbolt|p1a: Zamazenta\n|-supereffective|p1a: Zamazenta\n|-damage|p1a: Zamazenta|0 fnt\n|faint|p1a: Zamazenta\n|move|p1b: Incineroar|Knock Off|p2a: Walking Wake\n|-damage|p2a: Walking Wake|59/100\n|-enditem|p2a: Walking Wake|Choice Scarf|[from] move: Knock Off|[of] p1b: Incineroar\n|\n|upkeep\n|\n|t:|1746075980\n|switch|p1a: Calyrex|Calyrex-Shadow, L50|100/100\n|-ability|p1a: Calyrex|As One\n|-ability|p1a: Calyrex|Unnerve\n|turn|7\n|\n|t:|1746076003\n|move|p1a: Calyrex|Astral Barrage|p2b: Flutter Mane|[spread] p2a,p2b\n|-resisted|p2b: Flutter Mane\n|-damage|p2a: Walking Wake|0 fnt\n|-damage|p2b: Flutter Mane|75/100\n|faint|p2a: Walking Wake\n|-end|p2a: Walking Wake|Protosynthesis|[silent]\n|-ability|p1a: Calyrex|Grim Neigh|boost\n|-boost|p1a: Calyrex|spa|1\n|move|p2b: Flutter Mane|Thunderbolt|p1b: Incineroar\n|-damage|p1b: Incineroar|0 fnt\n|faint|p1b: Incineroar\n|\n|upkeep\n|-message|TheParasectKing forfeited.\n|\n|win|Snickers23\n|raw|Snickers23's rating: 1301 &rarr; <strong>1312</strong><br />(+11 for winning)\n|raw|TheParasectKing's rating: 1127 &rarr; <strong>1114</strong><br />(-13 for losing)\n", "uploadtime": 1746076011, "views": 13, "formatid": "gen9vgc2025regibo3", "rating": 1114, "private": 0, "password": null}