{"id": "gen9vgc2025regibo3-2353446445", "format": "[Gen 9] VGC 2025 Reg I (Bo3)", "players": ["elyx_1", "ViewtifulBoufalant"], "log": "|j|\u2606elyx_1\n|j|\u2606ViewtifulBoufalant\n|html|<table width=\"100%\"><tr><td align=\"left\">elyx_1</td><td align=\"right\">ViewtifulBoufalant</tr><tr><td align=\"left\"><i class=\"fa fa-circle-o\"></i> <i class=\"fa fa-circle-o\"></i> </td><td align=\"right\"><i class=\"fa fa-circle-o\"></i> <i class=\"fa fa-circle-o\"></i> </tr></table>\n|uhtml|bestof|<h2><strong>Game 1</strong> of <a href=\"/game-bestof3-gen9vgc2025regibo3-2353446444\">a best-of-3</a></h2>\n|t:|1745956698\n|gametype|doubles\n|player|p1|elyx_1|265|1117\n|player|p2|ViewtifulBoufalant|1|1137\n|teamsize|p1|6\n|teamsize|p2|6\n|gen|9\n|tier|[Gen 9] VGC 2025 Reg I (Bo3)\n|rated|\n|rule|Species Clause: Limit one of each Pok\u00e9mon\n|rule|Item Clause: Limit 1 of each item\n|clearpoke\n|poke|p1|Zamazenta-*, L50|\n|poke|p1|Calyrex-Shadow, L50|\n|poke|p1|Tornadus, L50, M|\n|poke|p1|Urshifu-*, L50, M|\n|poke|p1|Rillaboom, L50, M|\n|poke|p1|Chien-Pao, L50|\n|poke|p2|Ho-Oh, L50|\n|poke|p2|Miraidon, L50|\n|poke|p2|Toxapex, L50, F|\n|poke|p2|Urshifu-*, L50, F|\n|poke|p2|Ambipom, L50, F|\n|poke|p2|Wo-Chien, L50|\n|teampreview|4\n|showteam|p1|Zamazenta-Crowned||RustedShield|DauntlessShield|BodyPress,HeavySlam,WideGuard,Protect||||||50|,,,,,Ghost]Calyrex-Shadow||FocusSash|AsOneSpectrier|AstralBarrage,Psychic,Encore,Protect||||||50|,,,,,Ghost]Tornadus||RockyHelmet|Prankster|BleakwindStorm,Tailwind,RainDance,Protect|||M|||50|,,,,,Dark]Urshifu-Rapid-Strike||MysticWater|UnseenFist|SurgingStrikes,CloseCombat,AquaJet,Detect|||M|||50|,,,,,Water]Rillaboom||AssaultVest|GrassySurge|WoodHammer,GrassyGlide,Uturn,FakeOut|||M|||50|,,,,,Fire]Chien-Pao||LifeOrb|SwordofRuin|SuckerPunch,IceSpinner,IceShard,Protect||||||50|,,,,,Stellar\n|showteam|p2|Ho-Oh||CovertCloak|Regenerator|BraveBird,SacredFire,FireSpin,Recover||||||50|,,,,,Grass]Miraidon||ChoiceSpecs|HadronEngine|ElectroDrift,DragonPulse,ParabolicCharge,VoltSwitch||||||50|,,,,,Electric]Toxapex||SafetyGoggles|Regenerator|BanefulBunker,WideGuard,ToxicSpikes,Infestation|||F|||50|,,,,,Dark]Urshifu||ChoiceScarf|UnseenFist|Uturn,WickedBlow,CloseCombat,SuckerPunch|||F|||50|,,,,,Poison]Ambipom||FocusSash|Technician|FakeOut,KnockOff,UpperHand,QuickGuard|||F|||50|,,,,,Dark]Wo-Chien||Leftovers|TabletsofRuin|LeechSeed,Protect,PollenPuff,GrassKnot||||||50|,,,,,Bug\n|inactive|Battle timer is ON: inactive players will automatically lose when time's up. (requested by elyx_1)\n|inactive|elyx_1 has 60 seconds left.\n|inactive|ViewtifulBoufalant has 60 seconds left.\n|\n|t:|1745956742\n|start\n|switch|p1a: Calyrex|Calyrex-Shadow, L50|100/100\n|switch|p1b: Rillaboom|Rillaboom, L50, M|100/100\n|switch|p2a: Ambipom|Ambipom, L50, F|100/100\n|switch|p2b: Urshifu|Urshifu, L50, F|100/100\n|-ability|p1a: Calyrex|As One\n|-ability|p1a: Calyrex|Unnerve\n|-fieldstart|move: Grassy Terrain|[from] ability: Grassy Surge|[of] p1b: Rillaboom\n|turn|1\n|inactive|elyx_1 has 30 seconds left.\n|\n|t:|1745956773\n|switch|p1a: Zamazenta|Zamazenta-Crowned, L50|100/100\n|-ability|p1a: Zamazenta|Dauntless Shield|boost\n|-boost|p1a: Zamazenta|def|1\n|move|p2a: Ambipom|Fake Out|p1b: Rillaboom\n|-damage|p1b: Rillaboom|77/100\n|cant|p1b: Rillaboom|flinch\n|move|p2b: Urshifu|U-turn|p1a: Zamazenta\n|-resisted|p1a: Zamazenta\n|-damage|p1a: Zamazenta|98/100\n|\n|t:|1745956785\n|switch|p2b: Ho-Oh|Ho-Oh, L50|100/100|[from] U-turn\n|\n|-heal|p1a: Zamazenta|100/100|[from] Grassy Terrain\n|-heal|p1b: Rillaboom|83/100|[from] Grassy Terrain\n|upkeep\n|turn|2\n|\n|t:|1745956803\n|switch|p2a: Toxapex|Toxapex, L50, F|100/100\n|-terastallize|p1b: Rillaboom|Fire\n|move|p1a: Zamazenta|Body Press|p2a: Toxapex\n|-resisted|p2a: Toxapex\n|-damage|p2a: Toxapex|77/100\n|move|p2b: Ho-Oh|Sacred Fire|p1a: Zamazenta\n|-supereffective|p1a: Zamazenta\n|-damage|p1a: Zamazenta|58/100\n|move|p1b: Rillaboom|U-turn|p2a: Toxapex\n|-resisted|p2a: Toxapex\n|-damage|p2a: Toxapex|70/100\n|\n|t:|1745956820\n|switch|p1b: Chien-Pao|Chien-Pao, L50|100/100|[from] U-turn\n|-ability|p1b: Chien-Pao|Sword of Ruin\n|\n|-heal|p1a: Zamazenta|64/100|[from] Grassy Terrain\n|-heal|p2a: Toxapex|76/100|[from] Grassy Terrain\n|upkeep\n|turn|3\n|inactive|elyx_1 has 30 seconds left.\n|inactive|ViewtifulBoufalant has 30 seconds left.\n|\n|t:|1745956848\n|move|p1b: Chien-Pao|Ice Spinner|p2b: Ho-Oh\n|-damage|p2b: Ho-Oh|34/100\n|-fieldend|move: Grassy Terrain\n|-damage|p1b: Chien-Pao|91/100|[from] item: Life Orb\n|move|p1a: Zamazenta|Body Press|p2b: Ho-Oh\n|-resisted|p2b: Ho-Oh\n|-damage|p2b: Ho-Oh|0 fnt\n|faint|p2b: Ho-Oh\n|move|p2a: Toxapex|Infestation|p1b: Chien-Pao\n|-supereffective|p1b: Chien-Pao\n|-damage|p1b: Chien-Pao|80/100\n|-activate|p1b: Chien-Pao|move: Infestation|[of] p2a: Toxapex\n|\n|-damage|p1b: Chien-Pao|68/100|[from] move: Infestation|[partiallytrapped]\n|upkeep\n|\n|t:|1745956868\n|switch|p2b: Ambipom|Ambipom, L50, F|100/100\n|turn|4\n|\n|t:|1745956893\n|move|p2b: Ambipom|Fake Out|p1b: Chien-Pao\n|-damage|p1b: Chien-Pao|33/100\n|cant|p1b: Chien-Pao|flinch\n|move|p1a: Zamazenta|Body Press|p2b: Ambipom\n|-supereffective|p2b: Ambipom\n|-enditem|p2b: Ambipom|Focus Sash\n|-damage|p2b: Ambipom|1/100\n|move|p2a: Toxapex|Infestation|p1a: Zamazenta\n|-resisted|p1a: Zamazenta\n|-damage|p1a: Zamazenta|63/100\n|-activate|p1a: Zamazenta|move: Infestation|[of] p2a: Toxapex\n|\n|-damage|p1b: Chien-Pao|21/100|[from] move: Infestation|[partiallytrapped]\n|-damage|p1a: Zamazenta|51/100|[from] move: Infestation|[partiallytrapped]\n|upkeep\n|turn|5\n|inactive|elyx_1 has 30 seconds left.\n|inactive|ViewtifulBoufalant has 30 seconds left.\n|\n|t:|1745956923\n|move|p2b: Ambipom|Upper Hand||[still]\n|-fail|p2b: Ambipom\n|move|p1b: Chien-Pao|Ice Spinner|p2b: Ambipom\n|-damage|p2b: Ambipom|0 fnt\n|faint|p2b: Ambipom\n|-damage|p1b: Chien-Pao|11/100|[from] item: Life Orb\n|move|p1a: Zamazenta|Body Press|p2a: Toxapex\n|-resisted|p2a: Toxapex\n|-damage|p2a: Toxapex|46/100\n|move|p2a: Toxapex|Toxic Spikes|p1a: Zamazenta\n|-sidestart|p1: elyx_1|move: Toxic Spikes\n|\n|-damage|p1b: Chien-Pao|0 fnt|[from] move: Infestation|[partiallytrapped]\n|faint|p1b: Chien-Pao\n|-damage|p1a: Zamazenta|38/100|[from] move: Infestation|[partiallytrapped]\n|upkeep\n|\n|t:|1745956937\n|switch|p1b: Rillaboom|Rillaboom, L50, M, tera:Fire|83/100\n|switch|p2b: Urshifu|Urshifu, L50, F|100/100\n|-status|p1b: Rillaboom|psn\n|-fieldstart|move: Grassy Terrain|[from] ability: Grassy Surge|[of] p1b: Rillaboom\n|turn|6\n|\n|t:|1745956960\n|-terastallize|p2b: Urshifu|Poison\n|move|p2a: Toxapex|Baneful Bunker|p2a: Toxapex\n|-singleturn|p2a: Toxapex|move: Protect\n|move|p1b: Rillaboom|Fake Out|p2b: Urshifu\n|-damage|p2b: Urshifu|87/100\n|cant|p2b: Urshifu|flinch\n|move|p1a: Zamazenta|Body Press|p2b: Urshifu\n|-resisted|p2b: Urshifu\n|-damage|p2b: Urshifu|50/100\n|\n|-heal|p2b: Urshifu|56/100|[from] Grassy Terrain\n|-heal|p1a: Zamazenta|44/100|[from] Grassy Terrain\n|-heal|p1b: Rillaboom|89/100 psn|[from] Grassy Terrain\n|-heal|p2a: Toxapex|52/100|[from] Grassy Terrain\n|-damage|p1b: Rillaboom|77/100 psn|[from] psn\n|-damage|p1a: Zamazenta|32/100|[from] move: Infestation|[partiallytrapped]\n|upkeep\n|turn|7\n|\n|t:|1745956982\n|move|p1b: Rillaboom|Grassy Glide|p2b: Urshifu\n|-resisted|p2b: Urshifu\n|-damage|p2b: Urshifu|38/100\n|move|p2b: Urshifu|Wicked Blow|p1a: Zamazenta\n|-resisted|p1a: Zamazenta\n|-crit|p1a: Zamazenta\n|-damage|p1a: Zamazenta|14/100\n|move|p1a: Zamazenta|Heavy Slam|p2b: Urshifu\n|-damage|p2b: Urshifu|0 fnt\n|faint|p2b: Urshifu\n|move|p2a: Toxapex|Infestation|p1b: Rillaboom\n|-resisted|p1b: Rillaboom\n|-damage|p1b: Rillaboom|76/100 psn\n|-activate|p1b: Rillaboom|move: Infestation|[of] p2a: Toxapex\n|\n|-heal|p1a: Zamazenta|19/100|[from] Grassy Terrain\n|-heal|p1b: Rillaboom|82/100 psn|[from] Grassy Terrain\n|-heal|p2a: Toxapex|58/100|[from] Grassy Terrain\n|-damage|p1b: Rillaboom|69/100 psn|[from] psn\n|-damage|p1a: Zamazenta|7/100|[from] move: Infestation|[partiallytrapped]\n|-damage|p1b: Rillaboom|57/100 psn|[from] move: Infestation|[partiallytrapped]\n|upkeep\n|turn|8\n|\n|t:|1745957007\n|move|p1a: Zamazenta|Protect|p1a: Zamazenta\n|-singleturn|p1a: Zamazenta|Protect\n|move|p2a: Toxapex|Baneful Bunker|p2a: Toxapex\n|-singleturn|p2a: Toxapex|move: Protect\n|move|p1b: Rillaboom|U-turn|p2a: Toxapex\n|-activate|p2a: Toxapex|move: Protect\n|\n|-heal|p1a: Zamazenta|13/100|[from] Grassy Terrain\n|-heal|p1b: Rillaboom|63/100 psn|[from] Grassy Terrain\n|-heal|p2a: Toxapex|64/100|[from] Grassy Terrain\n|-damage|p1b: Rillaboom|51/100 psn|[from] psn\n|-end|p1a: Zamazenta|Infestation|[partiallytrapped]\n|-damage|p1b: Rillaboom|39/100 psn|[from] move: Infestation|[partiallytrapped]\n|upkeep\n|turn|9\n|\n|t:|1745957032\n|move|p1a: Zamazenta|Heavy Slam|p2a: Toxapex\n|-resisted|p2a: Toxapex\n|-damage|p2a: Toxapex|47/100\n|move|p1b: Rillaboom|U-turn|p2a: Toxapex\n|-resisted|p2a: Toxapex\n|-damage|p2a: Toxapex|41/100\n|\n|t:|1745957037\n|switch|p1b: Calyrex|Calyrex-Shadow, L50|100/100|[from] U-turn\n|-ability|p1b: Calyrex|As One\n|-ability|p1b: Calyrex|Unnerve\n|-status|p1b: Calyrex|psn\n|move|p2a: Toxapex|Infestation|p1a: Zamazenta\n|-resisted|p1a: Zamazenta\n|-damage|p1a: Zamazenta|12/100\n|-activate|p1a: Zamazenta|move: Infestation|[of] p2a: Toxapex\n|\n|-heal|p1a: Zamazenta|18/100|[from] Grassy Terrain\n|-heal|p2a: Toxapex|46/100|[from] Grassy Terrain\n|-damage|p1b: Calyrex|88/100 psn|[from] psn\n|-damage|p1a: Zamazenta|6/100|[from] move: Infestation|[partiallytrapped]\n|upkeep\n|turn|10\n|\n|t:|1745957058\n|move|p2a: Toxapex|Baneful Bunker|p2a: Toxapex\n|-singleturn|p2a: Toxapex|move: Protect\n|move|p1b: Calyrex|Psychic|p2a: Toxapex\n|-activate|p2a: Toxapex|move: Protect\n|move|p1a: Zamazenta|Heavy Slam|p2a: Toxapex\n|-activate|p2a: Toxapex|move: Protect\n|\n|-heal|p1b: Calyrex|94/100 psn|[from] Grassy Terrain\n|-heal|p1a: Zamazenta|12/100|[from] Grassy Terrain\n|-heal|p2a: Toxapex|52/100|[from] Grassy Terrain\n|-damage|p1b: Calyrex|82/100 psn|[from] psn\n|-damage|p1a: Zamazenta|0 fnt|[from] move: Infestation|[partiallytrapped]\n|faint|p1a: Zamazenta\n|-fieldend|move: Grassy Terrain\n|upkeep\n|\n|t:|1745957070\n|switch|p1a: Rillaboom|Rillaboom, L50, M, tera:Fire|39/100 psn\n|-fieldstart|move: Grassy Terrain|[from] ability: Grassy Surge|[of] p1a: Rillaboom\n|turn|11\n|\n|t:|1745957084\n|move|p2a: Toxapex|Baneful Bunker|p2a: Toxapex\n|-singleturn|p2a: Toxapex|move: Protect\n|move|p1a: Rillaboom|Fake Out|p2a: Toxapex\n|-activate|p2a: Toxapex|move: Protect\n|move|p1b: Calyrex|Psychic|p2a: Toxapex\n|-activate|p2a: Toxapex|move: Protect\n|\n|-heal|p1b: Calyrex|88/100 psn|[from] Grassy Terrain\n|-heal|p1a: Rillaboom|45/100 psn|[from] Grassy Terrain\n|-heal|p2a: Toxapex|58/100|[from] Grassy Terrain\n|-damage|p1b: Calyrex|75/100 psn|[from] psn\n|-damage|p1a: Rillaboom|33/100 psn|[from] psn\n|upkeep\n|turn|12\n|\n|t:|1745957101\n|move|p2a: Toxapex|Baneful Bunker||[still]\n|-fail|p2a: Toxapex\n|move|p1b: Calyrex|Psychic|p2a: Toxapex\n|-supereffective|p2a: Toxapex\n|-damage|p2a: Toxapex|0 fnt\n|faint|p2a: Toxapex\n|\n|win|elyx_1\n||ViewtifulBoufalant is ready for game 2.\n||elyx_1 is ready for game 2.\n|uhtml|next|Next: <a href=\"/battle-gen9vgc2025regibo3-2353451023\"><strong>Game 2 of 3</strong></a>\n", "uploadtime": 1745957435, "views": 6, "formatid": "gen9vgc2025regibo3", "rating": null, "private": 0, "password": null}