{"id": "gen9vgc2025regibo3-2353697380", "format": "[Gen 9] VGC 2025 Reg I (Bo3)", "players": ["BtheMan", "Jebei"], "log": "|j|\u2606BtheMan\n|j|\u2606Jebei\n|html|<table width=\"100%\"><tr><td align=\"left\">BtheMan</td><td align=\"right\">Jebei</tr><tr><td align=\"left\"><i class=\"fa fa-circle\"></i> <i class=\"fa fa-circle-o\"></i> </td><td align=\"right\"><i class=\"fa fa-circle-o\"></i> <i class=\"fa fa-circle-o\"></i> </tr></table>\n|uhtml|bestof|<h2><strong>Game 2</strong> of <a href=\"/game-bestof3-gen9vgc2025regibo3-2353695375\">a best-of-3</a></h2>\n|t:|1745985023\n|gametype|doubles\n|player|p1|BtheMan|fisherman|1107\n|player|p2|Jebei|170|1041\n|teamsize|p1|6\n|teamsize|p2|6\n|gen|9\n|tier|[Gen 9] VGC 2025 Reg I (Bo3)\n|rated|\n|rule|Species Clause: Limit one of each Pok\u00e9mon\n|rule|Item Clause: Limit 1 of each item\n|clearpoke\n|poke|p1|Whimsicott, L50, M|\n|poke|p1|Miraidon, L50|\n|poke|p1|Lunala, L50|\n|poke|p1|Iron Hands, L50|\n|poke|p1|Chi-Yu, L50|\n|poke|p1|Urshifu-*, L50, F|\n|poke|p2|Lunala, L50|\n|poke|p2|Tornadus, L50, M|\n|poke|p2|Koraidon, L50|\n|poke|p2|Rillaboom, L50, F|\n|poke|p2|Ogerpon-Cornerstone, L50, F|\n|poke|p2|Incineroar, L50, F|\n|teampreview|4\n|showteam|p1|Whimsicott||CovertCloak|Prankster|Moonblast,Tailwind,Encore,LightScreen|||M|||50|,,,,,Dark]Miraidon||ChoiceSpecs|HadronEngine|ElectroDrift,VoltSwitch,DracoMeteor,DazzlingGleam||||||50|,,,,,Fairy]Lunala||ElectricSeed|ShadowShield|MoongeistBeam,Psyshock,TrickRoom,WideGuard||||||50|,,,,,Water]Iron Hands||AssaultVest|QuarkDrive|DrainPunch,LowKick,HeavySlam,FakeOut||||||50|,,,,,Water]Chi-Yu||ChoiceScarf|BeadsofRuin|HeatWave,DarkPulse,Overheat,Snarl||||||50|,,,,,Ghost]Urshifu-Rapid-Strike||FocusSash|UnseenFist|SurgingStrikes,CloseCombat,AquaJet,Protect|||F|||50|,,,,,Stellar\n|showteam|p2|Lunala||Leftovers|ShadowShield|CalmMind,MoongeistBeam,HeatWave,Protect||||||50|,,,,,Fire]Tornadus||CovertCloak|Prankster|Tailwind,Taunt,BleakwindStorm,SunnyDay|||M|||50|,,,,,Dark]Koraidon||LifeOrb|OrichalcumPulse|FlameCharge,CloseCombat,FlareBlitz,Protect||||||50|,,,,,Fire]Rillaboom||AssaultVest|GrassySurge|FakeOut,HighHorsepower,GrassyGlide,Uturn|||F|||50|,,,,,Fire]Ogerpon-Cornerstone||CornerstoneMask|Sturdy|FollowMe,SpikyShield,IvyCudgel,SwordsDance|||F|||50|,,,,,Rock]Incineroar||SafetyGoggles|Intimidate|FakeOut,KnockOff,FlareBlitz,PartingShot|||F|||50|,,,,,Grass\n|inactive|Battle timer is ON: inactive players will automatically lose when time's up. (requested by BtheMan)\n|inactive|BtheMan has 60 seconds left.\n|inactive|Jebei has 60 seconds left.\n|\n|t:|1745985072\n|start\n|switch|p1a: Whimsicott|Whimsicott, L50, M|100/100\n|switch|p1b: Chi-Yu|Chi-Yu, L50|100/100\n|switch|p2a: Ogerpon|Ogerpon-Cornerstone, L50, F|100/100\n|switch|p2b: Lunala|Lunala, L50|100/100\n|-ability|p1b: Chi-Yu|Beads of Ruin\n|turn|1\n|inactive|BtheMan has 30 seconds left.\n|inactive|Jebei has 30 seconds left.\n|inactive|BtheMan has 20 seconds left.\n|\n|t:|1745985107\n|-terastallize|p2b: Lunala|Fire\n|move|p1a: Whimsicott|Tailwind|p1a: Whimsicott\n|-sidestart|p1: BtheMan|move: Tailwind\n|move|p1b: Chi-Yu|Snarl|p2b: Lunala|[spread] p2a,p2b\n|-damage|p2a: Ogerpon|61/100\n|-damage|p2b: Lunala|89/100\n|-unboost|p2a: Ogerpon|spa|1\n|-unboost|p2b: Lunala|spa|1\n|move|p2a: Ogerpon|Ivy Cudgel|p1b: Chi-Yu|[anim] Ivy Cudgel Rock\n|-supereffective|p1b: Chi-Yu\n|-damage|p1b: Chi-Yu|0 fnt\n|faint|p1b: Chi-Yu\n|move|p2b: Lunala|Heat Wave|p1a: Whimsicott\n|-supereffective|p1a: Whimsicott\n|-damage|p1a: Whimsicott|11/100\n|\n|-heal|p2b: Lunala|96/100|[from] item: Leftovers\n|upkeep\n|\n|t:|1745985127\n|switch|p1b: Lunala|Lunala, L50|100/100\n|turn|2\n|inactive|Jebei has 30 seconds left.\n|\n|t:|1745985152\n|move|p1a: Whimsicott|Moonblast|p2b: Lunala\n|-resisted|p2b: Lunala\n|-damage|p2b: Lunala|87/100\n|move|p1b: Lunala|Moongeist Beam|p2a: Ogerpon\n|-damage|p2a: Ogerpon|0 fnt\n|faint|p2a: Ogerpon\n|move|p2b: Lunala|Heat Wave|p1b: Lunala|[spread] p1a,p1b\n|-supereffective|p1a: Whimsicott\n|-damage|p1a: Whimsicott|0 fnt\n|-damage|p1b: Lunala|91/100\n|faint|p1a: Whimsicott\n|\n|-heal|p2b: Lunala|93/100|[from] item: Leftovers\n|upkeep\n|\n|t:|1745985173\n|switch|p2a: Rillaboom|Rillaboom, L50, F|100/100\n|switch|p1a: Miraidon|Miraidon, L50|100/100\n|-fieldstart|move: Electric Terrain|[from] ability: Hadron Engine|[of] p1a: Miraidon\n|-enditem|p1b: Lunala|Electric Seed\n|-boost|p1b: Lunala|def|1|[from] item: Electric Seed\n|-fieldstart|move: Grassy Terrain|[from] ability: Grassy Surge|[of] p2a: Rillaboom\n|turn|3\n|\n|t:|1745985195\n|-terastallize|p1b: Lunala|Water\n|move|p2a: Rillaboom|Fake Out|p1a: Miraidon\n|-damage|p1a: Miraidon|88/100\n|cant|p1a: Miraidon|flinch\n|move|p1b: Lunala|Moongeist Beam|p2b: Lunala\n|-damage|p2b: Lunala|50/100\n|move|p2b: Lunala|Calm Mind|p2b: Lunala\n|-boost|p2b: Lunala|spa|1\n|-boost|p2b: Lunala|spd|1\n|\n|-heal|p1a: Miraidon|94/100|[from] Grassy Terrain\n|-heal|p1b: Lunala|98/100|[from] Grassy Terrain\n|-heal|p2b: Lunala|57/100|[from] Grassy Terrain\n|-heal|p2b: Lunala|63/100|[from] item: Leftovers\n|upkeep\n|turn|4\n|\n|t:|1745985218\n|move|p2b: Lunala|Protect|p2b: Lunala\n|-singleturn|p2b: Lunala|Protect\n|move|p1a: Miraidon|Dazzling Gleam|p2a: Rillaboom|[spread] p2a\n|-activate|p2b: Lunala|move: Protect\n|-damage|p2a: Rillaboom|77/100\n|move|p1b: Lunala|Moongeist Beam|p2b: Lunala\n|-activate|p2b: Lunala|move: Protect\n|move|p2a: Rillaboom|U-turn|p1b: Lunala\n|-damage|p1b: Lunala|86/100\n|\n|t:|1745985229\n|switch|p2a: Koraidon|Koraidon, L50|100/100|[from] U-turn\n|-weather|SunnyDay|[from] ability: Orichalcum Pulse|[of] p2a: Koraidon\n|-activate|p2a: Koraidon|Orichalcum Pulse|[source]\n|\n|-weather|SunnyDay|[upkeep]\n|-heal|p1a: Miraidon|99/100|[from] Grassy Terrain\n|-heal|p1b: Lunala|92/100|[from] Grassy Terrain\n|-heal|p2b: Lunala|69/100|[from] Grassy Terrain\n|-heal|p2b: Lunala|75/100|[from] item: Leftovers\n|-sideend|p1: BtheMan|move: Tailwind\n|upkeep\n|turn|5\n|\n|t:|1745985254\n|move|p1a: Miraidon|Dazzling Gleam|p2b: Lunala|[spread] p2a,p2b\n|-supereffective|p2a: Koraidon\n|-resisted|p2b: Lunala\n|-damage|p2a: Koraidon|0 fnt\n|-damage|p2b: Lunala|67/100\n|faint|p2a: Koraidon\n|move|p1b: Lunala|Psyshock|p2b: Lunala\n|-damage|p2b: Lunala|32/100\n|move|p2b: Lunala|Moongeist Beam|p1b: Lunala\n|-damage|p1b: Lunala|51/100\n|\n|-weather|SunnyDay|[upkeep]\n|-heal|p1a: Miraidon|100/100|[from] Grassy Terrain\n|-heal|p1b: Lunala|57/100|[from] Grassy Terrain\n|-heal|p2b: Lunala|38/100|[from] Grassy Terrain\n|-heal|p2b: Lunala|44/100|[from] item: Leftovers\n|upkeep\n|\n|t:|1745985267\n|switch|p2a: Rillaboom|Rillaboom, L50, F|77/100\n|turn|6\n|\n|t:|1745985290\n|move|p2a: Rillaboom|Grassy Glide|p1b: Lunala\n|-supereffective|p1b: Lunala\n|-damage|p1b: Lunala|17/100\n|move|p1a: Miraidon|Dazzling Gleam|p2b: Lunala|[spread] p2a,p2b\n|-resisted|p2b: Lunala\n|-damage|p2a: Rillaboom|55/100\n|-damage|p2b: Lunala|36/100\n|move|p1b: Lunala|Moongeist Beam|p2b: Lunala\n|-damage|p2b: Lunala|10/100\n|move|p2b: Lunala|Calm Mind|p2b: Lunala\n|-boost|p2b: Lunala|spa|1\n|-boost|p2b: Lunala|spd|1\n|\n|-weather|SunnyDay|[upkeep]\n|-heal|p1b: Lunala|23/100|[from] Grassy Terrain\n|-heal|p2a: Rillaboom|61/100|[from] Grassy Terrain\n|-heal|p2b: Lunala|16/100|[from] Grassy Terrain\n|-heal|p2b: Lunala|22/100|[from] item: Leftovers\n|upkeep\n|turn|7\n|\n|t:|1745985312\n|move|p2b: Lunala|Protect|p2b: Lunala\n|-singleturn|p2b: Lunala|Protect\n|move|p2a: Rillaboom|Grassy Glide|p1b: Lunala\n|-supereffective|p1b: Lunala\n|-damage|p1b: Lunala|0 fnt\n|faint|p1b: Lunala\n|move|p1a: Miraidon|Dazzling Gleam|p2b: Lunala|[spread] p2a\n|-activate|p2b: Lunala|move: Protect\n|-damage|p2a: Rillaboom|37/100\n|\n|-weather|SunnyDay|[upkeep]\n|-heal|p2a: Rillaboom|43/100|[from] Grassy Terrain\n|-heal|p2b: Lunala|29/100|[from] Grassy Terrain\n|-heal|p2b: Lunala|35/100|[from] item: Leftovers\n|-fieldend|move: Grassy Terrain\n|upkeep\n|turn|8\n|\n|t:|1745985332\n|move|p1a: Miraidon|Dazzling Gleam|p2a: Rillaboom|[spread] p2a,p2b\n|-resisted|p2b: Lunala\n|-damage|p2a: Rillaboom|21/100\n|-damage|p2b: Lunala|29/100\n|move|p2a: Rillaboom|High Horsepower|p1a: Miraidon\n|-supereffective|p1a: Miraidon\n|-damage|p1a: Miraidon|39/100\n|move|p2b: Lunala|Moongeist Beam|p1a: Miraidon\n|-damage|p1a: Miraidon|0 fnt\n|faint|p1a: Miraidon\n|\n|win|Jebei\n||BtheMan is ready for game 3.\n|inactive|Jebei has 30 seconds to confirm battle start!\n||Jebei is ready for game 3.\n|uhtml|next|Next: <a href=\"/battle-gen9vgc2025regibo3-2353699633\"><strong>Game 3 of 3</strong></a>\n|l|\u2606Jebei\n|player|p2|\n", "uploadtime": 1745985653, "views": 7, "formatid": "gen9vgc2025regibo3", "rating": null, "private": 0, "password": null}