{"id": "gen9vgc2025regibo3-2354089020", "format": "[Gen 9] VGC 2025 Reg I (Bo3)", "players": ["Ulnir", "Angelo Neres"], "log": "|j|\u2606Ulnir\n|j|\u2606Angelo Neres\n|html|<table width=\"100%\"><tr><td align=\"left\">Ulnir</td><td align=\"right\">Angelo Neres</tr><tr><td align=\"left\"><i class=\"fa fa-circle-o\"></i> <i class=\"fa fa-circle-o\"></i> </td><td align=\"right\"><i class=\"fa fa-circle-o\"></i> <i class=\"fa fa-circle-o\"></i> </tr></table>\n|uhtml|bestof|<h2><strong>Game 1</strong> of <a href=\"/game-bestof3-gen9vgc2025regibo3-2354089019\">a best-of-3</a></h2>\n|t:|1746033891\n|gametype|doubles\n|player|p1|Ulnir|pokemonranger-gen6|1063\n|player|p2|Angelo Neres|170|1070\n|teamsize|p1|6\n|teamsize|p2|6\n|gen|9\n|tier|[Gen 9] VGC 2025 Reg I (Bo3)\n|rated|\n|rule|Species Clause: Limit one of each Pok\u00e9mon\n|rule|Item Clause: Limit 1 of each item\n|clearpoke\n|poke|p1|Kyogre, L50|\n|poke|p1|Tornadus, L50, M|\n|poke|p1|Hitmontop, L50, M|\n|poke|p1|Perrserker, L50, F|\n|poke|p1|Zacian-*, L50|\n|poke|p1|Ursaluna, L50, F|\n|poke|p2|Groudon, L50|\n|poke|p2|Moltres-Galar, L50|\n|poke|p2|Scream Tail, L50|\n|poke|p2|Grimmsnarl, L50, M|\n|poke|p2|Zamazenta-*, L50|\n|poke|p2|Exeggutor, L50, F|\n|teampreview|4\n|showteam|p1|Kyogre||MysticWater|Drizzle|Protect,OriginPulse,WaterSpout,IceBeam||||||50|,,,,,Water]Tornadus||CovertCloak|Prankster|Protect,BleakwindStorm,Taunt,Tailwind|||M|||50|,,,,,Dark]Hitmontop||EjectButton|Intimidate|WideGuard,IceSpinner,CloseCombat,HelpingHand|||M|||50|,,,,,Steel]Perrserker||AssaultVest|SteelySpirit|FakeOut,IronHead,KnockOff,Uturn|||F|||50|,,,,,Dragon]Zacian-Crowned||RustedSword|IntrepidSword|Protect,behemothblade,PlayRough,SacredSword||||||50|,,,,,Grass]Ursaluna||FlameOrb|Guts|Protect,Facade,HeadlongRush,Earthquake|||F|||50|,,,,,Normal\n|showteam|p2|Groudon||AssaultVest|Drought|PrecipiceBlades,StoneEdge,HeatCrash,HeavySlam||||||50|,,,,,Fire]Moltres-Galar||SitrusBerry|Berserk|FieryWrath,AirSlash,Protect,Tailwind||||||50|,,,,,Grass]Scream Tail||MentalHerb|Protosynthesis|IceBeam,ThunderWave,Encore,Disable||||||50|,,,,,Grass]Grimmsnarl||CovertCloak|Prankster|SpiritBreak,LightScreen,Reflect,PartingShot|||M|||50|,,,,,Steel]Zamazenta-Crowned||RustedShield|DauntlessShield|BodyPress,Protect,behemothbash,WideGuard||||||50|,,,,,Grass]Exeggutor||FocusSash|Chlorophyll|LeafStorm,Gravity,SleepPowder,SkillSwap|||F|||50|,,,,,Ghost\n|inactive|Battle timer is ON: inactive players will automatically lose when time's up. (requested by Angelo Neres)\n|\n|t:|1746033930\n|start\n|switch|p1a: Hitmontop|Hitmontop, L50, M|100/100\n|switch|p1b: Tornadus|Tornadus, L50, M|100/100\n|switch|p2a: Grimmsnarl|Grimmsnarl, L50, M, shiny|100/100\n|switch|p2b: Exeggutor|Exeggutor, L50, F, shiny|100/100\n|-ability|p1a: Hitmontop|Intimidate|boost\n|-unboost|p2a: Grimmsnarl|atk|1\n|-unboost|p2b: Exeggutor|atk|1\n|turn|1\n|inactive|Ulnir has 30 seconds left.\n|inactive|Angelo Neres has 30 seconds left.\n|\n|t:|1746033964\n|move|p1b: Tornadus|Tailwind|p1b: Tornadus\n|-sidestart|p1: Ulnir|move: Tailwind\n|move|p1a: Hitmontop|Ice Spinner|p2a: Grimmsnarl\n|-damage|p2a: Grimmsnarl|83/100\n|move|p2b: Exeggutor|Gravity|p2b: Exeggutor\n|-fieldstart|move: Gravity\n|move|p2a: Grimmsnarl|Spirit Break|p1a: Hitmontop\n|-supereffective|p1a: Hitmontop\n|-damage|p1a: Hitmontop|51/100\n|-unboost|p1a: Hitmontop|spa|1\n|-enditem|p1a: Hitmontop|Eject Button\n|\n|t:|1746033978\n|switch|p1a: Zacian|Zacian-Crowned, L50|100/100\n|-ability|p1a: Zacian|Intrepid Sword|boost\n|-boost|p1a: Zacian|atk|1\n|\n|upkeep\n|turn|2\n|inactive|Angelo Neres has 30 seconds left.\n|inactive|Angelo Neres has 20 seconds left.\n|\n|t:|1746034017\n|move|p2a: Grimmsnarl|Parting Shot|p1a: Zacian\n|-unboost|p1a: Zacian|atk|1\n|-unboost|p1a: Zacian|spa|1\n|\n|t:|1746034019\n|switch|p2a: Groudon|Groudon, L50, shiny|100/100|[from] Parting Shot\n|-weather|SunnyDay|[from] ability: Drought|[of] p2a: Groudon\n|move|p1a: Zacian|Play Rough|p2a: Groudon\n|-damage|p2a: Groudon|63/100\n|move|p1b: Tornadus|Bleakwind Storm|p2a: Groudon|[spread] p2a,p2b\n|-supereffective|p2b: Exeggutor\n|-damage|p2a: Groudon|43/100\n|-damage|p2b: Exeggutor|12/100\n|-unboost|p2b: Exeggutor|spe|1\n|move|p2b: Exeggutor|Sleep Powder|p1b: Tornadus\n|-status|p1b: Tornadus|slp|[from] move: Sleep Powder\n|\n|-weather|SunnyDay|[upkeep]\n|upkeep\n|turn|3\n|\n|t:|1746034039\n|-terastallize|p1a: Zacian|Grass\n|cant|p1b: Tornadus|slp\n|move|p1a: Zacian|Play Rough|p2a: Groudon\n|-damage|p2a: Groudon|5/100\n|move|p2b: Exeggutor|Sleep Powder|p1a: Zacian\n|-immune|p1a: Zacian\n|move|p2a: Groudon|Precipice Blades|p1b: Tornadus|[spread] p1a,p1b\n|-resisted|p1a: Zacian\n|-damage|p1a: Zacian|72/100\n|-damage|p1b: Tornadus|34/100 slp\n|\n|-weather|SunnyDay|[upkeep]\n|upkeep\n|turn|4\n|inactive|Angelo Neres has 30 seconds left.\n|\n|t:|1746034065\n|switch|p2b: Grimmsnarl|Grimmsnarl, L50, M, shiny|83/100\n|switch|p2a: Zamazenta|Zamazenta-Crowned, L50|100/100\n|-ability|p2a: Zamazenta|Dauntless Shield|boost\n|-boost|p2a: Zamazenta|def|1\n|move|p1a: Zacian|Sacred Sword|p2a: Zamazenta\n|-supereffective|p2a: Zamazenta\n|-damage|p2a: Zamazenta|56/100\n|cant|p1b: Tornadus|slp\n|\n|-weather|SunnyDay|[upkeep]\n|-sideend|p1: Ulnir|move: Tailwind\n|upkeep\n|turn|5\n|\n|t:|1746034080\n|-curestatus|p1b: Tornadus|slp|[msg]\n|move|p1b: Tornadus|Tailwind|p1b: Tornadus\n|-sidestart|p1: Ulnir|move: Tailwind\n|move|p2b: Grimmsnarl|Reflect|p2b: Grimmsnarl\n|-sidestart|p2: Angelo Neres|Reflect\n|move|p1a: Zacian|Sacred Sword|p2a: Zamazenta\n|-supereffective|p2a: Zamazenta\n|-damage|p2a: Zamazenta|28/100\n|move|p2a: Zamazenta|Behemoth Bash|p1b: Tornadus\n|-damage|p1b: Tornadus|0 fnt\n|faint|p1b: Tornadus\n|\n|-weather|SunnyDay|[upkeep]\n|-fieldend|move: Gravity\n|upkeep\n|\n|t:|1746034091\n|switch|p1b: Hitmontop|Hitmontop, L50, M|51/100\n|-ability|p1b: Hitmontop|Intimidate|boost\n|-unboost|p2a: Zamazenta|atk|1\n|-unboost|p2b: Grimmsnarl|atk|1\n|turn|6\n|\n|t:|1746034105\n|move|p2a: Zamazenta|Protect|p2a: Zamazenta\n|-singleturn|p2a: Zamazenta|Protect\n|move|p2b: Grimmsnarl|Parting Shot|p1a: Zacian\n|-unboost|p1a: Zacian|atk|1\n|-unboost|p1a: Zacian|spa|1\n|\n|t:|1746034119\n|switch|p2b: Groudon|Groudon, L50, shiny|5/100|[from] Parting Shot\n|move|p1a: Zacian|Sacred Sword|p2a: Zamazenta\n|-activate|p2a: Zamazenta|move: Protect\n|move|p1b: Hitmontop|Close Combat|p2b: Groudon\n|-damage|p2b: Groudon|0 fnt\n|-unboost|p1b: Hitmontop|def|1\n|-unboost|p1b: Hitmontop|spd|1\n|faint|p2b: Groudon\n|\n|-weather|none\n|upkeep\n|\n|t:|1746034140\n|switch|p2b: Grimmsnarl|Grimmsnarl, L50, M, shiny|83/100\n|turn|7\n|\n|t:|1746034161\n|-terastallize|p2a: Zamazenta|Grass\n|move|p1b: Hitmontop|Helping Hand|p1a: Zacian\n|-singleturn|p1a: Zacian|Helping Hand|[of] p1b: Hitmontop\n|move|p1a: Zacian|Sacred Sword|p2a: Zamazenta\n|-damage|p2a: Zamazenta|14/100\n|move|p2a: Zamazenta|Body Press|p1a: Zacian\n|-damage|p1a: Zacian|12/100\n|move|p2b: Grimmsnarl|Spirit Break|p1b: Hitmontop\n|-supereffective|p1b: Hitmontop\n|-damage|p1b: Hitmontop|0 fnt\n|faint|p1b: Hitmontop\n|\n|upkeep\n|\n|t:|1746034172\n|switch|p1b: Kyogre|Kyogre, L50|100/100\n|-weather|RainDance|[from] ability: Drizzle|[of] p1b: Kyogre\n|turn|8\n|inactive|Angelo Neres has 30 seconds left.\n|\n|t:|1746034200\n|move|p2a: Zamazenta|Wide Guard|p2a: Zamazenta\n|-singleturn|p2a: Zamazenta|Wide Guard\n|move|p2b: Grimmsnarl|Parting Shot|p1a: Zacian\n|-unboost|p1a: Zacian|atk|1\n|-unboost|p1a: Zacian|spa|1\n|\n|t:|1746034203\n|switch|p2b: Exeggutor|Exeggutor, L50, F, shiny|12/100|[from] Parting Shot\n|move|p1a: Zacian|Behemoth Blade|p2b: Exeggutor\n|-damage|p2b: Exeggutor|0 fnt\n|faint|p2b: Exeggutor\n|move|p1b: Kyogre|Ice Beam|p2a: Zamazenta\n|-supereffective|p2a: Zamazenta\n|-damage|p2a: Zamazenta|0 fnt\n|faint|p2a: Zamazenta\n|\n|-weather|RainDance|[upkeep]\n|-sideend|p1: Ulnir|move: Tailwind\n|upkeep\n|\n|t:|1746034212\n|switch|p2b: Grimmsnarl|Grimmsnarl, L50, M, shiny|83/100\n|turn|9\n|\n|t:|1746034219\n|move|p1a: Zacian|Behemoth Blade|p2b: Grimmsnarl\n|-supereffective|p2b: Grimmsnarl\n|-damage|p2b: Grimmsnarl|47/100\n|move|p1b: Kyogre|Water Spout|p2b: Grimmsnarl\n|-damage|p2b: Grimmsnarl|0 fnt\n|faint|p2b: Grimmsnarl\n|\n|win|Ulnir\n|l|\u2606Angelo Neres\n|player|p2|\n||Ulnir is ready for game 2.\n||Angelo Neres is ready for game 2.\n|uhtml|next|Next: <a href=\"/battle-gen9vgc2025regibo3-2354092877\"><strong>Game 2 of 3</strong></a>\n|l|\u2606Ulnir\n|player|p1|\n", "uploadtime": 1746034518, "views": 9, "formatid": "gen9vgc2025regibo3", "rating": null, "private": 0, "password": null}