{"id": "gen9vgc2025regibo3-2354435239", "format": "[Gen 9] VGC 2025 Reg I (Bo3)", "players": ["Weterpete", "MolluskVGC"], "log": "|j|\u2606Weterpete\n|j|\u2606MolluskVGC\n|html|<table width=\"100%\"><tr><td align=\"left\">Weterpete</td><td align=\"right\">MolluskVGC</tr><tr><td align=\"left\"><i class=\"fa fa-circle-o\"></i> <i class=\"fa fa-circle-o\"></i> </td><td align=\"right\"><i class=\"fa fa-circle-o\"></i> <i class=\"fa fa-circle\"></i> </tr></table>\n|uhtml|bestof|<h2><strong>Game 2</strong> of <a href=\"/game-bestof3-gen9vgc2025regibo3-2354432601\">a best-of-3</a></h2>\n|t:|1746071248\n|gametype|doubles\n|player|p1|Weterpete|waiter|\n|player|p2|MolluskVGC|hiker-gen4|\n|teamsize|p1|6\n|teamsize|p2|6\n|gen|9\n|tier|[Gen 9] VGC 2025 Reg I (Bo3)\n|rule|Species Clause: Limit one of each Pok\u00e9mon\n|rule|Item Clause: Limit 1 of each item\n|clearpoke\n|poke|p1|Lunala, L50|\n|poke|p1|Koraidon, L50|\n|poke|p1|Whimsicott, L50, M|\n|poke|p1|Flutter Mane, L50|\n|poke|p1|Chi-Yu, L50|\n|poke|p1|Rillaboom, L50, M|\n|poke|p2|Miraidon, L50|\n|poke|p2|Ho-Oh, L50|\n|poke|p2|Iron Hands, L50|\n|poke|p2|Farigiraf, L50, F|\n|poke|p2|Grimmsnarl, L50, M|\n|poke|p2|Urshifu-*, L50, M|\n|teampreview|4\n|showteam|p1|Lunala||PowerHerb|ShadowShield|MoongeistBeam,MeteorBeam,WideGuard,HeatWave||||||50|,,,,,Water]Koraidon||ClearAmulet|OrichalcumPulse|FlameCharge,CollisionCourse,FlareBlitz,Protect||||||50|,,,,,Fire]Whimsicott||FocusSash|Prankster|Taunt,Tailwind,Moonblast,Encore|||M|||50|,,,,,Ghost]Flutter Mane||BoosterEnergy|Protosynthesis|Thunder,Moonblast,ShadowBall,Protect||||||50|,,,,,Fairy]Chi-Yu||LifeOrb|BeadsofRuin|DarkPulse,HeatWave,Overheat,Protect||||||50|,,,,,Fire]Rillaboom||AssaultVest|GrassySurge|WoodHammer,GrassyGlide,Uturn,FakeOut|||M|||50|,,,,,Grass\n|showteam|p2|Miraidon||ChoiceSpecs|HadronEngine|ElectroDrift,DracoMeteor,VoltSwitch,DazzlingGleam||||||50|,,,,,Fairy]Ho-Oh||ClearAmulet|Regenerator|Protect,BraveBird,SacredFire,Tailwind||||||50|,,,,,Grass]Iron Hands||AssaultVest|QuarkDrive|FakeOut,DrainPunch,WildCharge,LowKick||||||50|,,,,,Water]Farigiraf||ElectricSeed|ArmorTail|FoulPlay,PsychicNoise,HelpingHand,TrickRoom|||F|||50|,,,,,Water]Grimmsnarl||LightClay|Prankster|SpiritBreak,LightScreen,Reflect,SuckerPunch|||M|||50|,,,,,Ghost]Urshifu-Rapid-Strike||MysticWater|UnseenFist|Detect,SurgingStrikes,CloseCombat,AquaJet|||M|||50|,,,,,Water\n|inactive|Battle timer is ON: inactive players will automatically lose when time's up. (requested by Weterpete)\n|inactive|Weterpete has 60 seconds left.\n|\n|t:|1746071282\n|start\n|switch|p1a: Koraidon|Koraidon, L50|100/100\n|switch|p1b: Chi-Yu|Chi-Yu, L50|100/100\n|switch|p2a: Grimmsnarl|Grimmsnarl, L50, M, shiny|100/100\n|switch|p2b: Ho-Oh|Ho-Oh, L50|100/100\n|-weather|SunnyDay|[from] ability: Orichalcum Pulse|[of] p1a: Koraidon\n|-activate|p1a: Koraidon|Orichalcum Pulse|[source]\n|-ability|p1b: Chi-Yu|Beads of Ruin\n|turn|1\n|\n|t:|1746071304\n|-terastallize|p1a: Koraidon|Fire\n|move|p2a: Grimmsnarl|Reflect|p2a: Grimmsnarl\n|-sidestart|p2: MolluskVGC|Reflect\n|move|p1a: Koraidon|Flare Blitz|p2b: Ho-Oh\n|-resisted|p2b: Ho-Oh\n|-damage|p2b: Ho-Oh|67/100\n|-damage|p1a: Koraidon|89/100|[from] Recoil\n|move|p1b: Chi-Yu|Dark Pulse|p2b: Ho-Oh\n|-damage|p2b: Ho-Oh|25/100\n|-damage|p1b: Chi-Yu|91/100|[from] item: Life Orb\n|move|p2b: Ho-Oh|Tailwind|p2b: Ho-Oh\n|-sidestart|p2: MolluskVGC|move: Tailwind\n|\n|-weather|SunnyDay|[upkeep]\n|upkeep\n|turn|2\n|inactive|Weterpete has 30 seconds left.\n|inactive|Weterpete has 20 seconds left.\n|inactive|Weterpete has 15 seconds left.\n|inactive|Weterpete has 10 seconds left.\n|\n|t:|1746071349\n|move|p2b: Ho-Oh|Brave Bird|p1b: Chi-Yu\n|-damage|p1b: Chi-Yu|0 fnt\n|faint|p1b: Chi-Yu\n|-damage|p2b: Ho-Oh|7/100|[from] Recoil\n|move|p1a: Koraidon|Flare Blitz|p2b: Ho-Oh\n|-resisted|p2b: Ho-Oh\n|-damage|p2b: Ho-Oh|0 fnt\n|faint|p2b: Ho-Oh\n|-damage|p1a: Koraidon|87/100|[from] Recoil\n|move|p2a: Grimmsnarl|Spirit Break|p1a: Koraidon\n|-resisted|p1a: Koraidon\n|-damage|p1a: Koraidon|76/100\n|\n|-weather|SunnyDay|[upkeep]\n|upkeep\n|\n|t:|1746071364\n|switch|p1b: Flutter Mane|Flutter Mane, L50|100/100\n|switch|p2b: Miraidon|Miraidon, L50|100/100\n|-fieldstart|move: Electric Terrain|[from] ability: Hadron Engine|[of] p2b: Miraidon\n|-activate|p1b: Flutter Mane|ability: Protosynthesis\n|-start|p1b: Flutter Mane|protosynthesisspe\n|turn|3\n|inactive|Weterpete has 30 seconds left.\n|inactive|Weterpete has 20 seconds left.\n|inactive|Weterpete has 15 seconds left.\n|inactive|Weterpete has 10 seconds left.\n|inactive|Weterpete has 5 seconds left.\n|\n|t:|1746071414\n|-terastallize|p2b: Miraidon|Fairy\n|move|p1b: Flutter Mane|Protect|p1b: Flutter Mane\n|-singleturn|p1b: Flutter Mane|Protect\n|move|p2b: Miraidon|Volt Switch|p1a: Koraidon\n|-damage|p1a: Koraidon|0 fnt\n|faint|p1a: Koraidon\n|\n|t:|1746071421\n|switch|p2b: Farigiraf|Farigiraf, L50, F|100/100|[from] Volt Switch\n|-enditem|p2b: Farigiraf|Electric Seed\n|-boost|p2b: Farigiraf|def|1|[from] item: Electric Seed\n|move|p2a: Grimmsnarl|Spirit Break|p1b: Flutter Mane\n|-activate|p1b: Flutter Mane|move: Protect\n|\n|-weather|SunnyDay|[upkeep]\n|upkeep\n|\n|t:|1746071423\n|switch|p1a: Lunala|Lunala, L50|100/100\n|turn|4\n|inactive|Weterpete has 30 seconds left.\n|inactive|Weterpete has 20 seconds left.\n|inactive|Weterpete has 15 seconds left.\n|\n|t:|1746071467\n|move|p2a: Grimmsnarl|Light Screen|p2a: Grimmsnarl\n|-sidestart|p2: MolluskVGC|move: Light Screen\n|move|p1b: Flutter Mane|Moonblast|p2b: Farigiraf\n|-damage|p2b: Farigiraf|65/100\n|move|p2b: Farigiraf|Foul Play|p1a: Lunala\n|-supereffective|p1a: Lunala\n|-damage|p1a: Lunala|68/100\n|move|p1a: Lunala|Meteor Beam||[still]\n|-prepare|p1a: Lunala|Meteor Beam\n|-boost|p1a: Lunala|spa|1\n|-enditem|p1a: Lunala|Power Herb\n|-anim|p1a: Lunala|Meteor Beam|p2b: Farigiraf\n|-damage|p2b: Farigiraf|18/100\n|\n|-weather|SunnyDay|[upkeep]\n|-sideend|p2: MolluskVGC|move: Tailwind\n|upkeep\n|turn|5\n|\n|t:|1746071490\n|move|p2a: Grimmsnarl|Sucker Punch|p1a: Lunala\n|-supereffective|p1a: Lunala\n|-damage|p1a: Lunala|0 fnt\n|faint|p1a: Lunala\n|move|p1b: Flutter Mane|Moonblast|p2a: Grimmsnarl\n|-supereffective|p2a: Grimmsnarl\n|-damage|p2a: Grimmsnarl|39/100\n|move|p2b: Farigiraf|Trick Room|p2b: Farigiraf\n|-fieldstart|move: Trick Room|[of] p2b: Farigiraf\n|\n|-weather|none\n|-end|p1b: Flutter Mane|Protosynthesis\n|upkeep\n|-enditem|p1b: Flutter Mane|Booster Energy\n|-activate|p1b: Flutter Mane|ability: Protosynthesis|[fromitem]\n|-start|p1b: Flutter Mane|protosynthesisspe\n|turn|6\n|\n|t:|1746071504\n|move|p2b: Farigiraf|Psychic Noise|p1b: Flutter Mane\n|-damage|p1b: Flutter Mane|77/100\n|-start|p1b: Flutter Mane|move: Heal Block\n|move|p2a: Grimmsnarl|Spirit Break|p1b: Flutter Mane\n|-damage|p1b: Flutter Mane|28/100\n|-unboost|p1b: Flutter Mane|spa|1\n|move|p1b: Flutter Mane|Moonblast|p2a: Grimmsnarl\n|-supereffective|p2a: Grimmsnarl\n|-damage|p2a: Grimmsnarl|0 fnt\n|faint|p2a: Grimmsnarl\n|\n|upkeep\n|\n|t:|1746071516\n|switch|p2a: Miraidon|Miraidon, L50, tera:Fairy|100/100\n|-activate|p2a: Miraidon|ability: Hadron Engine\n|turn|7\n|\n|t:|1746071522\n|move|p1b: Flutter Mane|Protect|p1b: Flutter Mane\n|-singleturn|p1b: Flutter Mane|Protect\n|move|p2b: Farigiraf|Psychic Noise|p1b: Flutter Mane\n|-activate|p1b: Flutter Mane|move: Protect\n|move|p2a: Miraidon|Electro Drift|p1b: Flutter Mane\n|-activate|p1b: Flutter Mane|move: Protect\n|\n|-end|p1b: Flutter Mane|move: Heal Block\n|-fieldend|move: Electric Terrain\n|upkeep\n|turn|8\n|\n|t:|1746071535\n|move|p2b: Farigiraf|Psychic Noise|p1b: Flutter Mane\n|-damage|p1b: Flutter Mane|5/100\n|-start|p1b: Flutter Mane|move: Heal Block\n|move|p2a: Miraidon|Electro Drift|p1b: Flutter Mane\n|-damage|p1b: Flutter Mane|0 fnt\n|faint|p1b: Flutter Mane\n|-end|p1b: Flutter Mane|Protosynthesis|[silent]\n|\n|win|MolluskVGC\n|c|\u2606MolluskVGC|gg\n|c|\u2606Weterpete|gg\n", "uploadtime": 1746071551, "views": 9, "formatid": "gen9vgc2025regibo3", "rating": null, "private": 0, "password": null}