{"id": "gen9vgc2025regibo3-2354022395", "format": "[Gen 9] VGC 2025 Reg I (Bo3)", "players": ["goat pincurchin", "entei enthusiast"], "log": "|j|\u2606goat pincurchin\n|j|\u2606entei enthusiast\n|html|<table width=\"100%\"><tr><td align=\"left\">goat pincurchin</td><td align=\"right\">entei enthusiast</tr><tr><td align=\"left\"><i class=\"fa fa-circle-o\"></i> <i class=\"fa fa-circle-o\"></i> </td><td align=\"right\"><i class=\"fa fa-circle-o\"></i> <i class=\"fa fa-circle-o\"></i> </tr></table>\n|uhtml|bestof|<h2><strong>Game 1</strong> of <a href=\"/game-bestof3-gen9vgc2025regibo3-2354022394\">a best-of-3</a></h2>\n|t:|1746028232\n|gametype|doubles\n|player|p1|goat pincurchin|leon-masters|1266\n|player|p2|entei enthusiast|nate-masters|1326\n|teamsize|p1|6\n|teamsize|p2|6\n|gen|9\n|tier|[Gen 9] VGC 2025 Reg I (Bo3)\n|rated|\n|rule|Species Clause: Limit one of each Pok\u00e9mon\n|rule|Item Clause: Limit 1 of each item\n|clearpoke\n|poke|p1|Kyogre, L50|\n|poke|p1|Rillaboom, L50, F|\n|poke|p1|Tornadus, L50, M|\n|poke|p1|Urshifu-*, L50, F|\n|poke|p1|Chien-Pao, L50|\n|poke|p1|Zamazenta-*, L50|\n|poke|p2|Koraidon, L50|\n|poke|p2|Lunala, L50|\n|poke|p2|Flutter Mane, L50|\n|poke|p2|Chi-Yu, L50|\n|poke|p2|Ursaluna, L50, F|\n|poke|p2|Brute Bonnet, L50|\n|teampreview|4\n|showteam|p1|Kyogre||MysticWater|Drizzle|WaterSpout,OriginPulse,IceBeam,Protect||||||50|,,,,,Grass]Rillaboom||AssaultVest|GrassySurge|FakeOut,GrassyGlide,WoodHammer,Uturn|||F|||50|,,,,,Fire]Tornadus||CovertCloak|Prankster|Hurricane,RainDance,Tailwind,Taunt|||M|||50|,,,,,Dark]Urshifu-Rapid-Strike||ChoiceScarf|UnseenFist|SurgingStrikes,AquaJet,CloseCombat,Uturn|||F|||50|,,,,,Water]Chien-Pao||FocusSash|SwordofRuin|SuckerPunch,IcicleCrash,Protect,Crunch||||||50|,,,,,Ghost]Zamazenta-Crowned||RustedShield|DauntlessShield|BodyPress,WideGuard,behemothbash,Protect||||||50|,,,,,Dragon\n|showteam|p2|Koraidon||LifeOrb|OrichalcumPulse|FlareBlitz,FlameCharge,CloseCombat,Protect||||||50|,,,,,Fire]Lunala||PowerHerb|ShadowShield|WideGuard,MeteorBeam,MoongeistBeam,TrickRoom||||||50|,,,,,Water]Flutter Mane||FocusSash|Protosynthesis|Moonblast,IcyWind,ShadowBall,Protect||||||50|,,,,,Normal]Chi-Yu||ChoiceScarf|BeadsofRuin|Flamethrower,HeatWave,DarkPulse,Snarl||||||50|,,,,,Ghost]Ursaluna||FlameOrb|Guts|Facade,Earthquake,HeadlongRush,Protect|||F|||50|,,,,,Ghost]Brute Bonnet||CovertCloak|Protosynthesis|SeedBomb,SuckerPunch,Spore,RagePowder||||||50|,,,,,Water\n|inactive|Battle timer is ON: inactive players will automatically lose when time's up. (requested by goat pincurchin)\n|\n|t:|1746028290\n|start\n|switch|p1a: Tornadus|Tornadus, L50, M|100/100\n|switch|p1b: Kyogre|Kyogre, L50|100/100\n|switch|p2a: Rhapthorne|Lunala, L50|100/100\n|switch|p2b: Yao Guai|Ursaluna, L50, F|100/100\n|-weather|RainDance|[from] ability: Drizzle|[of] p1b: Kyogre\n|turn|1\n|inactive|entei enthusiast has 30 seconds left.\n|inactive|entei enthusiast has 20 seconds left.\n|inactive|entei enthusiast has 15 seconds left.\n|\n|t:|1746028333\n|move|p2a: Rhapthorne|Wide Guard|p2a: Rhapthorne\n|-singleturn|p2a: Rhapthorne|Wide Guard\n|move|p1a: Tornadus|Taunt|p2a: Rhapthorne\n|-start|p2a: Rhapthorne|move: Taunt\n|move|p1b: Kyogre|Water Spout|p2a: Rhapthorne|[spread] \n|-activate|p2a: Rhapthorne|move: Wide Guard\n|-activate|p2b: Yao Guai|move: Wide Guard\n|move|p2b: Yao Guai|Facade|p1b: Kyogre\n|-damage|p1b: Kyogre|48/100\n|\n|-weather|RainDance|[upkeep]\n|-status|p2b: Yao Guai|brn|[from] item: Flame Orb\n|upkeep\n|turn|2\n|\n|t:|1746028352\n|switch|p2b: Kardas|Koraidon, L50|100/100\n|-weather|SunnyDay|[from] ability: Orichalcum Pulse|[of] p2b: Kardas\n|-activate|p2b: Kardas|Orichalcum Pulse|[source]\n|move|p1a: Tornadus|Rain Dance|p1a: Tornadus\n|-weather|RainDance\n|move|p1b: Kyogre|Origin Pulse|p2b: Kardas|[spread] p2a,p2b\n|-resisted|p2b: Kardas\n|-damage|p2a: Rhapthorne|69/100\n|-damage|p2b: Kardas|58/100\n|move|p2a: Rhapthorne|Meteor Beam||[still]\n|-prepare|p2a: Rhapthorne|Meteor Beam\n|-boost|p2a: Rhapthorne|spa|1\n|-enditem|p2a: Rhapthorne|Power Herb\n|-anim|p2a: Rhapthorne|Meteor Beam|p1a: Tornadus\n|-supereffective|p1a: Tornadus\n|-damage|p1a: Tornadus|0 fnt\n|faint|p1a: Tornadus\n|\n|-weather|RainDance|[upkeep]\n|upkeep\n|\n|t:|1746028363\n|switch|p1a: Urshifu|Urshifu-Rapid-Strike, L50, F|100/100\n|turn|3\n|inactive|entei enthusiast has 30 seconds left.\n|\n|t:|1746028389\n|switch|p2a: Catachan|Brute Bonnet, L50|100/100\n|-terastallize|p1a: Urshifu|Water\n|move|p1a: Urshifu|Surging Strikes|p2b: Kardas\n|-resisted|p2b: Kardas\n|-crit|p2b: Kardas\n|-damage|p2b: Kardas|37/100\n|-resisted|p2b: Kardas\n|-crit|p2b: Kardas\n|-damage|p2b: Kardas|15/100\n|-resisted|p2b: Kardas\n|-crit|p2b: Kardas\n|-damage|p2b: Kardas|0 fnt\n|faint|p2b: Kardas\n|-hitcount|p2: Kardas|3\n|move|p1b: Kyogre|Origin Pulse|p2a: Catachan|[miss]\n|-miss|p1b: Kyogre|p2a: Catachan\n|\n|-weather|RainDance|[upkeep]\n|upkeep\n|\n|t:|1746028397\n|switch|p2b: Rhapthorne|Lunala, L50|69/100\n|turn|4\n|\n|t:|1746028413\n|switch|p1b: Chien-Pao|Chien-Pao, L50|100/100\n|-ability|p1b: Chien-Pao|Sword of Ruin\n|move|p2a: Catachan|Rage Powder|p2a: Catachan\n|-singleturn|p2a: Catachan|move: Rage Powder\n|move|p1a: Urshifu|Surging Strikes|p2a: Catachan\n|-resisted|p2a: Catachan\n|-crit|p2a: Catachan\n|-damage|p2a: Catachan|81/100\n|-resisted|p2a: Catachan\n|-crit|p2a: Catachan\n|-damage|p2a: Catachan|61/100\n|-resisted|p2a: Catachan\n|-crit|p2a: Catachan\n|-damage|p2a: Catachan|42/100\n|-hitcount|p2a: Catachan|3\n|move|p2b: Rhapthorne|Trick Room|p2b: Rhapthorne\n|-fieldstart|move: Trick Room|[of] p2b: Rhapthorne\n|\n|-weather|RainDance|[upkeep]\n|upkeep\n|turn|5\n|\n|t:|1746028427\n|move|p1b: Chien-Pao|Sucker Punch|p2b: Rhapthorne\n|-supereffective|p2b: Rhapthorne\n|-damage|p2b: Rhapthorne|0 fnt\n|faint|p2b: Rhapthorne\n|move|p2a: Catachan|Spore|p1b: Chien-Pao\n|-status|p1b: Chien-Pao|slp|[from] move: Spore\n|move|p1a: Urshifu|Surging Strikes|p2a: Catachan\n|-resisted|p2a: Catachan\n|-crit|p2a: Catachan\n|-damage|p2a: Catachan|23/100\n|-resisted|p2a: Catachan\n|-crit|p2a: Catachan\n|-damage|p2a: Catachan|3/100\n|-resisted|p2a: Catachan\n|-crit|p2a: Catachan\n|-damage|p2a: Catachan|0 fnt\n|faint|p2a: Catachan\n|-end|p2a: Catachan|Protosynthesis|[silent]\n|-hitcount|p2: Catachan|3\n|\n|-weather|RainDance|[upkeep]\n|upkeep\n|\n|t:|1746028432\n|switch|p2b: Yao Guai|Ursaluna, L50, F|100/100 brn\n|turn|6\n|\n|t:|1746028444\n|switch|p1a: Kyogre|Kyogre, L50|48/100\n|cant|p1b: Chien-Pao|slp\n|move|p2b: Yao Guai|Earthquake|p1a: Kyogre|[spread] p1a,p1b\n|-damage|p1a: Kyogre|0 fnt\n|-damage|p1b: Chien-Pao|9/100 slp\n|faint|p1a: Kyogre\n|\n|-weather|none\n|-damage|p2b: Yao Guai|95/100 brn|[from] brn\n|upkeep\n|\n|t:|1746028446\n|switch|p1a: Urshifu|Urshifu-Rapid-Strike, L50, F, tera:Water|100/100\n|turn|7\n|\n|t:|1746028455\n|-terastallize|p2b: Yao Guai|Ghost\n|cant|p1b: Chien-Pao|slp\n|move|p1a: Urshifu|Aqua Jet|p2b: Yao Guai\n|-damage|p2b: Yao Guai|66/100 brn\n|move|p2b: Yao Guai|Earthquake|p1b: Chien-Pao|[spread] p1a,p1b\n|-damage|p1a: Urshifu|2/100\n|-damage|p1b: Chien-Pao|0 fnt\n|faint|p1b: Chien-Pao\n|\n|-damage|p2b: Yao Guai|60/100 brn|[from] brn\n|upkeep\n|turn|8\n|\n|t:|1746028462\n|move|p1a: Urshifu|Aqua Jet|p2b: Yao Guai\n|-damage|p2b: Yao Guai|36/100 brn\n|move|p2b: Yao Guai|Facade|p1a: Urshifu\n|-damage|p1a: Urshifu|0 fnt\n|faint|p1a: Urshifu\n|\n|win|entei enthusiast\n||entei enthusiast is ready for game 2.\n||goat pincurchin is ready for game 2.\n|uhtml|next|Next: <a href=\"/battle-gen9vgc2025regibo3-2354025196\"><strong>Game 2 of 3</strong></a>\n|l|\u2606goat pincurchin\n|player|p1|\n", "uploadtime": 1746028796, "views": 7, "formatid": "gen9vgc2025regibo3", "rating": null, "private": 0, "password": null}