{"id": "gen9vgc2025regibo3-2354125736", "format": "[Gen 9] VGC 2025 Reg I (Bo3)", "players": ["double o dumbass", "McDubbieEnthusiast"], "log": "|j|\u2606double o dumbass\n|j|\u2606McDubbieEnthusiast\n|html|<table width=\"100%\"><tr><td align=\"left\">double o dumbass</td><td align=\"right\">McDubbieEnthusiast</tr><tr><td align=\"left\"><i class=\"fa fa-circle\"></i> <i class=\"fa fa-circle-o\"></i> </td><td align=\"right\"><i class=\"fa fa-circle-o\"></i> <i class=\"fa fa-circle-o\"></i> </tr></table>\n|uhtml|bestof|<h2><strong>Game 2</strong> of <a href=\"/game-bestof3-gen9vgc2025regibo3-2354122578\">a best-of-3</a></h2>\n|t:|1746037051\n|gametype|doubles\n|player|p1|double o dumbass|will|1163\n|player|p2|McDubbieEnthusiast|li|1207\n|teamsize|p1|6\n|teamsize|p2|6\n|gen|9\n|tier|[Gen 9] VGC 2025 Reg I (Bo3)\n|rated|\n|rule|Species Clause: Limit one of each Pok\u00e9mon\n|rule|Item Clause: Limit 1 of each item\n|clearpoke\n|poke|p1|Grimmsnarl, L50, M|\n|poke|p1|Calyrex-Shadow, L50|\n|poke|p1|Zamazenta-*, L50|\n|poke|p1|Primarina, L50, F|\n|poke|p1|Rillaboom, L50, F|\n|poke|p1|Urshifu-*, L50, M|\n|poke|p2|Kyogre, L50|\n|poke|p2|Zamazenta-*, L50|\n|poke|p2|Ursaluna, L50, M|\n|poke|p2|Sinistcha, L50|\n|poke|p2|Tornadus, L50, M|\n|poke|p2|Chi-Yu, L50|\n|teampreview|4\n|showteam|p1|Grimmsnarl||LightClay|Prankster|Reflect,LightScreen,SpiritBreak,ThunderWave|||M|||50|,,,,,Ghost]Calyrex-Shadow||LifeOrb|AsOneSpectrier|AstralBarrage,Psychic,NastyPlot,Protect||||||50|,,,,,Dark]Zamazenta-Crowned||RustedShield|DauntlessShield|BodyPress,HeavySlam,WideGuard,Protect||||||50|,,,,,Dragon]Primarina||AssaultVest|LiquidVoice|Moonblast,ShadowBall,HyperVoice,IcyWind|||F|||50|,,,,,Grass]Rillaboom||ChoiceBand|GrassySurge|WoodHammer,GrassyGlide,HighHorsepower,Uturn|||F|||50|,,,,,Grass]Urshifu||FocusSash|UnseenFist|WickedBlow,SuckerPunch,CloseCombat,Detect|||M|||50|,,,,,Dark\n|showteam|p2|Kyogre||LifeOrb|Drizzle|WaterSpout,IceBeam,Thunder,Protect||||||50|,,,,,Electric]Zamazenta-Crowned||RustedShield|DauntlessShield|BodyPress,HeavySlam,WideGuard,IronDefense||||||50|,,,,,Grass]Ursaluna||FlameOrb|Guts|Facade,HeadlongRush,Substitute,Protect|||M|||50|,,,,,Bug]Sinistcha||RockyHelmet|Hospitality|MatchaGotcha,Scald,RagePowder,TrickRoom||||||50|,,,,,Water]Tornadus||CovertCloak|Prankster|Hurricane,Tailwind,RainDance,Taunt|||M|||50|,,,,,Steel]Chi-Yu||ChoiceScarf|BeadsofRuin|HeatWave,DarkPulse,Snarl,Ruination||||||50|,,,,,Ghost\n|inactive|Battle timer is ON: inactive players will automatically lose when time's up. (requested by double o dumbass)\n|inactive|double o dumbass has 60 seconds left.\n|inactive|McDubbieEnthusiast has 60 seconds left.\n|\n|t:|1746037111\n|start\n|switch|p1a: Zamazenta|Zamazenta-Crowned, L50|100/100\n|switch|p1b: Grimmsnarl|Grimmsnarl, L50, M|100/100\n|switch|p2a: Kyogre|Kyogre, L50, shiny|100/100\n|switch|p2b: ALL GAS|Tornadus, L50, M|100/100\n|-ability|p1a: Zamazenta|Dauntless Shield|boost\n|-boost|p1a: Zamazenta|def|1\n|-weather|RainDance|[from] ability: Drizzle|[of] p2a: Kyogre\n|turn|1\n|\n|t:|1746037124\n|move|p2a: Kyogre|Protect|p2a: Kyogre\n|-singleturn|p2a: Kyogre|Protect\n|move|p2b: ALL GAS|Taunt|p1a: Zamazenta\n|-start|p1a: Zamazenta|move: Taunt\n|move|p1b: Grimmsnarl|Thunder Wave|p2a: Kyogre\n|-activate|p2a: Kyogre|move: Protect\n|move|p1a: Zamazenta|Body Press|p2a: Kyogre\n|-activate|p2a: Kyogre|move: Protect\n|\n|-weather|RainDance|[upkeep]\n|upkeep\n|turn|2\n|inactive|McDubbieEnthusiast has 30 seconds left.\n|\n|t:|1746037149\n|-terastallize|p2a: Kyogre|Electric\n|move|p2b: ALL GAS|Tailwind|p2b: ALL GAS\n|-sidestart|p2: McDubbieEnthusiast|move: Tailwind\n|move|p1b: Grimmsnarl|Light Screen|p1b: Grimmsnarl\n|-sidestart|p1: double o dumbass|move: Light Screen\n|move|p2a: Kyogre|Water Spout|p1a: Zamazenta|[spread] p1a,p1b\n|-crit|p1a: Zamazenta\n|-damage|p1a: Zamazenta|0 fnt\n|-damage|p1b: Grimmsnarl|30/100\n|faint|p1a: Zamazenta\n|-damage|p2a: Kyogre|91/100|[from] item: Life Orb\n|\n|-weather|RainDance|[upkeep]\n|upkeep\n|\n|t:|1746037167\n|switch|p1a: Calyrex|Calyrex-Shadow, L50|100/100\n|-ability|p1a: Calyrex|As One\n|-ability|p1a: Calyrex|Unnerve\n|turn|3\n|\n|t:|1746037183\n|move|p1b: Grimmsnarl|Thunder Wave|p2b: ALL GAS\n|-status|p2b: ALL GAS|par\n|move|p2a: Kyogre|Water Spout|p1b: Grimmsnarl|[spread] p1a,p1b\n|-damage|p1a: Calyrex|31/100\n|-damage|p1b: Grimmsnarl|0 fnt\n|faint|p1b: Grimmsnarl\n|-damage|p2a: Kyogre|82/100|[from] item: Life Orb\n|move|p1a: Calyrex|Astral Barrage|p2b: ALL GAS|[spread] p2a,p2b\n|-damage|p2a: Kyogre|35/100\n|-damage|p2b: ALL GAS|16/100 par\n|-damage|p1a: Calyrex|21/100|[from] item: Life Orb\n|cant|p2b: ALL GAS|par\n|\n|-weather|RainDance|[upkeep]\n|upkeep\n|\n|t:|1746037189\n|switch|p1b: Rillaboom|Rillaboom, L50, F|100/100\n|-fieldstart|move: Grassy Terrain|[from] ability: Grassy Surge|[of] p1b: Rillaboom\n|turn|4\n|\n|t:|1746037202\n|switch|p2b: SPINNIN'|Sinistcha, L50|100/100\n|-heal|p2a: Kyogre|60/100|[from] ability: Hospitality|[of] p2b: SPINNIN'\n|move|p2a: Kyogre|Protect|p2a: Kyogre\n|-singleturn|p2a: Kyogre|Protect\n|move|p1b: Rillaboom|Grassy Glide|p2a: Kyogre\n|-activate|p2a: Kyogre|move: Protect\n|move|p1a: Calyrex|Astral Barrage|p2a: Kyogre|[spread] p2b\n|-activate|p2a: Kyogre|move: Protect\n|-supereffective|p2b: SPINNIN'\n|-damage|p2b: SPINNIN'|0 fnt\n|faint|p2b: SPINNIN'\n|-ability|p1a: Calyrex|Grim Neigh|boost\n|-boost|p1a: Calyrex|spa|1\n|-damage|p1a: Calyrex|11/100|[from] item: Life Orb\n|\n|-weather|RainDance|[upkeep]\n|-heal|p2a: Kyogre|66/100|[from] Grassy Terrain\n|-heal|p1a: Calyrex|18/100|[from] Grassy Terrain\n|upkeep\n|\n|t:|1746037216\n|switch|p2b: Zamazenta|Zamazenta-Crowned, L50, shiny|100/100\n|-ability|p2b: Zamazenta|Dauntless Shield|boost\n|-boost|p2b: Zamazenta|def|1\n|turn|5\n|\n|t:|1746037226\n|-terastallize|p1b: Rillaboom|Grass\n|move|p1a: Calyrex|Protect|p1a: Calyrex\n|-singleturn|p1a: Calyrex|Protect\n|move|p1b: Rillaboom|Grassy Glide|p2a: Kyogre\n|-damage|p2a: Kyogre|0 fnt\n|faint|p2a: Kyogre\n|move|p2b: Zamazenta|Body Press|p1b: Rillaboom\n|-damage|p1b: Rillaboom|48/100\n|\n|-weather|none\n|-heal|p1a: Calyrex|24/100|[from] Grassy Terrain\n|-heal|p1b: Rillaboom|54/100|[from] Grassy Terrain\n|-sideend|p2: McDubbieEnthusiast|move: Tailwind\n|upkeep\n|\n|t:|1746037237\n|switch|p2a: ALL GAS|Tornadus, L50, M|16/100 par\n|turn|6\n|\n|t:|1746037245\n|move|p1b: Rillaboom|Grassy Glide|p2a: ALL GAS\n|-resisted|p2a: ALL GAS\n|-damage|p2a: ALL GAS|0 fnt\n|faint|p2a: ALL GAS\n|move|p1a: Calyrex|Psychic|p2b: Zamazenta\n|-damage|p2b: Zamazenta|32/100\n|-damage|p1a: Calyrex|14/100|[from] item: Life Orb\n|move|p2b: Zamazenta|Heavy Slam|p1a: Calyrex\n|-damage|p1a: Calyrex|0 fnt\n|faint|p1a: Calyrex\n|\n|-heal|p2b: Zamazenta|38/100|[from] Grassy Terrain\n|-heal|p1b: Rillaboom|59/100|[from] Grassy Terrain\n|upkeep\n|turn|7\n|\n|t:|1746037255\n|move|p1b: Rillaboom|Grassy Glide|p2b: Zamazenta\n|-resisted|p2b: Zamazenta\n|-damage|p2b: Zamazenta|20/100\n|move|p2b: Zamazenta|Iron Defense|p2b: Zamazenta\n|-boost|p2b: Zamazenta|def|2\n|\n|-heal|p2b: Zamazenta|26/100|[from] Grassy Terrain\n|-heal|p1b: Rillaboom|65/100|[from] Grassy Terrain\n|upkeep\n|turn|8\n|\n|t:|1746037262\n|move|p1b: Rillaboom|Grassy Glide|p2b: Zamazenta\n|-resisted|p2b: Zamazenta\n|-damage|p2b: Zamazenta|16/100\n|move|p2b: Zamazenta|Body Press|p1b: Rillaboom\n|-damage|p1b: Rillaboom|0 fnt\n|faint|p1b: Rillaboom\n|\n|win|McDubbieEnthusiast\n||double o dumbass is ready for game 3.\n|inactive|McDubbieEnthusiast has 30 seconds to confirm battle start!\n|inactive|McDubbieEnthusiast has 20 seconds to confirm battle start!\n||McDubbieEnthusiast is ready for game 3.\n|uhtml|next|Next: <a href=\"/battle-gen9vgc2025regibo3-2354128436\"><strong>Game 3 of 3</strong></a>\n|l|\u2606McDubbieEnthusiast\n|player|p2|\n|l|\u2606double o dumbass\n|player|p1|\n", "uploadtime": 1746037276, "views": 11, "formatid": "gen9vgc2025regibo3", "rating": null, "private": 0, "password": null}