{"id": "gen9vgc2025regibo3-2353919123", "format": "[Gen 9] VGC 2025 Reg I (Bo3)", "players": ["QrdeJegoMac", "Woopah96"], "log": "|j|\u2606QrdeJegoMac\n|j|\u2606Woopah96\n|html|<table width=\"100%\"><tr><td align=\"left\">QrdeJegoMac</td><td align=\"right\">Woopah96</tr><tr><td align=\"left\"><i class=\"fa fa-circle-o\"></i> <i class=\"fa fa-circle-o\"></i> </td><td align=\"right\"><i class=\"fa fa-circle-o\"></i> <i class=\"fa fa-circle\"></i> </tr></table>\n|uhtml|bestof|<h2><strong>Game 2</strong> of <a href=\"/game-bestof3-gen9vgc2025regibo3-2353916747\">a best-of-3</a></h2>\n|t:|1746018834\n|gametype|doubles\n|player|p1|QrdeJegoMac|101|1198\n|player|p2|Woopah96|2|1238\n|teamsize|p1|6\n|teamsize|p2|6\n|gen|9\n|tier|[Gen 9] VGC 2025 Reg I (Bo3)\n|rated|\n|rule|Species Clause: Limit one of each Pok\u00e9mon\n|rule|Item Clause: Limit 1 of each item\n|clearpoke\n|poke|p1|Farigiraf, L50, M|\n|poke|p1|Landorus, L50, M|\n|poke|p1|Ogerpon-Cornerstone, L50, F|\n|poke|p1|Calyrex-Ice, L50|\n|poke|p1|Miraidon, L50|\n|poke|p1|Whimsicott, L50, F|\n|poke|p2|Miraidon, L50|\n|poke|p2|Lunala, L50|\n|poke|p2|Whimsicott, L50, F|\n|poke|p2|Chi-Yu, L50|\n|poke|p2|Urshifu-*, L50, F|\n|poke|p2|Iron Hands, L50|\n|teampreview|4\n|showteam|p1|Farigiraf||SafetyGoggles|ArmorTail|FoulPlay,HelpingHand,TrickRoom,Psychic|||M|||50|,,,,,Water]Landorus||LifeOrb|SheerForce|Protect,SludgeBomb,EarthPower,SandsearStorm|||M|||50|,,,,,Poison]Ogerpon-Cornerstone||CornerstoneMask|Sturdy|IvyCudgel,PowerWhip,SpikyShield,FollowMe|||F|||50|,,,,,Rock]Calyrex-Ice||ClearAmulet|AsOneGlastrier|TrickRoom,GlacialLance,Protect,HighHorsepower||||||50|,,,,,Water]Miraidon||ChoiceSpecs|HadronEngine|ElectroDrift,DracoMeteor,VoltSwitch,DazzlingGleam||||||50|,,,,,Fairy]Whimsicott||CovertCloak|Prankster|Moonblast,Tailwind,LightScreen,Encore|||F|||50|,,,,,Dark\n|showteam|p2|Miraidon||ChoiceSpecs|HadronEngine|ElectroDrift,VoltSwitch,DracoMeteor,DazzlingGleam||||||50|,,,,,Fairy]Lunala||ElectricSeed|ShadowShield|MoongeistBeam,Psyshock,TrickRoom,WideGuard||||||50|,,,,,Water]Whimsicott||CovertCloak|Prankster|Moonblast,Tailwind,Encore,LightScreen|||F|||50|,,,,,Dark]Chi-Yu||ChoiceScarf|BeadsofRuin|HeatWave,DarkPulse,Overheat,Snarl||||||50|,,,,,Ghost]Urshifu-Rapid-Strike||FocusSash|UnseenFist|SurgingStrikes,CloseCombat,AquaJet,Detect|||F|||50|,,,,,Stellar]Iron Hands||AssaultVest|QuarkDrive|DrainPunch,LowKick,WildCharge,FakeOut||||||50|,,,,,Water\n|inactive|Battle timer is ON: inactive players will automatically lose when time's up. (requested by QrdeJegoMac)\n|\n|t:|1746018850\n|start\n|switch|p1a: Miraidon|Miraidon, L50|100/100\n|switch|p1b: Whimsicott|Whimsicott, L50, F|100/100\n|switch|p2a: Whimsicott|Whimsicott, L50, F|100/100\n|switch|p2b: Urshifu|Urshifu-Rapid-Strike, L50, F|100/100\n|-fieldstart|move: Electric Terrain|[from] ability: Hadron Engine|[of] p1a: Miraidon\n|turn|1\n|inactive|Woopah96 has 30 seconds left.\n|\n|t:|1746018876\n|move|p2b: Urshifu|Detect|p2b: Urshifu\n|-singleturn|p2b: Urshifu|Protect\n|move|p1a: Miraidon|Electro Drift|p2b: Urshifu\n|-activate|p2b: Urshifu|move: Protect\n|move|p1b: Whimsicott|Moonblast|p2b: Urshifu\n|-activate|p2b: Urshifu|move: Protect\n|move|p2a: Whimsicott|Moonblast|p1a: Miraidon\n|-supereffective|p1a: Miraidon\n|-damage|p1a: Miraidon|51/100\n|-unboost|p1a: Miraidon|spa|1\n|\n|upkeep\n|turn|2\n|inactive|QrdeJegoMac has 30 seconds left.\n|inactive|Woopah96 has 30 seconds left.\n|\n|t:|1746018907\n|switch|p2b: Miraidon|Miraidon, L50|100/100\n|-activate|p2b: Miraidon|ability: Hadron Engine\n|move|p1b: Whimsicott|Tailwind|p1b: Whimsicott\n|-sidestart|p1: QrdeJegoMac|move: Tailwind\n|move|p2a: Whimsicott|Light Screen|p2a: Whimsicott\n|-sidestart|p2: Woopah96|move: Light Screen\n|move|p1a: Miraidon|Electro Drift|p2b: Miraidon\n|-resisted|p2b: Miraidon\n|-damage|p2b: Miraidon|87/100\n|\n|upkeep\n|turn|3\n|inactive|Woopah96 has 30 seconds left.\n|inactive|Woopah96 has 20 seconds left.\n|\n|t:|1746018944\n|switch|p1a: Landorus|Landorus, L50, M|100/100\n|-terastallize|p2b: Miraidon|Fairy\n|move|p1b: Whimsicott|Encore|p2a: Whimsicott\n|-start|p2a: Whimsicott|Encore\n|move|p2a: Whimsicott|Light Screen||[still]\n|-fail|p2a: Whimsicott\n|move|p2b: Miraidon|Dazzling Gleam|p1a: Landorus|[spread] p1a,p1b\n|-damage|p1a: Landorus|22/100\n|-damage|p1b: Whimsicott|19/100\n|\n|upkeep\n|turn|4\n|\n|t:|1746018962\n|switch|p2b: Lunala|Lunala, L50|100/100\n|-enditem|p2b: Lunala|Electric Seed\n|-boost|p2b: Lunala|def|1|[from] item: Electric Seed\n|switch|p2a: Urshifu|Urshifu-Rapid-Strike, L50, F|100/100\n|-terastallize|p1a: Landorus|Poison\n|move|p1a: Landorus|Sludge Bomb|p2b: Lunala\n|-resisted|p2b: Lunala\n|-damage|p2b: Lunala|91/100\n|move|p1b: Whimsicott|Moonblast|p2b: Lunala\n|-damage|p2b: Lunala|79/100\n|\n|upkeep\n|turn|5\n|inactive|Woopah96 has 30 seconds left.\n|\n|t:|1746018987\n|move|p1b: Whimsicott|Light Screen|p1b: Whimsicott\n|-sidestart|p1: QrdeJegoMac|move: Light Screen\n|move|p2a: Urshifu|Aqua Jet|p1a: Landorus\n|-damage|p1a: Landorus|0 fnt\n|faint|p1a: Landorus\n|move|p2b: Lunala|Moongeist Beam|p1b: Whimsicott\n|-damage|p1b: Whimsicott|0 fnt\n|faint|p1b: Whimsicott\n|\n|-sideend|p1: QrdeJegoMac|move: Tailwind\n|-fieldend|move: Electric Terrain\n|upkeep\n|\n|t:|1746018992\n|switch|p1a: Farigiraf|Farigiraf, L50, M|100/100\n|switch|p1b: Miraidon|Miraidon, L50|51/100\n|-fieldstart|move: Electric Terrain|[from] ability: Hadron Engine|[of] p1b: Miraidon\n|turn|6\n|inactive|Woopah96 has 30 seconds left.\n|\n|t:|1746019017\n|move|p1b: Miraidon|Electro Drift|p2b: Lunala\n|-damage|p2b: Lunala|8/100\n|move|p2a: Urshifu|Close Combat|p1b: Miraidon\n|-damage|p1b: Miraidon|0 fnt\n|-unboost|p2a: Urshifu|def|1\n|-unboost|p2a: Urshifu|spd|1\n|faint|p1b: Miraidon\n|move|p2b: Lunala|Moongeist Beam|p1a: Farigiraf\n|-immune|p1a: Farigiraf\n|move|p1a: Farigiraf|Trick Room|p1a: Farigiraf\n|-fieldstart|move: Trick Room|[of] p1a: Farigiraf\n|\n|-sideend|p2: Woopah96|move: Light Screen\n|upkeep\n|turn|7\n|\n|t:|1746019032\n|move|p1a: Farigiraf|Foul Play|p2b: Lunala\n|-supereffective|p2b: Lunala\n|-damage|p2b: Lunala|0 fnt\n|faint|p2b: Lunala\n|move|p2a: Urshifu|Surging Strikes|p1a: Farigiraf\n|-crit|p1a: Farigiraf\n|-damage|p1a: Farigiraf|79/100\n|-crit|p1a: Farigiraf\n|-damage|p1a: Farigiraf|57/100\n|-crit|p1a: Farigiraf\n|-damage|p1a: Farigiraf|37/100\n|-hitcount|p1a: Farigiraf|3\n|\n|upkeep\n|\n|t:|1746019039\n|switch|p2b: Miraidon|Miraidon, L50, tera:Fairy|87/100\n|-activate|p2b: Miraidon|ability: Hadron Engine\n|turn|8\n|\n|t:|1746019047\n|move|p1a: Farigiraf|Psychic|p2a: Urshifu\n|-supereffective|p2a: Urshifu\n|-enditem|p2a: Urshifu|Focus Sash\n|-damage|p2a: Urshifu|1/100\n|move|p2a: Urshifu|Surging Strikes|p1a: Farigiraf\n|-crit|p1a: Farigiraf\n|-damage|p1a: Farigiraf|17/100\n|-crit|p1a: Farigiraf\n|-damage|p1a: Farigiraf|0 fnt\n|faint|p1a: Farigiraf\n|-hitcount|p1: Farigiraf|2\n|\n|win|Woopah96\n|raw|QrdeJegoMac's rating: 1198 &rarr; <strong>1176</strong><br />(-22 for losing)\n|raw|Woopah96's rating: 1238 &rarr; <strong>1260</strong><br />(+22 for winning)\n|l|\u2606QrdeJegoMac\n|player|p1|\n", "uploadtime": 1746019081, "views": 20, "formatid": "gen9vgc2025regibo3", "rating": 1176, "private": 0, "password": null}