{"id": "gen9vgc2025regibo3-2353630874", "format": "[Gen 9] VGC 2025 Reg I (Bo3)", "players": ["TViewierVGC", "AquamarineVGC"], "log": "|j|\u2606TViewierVGC\n|j|\u2606AquamarineVGC\n|html|<table width=\"100%\"><tr><td align=\"left\">TViewierVGC</td><td align=\"right\">AquamarineVGC</tr><tr><td align=\"left\"><i class=\"fa fa-circle\"></i> <i class=\"fa fa-circle-o\"></i> </td><td align=\"right\"><i class=\"fa fa-circle-o\"></i> <i class=\"fa fa-circle-o\"></i> </tr></table>\n|uhtml|bestof|<h2><strong>Game 2</strong> of <a href=\"/game-bestof3-gen9vgc2025regibo3-2353628162\">a best-of-3</a></h2>\n|t:|1745976721\n|gametype|doubles\n|player|p1|TViewierVGC|colress|\n|player|p2|AquamarineVGC|lucas-gen4pt|\n|teamsize|p1|6\n|teamsize|p2|6\n|gen|9\n|tier|[Gen 9] VGC 2025 Reg I (Bo3)\n|rule|Species Clause: Limit one of each Pok\u00e9mon\n|rule|Item Clause: Limit 1 of each item\n|clearpoke\n|poke|p1|Lunala, L50|\n|poke|p1|Koraidon, L50|\n|poke|p1|Chi-Yu, L50|\n|poke|p1|Flutter Mane, L50|\n|poke|p1|Ogerpon-Cornerstone, L50, F|\n|poke|p1|Iron Hands, L50|\n|poke|p2|Miraidon, L50|\n|poke|p2|Calyrex-Ice, L50|\n|poke|p2|Farigiraf, L50, F|\n|poke|p2|Ninetales-Alola, L50, M|\n|poke|p2|Urshifu-*, L50, F|\n|poke|p2|Ogerpon-Hearthflame, L50, F|\n|teampreview|4\n|showteam|p1|Lunala||PowerHerb|ShadowShield|MoongeistBeam,MeteorBeam,WideGuard,TrickRoom||||||50|,,,,,Fairy]Koraidon||LifeOrb|OrichalcumPulse|CloseCombat,FlareBlitz,FlameCharge,Protect||||||50|,,,,,Fire]Chi-Yu||ChoiceScarf|BeadsofRuin|HeatWave,DarkPulse,Overheat,Snarl||||||50|,,,,,Ghost]Flutter Mane||FocusSash|Protosynthesis|Moonblast,ShadowBall,IcyWind,Protect||||||50|,,,,,Fairy]Ogerpon-Cornerstone||CornerstoneMask|Sturdy|IvyCudgel,WoodHammer,FollowMe,SpikyShield|||F|||50|,,,,,Rock]Iron Hands||AssaultVest|QuarkDrive|WildCharge,DrainPunch,LowKick,FakeOut||||||50|,,,,,Water\n|showteam|p2|Miraidon||ChoiceSpecs|HadronEngine|ElectroDrift,DracoMeteor,Discharge,VoltSwitch||||||50|,,,,,Electric]Calyrex-Ice||NeverMeltIce|AsOneGlastrier|GlacialLance,HighHorsepower,TrickRoom,Protect||||||50|,,,,,Water]Farigiraf||ThroatSpray|ArmorTail|HyperVoice,Psychic,HelpingHand,TrickRoom|||F|||50|,,,,,Ground]Ninetales-Alola||CovertCloak|SnowWarning|Moonblast,IcyWind,AuroraVeil,Encore|||M|||50|,,,,,Water]Urshifu-Rapid-Strike||FocusSash|UnseenFist|SurgingStrikes,CloseCombat,AquaJet,Detect|||F|||50|,,,,,Stellar]Ogerpon-Hearthflame||HearthflameMask|MoldBreaker|IvyCudgel,HornLeech,FollowMe,SpikyShield|||F|||50|,,,,,Fire\n|inactive|Battle timer is ON: inactive players will automatically lose when time's up. (requested by TViewierVGC)\n|inactive|TViewierVGC has 60 seconds left.\n|inactive|AquamarineVGC has 60 seconds left.\n|inactive|TViewierVGC has 30 seconds left.\n|inactive|TViewierVGC has 20 seconds left.\n|inactive|TViewierVGC has 15 seconds left.\n|\n|t:|1745976800\n|start\n|switch|p1a: Koraidon|Koraidon, L50|100/100\n|switch|p1b: Flutter Mane|Flutter Mane, L50|100/100\n|switch|p2a: Ogerpon|Ogerpon-Hearthflame, L50, F|100/100\n|switch|p2b: Ninetales|Ninetales-Alola, L50, M|100/100\n|-weather|SunnyDay|[from] ability: Orichalcum Pulse|[of] p1a: Koraidon\n|-activate|p1b: Flutter Mane|ability: Protosynthesis\n|-start|p1b: Flutter Mane|protosynthesisspe\n|-activate|p1a: Koraidon|Orichalcum Pulse|[source]\n|-weather|Snowscape|[from] ability: Snow Warning|[of] p2b: Ninetales\n|-end|p1b: Flutter Mane|Protosynthesis\n|-ability|p2a: Ogerpon|Mold Breaker\n|turn|1\n|\n|t:|1745976818\n|-terastallize|p1a: Koraidon|Fire\n|move|p2a: Ogerpon|Follow Me|p2a: Ogerpon\n|-singleturn|p2a: Ogerpon|move: Follow Me\n|move|p1a: Koraidon|Flare Blitz|p2a: Ogerpon\n|-damage|p2a: Ogerpon|12/100\n|-damage|p1a: Koraidon|71/100|[from] Recoil\n|-damage|p1a: Koraidon|62/100|[from] item: Life Orb\n|move|p1b: Flutter Mane|Shadow Ball|p2a: Ogerpon\n|-damage|p2a: Ogerpon|0 fnt\n|faint|p2a: Ogerpon\n|move|p2b: Ninetales|Icy Wind|p1b: Flutter Mane|[spread] p1a,p1b\n|-resisted|p1a: Koraidon\n|-damage|p1a: Koraidon|55/100\n|-damage|p1b: Flutter Mane|86/100\n|-unboost|p1a: Koraidon|spe|1\n|-unboost|p1b: Flutter Mane|spe|1\n|\n|-weather|Snowscape|[upkeep]\n|upkeep\n|\n|t:|1745976838\n|switch|p2a: Miraidon|Miraidon, L50|100/100\n|-fieldstart|move: Electric Terrain|[from] ability: Hadron Engine|[of] p2a: Miraidon\n|turn|2\n|inactive|AquamarineVGC has 30 seconds left.\n|\n|t:|1745976866\n|switch|p1a: AlienDreamEmulater|Iron Hands, L50|100/100\n|-activate|p1a: AlienDreamEmulater|ability: Quark Drive\n|-start|p1a: AlienDreamEmulater|quarkdriveatk\n|move|p2a: Miraidon|Electro Drift|p1b: Flutter Mane\n|-damage|p1b: Flutter Mane|0 fnt\n|faint|p1b: Flutter Mane\n|-end|p1b: Flutter Mane|Protosynthesis|[silent]\n|move|p2b: Ninetales|Aurora Veil|p2b: Ninetales\n|-sidestart|p2: AquamarineVGC|move: Aurora Veil\n|\n|-weather|Snowscape|[upkeep]\n|upkeep\n|\n|t:|1745976881\n|switch|p1b: Koraidon|Koraidon, L50, tera:Fire|55/100\n|-weather|SunnyDay|[from] ability: Orichalcum Pulse|[of] p1b: Koraidon\n|-activate|p1b: Koraidon|Orichalcum Pulse|[source]\n|turn|3\n|\n|t:|1745976896\n|switch|p2b: Calyrex|Calyrex-Ice, L50|100/100\n|-ability|p2b: Calyrex|As One\n|-ability|p2b: Calyrex|Unnerve\n|move|p1a: AlienDreamEmulater|Fake Out|p2a: Miraidon\n|-crit|p2a: Miraidon\n|-damage|p2a: Miraidon|70/100\n|move|p1b: Koraidon|Close Combat|p2a: Miraidon\n|-damage|p2a: Miraidon|0 fnt\n|-unboost|p1b: Koraidon|def|1\n|-unboost|p1b: Koraidon|spd|1\n|faint|p2a: Miraidon\n|-damage|p1b: Koraidon|45/100|[from] item: Life Orb\n|\n|-weather|SunnyDay|[upkeep]\n|upkeep\n|\n|t:|1745976910\n|switch|p2a: Ninetales|Ninetales-Alola, L50, M|100/100\n|-weather|Snowscape|[from] ability: Snow Warning|[of] p2a: Ninetales\n|turn|4\n|inactive|AquamarineVGC has 30 seconds left.\n|\n|t:|1745976939\n|-end|p1a: AlienDreamEmulater|Quark Drive|[silent]\n|switch|p1a: Lunala|Lunala, L50, shiny|100/100\n|-terastallize|p2b: Calyrex|Water\n|move|p1b: Koraidon|Flare Blitz|p2a: Ninetales\n|-supereffective|p2a: Ninetales\n|-damage|p2a: Ninetales|7/100\n|-damage|p1b: Koraidon|19/100|[from] Recoil\n|-damage|p1b: Koraidon|9/100|[from] item: Life Orb\n|move|p2a: Ninetales|Icy Wind|p1a: Lunala|[spread] p1a,p1b\n|-resisted|p1b: Koraidon\n|-damage|p1a: Lunala|96/100\n|-damage|p1b: Koraidon|0 fnt\n|-unboost|p1a: Lunala|spe|1\n|faint|p1b: Koraidon\n|move|p2b: Calyrex|Glacial Lance|p1a: Lunala\n|-damage|p1a: Lunala|27/100\n|\n|-weather|Snowscape|[upkeep]\n|upkeep\n|\n|t:|1745976948\n|switch|p1b: AlienDreamEmulater|Iron Hands, L50|100/100\n|-activate|p1b: AlienDreamEmulater|ability: Quark Drive\n|-start|p1b: AlienDreamEmulater|quarkdriveatk\n|turn|5\n|\n|t:|1745976973\n|move|p1a: Lunala|Wide Guard|p1a: Lunala\n|-singleturn|p1a: Lunala|Wide Guard\n|move|p1b: AlienDreamEmulater|Fake Out|p2a: Ninetales\n|-damage|p2a: Ninetales|0 fnt\n|faint|p2a: Ninetales\n|move|p2b: Calyrex|Glacial Lance|p1b: AlienDreamEmulater|[spread] \n|-activate|p1a: Lunala|move: Wide Guard\n|-activate|p1b: AlienDreamEmulater|move: Wide Guard\n|\n|-weather|Snowscape|[upkeep]\n|upkeep\n|turn|6\n|\n|t:|1745976997\n|move|p2b: Calyrex|High Horsepower|p1a: Lunala\n|-damage|p1a: Lunala|0 fnt\n|faint|p1a: Lunala\n|-ability|p2b: Calyrex|Chilling Neigh|boost\n|-boost|p2b: Calyrex|atk|1\n|move|p1b: AlienDreamEmulater|Wild Charge|p2b: Calyrex\n|-supereffective|p2b: Calyrex\n|-damage|p2b: Calyrex|23/100\n|-damage|p1b: AlienDreamEmulater|86/100|[from] Recoil\n|\n|-weather|Snowscape|[upkeep]\n|-sideend|p2: AquamarineVGC|move: Aurora Veil\n|-fieldend|move: Electric Terrain\n|-end|p1b: AlienDreamEmulater|Quark Drive\n|upkeep\n|turn|7\n|\n|t:|1745977020\n|move|p2b: Calyrex|High Horsepower|p1b: AlienDreamEmulater\n|-supereffective|p1b: AlienDreamEmulater\n|-damage|p1b: AlienDreamEmulater|0 fnt\n|faint|p1b: AlienDreamEmulater\n|-end|p1b: AlienDreamEmulater|Quark Drive|[silent]\n|\n|win|AquamarineVGC\n||TViewierVGC is ready for game 3.\n||AquamarineVGC is ready for game 3.\n|uhtml|next|Next: <a href=\"/battle-gen9vgc2025regibo3-2353633562\"><strong>Game 3 of 3</strong></a>\n", "uploadtime": 1745977020, "views": 6, "formatid": "gen9vgc2025regibo3", "rating": null, "private": 0, "password": null}