{"id": "gen9vgc2025regibo3-2354602795", "format": "[Gen 9] VGC 2025 Reg I (Bo3)", "players": ["aC0ldTurkey", "Lacossg"], "log": "|j|\u2606aC0ldTurkey\n|j|\u2606Lacossg\n|html|<table width=\"100%\"><tr><td align=\"left\">aC0ldTurkey</td><td align=\"right\">Lacossg</tr><tr><td align=\"left\"><i class=\"fa fa-circle-o\"></i> <i class=\"fa fa-circle-o\"></i> </td><td align=\"right\"><i class=\"fa fa-circle-o\"></i> <i class=\"fa fa-circle-o\"></i> </tr></table>\n|uhtml|bestof|<h2><strong>Game 1</strong> of <a href=\"/game-bestof3-gen9vgc2025regibo3-2354602791\">a best-of-3</a></h2>\n|t:|1746101462\n|gametype|doubles\n|player|p1|aC0ldTurkey|266|1223\n|player|p2|Lacossg|170|1314\n|teamsize|p1|6\n|teamsize|p2|6\n|gen|9\n|tier|[Gen 9] VGC 2025 Reg I (Bo3)\n|rated|\n|rule|Species Clause: Limit one of each Pok\u00e9mon\n|rule|Item Clause: Limit 1 of each item\n|clearpoke\n|poke|p1|Zamazenta-*, L50|\n|poke|p1|Calyrex-Shadow, L50|\n|poke|p1|Tornadus, L50, M|\n|poke|p1|Urshifu-*, L50, F|\n|poke|p1|Rillaboom, L50, F|\n|poke|p1|Chien-Pao, L50|\n|poke|p2|Calyrex-Shadow, L50|\n|poke|p2|Tyranitar, L50, M|\n|poke|p2|Excadrill, L50, M|\n|poke|p2|Indeedee-F, L50, F|\n|poke|p2|Raging Bolt, L50|\n|poke|p2|Zamazenta-*, L50|\n|teampreview|4\n|showteam|p1|Zamazenta-Crowned||RustedShield|DauntlessShield|BodyPress,HeavySlam,WideGuard,Protect||||||50|,,,,,Ghost]Calyrex-Shadow||FocusSash|AsOneSpectrier|AstralBarrage,Psychic,Encore,Protect||||||50|,,,,,Ghost]Tornadus||RockyHelmet|Prankster|BleakwindStorm,Tailwind,RainDance,Protect|||M|||50|,,,,,Dark]Urshifu-Rapid-Strike||MysticWater|UnseenFist|SurgingStrikes,CloseCombat,AquaJet,Detect|||F|||50|,,,,,Water]Rillaboom||AssaultVest|GrassySurge|FakeOut,GrassyGlide,WoodHammer,Uturn|||F|||50|,,,,,Fire]Chien-Pao||LifeOrb|SwordofRuin|SuckerPunch,IcicleCrash,IceShard,Protect||||||50|,,,,,Stellar\n|showteam|p2|Calyrex-Shadow||LifeOrb|AsOneSpectrier|AstralBarrage,ExpandingForce,Encore,Protect||||||50|,,,,,Normal]Tyranitar||FocusSash|SandStream|KnockOff,RockSlide,Taunt,Snarl|||M|||50|,,,,,Grass]Excadrill||ClearAmulet|SandRush|HighHorsepower,HelpingHand,IronHead,Protect|||M|||50|,,,,,Ground]Indeedee-F||RockyHelmet|PsychicSurge|Imprison,Psychic,TrickRoom,FollowMe|||F|||50|,,,,,Water]Raging Bolt||AssaultVest|Protosynthesis|Thunderclap,Electroweb,DracoMeteor,Snarl||||||50|,,,,,Fairy]Zamazenta-Crowned||RustedShield|DauntlessShield|BodyPress,Imprison,WideGuard,Protect||||||50|,,,,,Dragon\n|\n|t:|1746101492\n|start\n|switch|p1a: Tornadus|Tornadus, L50, M|100/100\n|switch|p1b: Urshifu|Urshifu-Rapid-Strike, L50, F|100/100\n|switch|p2a: Raging Bolt|Raging Bolt, L50|100/100\n|switch|p2b: Zamazenta|Zamazenta-Crowned, L50|100/100\n|-ability|p2b: Zamazenta|Dauntless Shield|boost\n|-boost|p2b: Zamazenta|def|1\n|turn|1\n|inactive|Battle timer is ON: inactive players will automatically lose when time's up. (requested by aC0ldTurkey)\n|inactive|aC0ldTurkey has 60 seconds left.\n|inactive|Lacossg has 60 seconds left.\n|\n|t:|1746101536\n|move|p1a: Tornadus|Protect|p1a: Tornadus\n|-singleturn|p1a: Tornadus|Protect\n|move|p1b: Urshifu|Detect|p1b: Urshifu\n|-singleturn|p1b: Urshifu|Protect\n|move|p2a: Raging Bolt|Thunderclap||[still]\n|-fail|p2a: Raging Bolt\n|move|p2b: Zamazenta|Imprison|p2b: Zamazenta\n|-start|p2b: Zamazenta|move: Imprison\n|\n|upkeep\n|turn|2\n|\n|t:|1746101547\n|switch|p1b: Zamazenta|Zamazenta-Crowned, L50|100/100\n|-ability|p1b: Zamazenta|Dauntless Shield|boost\n|-boost|p1b: Zamazenta|def|1\n|move|p1a: Tornadus|Tailwind|p1a: Tornadus\n|-sidestart|p1: aC0ldTurkey|move: Tailwind\n|move|p2b: Zamazenta|Body Press|p1b: Zamazenta\n|-supereffective|p1b: Zamazenta\n|-damage|p1b: Zamazenta|49/100\n|move|p2a: Raging Bolt|Electroweb|p1b: Zamazenta|[spread] p1a,p1b\n|-supereffective|p1a: Tornadus\n|-damage|p1a: Tornadus|51/100\n|-damage|p1b: Zamazenta|36/100\n|-unboost|p1a: Tornadus|spe|1\n|-unboost|p1b: Zamazenta|spe|1\n|\n|upkeep\n|turn|3\n|inactive|aC0ldTurkey has 30 seconds left.\n|inactive|aC0ldTurkey has 20 seconds left.\n|inactive|aC0ldTurkey has 15 seconds left.\n|inactive|aC0ldTurkey has 10 seconds left.\n|\n|t:|1746101592\n|-terastallize|p1b: Zamazenta|Ghost\n|move|p1a: Tornadus|Bleakwind Storm|p2a: Raging Bolt|[spread] p2a,p2b\n|-resisted|p2a: Raging Bolt\n|-damage|p2a: Raging Bolt|92/100\n|-damage|p2b: Zamazenta|75/100\n|move|p1b: Zamazenta|Heavy Slam|p2a: Raging Bolt\n|-resisted|p2a: Raging Bolt\n|-damage|p2a: Raging Bolt|85/100\n|move|p2b: Zamazenta|Body Press|p1b: Zamazenta\n|-immune|p1b: Zamazenta\n|move|p2a: Raging Bolt|Electroweb|p1a: Tornadus|[spread] p1a,p1b\n|-supereffective|p1a: Tornadus\n|-crit|p1b: Zamazenta\n|-damage|p1a: Tornadus|3/100\n|-damage|p1b: Zamazenta|17/100\n|-unboost|p1a: Tornadus|spe|1\n|-unboost|p1b: Zamazenta|spe|1\n|\n|upkeep\n|turn|4\n|\n|t:|1746101619\n|move|p2b: Zamazenta|Wide Guard|p2b: Zamazenta\n|-singleturn|p2b: Zamazenta|Wide Guard\n|move|p1a: Tornadus|Bleakwind Storm|p2b: Zamazenta|[spread] \n|-activate|p2a: Raging Bolt|move: Wide Guard\n|-activate|p2b: Zamazenta|move: Wide Guard\n|move|p1b: Zamazenta|Heavy Slam|p2a: Raging Bolt\n|-resisted|p2a: Raging Bolt\n|-damage|p2a: Raging Bolt|80/100\n|move|p2a: Raging Bolt|Electroweb|p1b: Zamazenta|[spread] p1a,p1b\n|-supereffective|p1a: Tornadus\n|-damage|p1a: Tornadus|0 fnt\n|-damage|p1b: Zamazenta|5/100\n|-unboost|p1b: Zamazenta|spe|1\n|faint|p1a: Tornadus\n|\n|upkeep\n|\n|t:|1746101637\n|switch|p1a: Calyrex|Calyrex-Shadow, L50|100/100\n|-ability|p1a: Calyrex|As One\n|-ability|p1a: Calyrex|Unnerve\n|turn|5\n|\n|t:|1746101653\n|move|p2b: Zamazenta|Wide Guard|p2b: Zamazenta\n|-singleturn|p2b: Zamazenta|Wide Guard\n|move|p1a: Calyrex|Psychic|p2a: Raging Bolt\n|-damage|p2a: Raging Bolt|50/100\n|-unboost|p2a: Raging Bolt|spd|1\n|move|p1b: Zamazenta|Heavy Slam|p2a: Raging Bolt\n|-resisted|p2a: Raging Bolt\n|-damage|p2a: Raging Bolt|44/100\n|move|p2a: Raging Bolt|Electroweb|p1a: Calyrex|[spread] p1a,p1b\n|-crit|p1a: Calyrex\n|-damage|p1a: Calyrex|70/100\n|-damage|p1b: Zamazenta|0 fnt\n|-unboost|p1a: Calyrex|spe|1\n|faint|p1b: Zamazenta\n|\n|-sideend|p1: aC0ldTurkey|move: Tailwind\n|upkeep\n|\n|t:|1746101667\n|switch|p1b: Urshifu|Urshifu-Rapid-Strike, L50, F|100/100\n|turn|6\n|\n|t:|1746101682\n|-end|p2a: Raging Bolt|Protosynthesis|[silent]\n|switch|p2a: Tyranitar|Tyranitar, L50, M|100/100\n|-weather|Sandstorm|[from] ability: Sand Stream|[of] p2a: Tyranitar\n|-terastallize|p2b: Zamazenta|Dragon\n|move|p1b: Urshifu|Detect|p1b: Urshifu\n|-singleturn|p1b: Urshifu|Protect\n|move|p2b: Zamazenta|Body Press|p1b: Urshifu\n|-activate|p1b: Urshifu|move: Protect\n|move|p1a: Calyrex|Psychic|p2a: Tyranitar\n|-immune|p2a: Tyranitar\n|\n|-weather|Sandstorm|[upkeep]\n|-damage|p2b: Zamazenta|69/100|[from] Sandstorm\n|-damage|p1b: Urshifu|95/100|[from] Sandstorm\n|-damage|p1a: Calyrex|64/100|[from] Sandstorm\n|upkeep\n|turn|7\n|\n|t:|1746101705\n|move|p2b: Zamazenta|Body Press|p1b: Urshifu\n|-damage|p1b: Urshifu|24/100\n|move|p1b: Urshifu|Surging Strikes|p2b: Zamazenta\n|-resisted|p2b: Zamazenta\n|-crit|p2b: Zamazenta\n|-damage|p2b: Zamazenta|62/100\n|-resisted|p2b: Zamazenta\n|-crit|p2b: Zamazenta\n|-damage|p2b: Zamazenta|55/100\n|-resisted|p2b: Zamazenta\n|-crit|p2b: Zamazenta\n|-damage|p2b: Zamazenta|48/100\n|-hitcount|p2b: Zamazenta|3\n|move|p1a: Calyrex|Astral Barrage|p2a: Tyranitar|[spread] p2a,p2b\n|-resisted|p2a: Tyranitar\n|-damage|p2a: Tyranitar|81/100\n|-damage|p2b: Zamazenta|7/100\n|move|p2a: Tyranitar|Knock Off|p1a: Calyrex\n|-supereffective|p1a: Calyrex\n|-damage|p1a: Calyrex|0 fnt\n|-enditem|p1a: Calyrex|Focus Sash|[from] move: Knock Off|[of] p2a: Tyranitar\n|faint|p1a: Calyrex\n|\n|-weather|Sandstorm|[upkeep]\n|-damage|p2b: Zamazenta|0 fnt|[from] Sandstorm\n|-damage|p1b: Urshifu|18/100|[from] Sandstorm\n|faint|p2b: Zamazenta\n|upkeep\n|\n|t:|1746101723\n|switch|p2b: Raging Bolt|Raging Bolt, L50|44/100\n|turn|8\n|\n|t:|1746101729\n|move|p2b: Raging Bolt|Thunderclap|p1b: Urshifu\n|-supereffective|p1b: Urshifu\n|-damage|p1b: Urshifu|0 fnt\n|faint|p1b: Urshifu\n|\n|win|Lacossg\n||aC0ldTurkey is ready for game 2.\n|inactive|Lacossg has 30 seconds to confirm battle start!\n||Lacossg is ready for game 2.\n|uhtml|next|Next: <a href=\"/battle-gen9vgc2025regibo3-2354604815\"><strong>Game 2 of 3</strong></a>\n", "uploadtime": 1746102046, "views": 7, "formatid": "gen9vgc2025regibo3", "rating": null, "private": 0, "password": null}