{"id": "gen9vgc2025regibo3-2354835763", "format": "[Gen 9] VGC 2025 Reg I (Bo3)", "players": ["Queenthinng", "Buckeye 566"], "log": "|j|\u2606Queenthinng\n|j|\u2606Buckeye 566\n|html|<table width=\"100%\"><tr><td align=\"left\">Queenthinng</td><td align=\"right\">Buckeye 566</tr><tr><td align=\"left\"><i class=\"fa fa-circle-o\"></i> <i class=\"fa fa-circle-o\"></i> </td><td align=\"right\"><i class=\"fa fa-circle-o\"></i> <i class=\"fa fa-circle-o\"></i> </tr></table>\n|uhtml|bestof|<h2><strong>Game 1</strong> of <a href=\"/game-bestof3-gen9vgc2025regibo3-2354835762\">a best-of-3</a></h2>\n|t:|1746123915\n|gametype|doubles\n|player|p1|Queenthinng|acetrainerf|1042\n|player|p2|Buckeye 566|266|1118\n|teamsize|p1|6\n|teamsize|p2|6\n|gen|9\n|tier|[Gen 9] VGC 2025 Reg I (Bo3)\n|rated|\n|rule|Species Clause: Limit one of each Pok\u00e9mon\n|rule|Item Clause: Limit 1 of each item\n|clearpoke\n|poke|p1|Koraidon, L50|\n|poke|p1|Jumpluff, L50, M|\n|poke|p1|Calyrex-Shadow, L50|\n|poke|p1|Great Tusk, L50|\n|poke|p1|Raging Bolt, L50|\n|poke|p1|Incineroar, L50, F|\n|poke|p2|Grimmsnarl, L50, M|\n|poke|p2|Miraidon, L50|\n|poke|p2|Raging Bolt, L50|\n|poke|p2|Ditto, L50|\n|poke|p2|Volcarona, L50, M|\n|poke|p2|Koraidon, L50|\n|teampreview|4\n|showteam|p1|Koraidon||ClearAmulet|OrichalcumPulse|DragonClaw,CollisionCourse,FlareBlitz,Protect||||||50|,,,,,Fire]Jumpluff||CovertCloak|Chlorophyll|Tailwind,HelpingHand,SleepPowder,RagePowder|||M|||50|,,,,,Dark]Calyrex-Shadow||Leftovers|AsOneSpectrier|CalmMind,Psychic,AstralBarrage,Protect||||||50|,,,,,Water]Great Tusk||ChoiceScarf|Protosynthesis|Earthquake,CloseCombat,RockSlide,HeadlongRush||||||50|,,,,,Ground]Raging Bolt||AssaultVest|Protosynthesis|Thunderclap,Electroweb,DracoMeteor,VoltSwitch||||||50|,,,,,Electric]Incineroar||SafetyGoggles|Intimidate|FlareBlitz,FakeOut,KnockOff,PartingShot|||F|||50|,,,,,Ghost\n|showteam|p2|Grimmsnarl||LightClay|Prankster|FoulPlay,Reflect,LightScreen,ThunderWave|||M|||50|,,,,,Ghost]Miraidon||ChoiceSpecs|HadronEngine|DazzlingGleam,ElectroDrift,DracoMeteor,VoltSwitch||||||50|,,,,,Fairy]Raging Bolt||AssaultVest|Protosynthesis|Thunderclap,Thunderbolt,DragonPulse,VoltSwitch||||||50|,,,,,Fairy]Ditto||FocusSash|Imposter|Transform||||||50|,,,,,Ghost]Volcarona||SitrusBerry|FlameBody|HeatWave,GigaDrain,QuiverDance,Protect|||M|||50|,,,,,Grass]Koraidon||LifeOrb|OrichalcumPulse|FlameCharge,CloseCombat,FlareBlitz,Protect||||||50|,,,,,Fire\n|inactive|Battle timer is ON: inactive players will automatically lose when time's up. (requested by Buckeye 566)\n|inactive|Queenthinng has 60 seconds left.\n|inactive|Buckeye 566 has 60 seconds left.\n|inactive|Queenthinng has 30 seconds left.\n|\n|t:|1746123989\n|start\n|switch|p1a: Jumpluff|Jumpluff, L50, M|100/100\n|switch|p1b: Great Tusk|Great Tusk, L50|100/100\n|switch|p2a: Grimmsnarl|Grimmsnarl, L50, M|100/100\n|switch|p2b: Volcarona|Volcarona, L50, M, shiny|100/100\n|turn|1\n|inactive|Queenthinng has 30 seconds left.\n|\n|t:|1746124018\n|-terastallize|p2b: Volcarona|Grass\n|move|p2a: Grimmsnarl|Reflect|p2a: Grimmsnarl\n|-sidestart|p2: Buckeye 566|Reflect\n|move|p1b: Great Tusk|Rock Slide|p2a: Grimmsnarl|[spread] p2a,p2b\n|-damage|p2a: Grimmsnarl|88/100\n|-damage|p2b: Volcarona|84/100\n|move|p1a: Jumpluff|Sleep Powder|p2a: Grimmsnarl\n|-status|p2a: Grimmsnarl|slp|[from] move: Sleep Powder\n|cant|p2b: Volcarona|flinch\n|\n|upkeep\n|turn|2\n|\n|t:|1746124033\n|-end|p1b: Great Tusk|Protosynthesis|[silent]\n|switch|p1b: Koraidon|Koraidon, L50|100/100\n|-weather|SunnyDay|[from] ability: Orichalcum Pulse|[of] p1b: Koraidon\n|-activate|p1b: Koraidon|Orichalcum Pulse|[source]\n|cant|p2a: Grimmsnarl|slp\n|move|p1a: Jumpluff|Tailwind|p1a: Jumpluff\n|-sidestart|p1: Queenthinng|move: Tailwind\n|move|p2b: Volcarona|Quiver Dance|p2b: Volcarona\n|-boost|p2b: Volcarona|spa|1\n|-boost|p2b: Volcarona|spd|1\n|-boost|p2b: Volcarona|spe|1\n|\n|-weather|SunnyDay|[upkeep]\n|upkeep\n|turn|3\n|\n|t:|1746124052\n|move|p2b: Volcarona|Protect|p2b: Volcarona\n|-singleturn|p2b: Volcarona|Protect\n|-curestatus|p2a: Grimmsnarl|slp|[msg]\n|move|p2a: Grimmsnarl|Thunder Wave|p1b: Koraidon\n|-status|p1b: Koraidon|par\n|move|p1a: Jumpluff|Sleep Powder|p2a: Grimmsnarl\n|-status|p2a: Grimmsnarl|slp|[from] move: Sleep Powder\n|move|p1b: Koraidon|Flare Blitz|p2b: Volcarona\n|-activate|p2b: Volcarona|move: Protect\n|\n|-weather|SunnyDay|[upkeep]\n|upkeep\n|turn|4\n|\n|t:|1746124074\n|-terastallize|p1b: Koraidon|Fire\n|move|p1a: Jumpluff|Rage Powder|p1a: Jumpluff\n|-singleturn|p1a: Jumpluff|move: Rage Powder\n|cant|p2a: Grimmsnarl|slp\n|move|p2b: Volcarona|Heat Wave|p1a: Jumpluff|[spread] p1a,p1b\n|-supereffective|p1a: Jumpluff\n|-resisted|p1b: Koraidon\n|-damage|p1a: Jumpluff|0 fnt\n|-damage|p1b: Koraidon|66/100 par\n|faint|p1a: Jumpluff\n|cant|p1b: Koraidon|par\n|\n|-weather|SunnyDay|[upkeep]\n|upkeep\n|inactive|Queenthinng has 30 seconds left.\n|\n|t:|1746124103\n|switch|p1a: Calyrex|Calyrex-Shadow, L50|100/100\n|-ability|p1a: Calyrex|As One\n|-ability|p1a: Calyrex|Unnerve\n|turn|5\n|\n|t:|1746124118\n|move|p2b: Volcarona|Protect|p2b: Volcarona\n|-singleturn|p2b: Volcarona|Protect\n|cant|p2a: Grimmsnarl|slp\n|move|p1a: Calyrex|Calm Mind|p1a: Calyrex\n|-boost|p1a: Calyrex|spa|1\n|-boost|p1a: Calyrex|spd|1\n|cant|p1b: Koraidon|par\n|\n|-weather|SunnyDay|[upkeep]\n|-sideend|p1: Queenthinng|move: Tailwind\n|upkeep\n|turn|6\n|\n|t:|1746124126\n|move|p1a: Calyrex|Protect|p1a: Calyrex\n|-singleturn|p1a: Calyrex|Protect\n|-curestatus|p2a: Grimmsnarl|slp|[msg]\n|move|p2a: Grimmsnarl|Light Screen|p2a: Grimmsnarl\n|-sidestart|p2: Buckeye 566|move: Light Screen\n|move|p2b: Volcarona|Heat Wave|p1a: Calyrex|[spread] p1b\n|-activate|p1a: Calyrex|move: Protect\n|-resisted|p1b: Koraidon\n|-damage|p1b: Koraidon|29/100 par\n|move|p1b: Koraidon|Flare Blitz|p2b: Volcarona\n|-supereffective|p2b: Volcarona\n|-damage|p2b: Volcarona|0 fnt\n|faint|p2b: Volcarona\n|-damage|p1b: Koraidon|4/100 par|[from] Recoil\n|\n|-weather|none\n|upkeep\n|\n|t:|1746124136\n|switch|p2b: Ditto|Ditto, L50|100/100\n|-transform|p2b: Ditto|p1a: Calyrex|[from] ability: Imposter\n|-ability|p2b: Ditto|As One\n|-ability|p2b: Ditto|Unnerve\n|turn|7\n|\n|t:|1746124152\n|move|p2a: Grimmsnarl|Thunder Wave|p1a: Calyrex\n|-status|p1a: Calyrex|par\n|move|p2b: Ditto|Astral Barrage|p1b: Koraidon|[spread] p1a,p1b\n|-supereffective|p1a: Calyrex\n|-damage|p1a: Calyrex|0 fnt\n|-damage|p1b: Koraidon|0 fnt\n|faint|p1a: Calyrex\n|faint|p1b: Koraidon\n|-ability|p2b: Ditto|Grim Neigh|boost\n|-boost|p2b: Ditto|spa|2\n|\n|upkeep\n|\n|t:|1746124158\n|switch|p1a: Great Tusk|Great Tusk, L50|100/100\n|turn|8\n|\n|t:|1746124171\n|move|p1a: Great Tusk|Rock Slide|p2a: Grimmsnarl|[spread] p2b\n|-miss|p1a: Great Tusk|p2a: Grimmsnarl\n|-damage|p2b: Ditto|83/100\n|move|p2b: Ditto|Psychic|p1a: Great Tusk\n|-supereffective|p1a: Great Tusk\n|-damage|p1a: Great Tusk|0 fnt\n|faint|p1a: Great Tusk\n|-end|p1a: Great Tusk|Protosynthesis|[silent]\n|\n|win|Buckeye 566\n||Queenthinng is ready for game 2.\n||Buckeye 566 is ready for game 2.\n|uhtml|next|Next: <a href=\"/battle-gen9vgc2025regibo3-2354838743\"><strong>Game 2 of 3</strong></a>\n|l|\u2606Queenthinng\n|player|p1|\n", "uploadtime": 1746124538, "views": 5, "formatid": "gen9vgc2025regibo3", "rating": null, "private": 0, "password": null}