{"id": "gen9vgc2025regibo3-2353996224", "format": "[Gen 9] VGC 2025 Reg I (Bo3)", "players": ["georgie.Young", "BringBackOrre"], "log": "|j|\u2606georgie.Young\n|j|\u2606BringBackOrre\n|html|<table width=\"100%\"><tr><td align=\"left\">georgie.Young</td><td align=\"right\">BringBackOrre</tr><tr><td align=\"left\"><i class=\"fa fa-circle\"></i> <i class=\"fa fa-circle-o\"></i> </td><td align=\"right\"><i class=\"fa fa-circle-o\"></i> <i class=\"fa fa-circle-o\"></i> </tr></table>\n|uhtml|bestof|<h2><strong>Game 2</strong> of <a href=\"/game-bestof3-gen9vgc2025regibo3-2353993855\">a best-of-3</a></h2>\n|t:|1746025991\n|gametype|doubles\n|player|p1|georgie.Young|caitlin|1196\n|player|p2|BringBackOrre|2|1137\n|teamsize|p1|6\n|teamsize|p2|6\n|gen|9\n|tier|[Gen 9] VGC 2025 Reg I (Bo3)\n|rated|\n|rule|Species Clause: Limit one of each Pok\u00e9mon\n|rule|Item Clause: Limit 1 of each item\n|clearpoke\n|poke|p1|Calyrex-Shadow, L50|\n|poke|p1|Kyogre, L50|\n|poke|p1|Tornadus, L50, M|\n|poke|p1|Brute Bonnet, L50|\n|poke|p1|Farigiraf, L50, M|\n|poke|p1|Landorus, L50, M|\n|poke|p2|Calyrex-Ice, L50|\n|poke|p2|Torkoal, L50, F|\n|poke|p2|Venusaur, L50, F|\n|poke|p2|Incineroar, L50, M|\n|poke|p2|Groudon, L50|\n|poke|p2|Walking Wake, L50|\n|teampreview|4\n|showteam|p1|Calyrex-Shadow||LifeOrb|AsOneSpectrier|AstralBarrage,Psychic,Encore,Protect||||||50|,,,,,Dark]Kyogre||MysticWater|Drizzle|WaterSpout,OriginPulse,IceBeam,Protect||||||50|,,,,,Grass]Tornadus||FocusSash|Prankster|Taunt,Tailwind,BleakwindStorm,RainDance|||M|||50|,,,,,Flying]Brute Bonnet||CovertCloak|Protosynthesis|SeedBomb,SuckerPunch,Spore,RagePowder||||||50|,,,,,Water]Farigiraf||SafetyGoggles|ArmorTail|Psychic,FoulPlay,HelpingHand,TrickRoom|||M|||50|,,,,,Dark]Landorus||ChoiceScarf|SheerForce|EarthPower,SandsearStorm,SludgeBomb,Psychic|||M|||50|,,,,,Water\n|showteam|p2|Calyrex-Ice||ClearAmulet|AsOneGlastrier|GlacialLance,HighHorsepower,Protect,TrickRoom||||||50|,,,,,Water]Torkoal||EjectPack|Drought|Protect,Eruption,Overheat,HelpingHand|||F|||50|,,,,,Fire]Venusaur||FocusSash|Chlorophyll|GrassKnot,SludgeBomb,SleepPowder,Protect|||F|||50|,,,,,Stellar]Incineroar||SafetyGoggles|Intimidate|PartingShot,KnockOff,FlareBlitz,FakeOut|||M|||50|,,,,,Ghost]Groudon||AssaultVest|Drought|PrecipiceBlades,Crunch,HammerArm,HeatCrash||||||50|,,,,,Ground]Walking Wake||BoosterEnergy|Protosynthesis|HydroSteam,WeatherBall,DracoMeteor,SunnyDay||||||50|,,,,,Steel\n|\n|t:|1746026007\n|start\n|switch|p1a: Calyrex|Calyrex-Shadow, L50|100/100\n|switch|p1b: Kyogre|Kyogre, L50|100/100\n|switch|p2a: Calyrex|Calyrex-Ice, L50|100/100\n|switch|p2b: Incineroar|Incineroar, L50, M|100/100\n|-ability|p1a: Calyrex|As One\n|-ability|p1a: Calyrex|Unnerve\n|-ability|p2a: Calyrex|As One\n|-ability|p2a: Calyrex|Unnerve\n|-weather|RainDance|[from] ability: Drizzle|[of] p1b: Kyogre\n|-ability|p2b: Incineroar|Intimidate|boost\n|-unboost|p1a: Calyrex|atk|1\n|-unboost|p1b: Kyogre|atk|1\n|turn|1\n|\n|t:|1746026045\n|switch|p1b: Farigiraf|Farigiraf, L50, M|100/100\n|-terastallize|p2a: Calyrex|Water\n|move|p1a: Calyrex|Astral Barrage|p2b: Incineroar|[spread] p2a,p2b\n|-resisted|p2b: Incineroar\n|-damage|p2a: Calyrex|56/100\n|-damage|p2b: Incineroar|73/100\n|-damage|p1a: Calyrex|91/100|[from] item: Life Orb\n|move|p2b: Incineroar|Knock Off|p1a: Calyrex\n|-supereffective|p1a: Calyrex\n|-damage|p1a: Calyrex|0 fnt\n|-enditem|p1a: Calyrex|Life Orb|[from] move: Knock Off|[of] p2b: Incineroar\n|faint|p1a: Calyrex\n|move|p2a: Calyrex|Trick Room|p2a: Calyrex\n|-fieldstart|move: Trick Room|[of] p2a: Calyrex\n|\n|-weather|RainDance|[upkeep]\n|upkeep\n|\n|t:|1746026049\n|switch|p1a: Kyogre|Kyogre, L50|100/100\n|turn|2\n|\n|t:|1746026062\n|move|p2a: Calyrex|High Horsepower|p1a: Kyogre\n|-damage|p1a: Kyogre|64/100\n|move|p1b: Farigiraf|Foul Play|p2a: Calyrex\n|-damage|p2a: Calyrex|31/100\n|move|p2b: Incineroar|Parting Shot|p1a: Kyogre\n|-unboost|p1a: Kyogre|atk|1\n|-unboost|p1a: Kyogre|spa|1\n|\n|t:|1746026072\n|switch|p2b: Walking Wake|Walking Wake, L50|100/100|[from] Parting Shot\n|-enditem|p2b: Walking Wake|Booster Energy\n|-activate|p2b: Walking Wake|ability: Protosynthesis|[fromitem]\n|-start|p2b: Walking Wake|protosynthesisspe\n|move|p1a: Kyogre|Water Spout|p2b: Walking Wake|[spread] p2a,p2b\n|-resisted|p2a: Calyrex\n|-resisted|p2b: Walking Wake\n|-damage|p2a: Calyrex|16/100\n|-damage|p2b: Walking Wake|86/100\n|\n|-weather|RainDance|[upkeep]\n|upkeep\n|turn|3\n|\n|t:|1746026087\n|switch|p1a: Brute Bonnet|Brute Bonnet, L50|100/100\n|move|p2a: Calyrex|Glacial Lance|p1b: Farigiraf|[spread] p1a,p1b\n|-supereffective|p1a: Brute Bonnet\n|-crit|p1a: Brute Bonnet\n|-damage|p1a: Brute Bonnet|0 fnt\n|-damage|p1b: Farigiraf|53/100\n|faint|p1a: Brute Bonnet\n|-end|p1a: Brute Bonnet|Protosynthesis|[silent]\n|-ability|p2a: Calyrex|Chilling Neigh|boost\n|-boost|p2a: Calyrex|atk|1\n|move|p1b: Farigiraf|Foul Play|p2a: Calyrex\n|-damage|p2a: Calyrex|0 fnt\n|faint|p2a: Calyrex\n|move|p2b: Walking Wake|Sunny Day|p2b: Walking Wake\n|-weather|SunnyDay\n|\n|-weather|SunnyDay|[upkeep]\n|upkeep\n|\n|t:|1746026102\n|switch|p2a: Incineroar|Incineroar, L50, M|73/100\n|switch|p1a: Kyogre|Kyogre, L50|64/100\n|-ability|p2a: Incineroar|Intimidate|boost\n|-unboost|p1a: Kyogre|atk|1\n|-unboost|p1b: Farigiraf|atk|1\n|-weather|RainDance|[from] ability: Drizzle|[of] p1a: Kyogre\n|turn|4\n|\n|t:|1746026133\n|move|p1b: Farigiraf|Psychic|p2b: Walking Wake\n|-damage|p2b: Walking Wake|46/100\n|-unboost|p2b: Walking Wake|spd|1\n|move|p2a: Incineroar|Parting Shot|p1a: Kyogre\n|-unboost|p1a: Kyogre|atk|1\n|-unboost|p1a: Kyogre|spa|1\n|\n|t:|1746026139\n|switch|p2a: Groudon|Groudon, L50|100/100|[from] Parting Shot\n|-weather|SunnyDay|[from] ability: Drought|[of] p2a: Groudon\n|move|p1a: Kyogre|Origin Pulse|p2a: Groudon|[spread] p2a\n|-miss|p1a: Kyogre|p2b: Walking Wake\n|-supereffective|p2a: Groudon\n|-crit|p2a: Groudon\n|-damage|p2a: Groudon|54/100\n|move|p2b: Walking Wake|Draco Meteor|p1a: Kyogre\n|-damage|p1a: Kyogre|20/100\n|-unboost|p2b: Walking Wake|spa|2\n|\n|-weather|SunnyDay|[upkeep]\n|upkeep\n|turn|5\n|\n|t:|1746026158\n|-end|p2b: Walking Wake|Protosynthesis|[silent]\n|switch|p2b: Incineroar|Incineroar, L50, M|73/100\n|-ability|p2b: Incineroar|Intimidate|boost\n|-unboost|p1a: Kyogre|atk|1\n|-unboost|p1b: Farigiraf|atk|1\n|move|p1b: Farigiraf|Psychic|p2b: Incineroar\n|-immune|p2b: Incineroar\n|move|p2a: Groudon|Crunch|p1b: Farigiraf\n|-supereffective|p1b: Farigiraf\n|-damage|p1b: Farigiraf|0 fnt\n|faint|p1b: Farigiraf\n|move|p1a: Kyogre|Ice Beam|p2a: Groudon\n|-supereffective|p2a: Groudon\n|-damage|p2a: Groudon|28/100\n|\n|-weather|SunnyDay|[upkeep]\n|-fieldend|move: Trick Room\n|upkeep\n|turn|6\n|-message|georgie.Young forfeited.\n|\n|win|BringBackOrre\n|l|\u2606georgie.Young\n|player|p1|\n||georgie.Young is ready for game 3.\n||BringBackOrre is ready for game 3.\n|uhtml|next|Next: <a href=\"/battle-gen9vgc2025regibo3-2353998324\"><strong>Game 3 of 3</strong></a>\n|l|\u2606BringBackOrre\n|player|p2|\n|j|\u2606georgie.Young\n|player|p1|georgie.Young|caitlin|\n", "uploadtime": 1746026273, "views": 7, "formatid": "gen9vgc2025regibo3", "rating": null, "private": 0, "password": null}