{"id": "gen9vgc2025regibo3-2354051368", "format": "[Gen 9] VGC 2025 Reg I (Bo3)", "players": ["Elgranaino", "Sayour"], "log": "|j|\u2606Elgranaino\n|j|\u2606Sayour\n|html|<table width=\"100%\"><tr><td align=\"left\">Elgranaino</td><td align=\"right\">Sayour</tr><tr><td align=\"left\"><i class=\"fa fa-circle-o\"></i> <i class=\"fa fa-circle-o\"></i> </td><td align=\"right\"><i class=\"fa fa-circle-o\"></i> <i class=\"fa fa-circle-o\"></i> </tr></table>\n|uhtml|bestof|<h2><strong>Game 1</strong> of <a href=\"/game-bestof3-gen9vgc2025regibo3-2354051367\">a best-of-3</a></h2>\n|t:|1746030693\n|gametype|doubles\n|player|p1|Elgranaino|ghetsis-gen5bw|1082\n|player|p2|Sayour|1|1037\n|teamsize|p1|6\n|teamsize|p2|6\n|gen|9\n|tier|[Gen 9] VGC 2025 Reg I (Bo3)\n|rated|\n|rule|Species Clause: Limit one of each Pok\u00e9mon\n|rule|Item Clause: Limit 1 of each item\n|clearpoke\n|poke|p1|Calyrex-Shadow, L50|\n|poke|p1|Terapagos, L50, M|\n|poke|p1|Incineroar, L50, M|\n|poke|p1|Rillaboom, L50, F|\n|poke|p1|Amoonguss, L50, M|\n|poke|p1|Urshifu-*, L50, M|\n|poke|p2|Ho-Oh, L50|\n|poke|p2|Zacian-*, L50|\n|poke|p2|Garchomp, L50, F|\n|poke|p2|Urshifu-*, L50, F|\n|poke|p2|Whimsicott, L50, F|\n|poke|p2|Gastrodon, L50, M|\n|teampreview|4\n|showteam|p1|Calyrex-Shadow||FocusSash|AsOneSpectrier|AstralBarrage,WillOWisp,Disable,Protect||||||50|,,,,,Fairy]Terapagos||Leftovers|TeraShift|TeraStarstorm,EarthPower,CalmMind,Protect|||M|||50|,,,,,Stellar]Incineroar||SafetyGoggles|Intimidate|WillOWisp,KnockOff,FakeOut,PartingShot|||M|||50|,,,,,Bug]Rillaboom||AssaultVest|GrassySurge|FakeOut,WoodHammer,Uturn,GrassyGlide|||F|||50|,,,,,Fire]Amoonguss||RockyHelmet|Regenerator|Protect,Spore,RagePowder,SludgeBomb|||M|||50|,,,,,Water]Urshifu-Rapid-Strike||ChoiceScarf|UnseenFist|RockTomb,SurgingStrikes,Uturn,CloseCombat|||M|||50|,,,,,Water\n|showteam|p2|Ho-Oh||ClearAmulet|Regenerator|SacredFire,BraveBird,Protect,Tailwind||||||50|,,,,,Grass]Zacian-Crowned||RustedSword|IntrepidSword|PlayRough,behemothblade,Protect,SwordsDance||||||50|,,,,,Fairy]Garchomp||RockyHelmet|RoughSkin|PoisonJab,StompingTantrum,DragonClaw,Protect|||F|||50|,,,,,Poison]Urshifu-Rapid-Strike||ChoiceScarf|UnseenFist|AquaJet,SurgingStrikes,CloseCombat,Uturn|||F|||50|,,,,,Water]Whimsicott||FocusSash|Prankster|SunnyDay,Moonblast,Tailwind,Taunt|||F|||50|,,,,,Dark]Gastrodon||SitrusBerry|StormDrain|IceBeam,EarthPower,Yawn,Protect|||M|||50|,,,,,Fire\n|inactive|Battle timer is ON: inactive players will automatically lose when time's up. (requested by Elgranaino)\n|inactive|Sayour has 60 seconds left.\n|\n|t:|1746030739\n|start\n|switch|p1a: Rillaboom|Rillaboom, L50, F|100/100\n|switch|p1b: Terapagos|Terapagos, L50, M|100/100\n|switch|p2a: Gastrodon|Gastrodon, L50, M|100/100\n|switch|p2b: Ho-Oh|Ho-Oh, L50|100/100\n|-activate|p1b: Terapagos|ability: Tera Shift\n|detailschange|p1b: Terapagos|Terapagos-Terastal, L50, M\n|-heal|p1b: Terapagos|100/100|[silent]\n|-fieldstart|move: Grassy Terrain|[from] ability: Grassy Surge|[of] p1a: Rillaboom\n|turn|1\n|inactive|Elgranaino has 30 seconds left.\n|inactive|Elgranaino has 20 seconds left.\n|\n|t:|1746030775\n|switch|p2b: Zacian|Zacian-Crowned, L50|100/100\n|-ability|p2b: Zacian|Intrepid Sword|boost\n|-boost|p2b: Zacian|atk|1\n|move|p1a: Rillaboom|Fake Out|p2a: Gastrodon\n|-damage|p2a: Gastrodon|91/100\n|move|p1b: Terapagos|Calm Mind|p1b: Terapagos\n|-boost|p1b: Terapagos|spa|1\n|-boost|p1b: Terapagos|spd|1\n|cant|p2a: Gastrodon|flinch\n|\n|-heal|p2a: Gastrodon|97/100|[from] Grassy Terrain\n|upkeep\n|turn|2\n|inactive|Sayour has 30 seconds left.\n|\n|t:|1746030807\n|switch|p2a: Ho-Oh|Ho-Oh, L50|100/100\n|move|p2b: Zacian|Play Rough|p1b: Terapagos\n|-activate|p1b: Terapagos|ability: Tera Shell\n|-resisted|p1b: Terapagos\n|-damage|p1b: Terapagos|74/100\n|move|p1b: Terapagos|Earth Power|p2b: Zacian\n|-supereffective|p2b: Zacian\n|-damage|p2b: Zacian|44/100\n|move|p1a: Rillaboom|U-turn|p2b: Zacian\n|-resisted|p2b: Zacian\n|-damage|p2b: Zacian|39/100\n|\n|t:|1746030817\n|switch|p1a: Calyrex|Calyrex-Shadow, L50|100/100|[from] U-turn\n|-ability|p1a: Calyrex|As One\n|-ability|p1a: Calyrex|Unnerve\n|\n|-heal|p2b: Zacian|46/100|[from] Grassy Terrain\n|-heal|p1b: Terapagos|80/100|[from] Grassy Terrain\n|-heal|p1b: Terapagos|86/100|[from] item: Leftovers\n|upkeep\n|turn|3\n|\n|t:|1746030834\n|move|p2b: Zacian|Protect|p2b: Zacian\n|-singleturn|p2b: Zacian|Protect\n|move|p1b: Terapagos|Protect|p1b: Terapagos\n|-singleturn|p1b: Terapagos|Protect\n|move|p1a: Calyrex|Will-O-Wisp|p2b: Zacian\n|-activate|p2b: Zacian|move: Protect\n|move|p2a: Ho-Oh|Sacred Fire|p1a: Calyrex\n|-damage|p1a: Calyrex|38/100\n|-status|p1a: Calyrex|brn\n|\n|-heal|p1a: Calyrex|44/100 brn|[from] Grassy Terrain\n|-heal|p2b: Zacian|52/100|[from] Grassy Terrain\n|-heal|p1b: Terapagos|93/100|[from] Grassy Terrain\n|-heal|p1b: Terapagos|99/100|[from] item: Leftovers\n|-damage|p1a: Calyrex|38/100 brn|[from] brn\n|upkeep\n|turn|4\n|inactive|Sayour has 30 seconds left.\n|\n|t:|1746030859\n|switch|p2b: Whimsicott|Whimsicott, L50, F|100/100\n|-terastallize|p1b: Terapagos|Stellar\n|detailschange|p1b: Terapagos|Terapagos-Stellar, L50, M, tera:Stellar\n|-heal|p1b: Terapagos|99/100|[silent]\n|-ability|p1b: Terapagos|Teraform Zero\n|-fieldend|move: Grassy Terrain\n|move|p1a: Calyrex|Will-O-Wisp|p2b: Whimsicott\n|-status|p2b: Whimsicott|brn\n|move|p2a: Ho-Oh|Sacred Fire|p1b: Terapagos\n|-damage|p1b: Terapagos|72/100\n|move|p1b: Terapagos|Tera Starstorm|p2b: Whimsicott|[spread] p2a,p2b\n|-damage|p2a: Ho-Oh|70/100\n|-damage|p2b: Whimsicott|19/100 brn\n|\n|-heal|p1b: Terapagos|78/100|[from] item: Leftovers\n|-damage|p1a: Calyrex|32/100 brn|[from] brn\n|-damage|p2b: Whimsicott|13/100 brn|[from] brn\n|upkeep\n|turn|5\n|inactive|Sayour has 30 seconds left.\n|inactive|Elgranaino has 30 seconds left.\n|inactive|Sayour has 20 seconds left.\n|\n|t:|1746030895\n|switch|p1a: Rillaboom|Rillaboom, L50, F|100/100\n|-fieldstart|move: Grassy Terrain|[from] ability: Grassy Surge|[of] p1a: Rillaboom\n|move|p2b: Whimsicott|Tailwind|p2b: Whimsicott\n|-sidestart|p2: Sayour|move: Tailwind\n|move|p2a: Ho-Oh|Sacred Fire|p1b: Terapagos\n|-damage|p1b: Terapagos|53/100\n|-status|p1b: Terapagos|brn\n|move|p1b: Terapagos|Calm Mind|p1b: Terapagos\n|-boost|p1b: Terapagos|spa|1\n|-boost|p1b: Terapagos|spd|1\n|\n|-heal|p2b: Whimsicott|19/100 brn|[from] Grassy Terrain\n|-heal|p1b: Terapagos|59/100 brn|[from] Grassy Terrain\n|-heal|p1b: Terapagos|65/100 brn|[from] item: Leftovers\n|-damage|p2b: Whimsicott|13/100 brn|[from] brn\n|-damage|p1b: Terapagos|59/100 brn|[from] brn\n|upkeep\n|turn|6\n|inactive|Sayour has 30 seconds left.\n|inactive|Sayour has 20 seconds left.\n|inactive|Sayour has 15 seconds left.\n|\n|t:|1746030935\n|move|p2a: Ho-Oh|Protect|p2a: Ho-Oh\n|-singleturn|p2a: Ho-Oh|Protect\n|move|p1a: Rillaboom|Fake Out|p2a: Ho-Oh\n|-activate|p2a: Ho-Oh|move: Protect\n|move|p2b: Whimsicott|Moonblast|p1b: Terapagos\n|-damage|p1b: Terapagos|48/100 brn\n|move|p1b: Terapagos|Tera Starstorm|p2a: Ho-Oh|[spread] p2b\n|-activate|p2a: Ho-Oh|move: Protect\n|-damage|p2b: Whimsicott|0 fnt\n|faint|p2b: Whimsicott\n|\n|-heal|p1b: Terapagos|54/100 brn|[from] Grassy Terrain\n|-heal|p1b: Terapagos|60/100 brn|[from] item: Leftovers\n|-damage|p1b: Terapagos|54/100 brn|[from] brn\n|upkeep\n|\n|t:|1746030956\n|switch|p2b: Zacian|Zacian-Crowned, L50|52/100\n|turn|7\n|\n|t:|1746030973\n|move|p1b: Terapagos|Protect|p1b: Terapagos\n|-singleturn|p1b: Terapagos|Protect\n|move|p2b: Zacian|Behemoth Blade|p1a: Rillaboom\n|-damage|p1a: Rillaboom|61/100\n|move|p2a: Ho-Oh|Brave Bird|p1b: Terapagos\n|-activate|p1b: Terapagos|move: Protect\n|move|p1a: Rillaboom|U-turn|p2b: Zacian\n|-resisted|p2b: Zacian\n|-damage|p2b: Zacian|48/100\n|\n|t:|1746030986\n|switch|p1a: Urshifu|Urshifu-Rapid-Strike, L50, M|100/100|[from] U-turn\n|\n|-heal|p2b: Zacian|54/100|[from] Grassy Terrain\n|-heal|p1b: Terapagos|60/100 brn|[from] Grassy Terrain\n|-heal|p1b: Terapagos|67/100 brn|[from] item: Leftovers\n|-damage|p1b: Terapagos|60/100 brn|[from] brn\n|upkeep\n|turn|8\n|inactive|Sayour has 30 seconds left.\n|\n|t:|1746031012\n|switch|p1a: Rillaboom|Rillaboom, L50, F|61/100\n|move|p2b: Zacian|Protect|p2b: Zacian\n|-singleturn|p2b: Zacian|Protect\n|move|p2a: Ho-Oh|Brave Bird|p1a: Rillaboom\n|-supereffective|p1a: Rillaboom\n|-damage|p1a: Rillaboom|0 fnt\n|faint|p1a: Rillaboom\n|-damage|p2a: Ho-Oh|50/100|[from] Recoil\n|move|p1b: Terapagos|Tera Starstorm|p2b: Zacian|[spread] p2a\n|-activate|p2b: Zacian|move: Protect\n|-damage|p2a: Ho-Oh|7/100\n|\n|-heal|p2b: Zacian|60/100|[from] Grassy Terrain\n|-heal|p1b: Terapagos|67/100 brn|[from] Grassy Terrain\n|-heal|p1b: Terapagos|73/100 brn|[from] item: Leftovers\n|-damage|p1b: Terapagos|67/100 brn|[from] brn\n|-sideend|p2: Sayour|move: Tailwind\n|upkeep\n|\n|t:|1746031022\n|switch|p1a: Calyrex|Calyrex-Shadow, L50|32/100 brn\n|-ability|p1a: Calyrex|As One\n|-ability|p1a: Calyrex|Unnerve\n|turn|9\n|inactive|Sayour has 30 seconds left.\n|\n|t:|1746031049\n|switch|p2a: Gastrodon|Gastrodon, L50, M|97/100\n|move|p1a: Calyrex|Astral Barrage|p2b: Zacian|[spread] p2a,p2b\n|-damage|p2a: Gastrodon|48/100\n|-damage|p2b: Zacian|14/100\n|move|p2b: Zacian|Behemoth Blade|p1a: Calyrex\n|-damage|p1a: Calyrex|0 fnt\n|-enditem|p2a: Gastrodon|Sitrus Berry|[eat]\n|-heal|p2a: Gastrodon|73/100|[from] item: Sitrus Berry\n|faint|p1a: Calyrex\n|move|p1b: Terapagos|Tera Starstorm|p2a: Gastrodon|[spread] p2a,p2b\n|-damage|p2a: Gastrodon|17/100\n|-damage|p2b: Zacian|0 fnt\n|faint|p2b: Zacian\n|\n|-heal|p1b: Terapagos|73/100 brn|[from] Grassy Terrain\n|-heal|p1b: Terapagos|79/100 brn|[from] item: Leftovers\n|-heal|p2a: Gastrodon|23/100|[from] Grassy Terrain\n|-damage|p1b: Terapagos|73/100 brn|[from] brn\n|-fieldend|move: Grassy Terrain\n|upkeep\n|\n|t:|1746031072\n|switch|p1a: Urshifu|Urshifu-Rapid-Strike, L50, M|100/100\n|switch|p2b: Ho-Oh|Ho-Oh, L50|40/100\n|turn|10\n|\n|t:|1746031083\n|-terastallize|p2b: Ho-Oh|Grass\n|move|p1a: Urshifu|Surging Strikes|p2a: Gastrodon\n|-activate|p2a: Gastrodon|ability: Storm Drain\n|-ability|p2a: Gastrodon|Storm Drain|boost\n|-boost|p2a: Gastrodon|spa|1\n|move|p2b: Ho-Oh|Brave Bird|p1a: Urshifu\n|-supereffective|p1a: Urshifu\n|-damage|p1a: Urshifu|0 fnt\n|faint|p1a: Urshifu\n|-damage|p2b: Ho-Oh|12/100|[from] Recoil\n|move|p1b: Terapagos|Tera Starstorm|p2b: Ho-Oh|[spread] p2a,p2b\n|-supereffective|p2b: Ho-Oh\n|-damage|p2a: Gastrodon|0 fnt\n|-damage|p2b: Ho-Oh|0 fnt\n|faint|p2a: Gastrodon\n|faint|p2b: Ho-Oh\n|\n|win|Elgranaino\n|inactive|Elgranaino has 30 seconds to confirm battle start!\n|inactive|Sayour has 30 seconds to confirm battle start!\n||Elgranaino is ready for game 2.\n|l|\u2606Sayour\n|player|p2|\n|inactive|Sayour has 20 seconds to confirm battle start!\n|inactive|Sayour has 10 seconds to confirm battle start!\n|uhtml|next|Next: <a href=\"/battle-gen9vgc2025regibo3-2354056436\"><strong>Game 2 of 3</strong></a>\n|l|\u2606Elgranaino\n|player|p1|\n", "uploadtime": 1746031284, "views": 10, "formatid": "gen9vgc2025regibo3", "rating": null, "private": 0, "password": null}