{"id": "gen9vgc2025regibo3-2354578064", "format": "[Gen 9] VGC 2025 Reg I (Bo3)", "players": ["abuelocebolleta", "waz00"], "log": "|j|\u2606abuelocebolleta\n|j|\u2606waz00\n|html|<table width=\"100%\"><tr><td align=\"left\">abuelocebolleta</td><td align=\"right\">waz00</tr><tr><td align=\"left\"><i class=\"fa fa-circle-o\"></i> <i class=\"fa fa-circle-o\"></i> </td><td align=\"right\"><i class=\"fa fa-circle-o\"></i> <i class=\"fa fa-circle-o\"></i> </tr></table>\n|uhtml|bestof|<h2><strong>Game 1</strong> of <a href=\"/game-bestof3-gen9vgc2025regibo3-2354578063\">a best-of-3</a></h2>\n|t:|1746097656\n|gametype|doubles\n|player|p1|abuelocebolleta|265|1000\n|player|p2|waz00|nate|1000\n|teamsize|p1|6\n|teamsize|p2|6\n|gen|9\n|tier|[Gen 9] VGC 2025 Reg I (Bo3)\n|rated|\n|rule|Species Clause: Limit one of each Pok\u00e9mon\n|rule|Item Clause: Limit 1 of each item\n|clearpoke\n|poke|p1|Koraidon, L50|\n|poke|p1|Necrozma-Dusk-Mane, L50|\n|poke|p1|Venusaur, L50, M|\n|poke|p1|Scream Tail, L50|\n|poke|p1|Raging Bolt, L50|\n|poke|p1|Roaring Moon, L50|\n|poke|p2|Miraidon, L50|\n|poke|p2|Lunala, L50|\n|poke|p2|Whimsicott, L50, F|\n|poke|p2|Chi-Yu, L50|\n|poke|p2|Urshifu-*, L50, M|\n|poke|p2|Iron Hands, L50|\n|teampreview|4\n|showteam|p1|Koraidon||ClearAmulet|OrichalcumPulse|FlareBlitz,CollisionCourse,DragonClaw,Uturn||||||50|,,,,,Fire]Necrozma-Dusk-Mane||RoomService|PrismArmor|SunsteelStrike,PsychicFangs,Thief,MorningSun||||||50|,,,,,Steel]Venusaur||LifeOrb|Chlorophyll|WeatherBall,SolarBeam,SludgeBomb,Protect|||M|||50|,,,,,Fire]Scream Tail||Leftovers|Protosynthesis|LightScreen,Disable,Reflect,PsychicFangs||||||50|,,,,,Dark]Raging Bolt||AssaultVest|Protosynthesis|DragonPulse,Thunderclap,Thunder,VoltSwitch||||||50|,,,,,Electric]Roaring Moon||ChoiceScarf|Protosynthesis|DragonClaw,IronHead,Uturn,KnockOff||||||50|,,,,,Steel\n|showteam|p2|Miraidon||ChoiceSpecs|HadronEngine|ElectroDrift,VoltSwitch,DazzlingGleam,DracoMeteor||||||50|,,,,,Fairy]Lunala||ElectricSeed|ShadowShield|MoongeistBeam,Moonblast,WideGuard,TrickRoom||||||50|,,,,,Fairy]Whimsicott||CovertCloak|Prankster|Moonblast,Tailwind,LightScreen,Encore|||F|||50|,,,,,Dark]Chi-Yu||ChoiceScarf|BeadsofRuin|Snarl,Overheat,DarkPulse,HeatWave||||||50|,,,,,Ghost]Urshifu-Rapid-Strike||FocusSash|UnseenFist|SurgingStrikes,CloseCombat,AquaJet,Protect|||M|||50|,,,,,Stellar]Iron Hands||AssaultVest|QuarkDrive|FakeOut,DrainPunch,LowKick,WildCharge||||||50|,,,,,Water\n|\n|t:|1746097669\n|start\n|switch|p1a: Scream Tail|Scream Tail, L50, shiny|100/100\n|switch|p1b: Koraidon|Koraidon, L50|100/100\n|switch|p2a: AfreakingFox|Miraidon, L50|100/100\n|switch|p2b: Whimsicott|Whimsicott, L50, F|100/100\n|-weather|SunnyDay|[from] ability: Orichalcum Pulse|[of] p1b: Koraidon\n|-activate|p1a: Scream Tail|ability: Protosynthesis\n|-start|p1a: Scream Tail|protosynthesisspe\n|-activate|p1b: Koraidon|Orichalcum Pulse|[source]\n|-fieldstart|move: Electric Terrain|[from] ability: Hadron Engine|[of] p2a: AfreakingFox\n|turn|1\n|\n|t:|1746097698\n|switch|p1b: Necrozma|Necrozma-Dusk-Mane, L50|100/100\n|-terastallize|p1a: Scream Tail|Dark\n|move|p2b: Whimsicott|Tailwind|p2b: Whimsicott\n|-sidestart|p2: waz00|move: Tailwind\n|move|p2a: AfreakingFox|Electro Drift|p1b: Necrozma\n|-damage|p1b: Necrozma|0 fnt\n|faint|p1b: Necrozma\n|move|p1a: Scream Tail|Light Screen|p1a: Scream Tail\n|-sidestart|p1: abuelocebolleta|move: Light Screen\n|\n|-weather|SunnyDay|[upkeep]\n|upkeep\n|\n|t:|1746097711\n|switch|p1b: Raging Bolt|Raging Bolt, L50|100/100\n|-activate|p1b: Raging Bolt|ability: Protosynthesis\n|-start|p1b: Raging Bolt|protosynthesisspa\n|turn|2\n|\n|t:|1746097722\n|move|p2a: AfreakingFox|Electro Drift|p1a: Scream Tail\n|-damage|p1a: Scream Tail|44/100\n|move|p2b: Whimsicott|Moonblast|p1a: Scream Tail\n|-supereffective|p1a: Scream Tail\n|-damage|p1a: Scream Tail|17/100\n|move|p1a: Scream Tail|Disable|p2a: AfreakingFox\n|-start|p2a: AfreakingFox|Disable|Electro Drift\n|move|p1b: Raging Bolt|Dragon Pulse|p2a: AfreakingFox\n|-supereffective|p2a: AfreakingFox\n|-damage|p2a: AfreakingFox|0 fnt\n|faint|p2a: AfreakingFox\n|\n|-weather|SunnyDay|[upkeep]\n|-heal|p1a: Scream Tail|23/100|[from] item: Leftovers\n|upkeep\n|\n|t:|1746097742\n|switch|p2a: Urshifu|Urshifu-Rapid-Strike, L50, M|100/100\n|turn|3\n|\n|t:|1746097759\n|-terastallize|p2a: Urshifu|Stellar\n|move|p1b: Raging Bolt|Thunderclap|p2a: Urshifu\n|-supereffective|p2a: Urshifu\n|-enditem|p2a: Urshifu|Focus Sash\n|-damage|p2a: Urshifu|1/100\n|move|p2b: Whimsicott|Moonblast|p1a: Scream Tail\n|-supereffective|p1a: Scream Tail\n|-damage|p1a: Scream Tail|0 fnt\n|faint|p1a: Scream Tail\n|-end|p1a: Scream Tail|Protosynthesis|[silent]\n|move|p2a: Urshifu|Close Combat|p1b: Raging Bolt\n|-damage|p1b: Raging Bolt|30/100\n|-unboost|p2a: Urshifu|def|1\n|-unboost|p2a: Urshifu|spd|1\n|\n|-weather|SunnyDay|[upkeep]\n|upkeep\n|\n|t:|1746097772\n|switch|p1a: Koraidon|Koraidon, L50|100/100\n|-activate|p1a: Koraidon|ability: Orichalcum Pulse\n|turn|4\n|\n|t:|1746097800\n|move|p1b: Raging Bolt|Thunderclap|p2a: Urshifu\n|-supereffective|p2a: Urshifu\n|-damage|p2a: Urshifu|0 fnt\n|faint|p2a: Urshifu\n|move|p2b: Whimsicott|Moonblast|p1b: Raging Bolt\n|-supereffective|p1b: Raging Bolt\n|-damage|p1b: Raging Bolt|11/100\n|-unboost|p1b: Raging Bolt|spa|1\n|move|p1a: Koraidon|U-turn|p2b: Whimsicott\n|-crit|p2b: Whimsicott\n|-damage|p2b: Whimsicott|35/100\n|\n|-weather|SunnyDay|[upkeep]\n|-sideend|p2: waz00|move: Tailwind\n|upkeep\n|\n|t:|1746097809\n|switch|p2a: Iron Hands|Iron Hands, L50|100/100\n|-activate|p2a: Iron Hands|ability: Quark Drive\n|-start|p2a: Iron Hands|quarkdriveatk\n|turn|5\n|l|\u2606abuelocebolleta\n|player|p1|\n|j|\u2606abuelocebolleta\n|player|p1|abuelocebolleta|265|\n|\n|t:|1746097862\n|move|p1b: Raging Bolt|Thunderclap|p2a: Iron Hands\n|-resisted|p2a: Iron Hands\n|-damage|p2a: Iron Hands|88/100\n|move|p1a: Koraidon|U-turn|p2b: Whimsicott\n|-damage|p2b: Whimsicott|0 fnt\n|faint|p2b: Whimsicott\n|move|p2a: Iron Hands|Wild Charge|p1a: Koraidon\n|-resisted|p1a: Koraidon\n|-damage|p1a: Koraidon|62/100\n|-damage|p2a: Iron Hands|80/100|[from] Recoil\n|\n|-weather|none\n|-end|p1b: Raging Bolt|Protosynthesis\n|-sideend|p1: abuelocebolleta|move: Light Screen\n|-fieldend|move: Electric Terrain\n|-end|p2a: Iron Hands|Quark Drive\n|upkeep\n|turn|6\n|\n|t:|1746097883\n|move|p1a: Koraidon|Collision Course|p2a: Iron Hands\n|-damage|p2a: Iron Hands|43/100\n|move|p1b: Raging Bolt|Dragon Pulse|p2a: Iron Hands\n|-damage|p2a: Iron Hands|26/100\n|move|p2a: Iron Hands|Low Kick|p1b: Raging Bolt\n|-damage|p1b: Raging Bolt|0 fnt\n|faint|p1b: Raging Bolt\n|-end|p1b: Raging Bolt|Protosynthesis|[silent]\n|\n|upkeep\n|turn|7\n|\n|t:|1746097893\n|move|p1a: Koraidon|Collision Course|p2a: Iron Hands\n|-damage|p2a: Iron Hands|0 fnt\n|faint|p2a: Iron Hands\n|-end|p2a: Iron Hands|Quark Drive|[silent]\n|\n|win|abuelocebolleta\n||waz00 is ready for game 2.\n||abuelocebolleta is ready for game 2.\n|uhtml|next|Next: <a href=\"/battle-gen9vgc2025regibo3-2354579490\"><strong>Game 2 of 3</strong></a>\n", "uploadtime": 1746097923, "views": 8, "formatid": "gen9vgc2025regibo3", "rating": null, "private": 0, "password": null}