{"id": "gen9vgc2025regibo3-2353710461", "format": "[Gen 9] VGC 2025 Reg I (Bo3)", "players": ["mediocrememez", "Mr Pring1e"], "log": "|j|\u2606mediocrememez\n|j|\u2606Mr Pring1e\n|html|<table width=\"100%\"><tr><td align=\"left\">mediocrememez</td><td align=\"right\">Mr Pring1e</tr><tr><td align=\"left\"><i class=\"fa fa-circle\"></i> <i class=\"fa fa-circle-o\"></i> </td><td align=\"right\"><i class=\"fa fa-circle-o\"></i> <i class=\"fa fa-circle-o\"></i> </tr></table>\n|uhtml|bestof|<h2><strong>Game 2</strong> of <a href=\"/game-bestof3-gen9vgc2025regibo3-2353708591\">a best-of-3</a></h2>\n|t:|1745986919\n|gametype|doubles\n|player|p1|mediocrememez|dawn|1177\n|player|p2|Mr Pring1e|skyla|1192\n|teamsize|p1|6\n|teamsize|p2|6\n|gen|9\n|tier|[Gen 9] VGC 2025 Reg I (Bo3)\n|rated|\n|rule|Species Clause: Limit one of each Pok\u00e9mon\n|rule|Item Clause: Limit 1 of each item\n|clearpoke\n|poke|p1|Calyrex-Ice, L50|\n|poke|p1|Farigiraf, L50, M|\n|poke|p1|Incineroar, L50, F|\n|poke|p1|Miraidon, L50|\n|poke|p1|Ogerpon-Cornerstone, L50, F|\n|poke|p1|Urshifu-*, L50, M|\n|poke|p2|Rillaboom, L50, F|\n|poke|p2|Incineroar, L50, M|\n|poke|p2|Zamazenta-*, L50|\n|poke|p2|Calyrex-Shadow, L50|\n|poke|p2|Tornadus, L50, M|\n|poke|p2|Urshifu-*, L50, M|\n|teampreview|4\n|showteam|p1|Calyrex-Ice||ClearAmulet|AsOneGlastrier|Protect,TrickRoom,GlacialLance,HighHorsepower||||||50|,,,,,Fire]Farigiraf||ThroatSpray|ArmorTail|TrickRoom,Psychic,HyperVoice,HelpingHand|||M|||50|,,,,,Fairy]Incineroar||SafetyGoggles|Intimidate|FakeOut,WillOWisp,KnockOff,PartingShot|||F|||50|,,,,,Ghost]Miraidon||AssaultVest|HadronEngine|VoltSwitch,DracoMeteor,ElectroDrift,DazzlingGleam||||||50|,,,,,Fairy]Ogerpon-Cornerstone||CornerstoneMask|Sturdy|FollowMe,SpikyShield,IvyCudgel,HornLeech|||F|||50|,,,,,Rock]Urshifu-Rapid-Strike||FocusSash|UnseenFist|Detect,SurgingStrikes,CloseCombat,AquaJet|||M|||50|,,,,,Fighting\n|showteam|p2|Rillaboom||AssaultVest|GrassySurge|FakeOut,GrassyGlide,WoodHammer,Uturn|||F|||50|,,,,,Fire]Incineroar||SafetyGoggles|Intimidate|FakeOut,KnockOff,WillOWisp,PartingShot|||M|||50|,,,,,Water]Zamazenta-Crowned||RustedShield|DauntlessShield|BodyPress,HeavySlam,WideGuard,Protect||||||50|,,,,,Dragon]Calyrex-Shadow||LifeOrb|AsOneSpectrier|AstralBarrage,Psychic,NastyPlot,Protect||||||50|,,,,,Dark]Tornadus||RockyHelmet|Prankster|BleakwindStorm,Tailwind,RainDance,Protect|||M|||50|,,,,,Dark]Urshifu-Rapid-Strike||ChoiceScarf|UnseenFist|SurgingStrikes,CloseCombat,AquaJet,Uturn|||M|||50|,,,,,Water\n|inactive|Battle timer is ON: inactive players will automatically lose when time's up. (requested by mediocrememez)\n|\n|t:|1745986927\n|start\n|switch|p1a: Miraidon|Miraidon, L50|100/100\n|switch|p1b: Farigiraf|Farigiraf, L50, M|100/100\n|switch|p2a: Zamazenta|Zamazenta-Crowned, L50|100/100\n|switch|p2b: Rillaboom|Rillaboom, L50, F|100/100\n|-fieldstart|move: Electric Terrain|[from] ability: Hadron Engine|[of] p1a: Miraidon\n|-ability|p2a: Zamazenta|Dauntless Shield|boost\n|-boost|p2a: Zamazenta|def|1\n|-fieldstart|move: Grassy Terrain|[from] ability: Grassy Surge|[of] p2b: Rillaboom\n|turn|1\n|\n|t:|1745986945\n|move|p1a: Miraidon|Volt Switch|p2a: Zamazenta\n|-damage|p2a: Zamazenta|67/100\n|\n|t:|1745986948\n|switch|p1a: Calyrex|Calyrex-Ice, L50|100/100|[from] Volt Switch\n|-ability|p1a: Calyrex|As One\n|-ability|p1a: Calyrex|Unnerve\n|move|p2a: Zamazenta|Body Press|p1a: Calyrex\n|-damage|p1a: Calyrex|58/100\n|move|p2b: Rillaboom|U-turn|p1a: Calyrex\n|-supereffective|p1a: Calyrex\n|-damage|p1a: Calyrex|31/100\n|\n|t:|1745986951\n|switch|p2b: Incineroar|Incineroar, L50, M|100/100|[from] U-turn\n|-ability|p2b: Incineroar|Intimidate|boost\n|-fail|p1a: Calyrex|unboost|[from] item: Clear Amulet|[of] p1a: Calyrex\n|-unboost|p1b: Farigiraf|atk|1\n|move|p1b: Farigiraf|Trick Room|p1b: Farigiraf\n|-fieldstart|move: Trick Room|[of] p1b: Farigiraf\n|\n|-heal|p1a: Calyrex|37/100|[from] Grassy Terrain\n|-heal|p2a: Zamazenta|73/100|[from] Grassy Terrain\n|upkeep\n|turn|2\n|\n|t:|1745986973\n|move|p1a: Calyrex|Protect|p1a: Calyrex\n|-singleturn|p1a: Calyrex|Protect\n|move|p2a: Zamazenta|Protect|p2a: Zamazenta\n|-singleturn|p2a: Zamazenta|Protect\n|move|p1b: Farigiraf|Hyper Voice|p2b: Incineroar|[spread] p2b\n|-activate|p2a: Zamazenta|move: Protect\n|-damage|p2b: Incineroar|74/100\n|-enditem|p1b: Farigiraf|Throat Spray\n|-boost|p1b: Farigiraf|spa|1|[from] item: Throat Spray\n|move|p2b: Incineroar|Knock Off|p1a: Calyrex\n|-activate|p1a: Calyrex|move: Protect\n|\n|-heal|p1a: Calyrex|43/100|[from] Grassy Terrain\n|-heal|p2b: Incineroar|80/100|[from] Grassy Terrain\n|-heal|p2a: Zamazenta|79/100|[from] Grassy Terrain\n|upkeep\n|turn|3\n|inactive|mediocrememez has 30 seconds left.\n|inactive|mediocrememez has 20 seconds left.\n|\n|t:|1745987011\n|-terastallize|p1a: Calyrex|Fire\n|move|p1a: Calyrex|High Horsepower|p2a: Zamazenta\n|-supereffective|p2a: Zamazenta\n|-damage|p2a: Zamazenta|43/100\n|move|p1b: Farigiraf|Psychic|p2a: Zamazenta\n|-damage|p2a: Zamazenta|0 fnt\n|faint|p2a: Zamazenta\n|move|p2b: Incineroar|Knock Off|p1a: Calyrex\n|-damage|p1a: Calyrex|20/100\n|-enditem|p1a: Calyrex|Clear Amulet|[from] move: Knock Off|[of] p2b: Incineroar\n|\n|-heal|p1a: Calyrex|26/100|[from] Grassy Terrain\n|-heal|p2b: Incineroar|86/100|[from] Grassy Terrain\n|upkeep\n|\n|t:|1745987022\n|switch|p2a: Rillaboom|Rillaboom, L50, F|100/100\n|turn|4\n|\n|t:|1745987042\n|switch|p1a: Incineroar|Incineroar, L50, F|100/100\n|-ability|p1a: Incineroar|Intimidate|boost\n|-unboost|p2a: Rillaboom|atk|1\n|-unboost|p2b: Incineroar|atk|1\n|-terastallize|p2a: Rillaboom|Fire\n|move|p1b: Farigiraf|Hyper Voice|p2b: Incineroar|[spread] p2a,p2b\n|-crit|p2a: Rillaboom\n|-damage|p2a: Rillaboom|52/100\n|-damage|p2b: Incineroar|38/100\n|move|p2b: Incineroar|Knock Off|p1a: Incineroar\n|-resisted|p1a: Incineroar\n|-damage|p1a: Incineroar|92/100\n|-enditem|p1a: Incineroar|Safety Goggles|[from] move: Knock Off|[of] p2b: Incineroar\n|move|p2a: Rillaboom|Wood Hammer|p1a: Incineroar\n|-resisted|p1a: Incineroar\n|-damage|p1a: Incineroar|73/100\n|-damage|p2a: Rillaboom|46/100|[from] Recoil\n|\n|-heal|p2b: Incineroar|44/100|[from] Grassy Terrain\n|-heal|p1a: Incineroar|79/100|[from] Grassy Terrain\n|-heal|p2a: Rillaboom|52/100|[from] Grassy Terrain\n|upkeep\n|turn|5\n|-message|Mr Pring1e forfeited.\n|raw|mediocrememez's rating: 1177 &rarr; <strong>1203</strong><br />(+26 for winning)\n|raw|Mr Pring1e's rating: 1192 &rarr; <strong>1166</strong><br />(-26 for losing)\n|\n|win|mediocrememez\n|l|\u2606Mr Pring1e\n|player|p2|\n|l|\u2606mediocrememez\n|player|p1|\n", "uploadtime": 1745987418, "views": 7, "formatid": "gen9vgc2025regibo3", "rating": 1166, "private": 0, "password": null}