{"id": "gen9vgc2025regibo3-2354615113", "format": "[Gen 9] VGC 2025 Reg I (Bo3)", "players": ["FatassPansexual", "arielrai"], "log": "|j|\u2606FatassPansexual\n|j|\u2606arielrai\n|html|<table width=\"100%\"><tr><td align=\"left\">FatassPansexual</td><td align=\"right\">arielrai</tr><tr><td align=\"left\"><i class=\"fa fa-circle\"></i> <i class=\"fa fa-circle-o\"></i> </td><td align=\"right\"><i class=\"fa fa-circle-o\"></i> <i class=\"fa fa-circle-o\"></i> </tr></table>\n|uhtml|bestof|<h2><strong>Game 2</strong> of <a href=\"/game-bestof3-gen9vgc2025regibo3-2354613913\">a best-of-3</a></h2>\n|t:|1746103110\n|gametype|doubles\n|player|p1|FatassPansexual|nurse|1110\n|player|p2|arielrai|101|1228\n|teamsize|p1|6\n|teamsize|p2|6\n|gen|9\n|tier|[Gen 9] VGC 2025 Reg I (Bo3)\n|rated|\n|rule|Species Clause: Limit one of each Pok\u00e9mon\n|rule|Item Clause: Limit 1 of each item\n|clearpoke\n|poke|p1|Calyrex-Shadow, L50|\n|poke|p1|Zamazenta-*, L50|\n|poke|p1|Chi-Yu, L50|\n|poke|p1|Rillaboom, L50, F|\n|poke|p1|Tornadus, L50, M|\n|poke|p1|Clefairy, L50, M|\n|poke|p2|Miraidon, L50|\n|poke|p2|Tornadus, L50, M|\n|poke|p2|Kyogre, L50|\n|poke|p2|Ludicolo, L50, M|\n|poke|p2|Urshifu-*, L50, M|\n|poke|p2|Clefairy, L50, M|\n|teampreview|4\n|showteam|p1|Calyrex-Shadow||LifeOrb|AsOneSpectrier|AstralBarrage,Psychic,NastyPlot,Protect||||||50|,,,,,Dark]Zamazenta-Crowned||RustedShield|DauntlessShield|BodyPress,behemothbash,WideGuard,Protect||||||50|,,,,,Dragon]Chi-Yu||ChoiceScarf|BeadsofRuin|HeatWave,Overheat,Snarl,DarkPulse||||||50|,,,,,Ghost]Rillaboom||AssaultVest|GrassySurge|FakeOut,WoodHammer,GrassyGlide,Uturn|||F|||50|,,,,,Fire]Tornadus||CovertCloak|Prankster|BleakwindStorm,Tailwind,Taunt,SunnyDay|||M|||50|,,,,,Dark]Clefairy||Eviolite|FriendGuard|FollowMe,AfterYou,LifeDew,Protect|||M|||50|,,,,,Grass\n|showteam|p2|Miraidon||LifeOrb|HadronEngine|Protect,ElectroDrift,VoltSwitch,DracoMeteor||||||50|,,,,,Electric]Tornadus||SitrusBerry|Prankster|Tailwind,Taunt,RainDance,BleakwindStorm|||M|||50|,,,,,Dark]Kyogre||Leftovers|Drizzle|OriginPulse,WaterSpout,IceBeam,Protect||||||50|,,,,,Grass]Ludicolo||FocusSash|SwiftSwim|FakeOut,GigaDrain,Encore,HydroPump|||M|||50|,,,,,Water]Urshifu-Rapid-Strike||ChoiceScarf|UnseenFist|SurgingStrikes,AquaJet,CloseCombat,Uturn|||M|||50|,,,,,Water]Clefairy||Eviolite|FriendGuard|FollowMe,HelpingHand,LifeDew,Protect|||M|||50|,,,,,Grass\n|\n|t:|1746103133\n|start\n|switch|p1a: Calyrex|Calyrex-Shadow, L50|100/100\n|switch|p1b: Tornadus|Tornadus, L50, M|100/100\n|switch|p2a: Tornadus|Tornadus, L50, M|100/100\n|switch|p2b: Miraidon|Miraidon, L50|100/100\n|-ability|p1a: Calyrex|As One\n|-ability|p1a: Calyrex|Unnerve\n|-fieldstart|move: Electric Terrain|[from] ability: Hadron Engine|[of] p2b: Miraidon\n|turn|1\n|inactive|Battle timer is ON: inactive players will automatically lose when time's up. (requested by arielrai)\n|\n|t:|1746103154\n|switch|p1a: Rillaboom|Rillaboom, L50, F|100/100\n|-fieldstart|move: Grassy Terrain|[from] ability: Grassy Surge|[of] p1a: Rillaboom\n|-terastallize|p2b: Miraidon|Electric\n|move|p2a: Tornadus|Tailwind|p2a: Tornadus\n|-sidestart|p2: arielrai|move: Tailwind\n|move|p1b: Tornadus|Tailwind|p1b: Tornadus\n|-sidestart|p1: FatassPansexual|move: Tailwind\n|move|p2b: Miraidon|Electro Drift|p1a: Rillaboom\n|-resisted|p1a: Rillaboom\n|-damage|p1a: Rillaboom|71/100\n|-damage|p2b: Miraidon|91/100|[from] item: Life Orb\n|\n|-heal|p2b: Miraidon|97/100|[from] Grassy Terrain\n|-heal|p1a: Rillaboom|77/100|[from] Grassy Terrain\n|upkeep\n|turn|2\n|\n|t:|1746103178\n|switch|p1b: Calyrex|Calyrex-Shadow, L50|100/100\n|-ability|p1b: Calyrex|As One\n|-ability|p1b: Calyrex|Unnerve\n|move|p1a: Rillaboom|Fake Out|p2b: Miraidon\n|-damage|p2b: Miraidon|83/100\n|cant|p2b: Miraidon|flinch\n|move|p2a: Tornadus|Bleakwind Storm|p1a: Rillaboom|[spread] p1b\n|-miss|p2a: Tornadus|p1a: Rillaboom\n|-damage|p1b: Calyrex|62/100\n|\n|-heal|p1b: Calyrex|68/100|[from] Grassy Terrain\n|-heal|p2b: Miraidon|90/100|[from] Grassy Terrain\n|-heal|p1a: Rillaboom|83/100|[from] Grassy Terrain\n|upkeep\n|turn|3\n|inactive|arielrai has 30 seconds left.\n|\n|t:|1746103204\n|move|p2a: Tornadus|Taunt|p1b: Calyrex\n|-start|p1b: Calyrex|move: Taunt\n|move|p1a: Rillaboom|Grassy Glide|p2b: Miraidon\n|-damage|p2b: Miraidon|56/100\n|move|p1b: Calyrex|Astral Barrage|p2b: Miraidon|[spread] p2a,p2b\n|-damage|p2a: Tornadus|31/100\n|-damage|p2b: Miraidon|0 fnt\n|faint|p2b: Miraidon\n|-ability|p1b: Calyrex|Grim Neigh|boost\n|-boost|p1b: Calyrex|spa|1\n|-damage|p1b: Calyrex|58/100|[from] item: Life Orb\n|\n|-heal|p1b: Calyrex|64/100|[from] Grassy Terrain\n|-heal|p1a: Rillaboom|88/100|[from] Grassy Terrain\n|upkeep\n|\n|t:|1746103208\n|switch|p2b: Urshifu|Urshifu-Rapid-Strike, L50, M|100/100\n|turn|4\n|inactive|FatassPansexual has 30 seconds left.\n|\n|t:|1746103238\n|switch|p1b: Zamazenta|Zamazenta-Crowned, L50|100/100\n|-enditem|p2a: Tornadus|Sitrus Berry|[eat]\n|-heal|p2a: Tornadus|55/100|[from] item: Sitrus Berry\n|-ability|p1b: Zamazenta|Dauntless Shield|boost\n|-boost|p1b: Zamazenta|def|1\n|move|p2b: Urshifu|U-turn|p1a: Rillaboom\n|-supereffective|p1a: Rillaboom\n|-damage|p1a: Rillaboom|40/100\n|\n|t:|1746103246\n|switch|p2b: Kyogre|Kyogre, L50|100/100|[from] U-turn\n|-weather|RainDance|[from] ability: Drizzle|[of] p2b: Kyogre\n|move|p2a: Tornadus|Bleakwind Storm|p1a: Rillaboom|[spread] p1a,p1b\n|-supereffective|p1a: Rillaboom\n|-damage|p1a: Rillaboom|0 fnt\n|-damage|p1b: Zamazenta|70/100\n|faint|p1a: Rillaboom\n|\n|-weather|RainDance|[upkeep]\n|-heal|p1b: Zamazenta|76/100|[from] Grassy Terrain\n|-sideend|p1: FatassPansexual|move: Tailwind\n|-sideend|p2: arielrai|move: Tailwind\n|upkeep\n|\n|t:|1746103259\n|switch|p1a: Tornadus|Tornadus, L50, M|100/100\n|turn|5\n|\n|t:|1746103277\n|move|p1b: Zamazenta|Wide Guard|p1b: Zamazenta\n|-singleturn|p1b: Zamazenta|Wide Guard\n|move|p2a: Tornadus|Taunt|p1a: Tornadus\n|-start|p1a: Tornadus|move: Taunt\n|cant|p1a: Tornadus|move: Taunt|Tailwind\n|move|p2b: Kyogre|Ice Beam|p1a: Tornadus\n|-supereffective|p1a: Tornadus\n|-damage|p1a: Tornadus|37/100\n|\n|-weather|RainDance|[upkeep]\n|-heal|p1b: Zamazenta|82/100|[from] Grassy Terrain\n|-fieldend|move: Grassy Terrain\n|upkeep\n|turn|6\n|\n|t:|1746103292\n|move|p2a: Tornadus|Tailwind|p2a: Tornadus\n|-sidestart|p2: arielrai|move: Tailwind\n|move|p2b: Kyogre|Water Spout|p1a: Tornadus|[spread] p1a,p1b\n|-damage|p1a: Tornadus|0 fnt\n|-damage|p1b: Zamazenta|0 fnt\n|faint|p1a: Tornadus\n|faint|p1b: Zamazenta\n|\n|-weather|RainDance|[upkeep]\n|upkeep\n|\n|t:|1746103298\n|switch|p1b: Calyrex|Calyrex-Shadow, L50|64/100\n|-ability|p1b: Calyrex|As One\n|-ability|p1b: Calyrex|Unnerve\n|turn|7\n|\n|t:|1746103305\n|move|p2a: Tornadus|Bleakwind Storm|p1b: Calyrex\n|-damage|p1b: Calyrex|16/100\n|-unboost|p1b: Calyrex|spe|1\n|move|p2b: Kyogre|Water Spout|p1b: Calyrex\n|-damage|p1b: Calyrex|0 fnt\n|faint|p1b: Calyrex\n|\n|win|arielrai\n||arielrai is ready for game 3.\n||FatassPansexual is ready for game 3.\n|uhtml|next|Next: <a href=\"/battle-gen9vgc2025regibo3-2354616710\"><strong>Game 3 of 3</strong></a>\n|l|\u2606arielrai\n|player|p2|\n|l|\u2606FatassPansexual\n|player|p1|\n", "uploadtime": 1746103700, "views": 9, "formatid": "gen9vgc2025regibo3", "rating": null, "private": 0, "password": null}