{"id": "gen9vgc2025regibo3-2353545096", "format": "[Gen 9] VGC 2025 Reg I (Bo3)", "players": ["wizzpoower", "HardTRIsWashed"], "log": "|j|\u2606wizzpoower\n|j|\u2606HardTRIsWashed\n|html|<table width=\"100%\"><tr><td align=\"left\">wizzpoower</td><td align=\"right\">HardTRIsWashed</tr><tr><td align=\"left\"><i class=\"fa fa-circle-o\"></i> <i class=\"fa fa-circle-o\"></i> </td><td align=\"right\"><i class=\"fa fa-circle-o\"></i> <i class=\"fa fa-circle\"></i> </tr></table>\n|uhtml|bestof|<h2><strong>Game 2</strong> of <a href=\"/game-bestof3-gen9vgc2025regibo3-2353540420\">a best-of-3</a></h2>\n|t:|1745966648\n|gametype|doubles\n|player|p1|wizzpoower|cheren-masters|1155\n|player|p2|HardTRIsWashed|preschooler|1211\n|teamsize|p1|6\n|teamsize|p2|6\n|gen|9\n|tier|[Gen 9] VGC 2025 Reg I (Bo3)\n|rated|\n|rule|Species Clause: Limit one of each Pok\u00e9mon\n|rule|Item Clause: Limit 1 of each item\n|clearpoke\n|poke|p1|Miraidon, L50|\n|poke|p1|Urshifu-*, L50, F|\n|poke|p1|Iron Hands, L50|\n|poke|p1|Iron Treads, L50|\n|poke|p1|Farigiraf, L50, M|\n|poke|p1|Ho-Oh, L50|\n|poke|p2|Calyrex-Shadow, L50|\n|poke|p2|Terapagos, L50, M|\n|poke|p2|Incineroar, L50, F|\n|poke|p2|Rillaboom, L50, F|\n|poke|p2|Amoonguss, L50, F|\n|poke|p2|Urshifu-*, L50, F|\n|teampreview|4\n|showteam|p1|Miraidon||ChoiceSpecs|HadronEngine|ElectroDrift,VoltSwitch,DracoMeteor,DazzlingGleam||||||50|,,,,,Fairy]Urshifu||FocusSash|UnseenFist|WickedBlow,SuckerPunch,CloseCombat,Detect|||F|||50|,,,,,Dark]Iron Hands||AssaultVest|QuarkDrive|DrainPunch,LowKick,HeavySlam,FakeOut||||||50|,,,,,Poison]Iron Treads||ChoiceBand|QuarkDrive|HighHorsepower,IronHead,SteelRoller,RockSlide||||||50|,,,,,Ghost]Farigiraf||ElectricSeed|ArmorTail|Psychic,Roar,TrickRoom,HelpingHand|||M|||50|,,,,,Water]Ho-Oh||ClearAmulet|Regenerator|BraveBird,SacredFire,Protect,Tailwind||||||50|,,,,,Grass\n|showteam|p2|Calyrex-Shadow||FocusSash|AsOneSpectrier|AstralBarrage,WillOWisp,Disable,Protect||||||50|,,,,,Ghost]Terapagos||Leftovers|TeraShift|TeraStarstorm,EarthPower,CalmMind,Protect|||M|||50|,,,,,Stellar]Incineroar||SafetyGoggles|Intimidate|WillOWisp,KnockOff,FakeOut,PartingShot|||F|||50|,,,,,Bug]Rillaboom||AssaultVest|GrassySurge|FakeOut,WoodHammer,Uturn,GrassyGlide|||F|||50|,,,,,Grass]Amoonguss||RockyHelmet|Regenerator|Protect,Spore,RagePowder,SludgeBomb|||F|||50|,,,,,Water]Urshifu-Rapid-Strike||ChoiceScarf|UnseenFist|RockTomb,SurgingStrikes,Uturn,CloseCombat|||F|||50|,,,,,Water\n|inactive|Battle timer is ON: inactive players will automatically lose when time's up. (requested by HardTRIsWashed)\n|\n|t:|1745966688\n|start\n|switch|p1a: goodbyefreak|Ho-Oh, L50|100/100\n|switch|p1b: mythicdreamr|Farigiraf, L50, M, shiny|100/100\n|switch|p2a: Terapagos|Terapagos, L50, M|100/100\n|switch|p2b: Incineroar|Incineroar, L50, F|100/100\n|-activate|p2a: Terapagos|ability: Tera Shift\n|detailschange|p2a: Terapagos|Terapagos-Terastal, L50, M\n|-heal|p2a: Terapagos|100/100|[silent]\n|-ability|p2b: Incineroar|Intimidate|boost\n|-fail|p1a: goodbyefreak|unboost|[from] item: Clear Amulet|[of] p1a: goodbyefreak\n|-unboost|p1b: mythicdreamr|atk|1\n|turn|1\n|inactive|HardTRIsWashed has 30 seconds left.\n|\n|t:|1745966723\n|move|p1a: goodbyefreak|Brave Bird|p2b: Incineroar\n|-damage|p2b: Incineroar|50/100\n|-damage|p1a: goodbyefreak|84/100|[from] Recoil\n|move|p2a: Terapagos|Tera Starstorm|p1b: mythicdreamr\n|-damage|p1b: mythicdreamr|52/100\n|move|p2b: Incineroar|Knock Off|p1b: mythicdreamr\n|-supereffective|p1b: mythicdreamr\n|-damage|p1b: mythicdreamr|0 fnt\n|-enditem|p1b: mythicdreamr|Electric Seed|[from] move: Knock Off|[of] p2b: Incineroar\n|faint|p1b: mythicdreamr\n|\n|upkeep\n|inactive|wizzpoower has 30 seconds left.\n|\n|t:|1745966757\n|switch|p1b: megabeast:3|Miraidon, L50|100/100\n|-fieldstart|move: Electric Terrain|[from] ability: Hadron Engine|[of] p1b: megabeast:3\n|turn|2\n|inactive|HardTRIsWashed has 30 seconds left.\n|\n|t:|1745966787\n|move|p2a: Terapagos|Protect|p2a: Terapagos\n|-singleturn|p2a: Terapagos|Protect\n|move|p1b: megabeast:3|Volt Switch|p2b: Incineroar\n|-damage|p2b: Incineroar|0 fnt\n|faint|p2b: Incineroar\n|\n|t:|1745966805\n|switch|p1b: radicalqueen|Urshifu, L50, F|100/100|[from] Volt Switch\n|move|p1a: goodbyefreak|Sacred Fire|p2a: Terapagos\n|-activate|p2a: Terapagos|move: Protect\n|\n|upkeep\n|\n|t:|1745966815\n|switch|p2b: Rillaboom|Rillaboom, L50, F|100/100\n|-fieldstart|move: Grassy Terrain|[from] ability: Grassy Surge|[of] p2b: Rillaboom\n|turn|3\n|inactive|HardTRIsWashed has 30 seconds left.\n|\n|t:|1745966843\n|move|p2b: Rillaboom|Fake Out|p1a: goodbyefreak\n|-damage|p1a: goodbyefreak|75/100\n|move|p1b: radicalqueen|Wicked Blow|p2a: Terapagos\n|-activate|p2a: Terapagos|ability: Tera Shell\n|-resisted|p2a: Terapagos\n|-crit|p2a: Terapagos\n|-damage|p2a: Terapagos|79/100\n|cant|p1a: goodbyefreak|flinch\n|move|p2a: Terapagos|Calm Mind|p2a: Terapagos\n|-boost|p2a: Terapagos|spa|1\n|-boost|p2a: Terapagos|spd|1\n|\n|-heal|p2a: Terapagos|85/100|[from] Grassy Terrain\n|-heal|p2a: Terapagos|91/100|[from] item: Leftovers\n|upkeep\n|turn|4\n|inactive|HardTRIsWashed has 30 seconds left.\n|inactive|HardTRIsWashed has 20 seconds left.\n|\n|t:|1745966882\n|move|p2b: Rillaboom|Grassy Glide|p1b: radicalqueen\n|-crit|p1b: radicalqueen\n|-damage|p1b: radicalqueen|56/100\n|move|p1b: radicalqueen|Close Combat|p2a: Terapagos\n|-supereffective|p2a: Terapagos\n|-crit|p2a: Terapagos\n|-damage|p2a: Terapagos|0 fnt\n|-unboost|p1b: radicalqueen|def|1\n|-unboost|p1b: radicalqueen|spd|1\n|faint|p2a: Terapagos\n|move|p1a: goodbyefreak|Sacred Fire|p2b: Rillaboom\n|-supereffective|p2b: Rillaboom\n|-damage|p2b: Rillaboom|27/100\n|-status|p2b: Rillaboom|brn\n|\n|-heal|p1b: radicalqueen|62/100|[from] Grassy Terrain\n|-heal|p2b: Rillaboom|33/100 brn|[from] Grassy Terrain\n|-damage|p2b: Rillaboom|27/100 brn|[from] brn\n|upkeep\n|\n|t:|1745966893\n|switch|p2a: Calyrex|Calyrex-Shadow, L50|100/100\n|-ability|p2a: Calyrex|As One\n|-ability|p2a: Calyrex|Unnerve\n|turn|5\n|inactive|HardTRIsWashed has 30 seconds left.\n|inactive|HardTRIsWashed has 20 seconds left.\n|inactive|HardTRIsWashed has 15 seconds left.\n|inactive|HardTRIsWashed has 10 seconds left.\n|inactive|HardTRIsWashed has 5 seconds left.\n|\n|t:|1745966946\n|-terastallize|p2a: Calyrex|Ghost\n|move|p1b: radicalqueen|Sucker Punch|p2b: Rillaboom\n|-damage|p2b: Rillaboom|0 fnt\n|faint|p2b: Rillaboom\n|move|p2a: Calyrex|Astral Barrage|p1b: radicalqueen|[spread] p1a,p1b\n|-resisted|p1b: radicalqueen\n|-damage|p1a: goodbyefreak|35/100\n|-damage|p1b: radicalqueen|0 fnt\n|faint|p1b: radicalqueen\n|-ability|p2a: Calyrex|Grim Neigh|boost\n|-boost|p2a: Calyrex|spa|1\n|move|p1a: goodbyefreak|Tailwind|p1a: goodbyefreak\n|-sidestart|p1: wizzpoower|move: Tailwind\n|\n|upkeep\n|\n|t:|1745966970\n|switch|p1b: megabeast:3|Miraidon, L50|100/100\n|-fieldstart|move: Electric Terrain|[from] ability: Hadron Engine|[of] p1b: megabeast:3\n|turn|6\n|\n|t:|1745966975\n|move|p2a: Calyrex|Protect|p2a: Calyrex\n|-singleturn|p2a: Calyrex|Protect\n|move|p1b: megabeast:3|Electro Drift|p2a: Calyrex\n|-activate|p2a: Calyrex|move: Protect\n|move|p1a: goodbyefreak|Brave Bird|p2a: Calyrex\n|-activate|p2a: Calyrex|move: Protect\n|\n|upkeep\n|turn|7\n|\n|t:|1745966986\n|move|p2a: Calyrex|Protect|p2a: Calyrex\n|-singleturn|p2a: Calyrex|Protect\n|move|p1b: megabeast:3|Electro Drift|p2a: Calyrex\n|-activate|p2a: Calyrex|move: Protect\n|move|p1a: goodbyefreak|Brave Bird|p2a: Calyrex\n|-activate|p2a: Calyrex|move: Protect\n|\n|upkeep\n|turn|8\n|\n|t:|1745966992\n|move|p2a: Calyrex|Protect||[still]\n|-fail|p2a: Calyrex\n|move|p1b: megabeast:3|Electro Drift|p2a: Calyrex\n|-enditem|p2a: Calyrex|Focus Sash\n|-damage|p2a: Calyrex|1/100\n|move|p1a: goodbyefreak|Brave Bird|p2a: Calyrex\n|-damage|p2a: Calyrex|0 fnt\n|faint|p2a: Calyrex\n|-damage|p1a: goodbyefreak|35/100|[from] Recoil\n|\n|win|wizzpoower\n||HardTRIsWashed is ready for game 3.\n||wizzpoower is ready for game 3.\n|uhtml|next|Next: <a href=\"/battle-gen9vgc2025regibo3-2353548174\"><strong>Game 3 of 3</strong></a>\n", "uploadtime": 1745967439, "views": 7, "formatid": "gen9vgc2025regibo3", "rating": null, "private": 0, "password": null}