{"id": "gen9vgc2025regibo3-2353670554", "format": "[Gen 9] VGC 2025 Reg I (Bo3)", "players": ["escapadian", "beonum2"], "log": "|j|\u2606escapadian\n|j|\u2606beonum2\n|html|<table width=\"100%\"><tr><td align=\"left\">escapadian</td><td align=\"right\">beonum2</tr><tr><td align=\"left\"><i class=\"fa fa-circle\"></i> <i class=\"fa fa-circle-o\"></i> </td><td align=\"right\"><i class=\"fa fa-circle-o\"></i> <i class=\"fa fa-circle-o\"></i> </tr></table>\n|uhtml|bestof|<h2><strong>Game 2</strong> of <a href=\"/game-bestof3-gen9vgc2025regibo3-2353668615\">a best-of-3</a></h2>\n|t:|1745981509\n|gametype|doubles\n|player|p1|escapadian|rocketgruntf|1208\n|player|p2|beonum2|2|1170\n|teamsize|p1|6\n|teamsize|p2|6\n|gen|9\n|tier|[Gen 9] VGC 2025 Reg I (Bo3)\n|rated|\n|rule|Species Clause: Limit one of each Pok\u00e9mon\n|rule|Item Clause: Limit 1 of each item\n|clearpoke\n|poke|p1|Miraidon, L50|\n|poke|p1|Farigiraf, L50, F|\n|poke|p1|Iron Hands, L50|\n|poke|p1|Grimmsnarl, L50, M|\n|poke|p1|Urshifu-*, L50, M|\n|poke|p1|Groudon, L50|\n|poke|p2|Groudon, L50|\n|poke|p2|Miraidon, L50|\n|poke|p2|Chi-Yu, L50|\n|poke|p2|Whimsicott, L50, F|\n|poke|p2|Gothitelle, L50, M|\n|poke|p2|Flutter Mane, L50|\n|teampreview|4\n|showteam|p1|Miraidon||ChoiceSpecs|HadronEngine|ElectroDrift,DazzlingGleam,DracoMeteor,VoltSwitch||||||50|,,,,,Fairy]Farigiraf||ElectricSeed|ArmorTail|Psychic,Roar,HelpingHand,TrickRoom|||F|||50|,,,,,Water]Iron Hands||AssaultVest|QuarkDrive|DrainPunch,LowKick,HeavySlam,FakeOut||||||50|,,,,,Bug]Grimmsnarl||LightClay|Prankster|FoulPlay,Reflect,LightScreen,ThunderWave|||M|||50|,,,,,Ghost]Urshifu||FocusSash|UnseenFist|WickedBlow,CloseCombat,SuckerPunch,Protect|||M|||50|,,,,,Dark]Groudon||Leftovers|Drought|PrecipiceBlades,HeatCrash,HelpingHand,Protect||||||50|,,,,,Fire\n|showteam|p2|Groudon||ClearAmulet|Drought|PrecipiceBlades,HeatCrash,Protect,HighHorsepower||||||50|,,,,,Fairy]Miraidon||ChoiceSpecs|HadronEngine|DazzlingGleam,ElectroDrift,VoltSwitch,DracoMeteor||||||50|,,,,,Fairy]Chi-Yu||ChoiceScarf|BeadsofRuin|HeatWave,DarkPulse,Overheat,Snarl||||||50|,,,,,Ghost]Whimsicott||CovertCloak|Prankster|Moonblast,Encore,Taunt,Tailwind|||F|||50|,,,,,Dark]Gothitelle||ElectricSeed|ShadowTag|FakeOut,TrickRoom,Protect,FoulPlay|||M|||50|,,,,,Dark]Flutter Mane||FocusSash|Protosynthesis|IcyWind,Moonblast,Protect,PerishSong||||||50|,,,,,Fire\n|\n|t:|1745981545\n|start\n|switch|p1a: Grimmsnarl|Grimmsnarl, L50, M|100/100\n|switch|p1b: Miraidon|Miraidon, L50|100/100\n|switch|p2a: Gothitelle|Gothitelle, L50, M|100/100\n|switch|p2b: Flutter Mane|Flutter Mane, L50|100/100\n|-fieldstart|move: Electric Terrain|[from] ability: Hadron Engine|[of] p1b: Miraidon\n|-enditem|p2a: Gothitelle|Electric Seed\n|-boost|p2a: Gothitelle|def|1|[from] item: Electric Seed\n|turn|1\n|\n|t:|1745981567\n|move|p2a: Gothitelle|Fake Out|p1a: Grimmsnarl\n|-damage|p1a: Grimmsnarl|95/100\n|cant|p1a: Grimmsnarl|flinch\n|move|p1b: Miraidon|Volt Switch|p2b: Flutter Mane\n|-enditem|p2b: Flutter Mane|Focus Sash\n|-damage|p2b: Flutter Mane|1/100\n|\n|t:|1745981575\n|switch|p1b: Iron Hands|Iron Hands, L50|100/100|[from] Volt Switch\n|-activate|p1b: Iron Hands|ability: Quark Drive\n|-start|p1b: Iron Hands|quarkdriveatk\n|move|p2b: Flutter Mane|Moonblast|p1b: Iron Hands\n|-supereffective|p1b: Iron Hands\n|-damage|p1b: Iron Hands|50/100\n|\n|upkeep\n|turn|2\n|c|\u2606beonum2|ur bold\n|c|\u2606escapadian|quite\n|\n|t:|1745981629\n|switch|p2a: Groudon|Groudon, L50|100/100\n|-weather|SunnyDay|[from] ability: Drought|[of] p2a: Groudon\n|-activate|p2b: Flutter Mane|ability: Protosynthesis\n|-start|p2b: Flutter Mane|protosynthesisspe\n|move|p1a: Grimmsnarl|Thunder Wave|p2a: Groudon\n|-immune|p2a: Groudon\n|move|p2b: Flutter Mane|Moonblast|p1a: Grimmsnarl\n|-supereffective|p1a: Grimmsnarl\n|-damage|p1a: Grimmsnarl|0 fnt\n|faint|p1a: Grimmsnarl\n|move|p1b: Iron Hands|Heavy Slam|p2a: Groudon\n|-damage|p2a: Groudon|86/100\n|\n|-weather|SunnyDay|[upkeep]\n|upkeep\n|\n|t:|1745981643\n|switch|p1a: Groudon|Groudon, L50, shiny|100/100\n|turn|3\n|\n|t:|1745981659\n|move|p2b: Flutter Mane|Moonblast|p1a: Groudon\n|-damage|p1a: Groudon|57/100\n|move|p2a: Groudon|Precipice Blades|p1b: Iron Hands|[spread] p1a\n|-miss|p2a: Groudon|p1b: Iron Hands\n|-damage|p1a: Groudon|24/100\n|move|p1a: Groudon|Precipice Blades|p2b: Flutter Mane|[spread] p2a,p2b\n|-crit|p2a: Groudon\n|-damage|p2a: Groudon|30/100\n|-damage|p2b: Flutter Mane|0 fnt\n|faint|p2b: Flutter Mane\n|-end|p2b: Flutter Mane|Protosynthesis|[silent]\n|move|p1b: Iron Hands|Low Kick|p2a: Groudon\n|-damage|p2a: Groudon|0 fnt\n|faint|p2a: Groudon\n|\n|-weather|SunnyDay|[upkeep]\n|-heal|p1a: Groudon|29/100|[from] item: Leftovers\n|upkeep\n|\n|t:|1745981666\n|switch|p2b: Gothitelle|Gothitelle, L50, M|100/100\n|switch|p2a: Miraidon|Miraidon, L50|100/100\n|-activate|p2a: Miraidon|ability: Hadron Engine\n|turn|4\n|\n|t:|1745981702\n|-terastallize|p1b: Iron Hands|Bug\n|move|p1a: Groudon|Protect|p1a: Groudon\n|-singleturn|p1a: Groudon|Protect\n|move|p2b: Gothitelle|Fake Out|p1b: Iron Hands\n|-damage|p1b: Iron Hands|46/100\n|move|p2a: Miraidon|Dazzling Gleam|p1b: Iron Hands|[spread] p1b\n|-activate|p1a: Groudon|move: Protect\n|-damage|p1b: Iron Hands|24/100\n|cant|p1b: Iron Hands|flinch\n|\n|-weather|SunnyDay|[upkeep]\n|-heal|p1a: Groudon|35/100|[from] item: Leftovers\n|upkeep\n|turn|5\n|\n|t:|1745981718\n|move|p2a: Miraidon|Dazzling Gleam|p1a: Groudon|[spread] p1a,p1b\n|-damage|p1a: Groudon|1/100\n|-damage|p1b: Iron Hands|1/100\n|move|p1a: Groudon|Precipice Blades|p2b: Gothitelle|[spread] p2a\n|-miss|p1a: Groudon|p2b: Gothitelle\n|-supereffective|p2a: Miraidon\n|-damage|p2a: Miraidon|0 fnt\n|faint|p2a: Miraidon\n|move|p2b: Gothitelle|Foul Play|p1b: Iron Hands\n|-damage|p1b: Iron Hands|0 fnt\n|faint|p1b: Iron Hands\n|-end|p1b: Iron Hands|Quark Drive|[silent]\n|\n|-weather|SunnyDay|[upkeep]\n|-heal|p1a: Groudon|7/100|[from] item: Leftovers\n|-fieldend|move: Electric Terrain\n|upkeep\n|c|\u2606beonum2|bruh\n|\n|t:|1745981731\n|switch|p1b: Miraidon|Miraidon, L50|100/100\n|-fieldstart|move: Electric Terrain|[from] ability: Hadron Engine|[of] p1b: Miraidon\n|turn|6\n|\n|t:|1745981736\n|move|p1b: Miraidon|Electro Drift|p2b: Gothitelle\n|-damage|p2b: Gothitelle|10/100\n|move|p1a: Groudon|Heat Crash|p2b: Gothitelle\n|-damage|p2b: Gothitelle|0 fnt\n|faint|p2b: Gothitelle\n|\n|win|escapadian\n|raw|escapadian's rating: 1208 &rarr; <strong>1230</strong><br />(+22 for winning)\n|raw|beonum2's rating: 1170 &rarr; <strong>1148</strong><br />(-22 for losing)\n|l|\u2606beonum2\n|player|p2|\n", "uploadtime": 1745981770, "views": 27, "formatid": "gen9vgc2025regibo3", "rating": 1148, "private": 0, "password": null}