{"id": "gen9vgc2025regibo3-2354857169", "format": "[Gen 9] VGC 2025 Reg I (Bo3)", "players": ["MarceloCe13", "Ziik"], "log": "|j|\u2606MarceloCe13\n|j|\u2606Ziik\n|html|<table width=\"100%\"><tr><td align=\"left\">MarceloCe13</td><td align=\"right\">Ziik</tr><tr><td align=\"left\"><i class=\"fa fa-circle-o\"></i> <i class=\"fa fa-circle-o\"></i> </td><td align=\"right\"><i class=\"fa fa-circle-o\"></i> <i class=\"fa fa-circle-o\"></i> </tr></table>\n|uhtml|bestof|<h2><strong>Game 1</strong> of <a href=\"/game-bestof3-gen9vgc2025regibo3-2354857168\">a best-of-3</a></h2>\n|t:|1746125807\n|gametype|doubles\n|player|p1|MarceloCe13|170|1153\n|player|p2|Ziik|psychic|1146\n|teamsize|p1|6\n|teamsize|p2|6\n|gen|9\n|tier|[Gen 9] VGC 2025 Reg I (Bo3)\n|rated|\n|rule|Species Clause: Limit one of each Pok\u00e9mon\n|rule|Item Clause: Limit 1 of each item\n|clearpoke\n|poke|p1|Miraidon, L50|\n|poke|p1|Calyrex-Ice, L50|\n|poke|p1|Iron Hands, L50|\n|poke|p1|Urshifu-*, L50, F|\n|poke|p1|Ogerpon-Cornerstone, L50, F|\n|poke|p1|Incineroar, L50, F|\n|poke|p2|Chien-Pao, L50|\n|poke|p2|Flutter Mane, L50|\n|poke|p2|Gouging Fire, L50|\n|poke|p2|Koraidon, L50|\n|poke|p2|Lunala, L50|\n|poke|p2|Whimsicott, L50, F|\n|teampreview|4\n|showteam|p1|Miraidon||ChoiceSpecs|HadronEngine|ElectroDrift,DracoMeteor,VoltSwitch,DazzlingGleam||||||50|,,,,,Fairy]Calyrex-Ice||ClearAmulet|AsOneGlastrier|GlacialLance,HighHorsepower,TrickRoom,Protect||||||50|,,,,,Water]Iron Hands||AssaultVest|QuarkDrive|DrainPunch,LowKick,WildCharge,FakeOut||||||50|,,,,,Bug]Urshifu-Rapid-Strike||ChoiceScarf|UnseenFist|SurgingStrikes,CloseCombat,Coaching,Uturn|||F|||50|,,,,,Water]Ogerpon-Cornerstone||CornerstoneMask|Sturdy|IvyCudgel,Encore,FollowMe,SpikyShield|||F|||50|,,,,,Rock]Incineroar||RockyHelmet|Intimidate|KnockOff,FakeOut,WillOWisp,PartingShot|||F|||50|,,,,,Bug\n|showteam|p2|Chien-Pao||FocusSash|SwordofRuin|Protect,SuckerPunch,SacredSword,IceSpinner||||||50|,,,,,Ghost]Flutter Mane||BoosterEnergy|Protosynthesis|Protect,IcyWind,Moonblast,Taunt||||||50|,,,,,Normal]Gouging Fire||ClearAmulet|Protosynthesis|BurningBulwark,Howl,Crunch,FlareBlitz||||||50|,,,,,Fairy]Koraidon||LifeOrb|OrichalcumPulse|Protect,BreakingSwipe,FlareBlitz,CloseCombat||||||50|,,,,,Fire]Lunala||PowerHerb|ShadowShield|MeteorBeam,MoongeistBeam,ExpandingForce,WideGuard||||||50|,,,,,Fairy]Whimsicott||CovertCloak|Prankster|Tailwind,LightScreen,Encore,Moonblast|||F|||50|,,,,,Dark\n|inactive|Battle timer is ON: inactive players will automatically lose when time's up. (requested by Ziik)\n|\n|t:|1746125843\n|start\n|switch|p1a: Calyrex|Calyrex-Ice, L50|100/100\n|switch|p1b: Incineroar|Incineroar, L50, F|100/100\n|switch|p2a: Flutter Mane|Flutter Mane, L50|100/100\n|switch|p2b: Lunala|Lunala, L50|100/100\n|-ability|p1a: Calyrex|As One\n|-ability|p1a: Calyrex|Unnerve\n|-ability|p1b: Incineroar|Intimidate|boost\n|-unboost|p2a: Flutter Mane|atk|1\n|-unboost|p2b: Lunala|atk|1\n|-enditem|p2a: Flutter Mane|Booster Energy\n|-activate|p2a: Flutter Mane|ability: Protosynthesis|[fromitem]\n|-start|p2a: Flutter Mane|protosynthesisspe\n|turn|1\n|inactive|MarceloCe13 has 30 seconds left.\n|inactive|MarceloCe13 has 20 seconds left.\n|inactive|MarceloCe13 has 15 seconds left.\n|inactive|MarceloCe13 has 10 seconds left.\n|inactive|MarceloCe13 has 5 seconds left.\n|\n|t:|1746125896\n|-terastallize|p1a: Calyrex|Water\n|move|p2a: Flutter Mane|Taunt|p1a: Calyrex\n|-start|p1a: Calyrex|move: Taunt\n|move|p2b: Lunala|Meteor Beam||[still]\n|-prepare|p2b: Lunala|Meteor Beam\n|-boost|p2b: Lunala|spa|1\n|-enditem|p2b: Lunala|Power Herb\n|-anim|p2b: Lunala|Meteor Beam|p1b: Incineroar\n|-supereffective|p1b: Incineroar\n|-damage|p1b: Incineroar|0 fnt\n|faint|p1b: Incineroar\n|move|p1a: Calyrex|Glacial Lance|p2b: Lunala|[spread] p2a,p2b\n|-crit|p2a: Flutter Mane\n|-damage|p2a: Flutter Mane|0 fnt\n|-damage|p2b: Lunala|80/100\n|faint|p2a: Flutter Mane\n|-end|p2a: Flutter Mane|Protosynthesis|[silent]\n|-ability|p1a: Calyrex|Chilling Neigh|boost\n|-boost|p1a: Calyrex|atk|1\n|\n|upkeep\n|inactive|MarceloCe13 has 30 seconds left.\n|\n|t:|1746125924\n|switch|p2a: Koraidon|Koraidon, L50|100/100\n|switch|p1b: Miraidon|Miraidon, L50|100/100\n|-weather|SunnyDay|[from] ability: Orichalcum Pulse|[of] p2a: Koraidon\n|-activate|p2a: Koraidon|Orichalcum Pulse|[source]\n|-fieldstart|move: Electric Terrain|[from] ability: Hadron Engine|[of] p1b: Miraidon\n|turn|2\n|inactive|MarceloCe13 has 30 seconds left.\n|inactive|Ziik has 30 seconds left.\n|inactive|MarceloCe13 has 20 seconds left.\n|inactive|MarceloCe13 has 15 seconds left.\n|inactive|MarceloCe13 has 10 seconds left.\n|inactive|MarceloCe13 has 5 seconds left.\n|\n|t:|1746125975\n|switch|p1b: Iron Hands|Iron Hands, L50|100/100\n|-activate|p1b: Iron Hands|ability: Quark Drive\n|-start|p1b: Iron Hands|quarkdriveatk\n|-terastallize|p2a: Koraidon|Fire\n|move|p2a: Koraidon|Breaking Swipe|p1a: Calyrex|[spread] p1a,p1b\n|-damage|p1a: Calyrex|72/100\n|-damage|p1b: Iron Hands|70/100\n|-unboost|p1b: Iron Hands|atk|1\n|-damage|p2a: Koraidon|91/100|[from] item: Life Orb\n|move|p2b: Lunala|Moongeist Beam|p1b: Iron Hands\n|-damage|p1b: Iron Hands|25/100\n|move|p1a: Calyrex|High Horsepower|p2b: Lunala\n|-damage|p2b: Lunala|37/100\n|\n|-weather|SunnyDay|[upkeep]\n|upkeep\n|turn|3\n|inactive|MarceloCe13 has 30 seconds left.\n|inactive|Ziik has 30 seconds left.\n|inactive|MarceloCe13 has 20 seconds left.\n|\n|t:|1746126014\n|move|p2a: Koraidon|Protect|p2a: Koraidon\n|-singleturn|p2a: Koraidon|Protect\n|move|p1b: Iron Hands|Fake Out|p2a: Koraidon\n|-activate|p2a: Koraidon|move: Protect\n|move|p2b: Lunala|Moongeist Beam|p1a: Calyrex\n|-damage|p1a: Calyrex|24/100\n|move|p1a: Calyrex|High Horsepower|p2b: Lunala\n|-damage|p2b: Lunala|0 fnt\n|faint|p2b: Lunala\n|-ability|p1a: Calyrex|Chilling Neigh|boost\n|-boost|p1a: Calyrex|atk|1\n|\n|-weather|SunnyDay|[upkeep]\n|-end|p1a: Calyrex|move: Taunt\n|upkeep\n|\n|t:|1746126028\n|switch|p2b: Gouging Fire|Gouging Fire, L50|100/100\n|-activate|p2b: Gouging Fire|ability: Protosynthesis\n|-start|p2b: Gouging Fire|protosynthesisspe\n|turn|4\n|inactive|MarceloCe13 has 30 seconds left.\n|\n|t:|1746126063\n|-end|p1b: Iron Hands|Quark Drive|[silent]\n|switch|p1b: Miraidon|Miraidon, L50|100/100\n|-activate|p1b: Miraidon|ability: Hadron Engine\n|move|p1a: Calyrex|Protect|p1a: Calyrex\n|-singleturn|p1a: Calyrex|Protect\n|move|p2b: Gouging Fire|Crunch|p1a: Calyrex\n|-activate|p1a: Calyrex|move: Protect\n|move|p2a: Koraidon|Breaking Swipe|p1b: Miraidon|[spread] p1b\n|-activate|p1a: Calyrex|move: Protect\n|-supereffective|p1b: Miraidon\n|-damage|p1b: Miraidon|23/100\n|-unboost|p1b: Miraidon|atk|1\n|-damage|p2a: Koraidon|81/100|[from] item: Life Orb\n|\n|-weather|SunnyDay|[upkeep]\n|upkeep\n|turn|5\n|inactive|MarceloCe13 has 30 seconds left.\n|inactive|Ziik has 30 seconds left.\n|\n|t:|1746126096\n|move|p1a: Calyrex|Protect||[still]\n|-fail|p1a: Calyrex\n|move|p2b: Gouging Fire|Crunch|p1b: Miraidon\n|-damage|p1b: Miraidon|0 fnt\n|faint|p1b: Miraidon\n|move|p2a: Koraidon|Breaking Swipe|p1a: Calyrex\n|-damage|p1a: Calyrex|0 fnt\n|faint|p1a: Calyrex\n|-damage|p2a: Koraidon|72/100|[from] item: Life Orb\n|\n|-weather|SunnyDay|[upkeep]\n|upkeep\n|\n|t:|1746126106\n|switch|p1b: Iron Hands|Iron Hands, L50|25/100\n|-activate|p1b: Iron Hands|ability: Quark Drive\n|-start|p1b: Iron Hands|quarkdriveatk\n|turn|6\n|\n|t:|1746126114\n|move|p2b: Gouging Fire|Flare Blitz|p1b: Iron Hands\n|-damage|p1b: Iron Hands|0 fnt\n|faint|p1b: Iron Hands\n|-end|p1b: Iron Hands|Quark Drive|[silent]\n|-damage|p2b: Gouging Fire|91/100|[from] Recoil\n|\n|win|Ziik\n", "uploadtime": 1746126119, "views": 6, "formatid": "gen9vgc2025regibo3", "rating": null, "private": 0, "password": null}