{"id": "gen9vgc2025regibo3-2354477978", "format": "[Gen 9] VGC 2025 Reg I (Bo3)", "players": ["Whoisnikoooo._", "pasko2004"], "log": "|j|\u2606Whoisnikoooo._\n|j|\u2606pasko2004\n|html|<table width=\"100%\"><tr><td align=\"left\">Whoisnikoooo._</td><td align=\"right\">pasko2004</tr><tr><td align=\"left\"><i class=\"fa fa-circle-o\"></i> <i class=\"fa fa-circle-o\"></i> </td><td align=\"right\"><i class=\"fa fa-circle-o\"></i> <i class=\"fa fa-circle-o\"></i> </tr></table>\n|uhtml|bestof|<h2><strong>Game 1</strong> of <a href=\"/game-bestof3-gen9vgc2025regibo3-2354477977\">a best-of-3</a></h2>\n|t:|1746078166\n|gametype|doubles\n|player|p1|Whoisnikoooo._|pokemaniac|\n|player|p2|pasko2004|petrel|\n|teamsize|p1|6\n|teamsize|p2|6\n|gen|9\n|tier|[Gen 9] VGC 2025 Reg I (Bo3)\n|rule|Species Clause: Limit one of each Pok\u00e9mon\n|rule|Item Clause: Limit 1 of each item\n|clearpoke\n|poke|p1|Kyogre, L50|\n|poke|p1|Maushold, L50|\n|poke|p1|Urshifu-*, L50, F|\n|poke|p1|Brute Bonnet, L50|\n|poke|p1|Miraidon, L50|\n|poke|p1|Archaludon, L50, M|\n|poke|p2|Kyogre, L50|\n|poke|p2|Incineroar, L50, F|\n|poke|p2|Landorus, L50, M|\n|poke|p2|Archaludon, L50, M|\n|poke|p2|Koraidon, L50|\n|poke|p2|Brute Bonnet, L50|\n|teampreview|4\n|showteam|p1|Kyogre||MysticWater|Drizzle|WaterSpout,IceBeam,OriginPulse,Protect||||||50|,,,,,Grass]Maushold||CovertCloak|FriendGuard|Protect,FollowMe,SuperFang,BeatUp||||||50|,,,,,Ghost]Urshifu-Rapid-Strike||PunchingGlove|UnseenFist|SurgingStrikes,CloseCombat,AquaJet,Detect|||F|||50|,,,,,Water]Brute Bonnet||RockyHelmet|Protosynthesis|PollenPuff,RagePowder,SuckerPunch,Spore||||||50|,,,,,Fire]Miraidon||ChoiceSpecs|HadronEngine|DazzlingGleam,DracoMeteor,ElectroDrift,VoltSwitch||||||50|,,,,,Fairy]Archaludon||AssaultVest|Stamina|BodyPress,Protect,ElectroShot,DracoMeteor|||M|||50|,,,,,Steel\n|showteam|p2|Kyogre||MysticWater|Drizzle|WaterSpout,HydroPump,IceBeam,Protect||||||50|,,,,,Grass]Incineroar||SafetyGoggles|Intimidate|FakeOut,PartingShot,KnockOff,Taunt|||F|||50|,,,,,Ghost]Landorus||LifeOrb|SheerForce|SandsearStorm,EarthPower,Protect,SludgeBomb|||M|||50|,,,,,Poison]Archaludon||AssaultVest|Stamina|BodyPress,Protect,ElectroShot,DracoMeteor|||M|||50|,,,,,Steel]Koraidon||ClearAmulet|OrichalcumPulse|CloseCombat,FlareBlitz,Uturn,Protect||||||50|,,,,,Fire]Brute Bonnet||RockyHelmet|Protosynthesis|PollenPuff,RagePowder,SuckerPunch,Spore||||||50|,,,,,Fire\n|inactive|Battle timer is ON: inactive players will automatically lose when time's up. (requested by pasko2004)\n|inactiveoff|Battle timer is now OFF.\n|inactive|Battle timer is ON: inactive players will automatically lose when time's up. (requested by Whoisnikoooo._)\n|\n|t:|1746078304\n|start\n|switch|p1a: Brute Bonnet|Brute Bonnet, L50|100/100\n|switch|p1b: Kyogre|Kyogre, L50|100/100\n|switch|p2a: Incineroar|Incineroar, L50, F|100/100\n|switch|p2b: Landorus|Landorus, L50, M|100/100\n|-weather|RainDance|[from] ability: Drizzle|[of] p1b: Kyogre\n|-ability|p2a: Incineroar|Intimidate|boost\n|-unboost|p1a: Brute Bonnet|atk|1\n|-unboost|p1b: Kyogre|atk|1\n|turn|1\n|inactive|pasko2004 has 30 seconds left.\n|inactive|pasko2004 has 20 seconds left.\n|inactive|Whoisnikoooo._ has 30 seconds left.\n|inactive|pasko2004 has 15 seconds left.\n|inactive|pasko2004 has 10 seconds left.\n|inactive|pasko2004 has 5 seconds left.\n|\n|t:|1746078355\n|-terastallize|p2b: Landorus|Poison\n|move|p1b: Kyogre|Protect|p1b: Kyogre\n|-singleturn|p1b: Kyogre|Protect\n|move|p2a: Incineroar|Fake Out|p1b: Kyogre\n|-activate|p1b: Kyogre|move: Protect\n|move|p2b: Landorus|Sludge Bomb|p1a: Brute Bonnet\n|-supereffective|p1a: Brute Bonnet\n|-damage|p1a: Brute Bonnet|18/100\n|move|p1a: Brute Bonnet|Spore|p2a: Incineroar\n|-activate|p2a: Incineroar|item: Safety Goggles|Spore\n|\n|-weather|RainDance|[upkeep]\n|upkeep\n|turn|2\n|inactive|Whoisnikoooo._ has 30 seconds left.\n|inactive|pasko2004 has 30 seconds left.\n|inactive|pasko2004 has 20 seconds left.\n|inactive|Whoisnikoooo._ has 20 seconds left.\n|inactive|pasko2004 has 15 seconds left.\n|inactive|pasko2004 has 10 seconds left.\n|inactive|pasko2004 has 5 seconds left.\n|\n|t:|1746078406\n|-end|p1a: Brute Bonnet|Protosynthesis|[silent]\n|switch|p1a: Urshifu|Urshifu-Rapid-Strike, L50, F|100/100\n|move|p2b: Landorus|Protect|p2b: Landorus\n|-singleturn|p2b: Landorus|Protect\n|move|p1b: Kyogre|Water Spout|p2a: Incineroar|[spread] p2a\n|-activate|p2b: Landorus|move: Protect\n|-supereffective|p2a: Incineroar\n|-damage|p2a: Incineroar|0 fnt\n|faint|p2a: Incineroar\n|\n|-weather|RainDance|[upkeep]\n|upkeep\n|\n|t:|1746078416\n|switch|p2a: Archaludon|Archaludon, L50, M|100/100\n|turn|3\n|j| rphoenix_blaze\n|l| rphoenix_blaze\n|inactive|Whoisnikoooo._ has 30 seconds left.\n|\n|t:|1746078448\n|-terastallize|p1a: Urshifu|Water\n|move|p1b: Kyogre|Protect|p1b: Kyogre\n|-singleturn|p1b: Kyogre|Protect\n|move|p2b: Landorus|Sandsear Storm|p1a: Urshifu|[spread] p1a\n|-activate|p1b: Kyogre|move: Protect\n|-damage|p1a: Urshifu|13/100\n|move|p1a: Urshifu|Surging Strikes|p2b: Landorus\n|-crit|p2b: Landorus\n|-damage|p2b: Landorus|42/100\n|-crit|p2b: Landorus\n|-damage|p2b: Landorus|0 fnt\n|faint|p2b: Landorus\n|-hitcount|p2: Landorus|2\n|move|p2a: Archaludon|Electro Shot||[still]\n|-prepare|p2a: Archaludon|Electro Shot\n|-boost|p2a: Archaludon|spa|1\n|-anim|p2a: Archaludon|Electro Shot|p1b: Kyogre\n|-activate|p1b: Kyogre|move: Protect\n|\n|-weather|RainDance|[upkeep]\n|upkeep\n|\n|t:|1746078465\n|switch|p2b: Koraidon|Koraidon, L50|100/100\n|-weather|SunnyDay|[from] ability: Orichalcum Pulse|[of] p2b: Koraidon\n|-activate|p2b: Koraidon|Orichalcum Pulse|[source]\n|turn|4\n|\n|t:|1746078477\n|switch|p1b: Brute Bonnet|Brute Bonnet, L50|18/100\n|-activate|p1b: Brute Bonnet|ability: Protosynthesis\n|-start|p1b: Brute Bonnet|protosynthesisspd\n|move|p1a: Urshifu|Detect|p1a: Urshifu\n|-singleturn|p1a: Urshifu|Protect\n|move|p2b: Koraidon|Close Combat|p1a: Urshifu\n|-activate|p1a: Urshifu|move: Protect\n|move|p2a: Archaludon|Electro Shot||[still]\n|-prepare|p2a: Archaludon|Electro Shot\n|-boost|p2a: Archaludon|spa|1\n|\n|-weather|SunnyDay|[upkeep]\n|upkeep\n|turn|5\n|inactive|pasko2004 has 30 seconds left.\n|\n|t:|1746078505\n|-end|p1b: Brute Bonnet|Protosynthesis|[silent]\n|switch|p1b: Kyogre|Kyogre, L50|100/100\n|-weather|RainDance|[from] ability: Drizzle|[of] p1b: Kyogre\n|move|p1a: Urshifu|Aqua Jet|p2b: Koraidon\n|-resisted|p2b: Koraidon\n|-damage|p2b: Koraidon|83/100\n|move|p2b: Koraidon|Flare Blitz|p1b: Kyogre\n|-resisted|p1b: Kyogre\n|-crit|p1b: Kyogre\n|-damage|p1b: Kyogre|83/100\n|-status|p1b: Kyogre|brn\n|-damage|p2b: Koraidon|77/100|[from] Recoil\n|move|p2a: Archaludon|Electro Shot|p1b: Kyogre|[from] lockedmove\n|-supereffective|p1b: Kyogre\n|-damage|p1b: Kyogre|0 fnt\n|faint|p1b: Kyogre\n|\n|-weather|RainDance|[upkeep]\n|upkeep\n|inactive|Whoisnikoooo._ has 30 seconds left.\n|\n|t:|1746078534\n|switch|p1b: Brute Bonnet|Brute Bonnet, L50|18/100\n|turn|6\n|\n|t:|1746078548\n|move|p2b: Koraidon|Protect|p2b: Koraidon\n|-singleturn|p2b: Koraidon|Protect\n|move|p1b: Brute Bonnet|Sucker Punch||[still]\n|-fail|p1b: Brute Bonnet\n|move|p1a: Urshifu|Close Combat|p2a: Archaludon\n|-supereffective|p2a: Archaludon\n|-damage|p2a: Archaludon|0 fnt\n|-unboost|p1a: Urshifu|def|1\n|-unboost|p1a: Urshifu|spd|1\n|faint|p2a: Archaludon\n|\n|-weather|RainDance|[upkeep]\n|upkeep\n|turn|7\n|\n|t:|1746078574\n|move|p1a: Urshifu|Detect|p1a: Urshifu\n|-singleturn|p1a: Urshifu|Protect\n|move|p2b: Koraidon|Flare Blitz|p1b: Brute Bonnet\n|-supereffective|p1b: Brute Bonnet\n|-damage|p1b: Brute Bonnet|0 fnt\n|-damage|p2b: Koraidon|60/100|[from] item: Rocky Helmet|[of] p1b: Brute Bonnet\n|faint|p1b: Brute Bonnet\n|-end|p1b: Brute Bonnet|Protosynthesis|[silent]\n|-damage|p2b: Koraidon|53/100|[from] Recoil\n|\n|-weather|RainDance|[upkeep]\n|upkeep\n|\n|t:|1746078584\n|switch|p1b: Miraidon|Miraidon, L50|100/100\n|-fieldstart|move: Electric Terrain|[from] ability: Hadron Engine|[of] p1b: Miraidon\n|turn|8\n|inactive|Whoisnikoooo._ has 30 seconds left.\n|\n|t:|1746078614\n|move|p2b: Koraidon|Flare Blitz|p1a: Urshifu\n|-resisted|p1a: Urshifu\n|-damage|p1a: Urshifu|0 fnt\n|faint|p1a: Urshifu\n|-damage|p2b: Koraidon|49/100|[from] Recoil\n|move|p1b: Miraidon|Dazzling Gleam|p2b: Koraidon\n|-supereffective|p2b: Koraidon\n|-damage|p2b: Koraidon|0 fnt\n|faint|p2b: Koraidon\n|\n|win|Whoisnikoooo._\n||pasko2004 is ready for game 2.\n|inactive|Whoisnikoooo._ has 30 seconds to confirm battle start!\n||Whoisnikoooo._ is ready for game 2.\n|uhtml|next|Next: <a href=\"/battle-gen9vgc2025regibo3-2354480413\"><strong>Game 2 of 3</strong></a>\n", "uploadtime": 1746078984, "views": 8, "formatid": "gen9vgc2025regibo3", "rating": null, "private": 0, "password": null}