{"id": "gen9vgc2025regibo3-2353719400", "format": "[Gen 9] VGC 2025 Reg I (Bo3)", "players": ["zacian run back", "redrog1"], "log": "|j|\u2606zacian run back\n|j|\u2606redrog1\n|html|<table width=\"100%\"><tr><td align=\"left\">zacian run back</td><td align=\"right\">redrog1</tr><tr><td align=\"left\"><i class=\"fa fa-circle-o\"></i> <i class=\"fa fa-circle-o\"></i> </td><td align=\"right\"><i class=\"fa fa-circle-o\"></i> <i class=\"fa fa-circle-o\"></i> </tr></table>\n|uhtml|bestof|<h2><strong>Game 1</strong> of <a href=\"/game-bestof3-gen9vgc2025regibo3-2353719399\">a best-of-3</a></h2>\n|t:|1745988293\n|gametype|doubles\n|player|p1|zacian run back|acetrainerf-gen4dp|1123\n|player|p2|redrog1|1|1044\n|teamsize|p1|6\n|teamsize|p2|6\n|gen|9\n|tier|[Gen 9] VGC 2025 Reg I (Bo3)\n|rated|\n|rule|Species Clause: Limit one of each Pok\u00e9mon\n|rule|Item Clause: Limit 1 of each item\n|clearpoke\n|poke|p1|Zacian-*, L50|\n|poke|p1|Miraidon, L50|\n|poke|p1|Ditto, L50|\n|poke|p1|Tornadus, L50, M|\n|poke|p1|Urshifu-*, L50, F|\n|poke|p1|Ogerpon-Hearthflame, L50, F|\n|poke|p2|Pawmot, L50, F|\n|poke|p2|Calyrex-Ice, L50|\n|poke|p2|Miraidon, L50|\n|poke|p2|Incineroar, L50, F|\n|poke|p2|Whimsicott, L50, F|\n|poke|p2|Gastrodon-East, L50, F|\n|teampreview|4\n|showteam|p1|Zacian-Crowned||RustedSword|IntrepidSword|behemothblade,PlayRough,TeraBlast,Protect||||||50|,,,,,Ground]Miraidon||ChoiceSpecs|HadronEngine|ElectroDrift,VoltSwitch,DazzlingGleam,DracoMeteor||||||50|,,,,,Fairy]Ditto||FocusSash|Imposter|Transform||||||50|,,,,,Ghost]Tornadus||CovertCloak|Prankster|BleakwindStorm,RainDance,Tailwind,Taunt|||M|||50|,,,,,Dark]Urshifu-Rapid-Strike||ChoiceScarf|UnseenFist|SurgingStrikes,CloseCombat,Uturn,Coaching|||F|||50|,,,,,Water]Ogerpon-Hearthflame||HearthflameMask|MoldBreaker|IvyCudgel,HornLeech,FollowMe,SpikyShield|||F|||50|,,,,,Fire\n|showteam|p2|Pawmot||FocusSash|VoltAbsorb|FakeOut,Nuzzle,CloseCombat,Electroweb|||F|||50|,,,,,Normal]Calyrex-Ice||ClearAmulet|AsOneGlastrier|GlacialLance,Protect,HighHorsepower,TrickRoom||||||50|,,,,,Ground]Miraidon||ChoiceSpecs|HadronEngine|ElectroDrift,DazzlingGleam,Overheat,VoltSwitch||||||50|,,,,,Fairy]Incineroar||RockyHelmet|Intimidate|Snarl,FlareBlitz,FakeOut,PartingShot|||F|||50|,,,,,Grass]Whimsicott||CovertCloak|Prankster|Tailwind,Taunt,DazzlingGleam,LightScreen|||F|||50|,,,,,Dark]Gastrodon-East||Leftovers|StormDrain|MuddyWater,Protect,ClearSmog,HelpingHand|||F|||50|,,,,,Grass\n|inactive|Battle timer is ON: inactive players will automatically lose when time's up. (requested by zacian run back)\n|inactive|redrog1 has 60 seconds left.\n|\n|t:|1745988332\n|start\n|switch|p1a: Rin|Miraidon, L50|100/100\n|switch|p1b: I am You :D|Ditto, L50|100/100\n|switch|p2a: Incineroar|Incineroar, L50, F|100/100\n|switch|p2b: Miraidon|Miraidon, L50|100/100\n|-fieldstart|move: Electric Terrain|[from] ability: Hadron Engine|[of] p2b: Miraidon\n|-activate|p1a: Rin|ability: Hadron Engine\n|-ability|p2a: Incineroar|Intimidate|boost\n|-unboost|p1a: Rin|atk|1\n|-unboost|p1b: I am You :D|atk|1\n|-transform|p1b: I am You :D|p2a: Incineroar|[from] ability: Imposter\n|-ability|p1b: I am You :D|Intimidate|boost\n|-unboost|p2a: Incineroar|atk|1\n|-unboost|p2b: Miraidon|atk|1\n|turn|1\n|\n|t:|1745988352\n|-terastallize|p2b: Miraidon|Fairy\n|move|p2a: Incineroar|Fake Out|p1a: Rin\n|-damage|p1a: Rin|92/100\n|move|p1b: I am You :D|Fake Out|p2a: Incineroar\n|-damage|p2a: Incineroar|89/100\n|-damage|p1b: I am You :D|84/100|[from] item: Rocky Helmet|[of] p2a: Incineroar\n|move|p2b: Miraidon|Dazzling Gleam|p1b: I am You :D|[spread] p1a,p1b\n|-supereffective|p1a: Rin\n|-damage|p1a: Rin|0 fnt\n|-damage|p1b: I am You :D|13/100\n|faint|p1a: Rin\n|\n|upkeep\n|\n|t:|1745988357\n|switch|p1a: Dust|Zacian-Crowned, L50, shiny|100/100\n|-ability|p1a: Dust|Intrepid Sword|boost\n|-boost|p1a: Dust|atk|1\n|turn|2\n|\n|t:|1745988377\n|switch|p2a: Gastrodon|Gastrodon-East, L50, F|100/100\n|move|p1a: Dust|Behemoth Blade|p2b: Miraidon\n|-supereffective|p2b: Miraidon\n|-damage|p2b: Miraidon|0 fnt\n|faint|p2b: Miraidon\n|move|p1b: I am You :D|Parting Shot|p2a: Gastrodon\n|-unboost|p2a: Gastrodon|atk|1\n|-unboost|p2a: Gastrodon|spa|1\n|\n|t:|1745988384\n|switch|p1b: PunchyPunch|Urshifu-Rapid-Strike, L50, F|100/100|[from] Parting Shot\n|\n|upkeep\n|\n|t:|1745988389\n|switch|p2b: Incineroar|Incineroar, L50, F|89/100\n|-ability|p2b: Incineroar|Intimidate|boost\n|-unboost|p1a: Dust|atk|1\n|-unboost|p1b: PunchyPunch|atk|1\n|turn|3\n|\n|t:|1745988410\n|move|p1a: Dust|Protect|p1a: Dust\n|-singleturn|p1a: Dust|Protect\n|move|p2b: Incineroar|Fake Out|p1b: PunchyPunch\n|-damage|p1b: PunchyPunch|87/100\n|cant|p1b: PunchyPunch|flinch\n|move|p2a: Gastrodon|Muddy Water|p1a: Dust|[spread] p1b\n|-activate|p1a: Dust|move: Protect\n|-resisted|p1b: PunchyPunch\n|-damage|p1b: PunchyPunch|77/100\n|\n|upkeep\n|turn|4\n|\n|t:|1745988436\n|move|p1b: PunchyPunch|Coaching|p1a: Dust\n|-boost|p1a: Dust|atk|1\n|-boost|p1a: Dust|def|1\n|move|p1a: Dust|Play Rough|p2a: Gastrodon\n|-damage|p2a: Gastrodon|36/100\n|move|p2b: Incineroar|Parting Shot|p1a: Dust\n|-unboost|p1a: Dust|atk|1\n|-unboost|p1a: Dust|spa|1\n|\n|t:|1745988442\n|switch|p2b: Calyrex|Calyrex-Ice, L50|100/100|[from] Parting Shot\n|-ability|p2b: Calyrex|As One\n|-ability|p2b: Calyrex|Unnerve\n|move|p2a: Gastrodon|Muddy Water|p1b: PunchyPunch|[spread] p1a,p1b\n|-resisted|p1b: PunchyPunch\n|-damage|p1a: Dust|89/100\n|-damage|p1b: PunchyPunch|67/100\n|\n|-heal|p2a: Gastrodon|42/100|[from] item: Leftovers\n|upkeep\n|turn|5\n|\n|t:|1745988462\n|switch|p2b: Incineroar|Incineroar, L50, F|89/100\n|-ability|p2b: Incineroar|Intimidate|boost\n|-unboost|p1a: Dust|atk|1\n|-unboost|p1b: PunchyPunch|atk|1\n|move|p1b: PunchyPunch|Coaching|p1a: Dust\n|-boost|p1a: Dust|atk|1\n|-boost|p1a: Dust|def|1\n|move|p1a: Dust|Behemoth Blade|p2b: Incineroar\n|-resisted|p2b: Incineroar\n|-damage|p2b: Incineroar|66/100\n|-damage|p1a: Dust|73/100|[from] item: Rocky Helmet|[of] p2b: Incineroar\n|move|p2a: Gastrodon|Muddy Water|p1a: Dust|[spread] p1b\n|-miss|p2a: Gastrodon|p1a: Dust\n|-resisted|p1b: PunchyPunch\n|-damage|p1b: PunchyPunch|57/100\n|\n|-heal|p2a: Gastrodon|48/100|[from] item: Leftovers\n|-fieldend|move: Electric Terrain\n|upkeep\n|turn|6\n|\n|t:|1745988483\n|move|p1b: PunchyPunch|Coaching|p1a: Dust\n|-boost|p1a: Dust|atk|1\n|-boost|p1a: Dust|def|1\n|move|p1a: Dust|Play Rough|p2a: Gastrodon\n|-damage|p2a: Gastrodon|0 fnt\n|faint|p2a: Gastrodon\n|move|p2b: Incineroar|Parting Shot|p1a: Dust\n|-unboost|p1a: Dust|atk|1\n|-unboost|p1a: Dust|spa|1\n|\n|t:|1745988490\n|switch|p2b: Calyrex|Calyrex-Ice, L50|100/100|[from] Parting Shot\n|-ability|p2b: Calyrex|As One\n|-ability|p2b: Calyrex|Unnerve\n|\n|upkeep\n|\n|t:|1745988492\n|switch|p2a: Incineroar|Incineroar, L50, F|66/100\n|-ability|p2a: Incineroar|Intimidate|boost\n|-unboost|p1a: Dust|atk|1\n|-unboost|p1b: PunchyPunch|atk|1\n|turn|7\n|\n|t:|1745988503\n|move|p2a: Incineroar|Fake Out|p1b: PunchyPunch\n|-damage|p1b: PunchyPunch|43/100\n|cant|p1b: PunchyPunch|flinch\n|move|p1a: Dust|Behemoth Blade|p2b: Calyrex\n|-supereffective|p2b: Calyrex\n|-damage|p2b: Calyrex|49/100\n|move|p2b: Calyrex|Trick Room|p2b: Calyrex\n|-fieldstart|move: Trick Room|[of] p2b: Calyrex\n|\n|upkeep\n|turn|8\n|inactive|zacian run back has 30 seconds left.\n|\n|t:|1745988529\n|move|p2b: Calyrex|High Horsepower|p1a: Dust\n|-supereffective|p1a: Dust\n|-crit|p1a: Dust\n|-damage|p1a: Dust|0 fnt\n|faint|p1a: Dust\n|-ability|p2b: Calyrex|Chilling Neigh|boost\n|-boost|p2b: Calyrex|atk|1\n|move|p2a: Incineroar|Flare Blitz|p1b: PunchyPunch\n|-resisted|p1b: PunchyPunch\n|-damage|p1b: PunchyPunch|12/100\n|-damage|p2a: Incineroar|57/100|[from] Recoil\n|move|p1b: PunchyPunch|Coaching|p1: Dust|[notarget]\n|-fail|p1b: PunchyPunch\n|\n|upkeep\n|\n|t:|1745988537\n|switch|p1a: I am You :D|Ditto, L50|13/100\n|-transform|p1a: I am You :D|p2b: Calyrex|[from] ability: Imposter\n|-ability|p1a: I am You :D|As One\n|-ability|p1a: I am You :D|Unnerve\n|turn|9\n|\n|t:|1745988557\n|move|p1a: I am You :D|High Horsepower|p2b: Calyrex\n|-damage|p2b: Calyrex|5/100\n|move|p2b: Calyrex|Glacial Lance|p1a: I am You :D|[spread] p1a,p1b\n|-resisted|p1a: I am You :D\n|-resisted|p1b: PunchyPunch\n|-damage|p1a: I am You :D|0 fnt\n|-damage|p1b: PunchyPunch|0 fnt\n|faint|p1a: I am You :D\n|faint|p1b: PunchyPunch\n|\n|win|redrog1\n||zacian run back is ready for game 2.\n||redrog1 is ready for game 2.\n|uhtml|next|Next: <a href=\"/battle-gen9vgc2025regibo3-2353721090\"><strong>Game 2 of 3</strong></a>\n", "uploadtime": 1745988946, "views": 13, "formatid": "gen9vgc2025regibo3", "rating": null, "private": 0, "password": null}