{"id": "gen9vgc2025regibo3-2354981162", "format": "[Gen 9] VGC 2025 Reg I (Bo3)", "players": ["thepostmanp", "noobcuzwynaut"], "log": "|j|\u2606thepostmanp\n|j|\u2606noobcuzwynaut\n|html|<table width=\"100%\"><tr><td align=\"left\">thepostmanp</td><td align=\"right\">noobcuzwynaut</tr><tr><td align=\"left\"><i class=\"fa fa-circle\"></i> <i class=\"fa fa-circle-o\"></i> </td><td align=\"right\"><i class=\"fa fa-circle-o\"></i> <i class=\"fa fa-circle-o\"></i> </tr></table>\n|uhtml|bestof|<h2><strong>Game 2</strong> of <a href=\"/game-bestof3-gen9vgc2025regibo3-2354979684\">a best-of-3</a></h2>\n|t:|1746138290\n|gametype|doubles\n|player|p1|thepostmanp|101|1267\n|player|p2|noobcuzwynaut|170|1197\n|teamsize|p1|6\n|teamsize|p2|6\n|gen|9\n|tier|[Gen 9] VGC 2025 Reg I (Bo3)\n|rated|\n|rule|Species Clause: Limit one of each Pok\u00e9mon\n|rule|Item Clause: Limit 1 of each item\n|clearpoke\n|poke|p1|Kyogre, L50|\n|poke|p1|Miraidon, L50|\n|poke|p1|Farigiraf, L50, M|\n|poke|p1|Iron Hands, L50|\n|poke|p1|Urshifu-*, L50, M|\n|poke|p1|Iron Jugulis, L50|\n|poke|p2|Incineroar, L50, M|\n|poke|p2|Rillaboom, L50, F|\n|poke|p2|Rayquaza, L50|\n|poke|p2|Calyrex-Shadow, L50|\n|poke|p2|Iron Bundle, L50|\n|poke|p2|Raging Bolt, L50|\n|teampreview|4\n|showteam|p1|Kyogre||MysticWater|Drizzle|Protect,WaterSpout,OriginPulse,IceBeam||||||50|,,,,,Grass]Miraidon||ChoiceSpecs|HadronEngine|VoltSwitch,DracoMeteor,DazzlingGleam,ElectroDrift||||||50|,,,,,Fairy]Farigiraf||ElectricSeed|ArmorTail|TrickRoom,Roar,Psychic,HelpingHand|||M|||50|,,,,,Water]Iron Hands||AssaultVest|QuarkDrive|FakeOut,LowKick,DrainPunch,HeavySlam||||||50|,,,,,Bug]Urshifu-Rapid-Strike||FocusSash|UnseenFist|SurgingStrikes,CloseCombat,AquaJet,Detect|||M|||50|,,,,,Stellar]Iron Jugulis||CovertCloak|QuarkDrive|Snarl,Hurricane,Tailwind,Protect||||||50|,,,,,Water\n|showteam|p2|Incineroar||SitrusBerry|Intimidate|FlareBlitz,FakeOut,Snarl,PartingShot|||M|||50|,,,,,Ghost]Rillaboom||AssaultVest|GrassySurge|WoodHammer,GrassyGlide,Uturn,FakeOut|||F|||50|,,,,,Fire]Rayquaza||ClearAmulet|AirLock|DragonAscent,ExtremeSpeed,SwordsDance,Protect||||||50|,,,,,Normal]Calyrex-Shadow||FocusSash|AsOneSpectrier|AstralBarrage,Psychic,NastyPlot,Protect||||||50|,,,,,Water]Iron Bundle||BoosterEnergy|QuarkDrive|FreezeDry,HydroPump,IcyWind,Encore||||||50|,,,,,Ghost]Raging Bolt||LifeOrb|Protosynthesis|Thunderbolt,DracoMeteor,Thunderclap,Protect||||||50|,,,,,Electric\n|\n|t:|1746138321\n|start\n|switch|p1a: Iron Jugulis|Iron Jugulis, L50|100/100\n|switch|p1b: Miraidon|Miraidon, L50|100/100\n|switch|p2a: Raging Bolt|Raging Bolt, L50|100/100\n|switch|p2b: Iron Bundle|Iron Bundle, L50|100/100\n|-fieldstart|move: Electric Terrain|[from] ability: Hadron Engine|[of] p1b: Miraidon\n|-activate|p2b: Iron Bundle|ability: Quark Drive\n|-start|p2b: Iron Bundle|quarkdrivespe\n|-activate|p1a: Iron Jugulis|ability: Quark Drive\n|-start|p1a: Iron Jugulis|quarkdrivespe\n|turn|1\n|inactive|Battle timer is ON: inactive players will automatically lose when time's up. (requested by thepostmanp)\n|\n|t:|1746138364\n|-terastallize|p2a: Raging Bolt|Electric\n|move|p2a: Raging Bolt|Thunderclap|p1b: Miraidon\n|-resisted|p1b: Miraidon\n|-damage|p1b: Miraidon|81/100\n|-damage|p2a: Raging Bolt|91/100|[from] item: Life Orb\n|move|p2b: Iron Bundle|Freeze-Dry|p1b: Miraidon\n|-supereffective|p1b: Miraidon\n|-damage|p1b: Miraidon|29/100\n|move|p1a: Iron Jugulis|Tailwind|p1a: Iron Jugulis\n|-sidestart|p1: thepostmanp|move: Tailwind\n|move|p1b: Miraidon|Draco Meteor|p2a: Raging Bolt\n|-crit|p2a: Raging Bolt\n|-damage|p2a: Raging Bolt|0 fnt\n|-unboost|p1b: Miraidon|spa|2\n|faint|p2a: Raging Bolt\n|-end|p2a: Raging Bolt|Protosynthesis|[silent]\n|\n|upkeep\n|\n|t:|1746138374\n|switch|p2a: Rayquaza|Rayquaza, L50|100/100\n|-ability|p2a: Rayquaza|Air Lock\n|turn|2\n|\n|t:|1746138387\n|switch|p1b: Farigiraf|Farigiraf, L50, M|100/100\n|-enditem|p1b: Farigiraf|Electric Seed\n|-boost|p1b: Farigiraf|def|1|[from] item: Electric Seed\n|move|p2a: Rayquaza|Protect|p2a: Rayquaza\n|-singleturn|p2a: Rayquaza|Protect\n|move|p1a: Iron Jugulis|Snarl|p2a: Rayquaza|[spread] p2b\n|-activate|p2a: Rayquaza|move: Protect\n|-damage|p2b: Iron Bundle|71/100\n|-unboost|p2b: Iron Bundle|spa|1\n|move|p2b: Iron Bundle|Icy Wind|p1a: Iron Jugulis|[spread] p1a,p1b\n|-supereffective|p1a: Iron Jugulis\n|-damage|p1a: Iron Jugulis|69/100\n|-damage|p1b: Farigiraf|88/100\n|-unboost|p1b: Farigiraf|spe|1\n|\n|upkeep\n|turn|3\n|\n|t:|1746138407\n|move|p1a: Iron Jugulis|Snarl|p2b: Iron Bundle|[spread] p2a,p2b\n|-damage|p2a: Rayquaza|83/100\n|-damage|p2b: Iron Bundle|44/100\n|-unboost|p2b: Iron Bundle|spa|1\n|move|p2b: Iron Bundle|Freeze-Dry|p1a: Iron Jugulis\n|-supereffective|p1a: Iron Jugulis\n|-damage|p1a: Iron Jugulis|26/100\n|move|p2a: Rayquaza|Swords Dance|p2a: Rayquaza\n|-boost|p2a: Rayquaza|atk|2\n|move|p1b: Farigiraf|Psychic|p2a: Rayquaza\n|-damage|p2a: Rayquaza|50/100\n|\n|upkeep\n|turn|4\n|inactive|thepostmanp has 30 seconds left.\n|\n|t:|1746138441\n|move|p2a: Rayquaza|Protect|p2a: Rayquaza\n|-singleturn|p2a: Rayquaza|Protect\n|move|p1a: Iron Jugulis|Snarl|p2b: Iron Bundle|[spread] p2b\n|-activate|p2a: Rayquaza|move: Protect\n|-damage|p2b: Iron Bundle|16/100\n|-unboost|p2b: Iron Bundle|spa|1\n|move|p2b: Iron Bundle|Icy Wind|p1a: Iron Jugulis|[spread] p1a,p1b\n|-supereffective|p1a: Iron Jugulis\n|-damage|p1a: Iron Jugulis|6/100\n|-damage|p1b: Farigiraf|81/100\n|-unboost|p1b: Farigiraf|spe|1\n|move|p1b: Farigiraf|Trick Room|p1b: Farigiraf\n|-fieldstart|move: Trick Room|[of] p1b: Farigiraf\n|\n|-sideend|p1: thepostmanp|move: Tailwind\n|upkeep\n|turn|5\n|\n|t:|1746138458\n|move|p1b: Farigiraf|Psychic|p2a: Rayquaza\n|-damage|p2a: Rayquaza|18/100\n|move|p2a: Rayquaza|Dragon Ascent|p1b: Farigiraf\n|-damage|p1b: Farigiraf|0 fnt\n|-unboost|p2a: Rayquaza|def|1\n|-unboost|p2a: Rayquaza|spd|1\n|faint|p1b: Farigiraf\n|move|p1a: Iron Jugulis|Snarl|p2a: Rayquaza|[spread] p2a,p2b\n|-damage|p2a: Rayquaza|0 fnt\n|-damage|p2b: Iron Bundle|0 fnt\n|faint|p2a: Rayquaza\n|faint|p2b: Iron Bundle\n|-end|p2b: Iron Bundle|Quark Drive|[silent]\n|\n|-fieldend|move: Electric Terrain\n|-end|p1a: Iron Jugulis|Quark Drive\n|upkeep\n|-message|noobcuzwynaut forfeited.\n|\n|win|thepostmanp\n|raw|thepostmanp's rating: 1267 &rarr; <strong>1287</strong><br />(+20 for winning)\n|raw|noobcuzwynaut's rating: 1197 &rarr; <strong>1177</strong><br />(-20 for losing)\n", "uploadtime": 1746138465, "views": 4, "formatid": "gen9vgc2025regibo3", "rating": 1177, "private": 0, "password": null}