{"id": "gen9vgc2025regibo3-2353892860", "format": "[Gen 9] VGC 2025 Reg I (Bo3)", "players": ["NameLessUlixes", "dambro222"], "log": "|j|\u2606NameLessUlixes\n|j|\u2606dambro222\n|html|<table width=\"100%\"><tr><td align=\"left\">NameLessUlixes</td><td align=\"right\">dambro222</tr><tr><td align=\"left\"><i class=\"fa fa-circle\"></i> <i class=\"fa fa-circle-o\"></i> </td><td align=\"right\"><i class=\"fa fa-circle-o\"></i> <i class=\"fa fa-circle-o\"></i> </tr></table>\n|uhtml|bestof|<h2><strong>Game 2</strong> of <a href=\"/game-bestof3-gen9vgc2025regibo3-2353890905\">a best-of-3</a></h2>\n|t:|1746015824\n|gametype|doubles\n|player|p1|NameLessUlixes|169|1220\n|player|p2|dambro222|101|1176\n|teamsize|p1|6\n|teamsize|p2|6\n|gen|9\n|tier|[Gen 9] VGC 2025 Reg I (Bo3)\n|rated|\n|rule|Species Clause: Limit one of each Pok\u00e9mon\n|rule|Item Clause: Limit 1 of each item\n|clearpoke\n|poke|p1|Calyrex-Shadow, L50|\n|poke|p1|Terapagos, L50, M|\n|poke|p1|Grimmsnarl, L50, M|\n|poke|p1|Magmar, L50, F|\n|poke|p1|Cresselia, L50, F|\n|poke|p1|Ogerpon-Wellspring, L50, F|\n|poke|p2|Ho-Oh, L50|\n|poke|p2|Miraidon, L50|\n|poke|p2|Flutter Mane, L50|\n|poke|p2|Iron Hands, L50|\n|poke|p2|Urshifu-*, L50, M|\n|poke|p2|Iron Treads, L50|\n|teampreview|4\n|showteam|p1|Calyrex-Shadow||LifeOrb|AsOneSpectrier|AstralBarrage,Psyshock,TeraBlast,Protect||||||50|,,,,,Fairy]Terapagos||Leftovers|TeraShift|CalmMind,EarthPower,TeraStarstorm,Protect|||M|||50|,,,,,Stellar]Grimmsnarl||LightClay|Prankster|SpiritBreak,LightScreen,Reflect,ThunderWave|||M|||50|,,,,,Ghost]Magmar||Eviolite|VitalSpirit|Flamethrower,FollowMe,Taunt,WillOWisp|||F|||50|,,,,,Water]Cresselia||SafetyGoggles|Levitate|AllySwitch,LunarBlessing,Moonblast,TrickRoom|||F|||50|,,,,,Fairy]Ogerpon-Wellspring||WellspringMask|WaterAbsorb|HornLeech,IvyCudgel,FollowMe,SpikyShield|||F|||50|,,,,,Water\n|showteam|p2|Ho-Oh||ClearAmulet|Regenerator|SacredFire,BraveBird,Tailwind,Protect||||||50|,,,,,Dragon]Miraidon||CovertCloak|HadronEngine|ElectroDrift,VoltSwitch,DracoMeteor,Protect||||||50|,,,,,Electric]Flutter Mane||BoosterEnergy|Protosynthesis|Moonblast,ShadowBall,IcyWind,Protect||||||50|,,,,,Fairy]Iron Hands||AssaultVest|QuarkDrive|FakeOut,DrainPunch,WildCharge,LowKick||||||50|,,,,,Water]Urshifu||FocusSash|UnseenFist|WickedBlow,CloseCombat,SuckerPunch,Detect|||M|||50|,,,,,Poison]Iron Treads||ChoiceBand|QuarkDrive|IronHead,HighHorsepower,KnockOff,SteelRoller||||||50|,,,,,Water\n|inactive|Battle timer is ON: inactive players will automatically lose when time's up. (requested by NameLessUlixes)\n|inactive|NameLessUlixes has 60 seconds left.\n|\n|t:|1746015865\n|start\n|switch|p1a: Calyrex|Calyrex-Shadow, L50|100/100\n|switch|p1b: Grimmsnarl|Grimmsnarl, L50, M|100/100\n|switch|p2a: Iron Hands|Iron Hands, L50|100/100\n|switch|p2b: Urshifu|Urshifu, L50, M|100/100\n|-ability|p1a: Calyrex|As One\n|-ability|p1a: Calyrex|Unnerve\n|turn|1\n|\n|t:|1746015881\n|switch|p1b: Magmar|Magmar, L50, F|100/100\n|-terastallize|p1a: Calyrex|Fairy\n|move|p2a: Iron Hands|Fake Out|p1b: Magmar\n|-damage|p1b: Magmar|91/100\n|move|p1a: Calyrex|Tera Blast|p2b: Urshifu|[anim] Tera Blast Fairy\n|-supereffective|p2b: Urshifu\n|-enditem|p2b: Urshifu|Focus Sash\n|-damage|p2b: Urshifu|1/100\n|-damage|p1a: Calyrex|91/100|[from] item: Life Orb\n|move|p2b: Urshifu|Wicked Blow|p1b: Magmar\n|-crit|p1b: Magmar\n|-damage|p1b: Magmar|47/100\n|\n|upkeep\n|turn|2\n|\n|t:|1746015903\n|move|p2b: Urshifu|Detect|p2b: Urshifu\n|-singleturn|p2b: Urshifu|Protect\n|move|p1a: Calyrex|Astral Barrage|p2b: Urshifu|[spread] p2a\n|-activate|p2b: Urshifu|move: Protect\n|-damage|p2a: Iron Hands|63/100\n|-damage|p1a: Calyrex|81/100|[from] item: Life Orb\n|move|p1b: Magmar|Will-O-Wisp|p2a: Iron Hands\n|-status|p2a: Iron Hands|brn\n|move|p2a: Iron Hands|Wild Charge|p1a: Calyrex\n|-damage|p1a: Calyrex|55/100\n|-damage|p2a: Iron Hands|57/100 brn|[from] Recoil\n|\n|-damage|p2a: Iron Hands|51/100 brn|[from] brn\n|upkeep\n|turn|3\n|inactive|dambro222 has 30 seconds left.\n|\n|t:|1746015933\n|move|p2b: Urshifu|Sucker Punch|p1a: Calyrex\n|-resisted|p1a: Calyrex\n|-damage|p1a: Calyrex|33/100\n|move|p1a: Calyrex|Astral Barrage|p2b: Urshifu|[spread] p2a,p2b\n|-resisted|p2b: Urshifu\n|-damage|p2a: Iron Hands|13/100 brn\n|-damage|p2b: Urshifu|0 fnt\n|faint|p2b: Urshifu\n|-ability|p1a: Calyrex|Grim Neigh|boost\n|-boost|p1a: Calyrex|spa|1\n|-damage|p1a: Calyrex|23/100|[from] item: Life Orb\n|move|p1b: Magmar|Flamethrower|p2a: Iron Hands\n|-damage|p2a: Iron Hands|0 fnt\n|faint|p2a: Iron Hands\n|-end|p2a: Iron Hands|Quark Drive|[silent]\n|\n|upkeep\n|\n|t:|1746015948\n|switch|p2b: Ho-Oh|Ho-Oh, L50|100/100\n|switch|p2a: Miraidon|Miraidon, L50|100/100\n|-fieldstart|move: Electric Terrain|[from] ability: Hadron Engine|[of] p2a: Miraidon\n|turn|4\n|\n|t:|1746015956\n|move|p2a: Miraidon|Protect|p2a: Miraidon\n|-singleturn|p2a: Miraidon|Protect\n|move|p1b: Magmar|Follow Me|p1b: Magmar\n|-singleturn|p1b: Magmar|move: Follow Me\n|move|p1a: Calyrex|Astral Barrage|p2a: Miraidon|[spread] p2b\n|-activate|p2a: Miraidon|move: Protect\n|-damage|p2b: Ho-Oh|38/100\n|-damage|p1a: Calyrex|14/100|[from] item: Life Orb\n|move|p2b: Ho-Oh|Tailwind|p2b: Ho-Oh\n|-sidestart|p2: dambro222|move: Tailwind\n|\n|upkeep\n|turn|5\n|\n|t:|1746015977\n|move|p1a: Calyrex|Protect|p1a: Calyrex\n|-singleturn|p1a: Calyrex|Protect\n|move|p2a: Miraidon|Electro Drift|p1a: Calyrex\n|-activate|p1a: Calyrex|move: Protect\n|move|p2b: Ho-Oh|Sacred Fire|p1a: Calyrex\n|-activate|p1a: Calyrex|move: Protect\n|move|p1b: Magmar|Taunt|p2a: Miraidon\n|-start|p2a: Miraidon|move: Taunt\n|\n|upkeep\n|turn|6\n|\n|t:|1746015995\n|move|p1a: Calyrex|Protect|p1a: Calyrex\n|-singleturn|p1a: Calyrex|Protect\n|move|p2a: Miraidon|Electro Drift|p1b: Magmar\n|-damage|p1b: Magmar|0 fnt\n|faint|p1b: Magmar\n|move|p2b: Ho-Oh|Brave Bird|p1a: Calyrex\n|-activate|p1a: Calyrex|move: Protect\n|\n|upkeep\n|\n|t:|1746016005\n|switch|p1b: Grimmsnarl|Grimmsnarl, L50, M|100/100\n|turn|7\n|\n|t:|1746016019\n|move|p1b: Grimmsnarl|Light Screen|p1b: Grimmsnarl\n|-sidestart|p1: NameLessUlixes|move: Light Screen\n|move|p2a: Miraidon|Electro Drift|p1a: Calyrex\n|-damage|p1a: Calyrex|0 fnt\n|faint|p1a: Calyrex\n|move|p2b: Ho-Oh|Sacred Fire|p1b: Grimmsnarl\n|-damage|p1b: Grimmsnarl|33/100\n|-status|p1b: Grimmsnarl|brn\n|\n|-damage|p1b: Grimmsnarl|27/100 brn|[from] brn\n|-sideend|p2: dambro222|move: Tailwind\n|upkeep\n|\n|t:|1746016029\n|switch|p1a: Terapagos|Terapagos, L50, M|100/100\n|-activate|p1a: Terapagos|ability: Tera Shift\n|detailschange|p1a: Terapagos|Terapagos-Terastal, L50, M\n|-heal|p1a: Terapagos|100/100|[silent]\n|turn|8\n|inactive|dambro222 has 30 seconds left.\n|\n|t:|1746016057\n|-terastallize|p2a: Miraidon|Electric\n|move|p1a: Terapagos|Protect|p1a: Terapagos\n|-singleturn|p1a: Terapagos|Protect\n|move|p1b: Grimmsnarl|Reflect|p1b: Grimmsnarl\n|-sidestart|p1: NameLessUlixes|Reflect\n|move|p2a: Miraidon|Electro Drift|p1b: Grimmsnarl\n|-damage|p1b: Grimmsnarl|0 fnt\n|faint|p1b: Grimmsnarl\n|move|p2b: Ho-Oh|Tailwind|p2b: Ho-Oh\n|-sidestart|p2: dambro222|move: Tailwind\n|\n|-end|p2a: Miraidon|move: Taunt\n|-fieldend|move: Electric Terrain\n|upkeep\n|turn|9\n|\n|t:|1746016073\n|move|p2a: Miraidon|Protect|p2a: Miraidon\n|-singleturn|p2a: Miraidon|Protect\n|move|p2b: Ho-Oh|Sacred Fire|p1a: Terapagos\n|-activate|p1a: Terapagos|ability: Tera Shell\n|-resisted|p1a: Terapagos\n|-damage|p1a: Terapagos|85/100\n|move|p1a: Terapagos|Calm Mind|p1a: Terapagos\n|-boost|p1a: Terapagos|spa|1\n|-boost|p1a: Terapagos|spd|1\n|\n|-heal|p1a: Terapagos|91/100|[from] item: Leftovers\n|upkeep\n|turn|10\n|\n|t:|1746016087\n|move|p1a: Terapagos|Protect|p1a: Terapagos\n|-singleturn|p1a: Terapagos|Protect\n|move|p2a: Miraidon|Electro Drift|p1a: Terapagos\n|-activate|p1a: Terapagos|move: Protect\n|move|p2b: Ho-Oh|Sacred Fire|p1a: Terapagos\n|-activate|p1a: Terapagos|move: Protect\n|\n|-heal|p1a: Terapagos|97/100|[from] item: Leftovers\n|upkeep\n|turn|11\n|\n|t:|1746016104\n|move|p2a: Miraidon|Electro Drift|p1a: Terapagos\n|-damage|p1a: Terapagos|66/100\n|move|p2b: Ho-Oh|Sacred Fire|p1a: Terapagos\n|-damage|p1a: Terapagos|40/100\n|-status|p1a: Terapagos|brn\n|move|p1a: Terapagos|Tera Starstorm|p2b: Ho-Oh\n|-damage|p2b: Ho-Oh|0 fnt\n|faint|p2b: Ho-Oh\n|\n|-heal|p1a: Terapagos|46/100 brn|[from] item: Leftovers\n|-damage|p1a: Terapagos|40/100 brn|[from] brn\n|-sideend|p2: dambro222|move: Tailwind\n|upkeep\n|turn|12\n|inactive|dambro222 has 30 seconds left.\n|\n|t:|1746016136\n|move|p2a: Miraidon|Draco Meteor|p1a: Terapagos\n|-damage|p1a: Terapagos|12/100 brn\n|-unboost|p2a: Miraidon|spa|2\n|move|p1a: Terapagos|Earth Power|p2a: Miraidon\n|-supereffective|p2a: Miraidon\n|-damage|p2a: Miraidon|30/100\n|\n|-heal|p1a: Terapagos|18/100 brn|[from] item: Leftovers\n|-damage|p1a: Terapagos|12/100 brn|[from] brn\n|upkeep\n|turn|13\n|\n|t:|1746016149\n|move|p2a: Miraidon|Electro Drift|p1a: Terapagos\n|-damage|p1a: Terapagos|0 fnt\n|faint|p1a: Terapagos\n|\n|win|dambro222\n||dambro222 is ready for game 3.\n||NameLessUlixes is ready for game 3.\n|uhtml|next|Next: <a href=\"/battle-gen9vgc2025regibo3-2353895571\"><strong>Game 3 of 3</strong></a>\n|l|\u2606NameLessUlixes\n|player|p1|\n", "uploadtime": 1746016289, "views": 8, "formatid": "gen9vgc2025regibo3", "rating": null, "private": 0, "password": null}