{"id": "gen9vgc2025regibo3-2354751453", "format": "[Gen 9] VGC 2025 Reg I (Bo3)", "players": ["Tugi", "RouletteVGC"], "log": "|j|\u2606Tugi\n|j|\u2606RouletteVGC\n|html|<table width=\"100%\"><tr><td align=\"left\">Tugi</td><td align=\"right\">RouletteVGC</tr><tr><td align=\"left\"><i class=\"fa fa-circle-o\"></i> <i class=\"fa fa-circle-o\"></i> </td><td align=\"right\"><i class=\"fa fa-circle-o\"></i> <i class=\"fa fa-circle-o\"></i> </tr></table>\n|uhtml|bestof|<h2><strong>Game 1</strong> of <a href=\"/game-bestof3-gen9vgc2025regibo3-2354751452\">a best-of-3</a></h2>\n|t:|1746116579\n|gametype|doubles\n|player|p1|Tugi|102|1127\n|player|p2|RouletteVGC|steven|1034\n|teamsize|p1|6\n|teamsize|p2|6\n|gen|9\n|tier|[Gen 9] VGC 2025 Reg I (Bo3)\n|rated|\n|rule|Species Clause: Limit one of each Pok\u00e9mon\n|rule|Item Clause: Limit 1 of each item\n|clearpoke\n|poke|p1|Incineroar, L50, M|\n|poke|p1|Tornadus, L50, M|\n|poke|p1|Terapagos, L50, M|\n|poke|p1|Ogerpon-Cornerstone, L50, F|\n|poke|p1|Calyrex-Shadow, L50|\n|poke|p1|Rillaboom, L50, F|\n|poke|p2|Sneasler, L50, M|\n|poke|p2|Rayquaza, L50|\n|poke|p2|Zamazenta-*, L50|\n|poke|p2|Rillaboom, L50, M|\n|poke|p2|Urshifu-*, L50, M|\n|poke|p2|Farigiraf, L50, M|\n|teampreview|4\n|showteam|p1|Incineroar||RockyHelmet|Intimidate|PartingShot,FakeOut,KnockOff,WillOWisp|||M|||50|,,,,,Ghost]Tornadus||CovertCloak|Prankster|BleakwindStorm,RainDance,Taunt,Tailwind|||M|||50|,,,,,Steel]Terapagos||Leftovers|TeraShift|Protect,CalmMind,EarthPower,TeraStarstorm|||M|||50|,,,,,Stellar]Ogerpon-Cornerstone||CornerstoneMask|Sturdy|IvyCudgel,FollowMe,PowerWhip,SpikyShield|||F|||50|,,,,,Rock]Calyrex-Shadow||FocusSash|AsOneSpectrier|AstralBarrage,Protect,Disable,Psychic||||||50|,,,,,Ghost]Rillaboom||AssaultVest|GrassySurge|FakeOut,DrumBeating,Uturn,GrassyGlide|||F|||50|,,,,,Fire\n|showteam|p2|Sneasler||GrassySeed|Unburden|CloseCombat,DireClaw,Acrobatics,BulkUp|||M|||50|,,,,,Dark]Rayquaza||CovertCloak|AirLock|ExtremeSpeed,DragonAscent,DragonClaw,RockSlide||||||50|,,,,,Normal]Zamazenta-Crowned||RustedShield|DauntlessShield|BodyPress,HeavySlam,WideGuard,Protect||||||50|,,,,,Dragon]Rillaboom||AssaultVest|GrassySurge|FakeOut,GrassyGlide,WoodHammer,KnockOff|||M|||50|,,,,,Fire]Urshifu-Rapid-Strike||ChoiceBand|UnseenFist|AquaJet,SurgingStrikes,CloseCombat,Detect|||M|||50|,,,,,Water]Farigiraf||SafetyGoggles|ArmorTail|DazzlingGleam,HyperVoice,HelpingHand,TrickRoom|||M|||50|,,,,,Dark\n|inactive|Battle timer is ON: inactive players will automatically lose when time's up. (requested by RouletteVGC)\n|inactive|Tugi has 60 seconds left.\n|inactive|RouletteVGC has 60 seconds left.\n|inactive|Tugi has 30 seconds left.\n|inactive|Tugi has 20 seconds left.\n|inactive|Tugi has 15 seconds left.\n|inactive|Tugi has 10 seconds left.\n|\n|t:|1746116662\n|start\n|switch|p1a: Ogerpon|Ogerpon-Cornerstone, L50, F|100/100\n|switch|p1b: Terapagos|Terapagos, L50, M|100/100\n|switch|p2a: Zamazenta|Zamazenta-Crowned, L50|100/100\n|switch|p2b: Urshifu|Urshifu-Rapid-Strike, L50, M|100/100\n|-activate|p1b: Terapagos|ability: Tera Shift\n|detailschange|p1b: Terapagos|Terapagos-Terastal, L50, M\n|-heal|p1b: Terapagos|100/100|[silent]\n|-ability|p2a: Zamazenta|Dauntless Shield|boost\n|-boost|p2a: Zamazenta|def|1\n|turn|1\n|inactive|Tugi has 30 seconds left.\n|inactive|Tugi has 20 seconds left.\n|inactive|Tugi has 15 seconds left.\n|\n|t:|1746116703\n|switch|p1b: Calyrex|Calyrex-Shadow, L50|100/100\n|-ability|p1b: Calyrex|As One\n|-ability|p1b: Calyrex|Unnerve\n|move|p1a: Ogerpon|Spiky Shield|p1a: Ogerpon\n|-singleturn|p1a: Ogerpon|move: Protect\n|move|p2b: Urshifu|Close Combat|p1b: Calyrex\n|-immune|p1b: Calyrex\n|move|p2a: Zamazenta|Body Press|p1b: Calyrex\n|-immune|p1b: Calyrex\n|\n|upkeep\n|turn|2\n|inactive|Tugi has 30 seconds left.\n|inactive|RouletteVGC has 30 seconds left.\n|inactive|Tugi has 20 seconds left.\n|inactive|Tugi has 15 seconds left.\n|\n|t:|1746116745\n|switch|p1a: Rillaboom|Rillaboom, L50, F|100/100\n|-fieldstart|move: Grassy Terrain|[from] ability: Grassy Surge|[of] p1a: Rillaboom\n|move|p2a: Zamazenta|Wide Guard|p2a: Zamazenta\n|-singleturn|p2a: Zamazenta|Wide Guard\n|move|p1b: Calyrex|Psychic|p2b: Urshifu\n|-supereffective|p2b: Urshifu\n|-damage|p2b: Urshifu|0 fnt\n|faint|p2b: Urshifu\n|-ability|p1b: Calyrex|Grim Neigh|boost\n|-boost|p1b: Calyrex|spa|1\n|\n|upkeep\n|\n|t:|1746116757\n|switch|p2b: Sneasler|Sneasler, L50, M|100/100\n|-enditem|p2b: Sneasler|Grassy Seed\n|-boost|p2b: Sneasler|def|1|[from] item: Grassy Seed\n|turn|3\n|inactive|Tugi has 30 seconds left.\n|\n|t:|1746116789\n|-terastallize|p2b: Sneasler|Dark\n|move|p2a: Zamazenta|Wide Guard|p2a: Zamazenta\n|-singleturn|p2a: Zamazenta|Wide Guard\n|move|p1a: Rillaboom|Fake Out|p2b: Sneasler\n|-damage|p2b: Sneasler|83/100\n|cant|p2b: Sneasler|flinch\n|move|p1b: Calyrex|Psychic|p2b: Sneasler\n|-immune|p2b: Sneasler\n|\n|-heal|p2b: Sneasler|89/100|[from] Grassy Terrain\n|upkeep\n|turn|4\n|\n|t:|1746116808\n|move|p1b: Calyrex|Protect|p1b: Calyrex\n|-singleturn|p1b: Calyrex|Protect\n|move|p2a: Zamazenta|Wide Guard|p2a: Zamazenta\n|-singleturn|p2a: Zamazenta|Wide Guard\n|move|p2b: Sneasler|Dire Claw|p1b: Calyrex\n|-activate|p1b: Calyrex|move: Protect\n|move|p1a: Rillaboom|Drum Beating|p2b: Sneasler\n|-damage|p2b: Sneasler|27/100\n|-unboost|p2b: Sneasler|spe|1\n|\n|-heal|p2b: Sneasler|33/100|[from] Grassy Terrain\n|upkeep\n|turn|5\n|inactive|Tugi has 30 seconds left.\n|inactive|RouletteVGC has 30 seconds left.\n|\n|t:|1746116838\n|switch|p1b: Terapagos|Terapagos-Terastal, L50, M|100/100\n|move|p2b: Sneasler|Acrobatics|p1a: Rillaboom\n|-supereffective|p1a: Rillaboom\n|-damage|p1a: Rillaboom|21/100\n|move|p2a: Zamazenta|Heavy Slam|p1a: Rillaboom\n|-damage|p1a: Rillaboom|0 fnt\n|faint|p1a: Rillaboom\n|\n|-heal|p2b: Sneasler|39/100|[from] Grassy Terrain\n|upkeep\n|inactive|Tugi has 30 seconds left.\n|inactive|Tugi has 20 seconds left.\n|inactive|Tugi has 15 seconds left.\n|\n|t:|1746116880\n|switch|p1a: Ogerpon|Ogerpon-Cornerstone, L50, F|100/100\n|turn|6\n|\n|t:|1746116895\n|move|p1a: Ogerpon|Follow Me|p1a: Ogerpon\n|-singleturn|p1a: Ogerpon|move: Follow Me\n|move|p2b: Sneasler|Dire Claw|p1a: Ogerpon\n|-damage|p1a: Ogerpon|50/100\n|move|p2a: Zamazenta|Body Press|p1a: Ogerpon\n|-supereffective|p1a: Ogerpon\n|-crit|p1a: Ogerpon\n|-damage|p1a: Ogerpon|0 fnt\n|faint|p1a: Ogerpon\n|move|p1b: Terapagos|Calm Mind|p1b: Terapagos\n|-boost|p1b: Terapagos|spa|1\n|-boost|p1b: Terapagos|spd|1\n|\n|-heal|p2b: Sneasler|44/100|[from] Grassy Terrain\n|-fieldend|move: Grassy Terrain\n|upkeep\n|\n|t:|1746116907\n|switch|p1a: Calyrex|Calyrex-Shadow, L50|100/100\n|-ability|p1a: Calyrex|As One\n|-ability|p1a: Calyrex|Unnerve\n|turn|7\n|inactive|Tugi has 30 seconds left.\n|\n|t:|1746116939\n|move|p1b: Terapagos|Protect|p1b: Terapagos\n|-singleturn|p1b: Terapagos|Protect\n|move|p1a: Calyrex|Psychic|p2a: Zamazenta\n|-damage|p2a: Zamazenta|66/100\n|move|p2b: Sneasler|Close Combat|p1b: Terapagos\n|-activate|p1b: Terapagos|move: Protect\n|move|p2a: Zamazenta|Body Press|p1b: Terapagos\n|-activate|p1b: Terapagos|move: Protect\n|\n|upkeep\n|turn|8\n|inactive|Tugi has 30 seconds left.\n|\n|t:|1746116964\n|move|p1a: Calyrex|Disable|p2a: Zamazenta\n|-start|p2a: Zamazenta|Disable|Body Press\n|move|p2b: Sneasler|Close Combat|p1b: Terapagos\n|-activate|p1b: Terapagos|ability: Tera Shell\n|-resisted|p1b: Terapagos\n|-damage|p1b: Terapagos|73/100\n|-unboost|p2b: Sneasler|def|1\n|-unboost|p2b: Sneasler|spd|1\n|cant|p2a: Zamazenta|Disable|Body Press\n|move|p1b: Terapagos|Tera Starstorm|p2b: Sneasler\n|-damage|p2b: Sneasler|0 fnt\n|faint|p2b: Sneasler\n|\n|-heal|p1b: Terapagos|79/100|[from] item: Leftovers\n|upkeep\n|\n|t:|1746116972\n|switch|p2b: Rayquaza|Rayquaza, L50|100/100\n|-ability|p2b: Rayquaza|Air Lock\n|turn|9\n|inactive|Tugi has 30 seconds left.\n|inactive|Tugi has 20 seconds left.\n|inactive|Tugi has 15 seconds left.\n|inactive|Tugi has 10 seconds left.\n|\n|t:|1746117022\n|-terastallize|p1b: Terapagos|Stellar\n|detailschange|p1b: Terapagos|Terapagos-Stellar, L50, M, tera:Stellar\n|-heal|p1b: Terapagos|84/100|[silent]\n|move|p2b: Rayquaza|Extreme Speed|p1b: Terapagos\n|-damage|p1b: Terapagos|64/100\n|move|p1a: Calyrex|Astral Barrage|p2b: Rayquaza|[spread] p2a,p2b\n|-damage|p2a: Zamazenta|32/100\n|-damage|p2b: Rayquaza|47/100\n|move|p2a: Zamazenta|Heavy Slam|p1b: Terapagos\n|-crit|p1b: Terapagos\n|-damage|p1b: Terapagos|22/100\n|move|p1b: Terapagos|Earth Power|p2a: Zamazenta\n|-supereffective|p2a: Zamazenta\n|-crit|p2a: Zamazenta\n|-damage|p2a: Zamazenta|0 fnt\n|faint|p2a: Zamazenta\n|\n|-heal|p1b: Terapagos|28/100|[from] item: Leftovers\n|upkeep\n|turn|10\n|\n|t:|1746117044\n|move|p1a: Calyrex|Astral Barrage|p2b: Rayquaza\n|-damage|p2b: Rayquaza|0 fnt\n|faint|p2b: Rayquaza\n|\n|win|Tugi\n||RouletteVGC is ready for game 2.\n||Tugi is ready for game 2.\n|uhtml|next|Next: <a href=\"/battle-gen9vgc2025regibo3-2354756673\"><strong>Game 2 of 3</strong></a>\n|l|\u2606RouletteVGC\n|player|p2|\n", "uploadtime": 1746117406, "views": 7, "formatid": "gen9vgc2025regibo3", "rating": null, "private": 0, "password": null}