{"id": "gen9vgc2025regibo3-2354049441", "format": "[Gen 9] VGC 2025 Reg I (Bo3)", "players": ["NETDlDO", "I am a bird kacaw"], "log": "|j|\u2606NETDlDO\n|j|\u2606I am a bird kacaw\n|html|<table width=\"100%\"><tr><td align=\"left\">NETDlDO</td><td align=\"right\">I am a bird kacaw</tr><tr><td align=\"left\"><i class=\"fa fa-circle-o\"></i> <i class=\"fa fa-circle-o\"></i> </td><td align=\"right\"><i class=\"fa fa-circle-o\"></i> <i class=\"fa fa-circle-o\"></i> </tr></table>\n|uhtml|bestof|<h2><strong>Game 1</strong> of <a href=\"/game-bestof3-gen9vgc2025regibo3-2354049437\">a best-of-3</a></h2>\n|t:|1746030529\n|gametype|doubles\n|player|p1|NETDlDO|bruno|1054\n|player|p2|I am a bird kacaw|170|1066\n|teamsize|p1|6\n|teamsize|p2|6\n|gen|9\n|tier|[Gen 9] VGC 2025 Reg I (Bo3)\n|rated|\n|rule|Species Clause: Limit one of each Pok\u00e9mon\n|rule|Item Clause: Limit 1 of each item\n|clearpoke\n|poke|p1|Miraidon, L50|\n|poke|p1|Ho-Oh, L50|\n|poke|p1|Farigiraf, L50, M|\n|poke|p1|Urshifu-*, L50, F|\n|poke|p1|Ogerpon-Cornerstone, L50, F|\n|poke|p1|Grimmsnarl, L50, M|\n|poke|p2|Calyrex-Shadow, L50|\n|poke|p2|Zamazenta-*, L50|\n|poke|p2|Smeargle, L50, M|\n|poke|p2|Tornadus, L50, M|\n|poke|p2|Urshifu-*, L50, F|\n|poke|p2|Ogerpon-Hearthflame, L50, F|\n|teampreview|4\n|showteam|p1|Miraidon||ChoiceSpecs|HadronEngine|ElectroDrift,VoltSwitch,DracoMeteor,DazzlingGleam||||||50|,,,,,Fairy]Ho-Oh||Leftovers|Regenerator|Tailwind,SacredFire,Protect,LifeDew||||||50|,,,,,Steel]Farigiraf||ElectricSeed|ArmorTail|Psychic,FoulPlay,TrickRoom,HelpingHand|||M|||50|,,,,,Fairy]Urshifu-Rapid-Strike||FocusSash|UnseenFist|Taunt,SurgingStrikes,CloseCombat,Detect|||F|||50|,,,,,Water]Ogerpon-Cornerstone||CornerstoneMask|Sturdy|IvyCudgel,SpikyShield,FollowMe,BrickBreak|||F|||50|,,,,,Rock]Grimmsnarl||LightClay|Prankster|FakeOut,LightScreen,Reflect,SpiritBreak|||M|||50|,,,,,Dark\n|showteam|p2|Calyrex-Shadow||LifeOrb|AsOneSpectrier|AstralBarrage,DarkPulse,NastyPlot,Protect||||||50|,,,,,Dark]Zamazenta-Crowned||RustedShield|DauntlessShield|BodyPress,HeavySlam,WideGuard,Protect||||||50|,,,,,Fairy]Smeargle||FocusSash|Moody|FollowMe,Decorate,FakeOut,WideGuard|||M|||50|,,,,,Ghost]Tornadus||CovertCloak|Prankster|BleakwindStorm,Tailwind,Taunt,RainDance|||M|||50|,,,,,Ghost]Urshifu-Rapid-Strike||MysticWater|UnseenFist|SurgingStrikes,AquaJet,CloseCombat,Detect|||F|||50|,,,,,Stellar]Ogerpon-Hearthflame||HearthflameMask|MoldBreaker|IvyCudgel,HornLeech,FollowMe,SpikyShield|||F|||50|,,,,,Fire\n|\n|t:|1746030606\n|start\n|switch|p1a: Urshifu|Urshifu-Rapid-Strike, L50, F|100/100\n|switch|p1b: Farigiraf|Farigiraf, L50, M|100/100\n|switch|p2a: Tornadus|Tornadus, L50, M|100/100\n|switch|p2b: Calyrex|Calyrex-Shadow, L50|100/100\n|-ability|p2b: Calyrex|As One\n|-ability|p2b: Calyrex|Unnerve\n|turn|1\n|\n|t:|1746030649\n|move|p2b: Calyrex|Protect|p2b: Calyrex\n|-singleturn|p2b: Calyrex|Protect\n|move|p2a: Tornadus|Tailwind|p2a: Tornadus\n|-sidestart|p2: I am a bird kacaw|move: Tailwind\n|move|p1a: Urshifu|Close Combat|p2b: Calyrex\n|-immune|p2b: Calyrex\n|move|p1b: Farigiraf|Foul Play|p2b: Calyrex\n|-activate|p2b: Calyrex|move: Protect\n|\n|upkeep\n|turn|2\n|\n|t:|1746030678\n|-terastallize|p2b: Calyrex|Dark\n|move|p2b: Calyrex|Astral Barrage|p1a: Urshifu|[spread] p1a\n|-immune|p1b: Farigiraf\n|-damage|p1a: Urshifu|2/100\n|-damage|p2b: Calyrex|90/100|[from] item: Life Orb\n|move|p2a: Tornadus|Bleakwind Storm|p1a: Urshifu|[spread] p1a,p1b\n|-supereffective|p1a: Urshifu\n|-damage|p1a: Urshifu|0 fnt\n|-damage|p1b: Farigiraf|68/100\n|faint|p1a: Urshifu\n|move|p1b: Farigiraf|Foul Play|p2b: Calyrex\n|-resisted|p2b: Calyrex\n|-crit|p2b: Calyrex\n|-damage|p2b: Calyrex|78/100\n|\n|upkeep\n|\n|t:|1746030693\n|switch|p1a: Grimmsnarl|Grimmsnarl, L50, M|100/100\n|turn|3\n|\n|t:|1746030709\n|switch|p2a: Smeargle|Smeargle, L50, M|100/100\n|switch|p1b: Miraidon|Miraidon, L50|100/100\n|-fieldstart|move: Electric Terrain|[from] ability: Hadron Engine|[of] p1b: Miraidon\n|move|p2b: Calyrex|Protect|p2b: Calyrex\n|-singleturn|p2b: Calyrex|Protect\n|move|p1a: Grimmsnarl|Fake Out|p2b: Calyrex\n|-activate|p2b: Calyrex|move: Protect\n|\n|-ability|p2a: Smeargle|Moody|boost\n|-boost|p2a: Smeargle|spe|2\n|-unboost|p2a: Smeargle|spa|1\n|upkeep\n|turn|4\n|\n|t:|1746030750\n|switch|p2b: Zamazenta|Zamazenta-Crowned, L50|100/100\n|-ability|p2b: Zamazenta|Dauntless Shield|boost\n|-boost|p2b: Zamazenta|def|1\n|move|p2a: Smeargle|Fake Out|p1b: Miraidon\n|-damage|p1b: Miraidon|95/100\n|move|p1a: Grimmsnarl|Light Screen|p1a: Grimmsnarl\n|-sidestart|p1: NETDlDO|move: Light Screen\n|cant|p1b: Miraidon|flinch\n|\n|-sideend|p2: I am a bird kacaw|move: Tailwind\n|-ability|p2a: Smeargle|Moody|boost\n|-boost|p2a: Smeargle|spa|2\n|-unboost|p2a: Smeargle|spd|1\n|upkeep\n|turn|5\n|\n|t:|1746030784\n|move|p1a: Grimmsnarl|Reflect|p1a: Grimmsnarl\n|-sidestart|p1: NETDlDO|Reflect\n|move|p2a: Smeargle|Decorate|p2b: Zamazenta\n|-boost|p2b: Zamazenta|atk|2\n|-boost|p2b: Zamazenta|spa|2\n|move|p1b: Miraidon|Electro Drift|p2b: Zamazenta\n|-damage|p2b: Zamazenta|0 fnt\n|faint|p2b: Zamazenta\n|\n|-ability|p2a: Smeargle|Moody|boost\n|-boost|p2a: Smeargle|atk|2\n|-unboost|p2a: Smeargle|spd|1\n|upkeep\n|\n|t:|1746030795\n|switch|p2b: Calyrex|Calyrex-Shadow, L50, tera:Dark|78/100\n|-ability|p2b: Calyrex|As One\n|-ability|p2b: Calyrex|Unnerve\n|turn|6\n|\n|t:|1746030816\n|move|p2a: Smeargle|Decorate|p2b: Calyrex\n|-boost|p2b: Calyrex|atk|2\n|-boost|p2b: Calyrex|spa|2\n|move|p2b: Calyrex|Astral Barrage|p1a: Grimmsnarl|[spread] p1a,p1b\n|-resisted|p1a: Grimmsnarl\n|-damage|p1a: Grimmsnarl|52/100\n|-damage|p1b: Miraidon|14/100\n|-damage|p2b: Calyrex|68/100|[from] item: Life Orb\n|move|p1b: Miraidon|Electro Drift|p2b: Calyrex\n|-damage|p2b: Calyrex|0 fnt\n|faint|p2b: Calyrex\n|move|p1a: Grimmsnarl|Spirit Break|p2a: Smeargle\n|-damage|p2a: Smeargle|28/100\n|-unboost|p2a: Smeargle|spa|1\n|\n|-ability|p2a: Smeargle|Moody|boost\n|-boost|p2a: Smeargle|spa|2\n|-unboost|p2a: Smeargle|spd|1\n|upkeep\n|\n|t:|1746030834\n|switch|p2b: Tornadus|Tornadus, L50, M|100/100\n|turn|7\n|\n|t:|1746030855\n|move|p2a: Smeargle|Follow Me|p2a: Smeargle\n|-singleturn|p2a: Smeargle|move: Follow Me\n|move|p1b: Miraidon|Electro Drift|p2a: Smeargle\n|-damage|p2a: Smeargle|0 fnt\n|faint|p2a: Smeargle\n|move|p2b: Tornadus|Bleakwind Storm|p1a: Grimmsnarl|[spread] p1a,p1b\n|-resisted|p1b: Miraidon\n|-damage|p1a: Grimmsnarl|31/100\n|-damage|p1b: Miraidon|4/100\n|-unboost|p1a: Grimmsnarl|spe|1\n|move|p1a: Grimmsnarl|Spirit Break|p2b: Tornadus\n|-damage|p2b: Tornadus|63/100\n|\n|-fieldend|move: Electric Terrain\n|upkeep\n|turn|8\n|-message|I am a bird kacaw forfeited.\n|\n|win|NETDlDO\n|l|\u2606I am a bird kacaw\n|player|p2|\n||I am a bird kacaw is ready for game 2.\n||NETDlDO is ready for game 2.\n|uhtml|next|Next: <a href=\"/battle-gen9vgc2025regibo3-2354053527\"><strong>Game 2 of 3</strong></a>\n", "uploadtime": 1746031638, "views": 9, "formatid": "gen9vgc2025regibo3", "rating": null, "private": 0, "password": null}