{"id": "gen9vgc2025regibo3-2353302448", "format": "[Gen 9] VGC 2025 Reg I (Bo3)", "players": ["Pry16", "Squall67"], "log": "|j|\u2606Pry16\n|j|\u2606Squall67\n|html|<table width=\"100%\"><tr><td align=\"left\">Pry16</td><td align=\"right\">Squall67</tr><tr><td align=\"left\"><i class=\"fa fa-circle-o\"></i> <i class=\"fa fa-circle-o\"></i> </td><td align=\"right\"><i class=\"fa fa-circle-o\"></i> <i class=\"fa fa-circle\"></i> </tr></table>\n|uhtml|bestof|<h2><strong>Game 2</strong> of <a href=\"/game-bestof3-gen9vgc2025regibo3-2353300899\">a best-of-3</a></h2>\n|t:|1745944689\n|gametype|doubles\n|player|p1|Pry16|colress|1274\n|player|p2|Squall67|hiker|1160\n|teamsize|p1|6\n|teamsize|p2|6\n|gen|9\n|tier|[Gen 9] VGC 2025 Reg I (Bo3)\n|rated|\n|rule|Species Clause: Limit one of each Pok\u00e9mon\n|rule|Item Clause: Limit 1 of each item\n|clearpoke\n|poke|p1|Ogerpon-Wellspring, L50, F|\n|poke|p1|Rillaboom, L50, M|\n|poke|p1|Calyrex-Ice, L50|\n|poke|p1|Kyogre, L50|\n|poke|p1|Urshifu-*, L50, F|\n|poke|p1|Tornadus, L50, M|\n|poke|p2|Miraidon, L50|\n|poke|p2|Urshifu-*, L50, F|\n|poke|p2|Grimmsnarl, L50, M|\n|poke|p2|Lunala, L50|\n|poke|p2|Incineroar, L50, M|\n|poke|p2|Ogerpon-Cornerstone, L50, F|\n|teampreview|4\n|showteam|p1|Ogerpon-Wellspring||WellspringMask|WaterAbsorb|IvyCudgel,GrassyGlide,FollowMe,SpikyShield|||F|||50|,,,,,Water]Rillaboom||AssaultVest|GrassySurge|FakeOut,GrassyGlide,WoodHammer,Uturn|||M|||50|,,,,,Grass]Calyrex-Ice||ClearAmulet|AsOneGlastrier|GlacialLance,HighHorsepower,TrickRoom,Protect||||||50|,,,,,Fire]Kyogre||MysticWater|Drizzle|WaterSpout,OriginPulse,IceBeam,Protect||||||50|,,,,,Grass]Urshifu-Rapid-Strike||ChoiceScarf|UnseenFist|SurgingStrikes,CloseCombat,AquaJet,Uturn|||F|||50|,,,,,Water]Tornadus||CovertCloak|Prankster|Hurricane,Tailwind,RainDance,Taunt|||M|||50|,,,,,Dark\n|showteam|p2|Miraidon||ChoiceSpecs|HadronEngine|ElectroDrift,DragonPulse,Snarl,VoltSwitch||||||50|,,,,,Electric]Urshifu-Rapid-Strike||ChoiceScarf|UnseenFist|SurgingStrikes,CloseCombat,AquaJet,Uturn|||F|||50|,,,,,Water]Grimmsnarl||LightClay|Prankster|ThunderWave,LightScreen,Reflect,SpiritBreak|||M|||50|,,,,,Ghost]Lunala||PowerHerb|ShadowShield|MeteorBeam,TrickRoom,DazzlingGleam,MoongeistBeam||||||50|,,,,,Water]Incineroar||AssaultVest|Intimidate|FakeOut,KnockOff,DrainPunch,Uturn|||M|||50|,,,,,Fairy]Ogerpon-Cornerstone||CornerstoneMask|Sturdy|SpikyShield,IvyCudgel,KnockOff,FollowMe|||F|||50|,,,,,Rock\n|inactive|Battle timer is ON: inactive players will automatically lose when time's up. (requested by Pry16)\n|inactive|Squall67 has 60 seconds left.\n|\n|t:|1745944739\n|start\n|switch|p1a: Rillaboom|Rillaboom, L50, M|100/100\n|switch|p1b: Urshifu|Urshifu-Rapid-Strike, L50, F|100/100\n|switch|p2a: Grimmsnarl|Grimmsnarl, L50, M, shiny|100/100\n|switch|p2b: Incineroar|Incineroar, L50, M, shiny|100/100\n|-fieldstart|move: Grassy Terrain|[from] ability: Grassy Surge|[of] p1a: Rillaboom\n|-ability|p2b: Incineroar|Intimidate|boost\n|-unboost|p1a: Rillaboom|atk|1\n|-unboost|p1b: Urshifu|atk|1\n|turn|1\n|\n|t:|1745944757\n|-terastallize|p1b: Urshifu|Water\n|move|p1a: Rillaboom|Fake Out|p2b: Incineroar\n|-damage|p2b: Incineroar|93/100\n|cant|p2b: Incineroar|flinch\n|move|p2a: Grimmsnarl|Reflect|p2a: Grimmsnarl\n|-sidestart|p2: Squall67|Reflect\n|move|p1b: Urshifu|Surging Strikes|p2a: Grimmsnarl\n|-crit|p2a: Grimmsnarl\n|-damage|p2a: Grimmsnarl|71/100\n|-crit|p2a: Grimmsnarl\n|-damage|p2a: Grimmsnarl|39/100\n|-crit|p2a: Grimmsnarl\n|-damage|p2a: Grimmsnarl|10/100\n|-hitcount|p2a: Grimmsnarl|3\n|\n|-heal|p2a: Grimmsnarl|16/100|[from] Grassy Terrain\n|-heal|p2b: Incineroar|99/100|[from] Grassy Terrain\n|upkeep\n|turn|2\n|\n|t:|1745944770\n|move|p1a: Rillaboom|Grassy Glide|p2a: Grimmsnarl\n|-damage|p2a: Grimmsnarl|0 fnt\n|faint|p2a: Grimmsnarl\n|move|p1b: Urshifu|Surging Strikes|p2b: Incineroar\n|-supereffective|p2b: Incineroar\n|-crit|p2b: Incineroar\n|-damage|p2b: Incineroar|53/100\n|-supereffective|p2b: Incineroar\n|-crit|p2b: Incineroar\n|-damage|p2b: Incineroar|7/100\n|-supereffective|p2b: Incineroar\n|-crit|p2b: Incineroar\n|-damage|p2b: Incineroar|0 fnt\n|faint|p2b: Incineroar\n|-hitcount|p2: Incineroar|3\n|\n|upkeep\n|\n|t:|1745944776\n|switch|p2a: Lunala|Lunala, L50|100/100\n|switch|p2b: Miraidon|Miraidon, L50|100/100\n|-fieldstart|move: Electric Terrain|[from] ability: Hadron Engine|[of] p2b: Miraidon\n|turn|3\n|\n|t:|1745944789\n|move|p1b: Urshifu|Surging Strikes|p2a: Lunala\n|-crit|p2a: Lunala\n|-damage|p2a: Lunala|88/100\n|-crit|p2a: Lunala\n|-damage|p2a: Lunala|67/100\n|-crit|p2a: Lunala\n|-damage|p2a: Lunala|45/100\n|-hitcount|p2a: Lunala|3\n|move|p2b: Miraidon|Electro Drift|p1b: Urshifu\n|-supereffective|p1b: Urshifu\n|-damage|p1b: Urshifu|0 fnt\n|faint|p1b: Urshifu\n|move|p2a: Lunala|Meteor Beam||[still]\n|-prepare|p2a: Lunala|Meteor Beam\n|-boost|p2a: Lunala|spa|1\n|-enditem|p2a: Lunala|Power Herb\n|-anim|p2a: Lunala|Meteor Beam|p1a: Rillaboom\n|-damage|p1a: Rillaboom|53/100\n|move|p1a: Rillaboom|U-turn|p2a: Lunala\n|-damage|p2a: Lunala|37/100\n|\n|t:|1745944797\n|switch|p1a: Calyrex|Calyrex-Ice, L50|100/100|[from] U-turn\n|-ability|p1a: Calyrex|As One\n|-ability|p1a: Calyrex|Unnerve\n|\n|upkeep\n|\n|t:|1745944809\n|switch|p1b: Rillaboom|Rillaboom, L50, M|53/100\n|-fieldstart|move: Grassy Terrain|[from] ability: Grassy Surge|[of] p1b: Rillaboom\n|turn|4\n|\n|t:|1745944819\n|move|p1a: Calyrex|Protect|p1a: Calyrex\n|-singleturn|p1a: Calyrex|Protect\n|move|p2b: Miraidon|Electro Drift|p1a: Calyrex\n|-activate|p1a: Calyrex|move: Protect\n|move|p1b: Rillaboom|Wood Hammer|p2a: Lunala\n|-crit|p2a: Lunala\n|-damage|p2a: Lunala|0 fnt\n|faint|p2a: Lunala\n|-damage|p1b: Rillaboom|39/100|[from] Recoil\n|\n|-heal|p1b: Rillaboom|45/100|[from] Grassy Terrain\n|upkeep\n|turn|5\n|\n|t:|1745944830\n|-terastallize|p2b: Miraidon|Electric\n|move|p2b: Miraidon|Electro Drift|p1a: Calyrex\n|-damage|p1a: Calyrex|31/100\n|move|p1b: Rillaboom|U-turn|p2b: Miraidon\n|-damage|p2b: Miraidon|86/100\n|\n|t:|1745944835\n|switch|p1b: Ogerpon|Ogerpon-Wellspring, L50, F|100/100|[from] U-turn\n|move|p1a: Calyrex|Glacial Lance|p2b: Miraidon\n|-damage|p2b: Miraidon|38/100\n|\n|-heal|p2b: Miraidon|44/100|[from] Grassy Terrain\n|-heal|p1a: Calyrex|37/100|[from] Grassy Terrain\n|upkeep\n|turn|6\n|\n|t:|1745944840\n|move|p1a: Calyrex|Protect|p1a: Calyrex\n|-singleturn|p1a: Calyrex|Protect\n|move|p1b: Ogerpon|Grassy Glide|p2b: Miraidon\n|-damage|p2b: Miraidon|18/100\n|move|p2b: Miraidon|Electro Drift|p1b: Ogerpon\n|-damage|p1b: Ogerpon|0 fnt\n|faint|p1b: Ogerpon\n|\n|-heal|p2b: Miraidon|24/100|[from] Grassy Terrain\n|-heal|p1a: Calyrex|43/100|[from] Grassy Terrain\n|upkeep\n|\n|t:|1745944845\n|switch|p1b: Rillaboom|Rillaboom, L50, M|45/100\n|turn|7\n|\n|t:|1745944849\n|move|p1b: Rillaboom|Fake Out|p2b: Miraidon\n|-damage|p2b: Miraidon|16/100\n|cant|p2b: Miraidon|flinch\n|move|p1a: Calyrex|Trick Room|p1a: Calyrex\n|-fieldstart|move: Trick Room|[of] p1a: Calyrex\n|\n|-heal|p1a: Calyrex|48/100|[from] Grassy Terrain\n|-heal|p1b: Rillaboom|51/100|[from] Grassy Terrain\n|-heal|p2b: Miraidon|22/100|[from] Grassy Terrain\n|upkeep\n|turn|8\n|\n|t:|1745944853\n|move|p1a: Calyrex|Glacial Lance|p2b: Miraidon\n|-damage|p2b: Miraidon|0 fnt\n|faint|p2b: Miraidon\n|\n|win|Pry16\n||Squall67 is ready for game 3.\n||Pry16 is ready for game 3.\n|uhtml|next|Next: <a href=\"/battle-gen9vgc2025regibo3-2353304472\"><strong>Game 3 of 3</strong></a>\n", "uploadtime": 1745944862, "views": 10, "formatid": "gen9vgc2025regibo3", "rating": null, "private": 0, "password": null}