{"id": "gen9vgc2025regibo3-2354822230", "format": "[Gen 9] VGC 2025 Reg I (Bo3)", "players": ["Lightoz IX", "Ultima Kamari"], "log": "|j|\u2606Lightoz IX\n|j|\u2606Ultima Kamari\n|html|<table width=\"100%\"><tr><td align=\"left\">Lightoz IX</td><td align=\"right\">Ultima Kamari</tr><tr><td align=\"left\"><i class=\"fa fa-circle-o\"></i> <i class=\"fa fa-circle-o\"></i> </td><td align=\"right\"><i class=\"fa fa-circle-o\"></i> <i class=\"fa fa-circle-o\"></i> </tr></table>\n|uhtml|bestof|<h2><strong>Game 1</strong> of <a href=\"/game-bestof3-gen9vgc2025regibo3-2354822229\">a best-of-3</a></h2>\n|t:|1746122743\n|gametype|doubles\n|player|p1|Lightoz IX|blue-gen2|1270\n|player|p2|Ultima Kamari|psychic-lgpe|1108\n|teamsize|p1|6\n|teamsize|p2|6\n|gen|9\n|tier|[Gen 9] VGC 2025 Reg I (Bo3)\n|rated|\n|rule|Species Clause: Limit one of each Pok\u00e9mon\n|rule|Item Clause: Limit 1 of each item\n|clearpoke\n|poke|p1|Lunala, L50|\n|poke|p1|Koraidon, L50|\n|poke|p1|Indeedee-F, L50, F|\n|poke|p1|Raging Bolt, L50|\n|poke|p1|Ogerpon-Hearthflame, L50, F|\n|poke|p1|Flutter Mane, L50|\n|poke|p2|Kyurem-White, L50|\n|poke|p2|Koraidon, L50|\n|poke|p2|Iron Hands, L50|\n|poke|p2|Chien-Pao, L50|\n|poke|p2|Tornadus, L50, M|\n|poke|p2|Gothitelle, L50, F|\n|teampreview|4\n|showteam|p1|Lunala||PowerHerb|ShadowShield|MoongeistBeam,ExpandingForce,MeteorBeam,WideGuard||||||50|,,,,,Water]Koraidon||LifeOrb|OrichalcumPulse|CloseCombat,FlareBlitz,FlameCharge,Protect||||||50|,,,,,Fire]Indeedee-F||PsychicSeed|PsychicSurge|AlluringVoice,FollowMe,HelpingHand,TrickRoom|||F|||50|,,,,,Water]Raging Bolt||AssaultVest|Protosynthesis|VoltSwitch,DracoMeteor,Snarl,Thunderclap||||||50|,,,,,Fairy]Ogerpon-Hearthflame||HearthflameMask|MoldBreaker|IvyCudgel,WoodHammer,FollowMe,SpikyShield|||F|||50|,,,,,Fire]Flutter Mane||FocusSash|Protosynthesis|Moonblast,ShadowBall,IcyWind,Protect||||||50|,,,,,Fairy\n|showteam|p2|Kyurem-White||NeverMeltIce|Turboblaze|Blizzard,FreezeDry,FusionFlare,Protect||||||50|,,,,,Fire]Koraidon||LifeOrb|OrichalcumPulse|Protect,Uturn,CloseCombat,FlareBlitz||||||50|,,,,,Fire]Iron Hands||AssaultVest|QuarkDrive|WildCharge,FakeOut,VoltSwitch,DrainPunch||||||50|,,,,,Flying]Chien-Pao||FocusSash|SwordofRuin|IceShard,SacredSword,Protect,Crunch||||||50|,,,,,Ghost]Tornadus||CovertCloak|Prankster|Snowscape,BleakwindStorm,Taunt,Tailwind|||M|||50|,,,,,Dark]Gothitelle||Leftovers|ShadowTag|FakeOut,Protect,TrickRoom,Psychic|||F|||50|,,,,,Dark\n|\n|t:|1746122807\n|start\n|switch|p1a: Lunala|Lunala, L50|100/100\n|switch|p1b: Indeedee|Indeedee-F, L50, F, shiny|100/100\n|switch|p2a: Tornadus|Tornadus, L50, M|100/100\n|switch|p2b: Kyurem|Kyurem-White, L50|100/100\n|-ability|p2b: Kyurem|Turboblaze\n|-fieldstart|move: Psychic Terrain|[from] ability: Psychic Surge|[of] p1b: Indeedee\n|-enditem|p1b: Indeedee|Psychic Seed\n|-boost|p1b: Indeedee|spd|1|[from] item: Psychic Seed\n|turn|1\n|inactive|Battle timer is ON: inactive players will automatically lose when time's up. (requested by Lightoz IX)\n|\n|t:|1746122834\n|switch|p2b: Gothitelle|Gothitelle, L50, F|100/100\n|move|p2a: Tornadus|Bleakwind Storm|p1a: Lunala|[spread] p1a,p1b\n|-damage|p1a: Lunala|88/100\n|-damage|p1b: Indeedee|73/100\n|-unboost|p1a: Lunala|spe|1\n|move|p1b: Indeedee|Alluring Voice|p2b: Gothitelle\n|-damage|p2b: Gothitelle|83/100\n|move|p1a: Lunala|Meteor Beam||[still]\n|-prepare|p1a: Lunala|Meteor Beam\n|-boost|p1a: Lunala|spa|1\n|-enditem|p1a: Lunala|Power Herb\n|-anim|p1a: Lunala|Meteor Beam|p2b: Gothitelle|[miss]\n|-miss|p1a: Lunala|p2b: Gothitelle\n|\n|-heal|p2b: Gothitelle|89/100|[from] item: Leftovers\n|upkeep\n|turn|2\n|inactive|Ultima Kamari has 30 seconds left.\n|inactive|Ultima Kamari has 20 seconds left.\n|inactive|Ultima Kamari has 15 seconds left.\n|\n|t:|1746122874\n|move|p1b: Indeedee|Helping Hand|p1a: Lunala\n|-singleturn|p1a: Lunala|Helping Hand|[of] p1b: Indeedee\n|move|p2b: Gothitelle|Protect|p2b: Gothitelle\n|-singleturn|p2b: Gothitelle|Protect\n|move|p2a: Tornadus|Bleakwind Storm|p1b: Indeedee|[spread] p1a,p1b\n|-damage|p1a: Lunala|62/100\n|-damage|p1b: Indeedee|50/100\n|-unboost|p1b: Indeedee|spe|1\n|move|p1a: Lunala|Moongeist Beam|p2a: Tornadus\n|-damage|p2a: Tornadus|0 fnt\n|faint|p2a: Tornadus\n|\n|-heal|p2b: Gothitelle|95/100|[from] item: Leftovers\n|upkeep\n|\n|t:|1746122885\n|switch|p2a: Koraidon|Koraidon, L50|100/100\n|-weather|SunnyDay|[from] ability: Orichalcum Pulse|[of] p2a: Koraidon\n|-activate|p2a: Koraidon|Orichalcum Pulse|[source]\n|turn|3\n|\n|t:|1746122893\n|-terastallize|p2b: Gothitelle|Dark\n|move|p1b: Indeedee|Follow Me|p1b: Indeedee\n|-singleturn|p1b: Indeedee|move: Follow Me\n|move|p2a: Koraidon|U-turn|p1b: Indeedee\n|-supereffective|p1b: Indeedee\n|-damage|p1b: Indeedee|0 fnt\n|faint|p1b: Indeedee\n|-damage|p2a: Koraidon|91/100|[from] item: Life Orb\n|\n|t:|1746122900\n|switch|p2a: Kyurem|Kyurem-White, L50|100/100|[from] U-turn\n|-ability|p2a: Kyurem|Turboblaze\n|move|p2b: Gothitelle|Psychic|p1a: Lunala\n|-resisted|p1a: Lunala\n|-damage|p1a: Lunala|45/100\n|move|p1a: Lunala|Expanding Force|p2a: Kyurem|[spread] p2a\n|-immune|p2b: Gothitelle\n|-damage|p2a: Kyurem|7/100\n|\n|-weather|SunnyDay|[upkeep]\n|-heal|p2b: Gothitelle|100/100|[from] item: Leftovers\n|upkeep\n|\n|t:|1746122913\n|switch|p1b: Koraidon|Koraidon, L50|100/100\n|-activate|p1b: Koraidon|ability: Orichalcum Pulse\n|turn|4\n|\n|t:|1746122933\n|switch|p1a: Flutter Mane|Flutter Mane, L50|100/100\n|-activate|p1a: Flutter Mane|ability: Protosynthesis\n|-start|p1a: Flutter Mane|protosynthesisspe\n|-terastallize|p1b: Koraidon|Fire\n|move|p2b: Gothitelle|Protect|p2b: Gothitelle\n|-singleturn|p2b: Gothitelle|Protect\n|move|p1b: Koraidon|Flame Charge|p2a: Kyurem\n|-damage|p2a: Kyurem|0 fnt\n|-boost|p1b: Koraidon|spe|1\n|faint|p2a: Kyurem\n|-damage|p1b: Koraidon|91/100|[from] item: Life Orb\n|\n|-weather|SunnyDay|[upkeep]\n|upkeep\n|\n|t:|1746122936\n|switch|p2a: Koraidon|Koraidon, L50|91/100\n|-activate|p2a: Koraidon|ability: Orichalcum Pulse\n|turn|5\n|\n|t:|1746122958\n|move|p2a: Koraidon|Protect|p2a: Koraidon\n|-singleturn|p2a: Koraidon|Protect\n|move|p1a: Flutter Mane|Moonblast|p2a: Koraidon\n|-activate|p2a: Koraidon|move: Protect\n|move|p1b: Koraidon|Close Combat|p2b: Gothitelle\n|-supereffective|p2b: Gothitelle\n|-damage|p2b: Gothitelle|0 fnt\n|-unboost|p1b: Koraidon|def|1\n|-unboost|p1b: Koraidon|spd|1\n|faint|p2b: Gothitelle\n|-damage|p1b: Koraidon|81/100|[from] item: Life Orb\n|\n|-weather|SunnyDay|[upkeep]\n|-fieldend|move: Psychic Terrain\n|upkeep\n|turn|6\n|-message|Ultima Kamari forfeited.\n|raw|Lightoz IX's rating: 1270 &rarr; <strong>1284</strong><br />(+14 for winning)\n|raw|Ultima Kamari's rating: 1108 &rarr; <strong>1094</strong><br />(-14 for losing)\n|\n|win|Lightoz IX\n|l|\u2606Lightoz IX\n|player|p1|\n|l|\u2606Ultima Kamari\n|player|p2|\n", "uploadtime": 1746123170, "views": 10, "formatid": "gen9vgc2025regibo3", "rating": 1094, "private": 0, "password": null}