{"id": "gen9vgc2025regibo3-2354952679", "format": "[Gen 9] VGC 2025 Reg I (Bo3)", "players": ["daltonic0", "Playest012"], "log": "|j|\u2606daltonic0\n|j|\u2606Playest012\n|html|<table width=\"100%\"><tr><td align=\"left\">daltonic0</td><td align=\"right\">Playest012</tr><tr><td align=\"left\"><i class=\"fa fa-circle-o\"></i> <i class=\"fa fa-circle-o\"></i> </td><td align=\"right\"><i class=\"fa fa-circle-o\"></i> <i class=\"fa fa-circle-o\"></i> </tr></table>\n|uhtml|bestof|<h2><strong>Game 1</strong> of <a href=\"/game-bestof3-gen9vgc2025regibo3-2354952678\">a best-of-3</a></h2>\n|t:|1746135157\n|gametype|doubles\n|player|p1|daltonic0|unknown|1000\n|player|p2|Playest012|infielder|1047\n|teamsize|p1|6\n|teamsize|p2|6\n|gen|9\n|tier|[Gen 9] VGC 2025 Reg I (Bo3)\n|rated|\n|rule|Species Clause: Limit one of each Pok\u00e9mon\n|rule|Item Clause: Limit 1 of each item\n|clearpoke\n|poke|p1|Miraidon, L50|\n|poke|p1|Whimsicott, L50, F|\n|poke|p1|Urshifu-*, L50, M|\n|poke|p1|Ogerpon-Hearthflame, L50, F|\n|poke|p1|Farigiraf, L50, M|\n|poke|p1|Iron Hands, L50|\n|poke|p2|Zacian-*, L50|\n|poke|p2|Calyrex-Ice, L50|\n|poke|p2|Pelipper, L50, F|\n|poke|p2|Urshifu-*, L50, F|\n|poke|p2|Raging Bolt, L50|\n|poke|p2|Ogerpon-Cornerstone, L50, F|\n|teampreview|4\n|showteam|p1|Miraidon||ChoiceSpecs|HadronEngine|ElectroDrift,DracoMeteor,VoltSwitch,DazzlingGleam||||||50|,,,,,Fairy]Whimsicott||CovertCloak|Prankster|Moonblast,Tailwind,LightScreen,Encore|||F|||50|,,,,,Dark]Urshifu-Rapid-Strike||FocusSash|UnseenFist|SurgingStrikes,CloseCombat,AquaJet,Protect|||M|||50|,,,,,Stellar]Ogerpon-Hearthflame||HearthflameMask|MoldBreaker|IvyCudgel,WoodHammer,FollowMe,SpikyShield|||F|||50|,,,,,Fire]Farigiraf||ElectricSeed|ArmorTail|FoulPlay,PsychicNoise,TrickRoom,HelpingHand|||M|||50|,,,,,Water]Iron Hands||AssaultVest|QuarkDrive|DrainPunch,LowKick,WildCharge,FakeOut||||||50|,,,,,Bug\n|showteam|p2|Zacian-Crowned||RustedSword|IntrepidSword|Protect,PlayRough,SacredSword,behemothblade||||||50|,,,,,Dragon]Calyrex-Ice||ClearAmulet|AsOneGlastrier|Protect,TrickRoom,HighHorsepower,GlacialLance||||||50|,,,,,Water]Pelipper||FocusSash|Drizzle|Protect,Hurricane,WeatherBall,WideGuard|||F|||50|,,,,,Ghost]Urshifu-Rapid-Strike||ChoiceScarf|UnseenFist|SurgingStrikes,CloseCombat,Coaching,Uturn|||F|||50|,,,,,Ghost]Raging Bolt||BoosterEnergy|Protosynthesis|Protect,Thunderbolt,Thunderclap,DracoMeteor||||||50|,,,,,Fairy]Ogerpon-Cornerstone||CornerstoneMask|Sturdy|SpikyShield,FollowMe,WoodHammer,IvyCudgel|||F|||50|,,,,,Rock\n|inactive|Battle timer is ON: inactive players will automatically lose when time's up. (requested by Playest012)\n|inactive|daltonic0 has 60 seconds left.\n|inactive|Playest012 has 60 seconds left.\n|\n|t:|1746135214\n|start\n|switch|p1a: Whimsicott|Whimsicott, L50, F|100/100\n|switch|p1b: Urshifu|Urshifu-Rapid-Strike, L50, M|100/100\n|switch|p2a: Zacian|Zacian-Crowned, L50|100/100\n|switch|p2b: Calyrex|Calyrex-Ice, L50|100/100\n|-ability|p2b: Calyrex|As One\n|-ability|p2b: Calyrex|Unnerve\n|-ability|p2a: Zacian|Intrepid Sword|boost\n|-boost|p2a: Zacian|atk|1\n|turn|1\n|inactive|daltonic0 has 30 seconds left.\n|inactive|Playest012 has 30 seconds left.\n|inactive|daltonic0 has 20 seconds left.\n|inactive|daltonic0 has 15 seconds left.\n|inactive|daltonic0 has 10 seconds left.\n|\n|t:|1746135260\n|-terastallize|p1a: Whimsicott|Dark\n|move|p1a: Whimsicott|Tailwind|p1a: Whimsicott\n|-sidestart|p1: daltonic0|move: Tailwind\n|move|p1b: Urshifu|Close Combat|p2b: Calyrex\n|-crit|p2b: Calyrex\n|-damage|p2b: Calyrex|39/100\n|-unboost|p1b: Urshifu|def|1\n|-unboost|p1b: Urshifu|spd|1\n|move|p2a: Zacian|Sacred Sword|p1b: Urshifu\n|-damage|p1b: Urshifu|51/100\n|move|p2b: Calyrex|Glacial Lance|p1a: Whimsicott|[spread] p1a,p1b\n|-resisted|p1b: Urshifu\n|-damage|p1a: Whimsicott|30/100\n|-damage|p1b: Urshifu|11/100\n|\n|upkeep\n|turn|2\n|inactive|daltonic0 has 30 seconds left.\n|\n|t:|1746135289\n|switch|p2b: Raging Bolt|Raging Bolt, L50|100/100\n|-enditem|p2b: Raging Bolt|Booster Energy\n|-activate|p2b: Raging Bolt|ability: Protosynthesis|[fromitem]\n|-start|p2b: Raging Bolt|protosynthesisspa\n|move|p1a: Whimsicott|Moonblast|p2b: Raging Bolt\n|-supereffective|p2b: Raging Bolt\n|-damage|p2b: Raging Bolt|51/100\n|move|p1b: Urshifu|Surging Strikes|p2b: Raging Bolt\n|-resisted|p2b: Raging Bolt\n|-crit|p2b: Raging Bolt\n|-damage|p2b: Raging Bolt|43/100\n|-resisted|p2b: Raging Bolt\n|-crit|p2b: Raging Bolt\n|-damage|p2b: Raging Bolt|33/100\n|-resisted|p2b: Raging Bolt\n|-crit|p2b: Raging Bolt\n|-damage|p2b: Raging Bolt|24/100\n|-hitcount|p2b: Raging Bolt|3\n|move|p2a: Zacian|Behemoth Blade|p1b: Urshifu\n|-resisted|p1b: Urshifu\n|-damage|p1b: Urshifu|0 fnt\n|faint|p1b: Urshifu\n|\n|upkeep\n|\n|t:|1746135307\n|switch|p1b: Miraidon|Miraidon, L50|100/100\n|-fieldstart|move: Electric Terrain|[from] ability: Hadron Engine|[of] p1b: Miraidon\n|turn|3\n|inactive|Playest012 has 30 seconds left.\n|\n|t:|1746135333\n|move|p2a: Zacian|Protect|p2a: Zacian\n|-singleturn|p2a: Zacian|Protect\n|move|p1b: Miraidon|Volt Switch|p2a: Zacian\n|-activate|p2a: Zacian|move: Protect\n|move|p1a: Whimsicott|Moonblast|p2b: Raging Bolt\n|-supereffective|p2b: Raging Bolt\n|-damage|p2b: Raging Bolt|0 fnt\n|faint|p2b: Raging Bolt\n|-end|p2b: Raging Bolt|Protosynthesis|[silent]\n|\n|upkeep\n|\n|t:|1746135340\n|switch|p2b: Ogerpon|Ogerpon-Cornerstone, L50, F|100/100\n|turn|4\n|inactive|daltonic0 has 30 seconds left.\n|\n|t:|1746135372\n|move|p2b: Ogerpon|Follow Me|p2b: Ogerpon\n|-singleturn|p2b: Ogerpon|move: Follow Me\n|move|p1a: Whimsicott|Encore|p2b: Ogerpon\n|-start|p2b: Ogerpon|Encore\n|move|p1b: Miraidon|Volt Switch|p2b: Ogerpon\n|-resisted|p2b: Ogerpon\n|-damage|p2b: Ogerpon|37/100\n|\n|t:|1746135380\n|switch|p1b: Ogerpon|Ogerpon-Hearthflame, L50, F|100/100|[from] Volt Switch\n|-ability|p1b: Ogerpon|Mold Breaker\n|move|p2a: Zacian|Sacred Sword|p1a: Whimsicott\n|-supereffective|p1a: Whimsicott\n|-damage|p1a: Whimsicott|0 fnt\n|faint|p1a: Whimsicott\n|\n|-sideend|p1: daltonic0|move: Tailwind\n|upkeep\n|\n|t:|1746135389\n|switch|p1a: Miraidon|Miraidon, L50|100/100\n|-activate|p1a: Miraidon|ability: Hadron Engine\n|turn|5\n|inactive|Playest012 has 30 seconds left.\n|\n|t:|1746135419\n|switch|p2b: Calyrex|Calyrex-Ice, L50|39/100\n|-ability|p2b: Calyrex|As One\n|-ability|p2b: Calyrex|Unnerve\n|move|p2a: Zacian|Protect|p2a: Zacian\n|-singleturn|p2a: Zacian|Protect\n|move|p1a: Miraidon|Electro Drift|p2a: Zacian\n|-activate|p2a: Zacian|move: Protect\n|move|p1b: Ogerpon|Ivy Cudgel|p2a: Zacian|[anim] Ivy Cudgel Fire\n|-activate|p2a: Zacian|move: Protect\n|\n|upkeep\n|turn|6\n|inactive|daltonic0 has 30 seconds left.\n|\n|t:|1746135447\n|-terastallize|p2a: Zacian|Dragon\n|move|p2a: Zacian|Play Rough|p1a: Miraidon\n|-supereffective|p1a: Miraidon\n|-damage|p1a: Miraidon|0 fnt\n|faint|p1a: Miraidon\n|move|p1b: Ogerpon|Ivy Cudgel|p2b: Calyrex|[anim] Ivy Cudgel Fire\n|-supereffective|p2b: Calyrex\n|-damage|p2b: Calyrex|0 fnt\n|faint|p2b: Calyrex\n|\n|upkeep\n|\n|t:|1746135456\n|switch|p2b: Ogerpon|Ogerpon-Cornerstone, L50, F|37/100\n|turn|7\n|\n|t:|1746135475\n|move|p1b: Ogerpon|Spiky Shield|p1b: Ogerpon\n|-singleturn|p1b: Ogerpon|move: Protect\n|move|p2a: Zacian|Sacred Sword|p1b: Ogerpon\n|-activate|p1b: Ogerpon|move: Protect\n|-damage|p2a: Zacian|88/100|[from] Spiky Shield|[of] p1b: Ogerpon\n|move|p2b: Ogerpon|Ivy Cudgel|p1b: Ogerpon|[anim] Ivy Cudgel Rock\n|-activate|p1b: Ogerpon|move: Protect\n|\n|-fieldend|move: Electric Terrain\n|upkeep\n|turn|8\n|\n|t:|1746135494\n|move|p2a: Zacian|Sacred Sword|p1b: Ogerpon\n|-damage|p1b: Ogerpon|45/100\n|move|p2b: Ogerpon|Ivy Cudgel|p1b: Ogerpon|[anim] Ivy Cudgel Rock\n|-supereffective|p1b: Ogerpon\n|-damage|p1b: Ogerpon|0 fnt\n|faint|p1b: Ogerpon\n|\n|win|Playest012\n||daltonic0 is ready for game 2.\n||Playest012 is ready for game 2.\n|uhtml|next|Next: <a href=\"/battle-gen9vgc2025regibo3-2354955868\"><strong>Game 2 of 3</strong></a>\n", "uploadtime": 1746135792, "views": 6, "formatid": "gen9vgc2025regibo3", "rating": null, "private": 0, "password": null}