{"id": "gen9vgc2025regibo3-2354125089", "format": "[Gen 9] VGC 2025 Reg I (Bo3)", "players": ["angandi01", "tttsui"], "log": "|j|\u2606angandi01\n|j|\u2606tttsui\n|html|<table width=\"100%\"><tr><td align=\"left\">angandi01</td><td align=\"right\">tttsui</tr><tr><td align=\"left\"><i class=\"fa fa-circle-o\"></i> <i class=\"fa fa-circle-o\"></i> </td><td align=\"right\"><i class=\"fa fa-circle-o\"></i> <i class=\"fa fa-circle\"></i> </tr></table>\n|uhtml|bestof|<h2><strong>Game 2</strong> of <a href=\"/game-bestof3-gen9vgc2025regibo3-2354120833\">a best-of-3</a></h2>\n|t:|1746036993\n|gametype|doubles\n|player|p1|angandi01|265|1247\n|player|p2|tttsui|101|1202\n|teamsize|p1|6\n|teamsize|p2|6\n|gen|9\n|tier|[Gen 9] VGC 2025 Reg I (Bo3)\n|rated|\n|rule|Species Clause: Limit one of each Pok\u00e9mon\n|rule|Item Clause: Limit 1 of each item\n|clearpoke\n|poke|p1|Miraidon, L50|\n|poke|p1|Ho-Oh, L50|\n|poke|p1|Iron Hands, L50|\n|poke|p1|Urshifu-*, L50, M|\n|poke|p1|Ursaluna, L50, F|\n|poke|p1|Farigiraf, L50, M|\n|poke|p2|Sneasler, L50, M|\n|poke|p2|Calyrex-Shadow, L50|\n|poke|p2|Dondozo, L50, M|\n|poke|p2|Tatsugiri-Droopy, L50, M|\n|poke|p2|Chi-Yu, L50|\n|poke|p2|Miraidon, L50|\n|teampreview|4\n|showteam|p1|Miraidon||ChoiceSpecs|HadronEngine|ElectroDrift,DracoMeteor,DazzlingGleam,VoltSwitch||||||50|,,,,,Fairy]Ho-Oh||ClearAmulet|Regenerator|SacredFire,BraveBird,Tailwind,Protect||||||50|,,,,,Grass]Iron Hands||AssaultVest|QuarkDrive|FakeOut,WildCharge,DrainPunch,LowKick||||||50|,,,,,Grass]Urshifu||FocusSash|UnseenFist|WickedBlow,CloseCombat,SuckerPunch,Protect|||M|||50|,,,,,Dark]Ursaluna||FlameOrb|Guts|Facade,Earthquake,HeadlongRush,Protect|||F|||50|,,,,,Fairy]Farigiraf||ElectricSeed|ArmorTail|PsychicFangs,FoulPlay,TrickRoom,HelpingHand|||M|||50|,,,,,Water\n|showteam|p2|Sneasler||ElectricSeed|Unburden|CloseCombat,DireClaw,ToxicSpikes,FakeOut|||M|||50|,,,,,Dark]Calyrex-Shadow||LifeOrb|AsOneSpectrier|AstralBarrage,Psychic,Encore,Protect||||||50|,,,,,Dark]Dondozo||Leftovers|Unaware|Earthquake,BodyPress,OrderUp,Protect|||M|||50|,,,,,Grass]Tatsugiri-Droopy||FocusSash|Commander|DracoMeteor,MuddyWater,HelpingHand,Protect|||M|||50|,,,,,Stellar]Chi-Yu||ChoiceScarf|BeadsofRuin|Overheat,HeatWave,DarkPulse,Snarl||||||50|,,,,,Ghost]Miraidon||ChoiceSpecs|HadronEngine|ElectroDrift,DracoMeteor,DazzlingGleam,VoltSwitch||||||50|,,,,,Fairy\n|\n|t:|1746037028\n|start\n|switch|p1a: Miraidon|Miraidon, L50|100/100\n|switch|p1b: Farigiraf|Farigiraf, L50, M|100/100\n|switch|p2a: Calyrex|Calyrex-Shadow, L50|100/100\n|switch|p2b: Chi-Yu|Chi-Yu, L50|100/100\n|-ability|p2a: Calyrex|As One\n|-ability|p2a: Calyrex|Unnerve\n|-ability|p2b: Chi-Yu|Beads of Ruin\n|-fieldstart|move: Electric Terrain|[from] ability: Hadron Engine|[of] p1a: Miraidon\n|-enditem|p1b: Farigiraf|Electric Seed\n|-boost|p1b: Farigiraf|def|1|[from] item: Electric Seed\n|turn|1\n|\n|t:|1746037081\n|move|p2b: Chi-Yu|Dark Pulse|p1b: Farigiraf\n|-supereffective|p1b: Farigiraf\n|-damage|p1b: Farigiraf|0 fnt\n|faint|p1b: Farigiraf\n|move|p2a: Calyrex|Astral Barrage|p1a: Miraidon\n|-damage|p1a: Miraidon|0 fnt\n|faint|p1a: Miraidon\n|-ability|p2a: Calyrex|Grim Neigh|boost\n|-boost|p2a: Calyrex|spa|1\n|-damage|p2a: Calyrex|91/100|[from] item: Life Orb\n|\n|upkeep\n|\n|t:|1746037094\n|switch|p1a: Ursaluna|Ursaluna, L50, F|100/100\n|switch|p1b: Urshifu|Urshifu, L50, M|100/100\n|turn|2\n|\n|t:|1746037116\n|-terastallize|p2a: Calyrex|Dark\n|move|p1b: Urshifu|Protect|p1b: Urshifu\n|-singleturn|p1b: Urshifu|Protect\n|move|p2b: Chi-Yu|Dark Pulse|p1b: Urshifu\n|-activate|p1b: Urshifu|move: Protect\n|move|p2a: Calyrex|Astral Barrage|p1a: Ursaluna|[spread] \n|-activate|p1b: Urshifu|move: Protect\n|-immune|p1a: Ursaluna\n|move|p1a: Ursaluna|Earthquake|p2a: Calyrex|[spread] p2a,p2b\n|-activate|p1b: Urshifu|move: Protect\n|-supereffective|p2b: Chi-Yu\n|-damage|p2a: Calyrex|41/100\n|-damage|p2b: Chi-Yu|0 fnt\n|faint|p2b: Chi-Yu\n|\n|-status|p1a: Ursaluna|brn|[from] item: Flame Orb\n|upkeep\n|\n|t:|1746037135\n|switch|p2b: Dondozo|Dondozo, L50, M|100/100\n|turn|3\n|\n|t:|1746037197\n|switch|p2a: Tatsugiri|Tatsugiri-Droopy, L50, M|100/100\n|-activate|p2a: Tatsugiri|ability: Commander|[of] p2b: Dondozo\n|-boost|p2b: Dondozo|atk|2\n|-boost|p2b: Dondozo|spa|2\n|-boost|p2b: Dondozo|spe|2\n|-boost|p2b: Dondozo|def|2\n|-boost|p2b: Dondozo|spd|2\n|-terastallize|p1b: Urshifu|Dark\n|move|p2b: Dondozo|Body Press|p1b: Urshifu\n|-supereffective|p1b: Urshifu\n|-enditem|p1b: Urshifu|Focus Sash\n|-damage|p1b: Urshifu|1/100\n|move|p1b: Urshifu|Wicked Blow|p2b: Dondozo\n|-crit|p2b: Dondozo\n|-damage|p2b: Dondozo|54/100\n|move|p1a: Ursaluna|Facade|p2b: Dondozo\n|-damage|p2b: Dondozo|22/100\n|\n|-heal|p2b: Dondozo|28/100|[from] item: Leftovers\n|-damage|p1a: Ursaluna|95/100 brn|[from] brn\n|upkeep\n|turn|4\n|\n|t:|1746037254\n|move|p1b: Urshifu|Protect|p1b: Urshifu\n|-singleturn|p1b: Urshifu|Protect\n|move|p2b: Dondozo|Body Press|p1a: Ursaluna\n|-supereffective|p1a: Ursaluna\n|-damage|p1a: Ursaluna|9/100 brn\n|move|p1a: Ursaluna|Facade|p2b: Dondozo\n|-damage|p2b: Dondozo|0 fnt\n|faint|p2b: Dondozo\n|\n|-damage|p1a: Ursaluna|3/100 brn|[from] brn\n|upkeep\n|\n|t:|1746037266\n|switch|p2b: Calyrex|Calyrex-Shadow, L50, tera:Dark|41/100\n|-ability|p2b: Calyrex|As One\n|-ability|p2b: Calyrex|Unnerve\n|turn|5\n|\n|t:|1746037286\n|move|p2b: Calyrex|Astral Barrage|p1a: Ursaluna|[spread] p1b\n|-immune|p1a: Ursaluna\n|-resisted|p1b: Urshifu\n|-damage|p1b: Urshifu|0 fnt\n|faint|p1b: Urshifu\n|-ability|p2b: Calyrex|Grim Neigh|boost\n|-boost|p2b: Calyrex|spa|1\n|-damage|p2b: Calyrex|31/100|[from] item: Life Orb\n|move|p2a: Tatsugiri|Muddy Water|p1a: Ursaluna\n|-supereffective|p1a: Ursaluna\n|-damage|p1a: Ursaluna|0 fnt\n|faint|p1a: Ursaluna\n|\n|win|tttsui\n|raw|angandi01's rating: 1247 &rarr; <strong>1219</strong><br />(-28 for losing)\n|raw|tttsui's rating: 1202 &rarr; <strong>1230</strong><br />(+28 for winning)\n|l|\u2606tttsui\n|player|p2|\n", "uploadtime": 1746037444, "views": 12, "formatid": "gen9vgc2025regibo3", "rating": 1219, "private": 0, "password": null}