{"id": "gen9vgc2025regibo3-2353793144", "format": "[Gen 9] VGC 2025 Reg I (Bo3)", "players": ["tuzze", "Alexx_vr"], "log": "|j|\u2606tuzze\n|j|\u2606Alexx_vr\n|html|<table width=\"100%\"><tr><td align=\"left\">tuzze</td><td align=\"right\">Alexx_vr</tr><tr><td align=\"left\"><i class=\"fa fa-circle-o\"></i> <i class=\"fa fa-circle-o\"></i> </td><td align=\"right\"><i class=\"fa fa-circle-o\"></i> <i class=\"fa fa-circle-o\"></i> </tr></table>\n|uhtml|bestof|<h2><strong>Game 1</strong> of <a href=\"/game-bestof3-gen9vgc2025regibo3-2353793143\">a best-of-3</a></h2>\n|t:|1746000878\n|gametype|doubles\n|player|p1|tuzze|102|1153\n|player|p2|Alexx_vr|morty|1169\n|teamsize|p1|6\n|teamsize|p2|6\n|gen|9\n|tier|[Gen 9] VGC 2025 Reg I (Bo3)\n|rated|\n|rule|Species Clause: Limit one of each Pok\u00e9mon\n|rule|Item Clause: Limit 1 of each item\n|clearpoke\n|poke|p1|Calyrex-Shadow, L50|\n|poke|p1|Miraidon, L50|\n|poke|p1|Iron Crown, L50|\n|poke|p1|Indeedee-F, L50, F|\n|poke|p1|Iron Jugulis, L50|\n|poke|p1|Pelipper, L50, F|\n|poke|p2|Miraidon, L50|\n|poke|p2|Lunala, L50|\n|poke|p2|Whimsicott, L50, M|\n|poke|p2|Chi-Yu, L50|\n|poke|p2|Urshifu-*, L50, M|\n|poke|p2|Iron Hands, L50|\n|teampreview|4\n|showteam|p1|Calyrex-Shadow||CovertCloak|AsOneSpectrier|AstralBarrage,ExpandingForce,CalmMind,Protect||||||50|,,,,,Dark]Miraidon||AssaultVest|HadronEngine|ElectroDrift,VoltSwitch,DazzlingGleam,Snarl||||||50|,,,,,Electric]Iron Crown||ChoiceSpecs|QuarkDrive|TachyonCutter,ExpandingForce,VoltSwitch,TeraBlast||||||50|,,,,,Fighting]Indeedee-F||PsychicSeed|PsychicSurge|HealPulse,FollowMe,TrickRoom,Charm|||F|||50|,,,,,Water]Iron Jugulis||SitrusBerry|QuarkDrive|Hurricane,Snarl,Tailwind,Protect||||||50|,,,,,Ghost]Pelipper||FocusSash|Drizzle|WeatherBall,Hurricane,WideGuard,Protect|||F|||50|,,,,,Dark\n|showteam|p2|Miraidon||ChoiceSpecs|HadronEngine|ElectroDrift,VoltSwitch,DracoMeteor,DazzlingGleam||||||50|,,,,,Fairy]Lunala||ElectricSeed|ShadowShield|MoongeistBeam,Psyshock,TrickRoom,WideGuard||||||50|,,,,,Water]Whimsicott||CovertCloak|Prankster|Moonblast,Tailwind,Encore,LightScreen|||M|||50|,,,,,Dark]Chi-Yu||ChoiceScarf|BeadsofRuin|HeatWave,DarkPulse,Overheat,Snarl||||||50|,,,,,Ghost]Urshifu-Rapid-Strike||FocusSash|UnseenFist|SurgingStrikes,CloseCombat,AquaJet,Detect|||M|||50|,,,,,Stellar]Iron Hands||AssaultVest|QuarkDrive|DrainPunch,LowKick,HeavySlam,FakeOut||||||50|,,,,,Water\n|inactive|Battle timer is ON: inactive players will automatically lose when time's up. (requested by Alexx_vr)\n|inactive|tuzze has 60 seconds left.\n|\n|t:|1746000919\n|start\n|switch|p1a: Miraidon|Miraidon, L50|100/100\n|switch|p1b: Iron Jugulis|Iron Jugulis, L50|100/100\n|switch|p2a: Whimsicott|Whimsicott, L50, M|100/100\n|switch|p2b: Miraidon|Miraidon, L50|100/100\n|-fieldstart|move: Electric Terrain|[from] ability: Hadron Engine|[of] p2b: Miraidon\n|-activate|p1b: Iron Jugulis|ability: Quark Drive\n|-start|p1b: Iron Jugulis|quarkdrivespe\n|-activate|p1a: Miraidon|ability: Hadron Engine\n|turn|1\n|inactive|Alexx_vr has 30 seconds left.\n|\n|t:|1746000953\n|-terastallize|p2b: Miraidon|Fairy\n|move|p1b: Iron Jugulis|Protect|p1b: Iron Jugulis\n|-singleturn|p1b: Iron Jugulis|Protect\n|move|p2a: Whimsicott|Tailwind|p2a: Whimsicott\n|-sidestart|p2: Alexx_vr|move: Tailwind\n|move|p2b: Miraidon|Dazzling Gleam|p1b: Iron Jugulis|[spread] p1a\n|-activate|p1b: Iron Jugulis|move: Protect\n|-supereffective|p1a: Miraidon\n|-damage|p1a: Miraidon|29/100\n|move|p1a: Miraidon|Snarl|p2b: Miraidon|[spread] p2a,p2b\n|-resisted|p2a: Whimsicott\n|-resisted|p2b: Miraidon\n|-damage|p2a: Whimsicott|88/100\n|-damage|p2b: Miraidon|92/100\n|-unboost|p2b: Miraidon|spa|1\n|\n|upkeep\n|turn|2\n|\n|t:|1746000977\n|switch|p1a: Iron Crown|Iron Crown, L50|100/100\n|-activate|p1a: Iron Crown|ability: Quark Drive\n|-start|p1a: Iron Crown|quarkdrivespa\n|move|p2a: Whimsicott|Encore|p1b: Iron Jugulis\n|-hint|Since gen 7, Dark is immune to Prankster moves.\n|-immune|p1b: Iron Jugulis\n|move|p2b: Miraidon|Dazzling Gleam|p1b: Iron Jugulis|[spread] p1a,p1b\n|-resisted|p1a: Iron Crown\n|-supereffective|p1b: Iron Jugulis\n|-damage|p1a: Iron Crown|79/100\n|-damage|p1b: Iron Jugulis|0 fnt\n|faint|p1b: Iron Jugulis\n|-end|p1b: Iron Jugulis|Quark Drive|[silent]\n|\n|upkeep\n|\n|t:|1746000993\n|switch|p1b: Calyrex|Calyrex-Shadow, L50|100/100\n|-ability|p1b: Calyrex|As One\n|-ability|p1b: Calyrex|Unnerve\n|turn|3\n|\n|t:|1746001007\n|move|p2a: Whimsicott|Light Screen|p2a: Whimsicott\n|-sidestart|p2: Alexx_vr|move: Light Screen\n|move|p2b: Miraidon|Dazzling Gleam|p1b: Calyrex|[spread] p1a,p1b\n|-resisted|p1a: Iron Crown\n|-damage|p1a: Iron Crown|55/100\n|-damage|p1b: Calyrex|56/100\n|move|p1b: Calyrex|Calm Mind|p1b: Calyrex\n|-boost|p1b: Calyrex|spa|1\n|-boost|p1b: Calyrex|spd|1\n|move|p1a: Iron Crown|Tachyon Cutter|p2b: Miraidon\n|-supereffective|p2b: Miraidon\n|-damage|p2b: Miraidon|34/100\n|-supereffective|p2b: Miraidon\n|-damage|p2b: Miraidon|0 fnt\n|faint|p2b: Miraidon\n|-hitcount|p2: Miraidon|2\n|\n|upkeep\n|\n|t:|1746001018\n|switch|p2b: Chi-Yu|Chi-Yu, L50|100/100\n|-ability|p2b: Chi-Yu|Beads of Ruin\n|turn|4\n|\n|t:|1746001028\n|-terastallize|p1b: Calyrex|Dark\n|move|p1b: Calyrex|Protect|p1b: Calyrex\n|-singleturn|p1b: Calyrex|Protect\n|move|p2a: Whimsicott|Encore|p1b: Calyrex\n|-activate|p1b: Calyrex|move: Protect\n|move|p2b: Chi-Yu|Snarl|p1b: Calyrex|[spread] p1a\n|-activate|p1b: Calyrex|move: Protect\n|-supereffective|p1a: Iron Crown\n|-damage|p1a: Iron Crown|0 fnt\n|faint|p1a: Iron Crown\n|-end|p1a: Iron Crown|Quark Drive|[silent]\n|\n|-sideend|p2: Alexx_vr|move: Tailwind\n|upkeep\n|\n|t:|1746001053\n|switch|p1a: Miraidon|Miraidon, L50|29/100\n|-activate|p1a: Miraidon|ability: Hadron Engine\n|turn|5\n|\n|t:|1746001073\n|move|p2a: Whimsicott|Tailwind|p2a: Whimsicott\n|-sidestart|p2: Alexx_vr|move: Tailwind\n|move|p2b: Chi-Yu|Snarl|p1a: Miraidon|[spread] p1a,p1b\n|-resisted|p1b: Calyrex\n|-damage|p1a: Miraidon|9/100\n|-damage|p1b: Calyrex|45/100\n|-unboost|p1a: Miraidon|spa|1\n|move|p1b: Calyrex|Astral Barrage|p2a: Whimsicott|[spread] p2a,p2b\n|-resisted|p2b: Chi-Yu\n|-damage|p2a: Whimsicott|0 fnt\n|-damage|p2b: Chi-Yu|66/100\n|faint|p2a: Whimsicott\n|-ability|p1b: Calyrex|Grim Neigh|boost\n|-boost|p1b: Calyrex|spa|1\n|move|p1a: Miraidon|Electro Drift|p2b: Chi-Yu\n|-damage|p2b: Chi-Yu|15/100\n|\n|-fieldend|move: Electric Terrain\n|upkeep\n|\n|t:|1746001088\n|switch|p2a: Lunala|Lunala, L50|100/100\n|turn|6\n|\n|t:|1746001105\n|move|p2a: Lunala|Wide Guard|p2a: Lunala\n|-singleturn|p2a: Lunala|Wide Guard\n|move|p2b: Chi-Yu|Snarl|p1a: Miraidon|[spread] p1a,p1b\n|-resisted|p1b: Calyrex\n|-damage|p1a: Miraidon|0 fnt\n|-damage|p1b: Calyrex|35/100\n|faint|p1a: Miraidon\n|move|p1b: Calyrex|Expanding Force|p2a: Lunala\n|-resisted|p2a: Lunala\n|-damage|p2a: Lunala|86/100\n|\n|upkeep\n|turn|7\n|\n|t:|1746001115\n|move|p2b: Chi-Yu|Snarl|p1b: Calyrex\n|-resisted|p1b: Calyrex\n|-damage|p1b: Calyrex|21/100\n|move|p2a: Lunala|Moongeist Beam|p1b: Calyrex\n|-resisted|p1b: Calyrex\n|-damage|p1b: Calyrex|0 fnt\n|faint|p1b: Calyrex\n|\n|win|Alexx_vr\n||tuzze is ready for game 2.\n|l|\u2606tuzze\n|player|p1|\n||Alexx_vr is ready for game 2.\n|uhtml|next|Next: <a href=\"/battle-gen9vgc2025regibo3-2353794575\"><strong>Game 2 of 3</strong></a>\n|l|\u2606Alexx_vr\n|player|p2|\n", "uploadtime": 1746001442, "views": 9, "formatid": "gen9vgc2025regibo3", "rating": null, "private": 0, "password": null}