{"id": "gen9vgc2025regibo3-2354791269", "format": "[Gen 9] VGC 2025 Reg I (Bo3)", "players": ["IsThisTheNewLight?", "Rondalino16"], "log": "|j|\u2606IsThisTheNewLight?\n|j|\u2606Rondalino16\n|html|<table width=\"100%\"><tr><td align=\"left\">IsThisTheNewLight?</td><td align=\"right\">Rondalino16</tr><tr><td align=\"left\"><i class=\"fa fa-circle\"></i> <i class=\"fa fa-circle-o\"></i> </td><td align=\"right\"><i class=\"fa fa-circle-o\"></i> <i class=\"fa fa-circle-o\"></i> </tr></table>\n|uhtml|bestof|<h2><strong>Game 2</strong> of <a href=\"/game-bestof3-gen9vgc2025regibo3-2354786769\">a best-of-3</a></h2>\n|t:|1746120082\n|gametype|doubles\n|player|p1|IsThisTheNewLight?|170|1000\n|player|p2|Rondalino16|schoolkid|1117\n|teamsize|p1|6\n|teamsize|p2|6\n|gen|9\n|tier|[Gen 9] VGC 2025 Reg I (Bo3)\n|rated|\n|rule|Species Clause: Limit one of each Pok\u00e9mon\n|rule|Item Clause: Limit 1 of each item\n|clearpoke\n|poke|p1|Miraidon, L50|\n|poke|p1|Grimmsnarl, L50, M|\n|poke|p1|Amoonguss, L50, M|\n|poke|p1|Calyrex-Ice, L50|\n|poke|p1|Indeedee-F, L50, F|\n|poke|p1|Palafin, L50, M|\n|poke|p2|Miraidon, L50|\n|poke|p2|Koraidon, L50|\n|poke|p2|Raging Bolt, L50|\n|poke|p2|Farigiraf, L50, F|\n|poke|p2|Incineroar, L50, F|\n|poke|p2|Flutter Mane, L50|\n|teampreview|4\n|showteam|p1|Miraidon||ChoiceSpecs|HadronEngine|Discharge,ElectroDrift,VoltSwitch,DragonPulse||||||50|,,,,,Electric]Grimmsnarl||CovertCloak|Prankster|FakeOut,Reflect,LightScreen,SpiritBreak|||M|||50|,,,,,Fairy]Amoonguss||Leftovers|EffectSpore|PollenPuff,SludgeBomb,RagePowder,Protect|||M|||50|,,,,,Poison]Calyrex-Ice||AssaultVest|AsOneGlastrier|GlacialLance,ExpandingForce,IcyWind,IcicleSpear||||||50|,,,,,Ice]Indeedee-F||SitrusBerry|PsychicSurge|FollowMe,HelpingHand,TrickRoom,FakeOut|||F|||50|,,,,,Psychic]Palafin||ChoiceBand|ZerotoHero|CloseCombat,FlipTurn,Waterfall,Liquidation|||M|||50|,,,,,Water\n|showteam|p2|Miraidon||ChoiceSpecs|HadronEngine|ElectroDrift,VoltSwitch,DracoMeteor,DazzlingGleam||||||50|,,,,,Fairy]Koraidon||ClearAmulet|OrichalcumPulse|CollisionCourse,FlareBlitz,FlameCharge,Protect||||||50|,,,,,Fire]Raging Bolt||LifeOrb|Protosynthesis|RisingVoltage,Thunderclap,DragonPulse,Protect||||||50|,,,,,Electric]Farigiraf||ElectricSeed|ArmorTail|Psychic,TrickRoom,Roar,HelpingHand|||F|||50|,,,,,Water]Incineroar||AssaultVest|Intimidate|KnockOff,FakeOut,FlareBlitz,Uturn|||F|||50|,,,,,Bug]Flutter Mane||FocusSash|Protosynthesis|Moonblast,ShadowBall,IcyWind,Protect||||||50|,,,,,Normal\n|j| canabr\n|\n|t:|1746120146\n|start\n|switch|p1a: Palafin|Palafin, L50, M, shiny|100/100\n|switch|p1b: Amoonguss|Amoonguss, L50, M, shiny|100/100\n|switch|p2a: Mbapp\u00e9|Incineroar, L50, F|100/100\n|switch|p2b: Neymar|Koraidon, L50|100/100\n|-weather|SunnyDay|[from] ability: Orichalcum Pulse|[of] p2b: Neymar\n|-activate|p2b: Neymar|Orichalcum Pulse|[source]\n|-ability|p2a: Mbapp\u00e9|Intimidate|boost\n|-unboost|p1a: Palafin|atk|1\n|-unboost|p1b: Amoonguss|atk|1\n|turn|1\n|\n|t:|1746120169\n|switch|p2a: Violette|Miraidon, L50|100/100\n|-fieldstart|move: Electric Terrain|[from] ability: Hadron Engine|[of] p2a: Violette\n|move|p2b: Neymar|Protect|p2b: Neymar\n|-singleturn|p2b: Neymar|Protect\n|move|p1b: Amoonguss|Protect|p1b: Amoonguss\n|-singleturn|p1b: Amoonguss|Protect\n|move|p1a: Palafin|Flip Turn|p2a: Violette\n|-resisted|p2a: Violette\n|-damage|p2a: Violette|95/100\n|\n|t:|1746120181\n|detailschange|p1a: Palafin|Palafin-Hero, L50, M, shiny\n|switch|p1a: Indeedee|Indeedee-F, L50, F, shiny|100/100|[from] Flip Turn\n|-fieldstart|move: Psychic Terrain|[from] ability: Psychic Surge|[of] p1a: Indeedee\n|\n|-weather|SunnyDay|[upkeep]\n|upkeep\n|turn|2\n|l| canabr\n|\n|t:|1746120205\n|switch|p2b: Mbapp\u00e9|Incineroar, L50, F|100/100\n|-ability|p2b: Mbapp\u00e9|Intimidate|boost\n|-unboost|p1a: Indeedee|atk|1\n|-unboost|p1b: Amoonguss|atk|1\n|move|p1b: Amoonguss|Rage Powder|p1b: Amoonguss\n|-singleturn|p1b: Amoonguss|move: Rage Powder\n|move|p2a: Violette|Volt Switch|p1b: Amoonguss\n|-resisted|p1b: Amoonguss\n|-damage|p1b: Amoonguss|82/100\n|\n|t:|1746120214\n|switch|p2a: Alexia|Farigiraf, L50, F|100/100|[from] Volt Switch\n|move|p1a: Indeedee|Trick Room|p1a: Indeedee\n|-fieldstart|move: Trick Room|[of] p1a: Indeedee\n|\n|-weather|SunnyDay|[upkeep]\n|-heal|p1b: Amoonguss|88/100|[from] item: Leftovers\n|upkeep\n|turn|3\n|\n|t:|1746120236\n|switch|p2a: Violette|Miraidon, L50|95/100\n|-fieldstart|move: Electric Terrain|[from] ability: Hadron Engine|[of] p2a: Violette\n|move|p2b: Mbapp\u00e9|Fake Out|p1b: Amoonguss\n|-damage|p1b: Amoonguss|77/100\n|move|p1a: Indeedee|Follow Me|p1a: Indeedee\n|-singleturn|p1a: Indeedee|move: Follow Me\n|cant|p1b: Amoonguss|flinch\n|\n|-weather|SunnyDay|[upkeep]\n|-heal|p1b: Amoonguss|83/100|[from] item: Leftovers\n|upkeep\n|turn|4\n|\n|t:|1746120276\n|move|p1a: Indeedee|Helping Hand|p1b: Amoonguss\n|-singleturn|p1b: Amoonguss|Helping Hand|[of] p1a: Indeedee\n|move|p1b: Amoonguss|Sludge Bomb|p2b: Mbapp\u00e9\n|-damage|p2b: Mbapp\u00e9|77/100\n|move|p2b: Mbapp\u00e9|Flare Blitz|p1b: Amoonguss\n|-supereffective|p1b: Amoonguss\n|-damage|p1b: Amoonguss|0 fnt\n|-status|p2b: Mbapp\u00e9|psn|[from] ability: Effect Spore|[of] p1b: Amoonguss\n|faint|p1b: Amoonguss\n|-damage|p2b: Mbapp\u00e9|47/100 psn|[from] Recoil\n|move|p2a: Violette|Electro Drift|p1a: Indeedee\n|-damage|p1a: Indeedee|0 fnt\n|faint|p1a: Indeedee\n|\n|-weather|SunnyDay|[upkeep]\n|-damage|p2b: Mbapp\u00e9|35/100 psn|[from] psn\n|upkeep\n|\n|t:|1746120282\n|switch|p1b: Palafin|Palafin-Hero, L50, M, shiny|100/100\n|switch|p1a: Calyrex|Calyrex-Ice, L50|100/100\n|-ability|p1a: Calyrex|As One\n|-ability|p1a: Calyrex|Unnerve\n|-activate|p1b: Palafin|ability: Zero to Hero\n|turn|5\n|\n|t:|1746120323\n|switch|p2a: Alexia|Farigiraf, L50, F|100/100\n|-enditem|p2a: Alexia|Electric Seed\n|-boost|p2a: Alexia|def|1|[from] item: Electric Seed\n|move|p1a: Calyrex|Expanding Force|p2a: Alexia\n|-resisted|p2a: Alexia\n|-damage|p2a: Alexia|89/100\n|move|p2b: Mbapp\u00e9|Flare Blitz|p1a: Calyrex\n|-supereffective|p1a: Calyrex\n|-damage|p1a: Calyrex|7/100\n|-damage|p2b: Mbapp\u00e9|8/100 psn|[from] Recoil\n|move|p1b: Palafin|Liquidation|p2b: Mbapp\u00e9\n|-supereffective|p2b: Mbapp\u00e9\n|-damage|p2b: Mbapp\u00e9|0 fnt\n|faint|p2b: Mbapp\u00e9\n|\n|-weather|none\n|upkeep\n|\n|t:|1746120346\n|switch|p2b: Neymar|Koraidon, L50|100/100\n|-weather|SunnyDay|[from] ability: Orichalcum Pulse|[of] p2b: Neymar\n|-activate|p2b: Neymar|Orichalcum Pulse|[source]\n|turn|6\n|\n|t:|1746120357\n|-terastallize|p1b: Palafin|Water\n|move|p2b: Neymar|Protect|p2b: Neymar\n|-singleturn|p2b: Neymar|Protect\n|move|p1a: Calyrex|Glacial Lance|p2b: Neymar|[spread] p2a\n|-activate|p2b: Neymar|move: Protect\n|-damage|p2a: Alexia|59/100\n|move|p2a: Alexia|Psychic|p1a: Calyrex\n|-resisted|p1a: Calyrex\n|-damage|p1a: Calyrex|0 fnt\n|faint|p1a: Calyrex\n|move|p1b: Palafin|Liquidation|p2a: Alexia\n|-damage|p2a: Alexia|31/100\n|\n|-weather|SunnyDay|[upkeep]\n|-fieldend|move: Trick Room\n|upkeep\n|turn|7\n|\n|t:|1746120384\n|move|p2b: Neymar|Collision Course|p1b: Palafin\n|-damage|p1b: Palafin|16/100\n|move|p1b: Palafin|Liquidation|p2b: Neymar\n|-resisted|p2b: Neymar\n|-damage|p2b: Neymar|78/100\n|move|p2a: Alexia|Psychic|p1b: Palafin\n|-damage|p1b: Palafin|0 fnt\n|faint|p1b: Palafin\n|\n|win|Rondalino16\n|inactive|IsThisTheNewLight? has 30 seconds to confirm battle start!\n|inactive|Rondalino16 has 30 seconds to confirm battle start!\n", "uploadtime": 1746120396, "views": 6, "formatid": "gen9vgc2025regibo3", "rating": null, "private": 0, "password": null}