{"id": "gen9vgc2025regibo3-2354351553", "format": "[Gen 9] VGC 2025 Reg I (Bo3)", "players": ["themismatcher", "alphamystogan"], "log": "|j|\u2606themismatcher\n|j|\u2606alphamystogan\n|html|<table width=\"100%\"><tr><td align=\"left\">themismatcher</td><td align=\"right\">alphamystogan</tr><tr><td align=\"left\"><i class=\"fa fa-circle-o\"></i> <i class=\"fa fa-circle-o\"></i> </td><td align=\"right\"><i class=\"fa fa-circle-o\"></i> <i class=\"fa fa-circle\"></i> </tr></table>\n|uhtml|bestof|<h2><strong>Game 2</strong> of <a href=\"/game-bestof3-gen9vgc2025regibo3-2354347909\">a best-of-3</a></h2>\n|t:|1746060730\n|gametype|doubles\n|player|p1|themismatcher|benga|\n|player|p2|alphamystogan|266|\n|teamsize|p1|6\n|teamsize|p2|6\n|gen|9\n|tier|[Gen 9] VGC 2025 Reg I (Bo3)\n|rule|Species Clause: Limit one of each Pok\u00e9mon\n|rule|Item Clause: Limit 1 of each item\n|clearpoke\n|poke|p1|Indeedee-F, L50, F|\n|poke|p1|Brute Bonnet, L50|\n|poke|p1|Calyrex-Shadow, L50|\n|poke|p1|Chi-Yu, L50|\n|poke|p1|Koraidon, L50|\n|poke|p1|Whimsicott, L50, M|\n|poke|p2|Koraidon, L50|\n|poke|p2|Calyrex-Ice, L50|\n|poke|p2|Brute Bonnet, L50|\n|poke|p2|Flutter Mane, L50|\n|poke|p2|Chi-Yu, L50|\n|poke|p2|Raging Bolt, L50|\n|teampreview|4\n|showteam|p1|Indeedee-F||PsychicSeed|PsychicSurge|Psychic,Imprison,HelpingHand,TrickRoom|||F|||50|,,,,,Fairy]Brute Bonnet||SitrusBerry|Protosynthesis|SeedBomb,SuckerPunch,Spore,RagePowder||||||50|,,,,,Water]Calyrex-Shadow||FocusSash|AsOneSpectrier|AstralBarrage,ExpandingForce,ShadowBall,Protect||||||50|,,,,,Ghost]Chi-Yu||ChoiceScarf|BeadsofRuin|HeatWave,DarkPulse,Overheat,Snarl||||||50|,,,,,Fire]Koraidon||ClearAmulet|OrichalcumPulse|FlareBlitz,CollisionCourse,FlameCharge,Protect||||||50|,,,,,Fire]Whimsicott||CovertCloak|Prankster|Tailwind,Moonblast,Encore,SunnyDay|||M|||50|,,,,,Dark\n|showteam|p2|Koraidon||LifeOrb|OrichalcumPulse|FlameCharge,FlareBlitz,CloseCombat,Protect||||||50|,,,,,Fire]Calyrex-Ice||ClearAmulet|AsOneGlastrier|GlacialLance,HighHorsepower,Protect,TrickRoom||||||50|,,,,,Poison]Brute Bonnet||CovertCloak|Protosynthesis|Protect,SuckerPunch,Spore,RagePowder||||||50|,,,,,Water]Flutter Mane||ChoiceSpecs|Protosynthesis|ShadowBall,Moonblast,DazzlingGleam,IcyWind||||||50|,,,,,Fairy]Chi-Yu||ChoiceScarf|BeadsofRuin|HeatWave,Snarl,DarkPulse,Overheat||||||50|,,,,,Ghost]Raging Bolt||AssaultVest|Protosynthesis|Thunderbolt,DracoMeteor,Thunderclap,Snarl||||||50|,,,,,Water\n|inactive|Battle timer is ON: inactive players will automatically lose when time's up. (requested by alphamystogan)\n|inactive|themismatcher has 60 seconds left.\n|inactive|alphamystogan has 60 seconds left.\n|inactive|themismatcher has 30 seconds left.\n|inactive|alphamystogan has 30 seconds left.\n|inactive|themismatcher has 20 seconds left.\n|inactive|alphamystogan has 20 seconds left.\n|inactive|themismatcher has 15 seconds left.\n|inactive|alphamystogan has 15 seconds left.\n|inactiveoff|Battle timer is now OFF.\n|\n|t:|1746061073\n|start\n|switch|p1a: Calyrex|Calyrex-Shadow, L50|100/100\n|switch|p1b: Whimsicott|Whimsicott, L50, M|100/100\n|switch|p2a: Calyrex|Calyrex-Ice, L50|100/100\n|switch|p2b: Chi-Yu|Chi-Yu, L50|100/100\n|-ability|p1a: Calyrex|As One\n|-ability|p1a: Calyrex|Unnerve\n|-ability|p2a: Calyrex|As One\n|-ability|p2a: Calyrex|Unnerve\n|-ability|p2b: Chi-Yu|Beads of Ruin\n|turn|1\n|\n|t:|1746061154\n|switch|p1b: Brute Bonnet|Brute Bonnet, L50|100/100\n|-terastallize|p2a: Calyrex|Poison\n|move|p1a: Calyrex|Protect|p1a: Calyrex\n|-singleturn|p1a: Calyrex|Protect\n|move|p2b: Chi-Yu|Snarl|p1a: Calyrex|[spread] p1b\n|-activate|p1a: Calyrex|move: Protect\n|-resisted|p1b: Brute Bonnet\n|-damage|p1b: Brute Bonnet|88/100\n|-unboost|p1b: Brute Bonnet|spa|1\n|move|p2a: Calyrex|Glacial Lance|p1a: Calyrex|[spread] p1b\n|-activate|p1a: Calyrex|move: Protect\n|-supereffective|p1b: Brute Bonnet\n|-damage|p1b: Brute Bonnet|13/100\n|\n|upkeep\n|turn|2\n|\n|t:|1746061221\n|switch|p2a: Brute Bonnet|Brute Bonnet, L50|100/100\n|-enditem|p1b: Brute Bonnet|Sitrus Berry|[eat]\n|-heal|p1b: Brute Bonnet|38/100|[from] item: Sitrus Berry\n|move|p1b: Brute Bonnet|Sucker Punch||[still]\n|-fail|p1b: Brute Bonnet\n|move|p2b: Chi-Yu|Snarl|p1a: Calyrex|[spread] p1a,p1b\n|-supereffective|p1a: Calyrex\n|-resisted|p1b: Brute Bonnet\n|-enditem|p1a: Calyrex|Focus Sash\n|-damage|p1a: Calyrex|1/100\n|-damage|p1b: Brute Bonnet|24/100\n|-unboost|p1a: Calyrex|spa|1\n|-unboost|p1b: Brute Bonnet|spa|1\n|move|p1a: Calyrex|Expanding Force|p2a: Brute Bonnet\n|-immune|p2a: Brute Bonnet\n|\n|upkeep\n|turn|3\n|\n|t:|1746061242\n|move|p1a: Calyrex|Protect|p1a: Calyrex\n|-singleturn|p1a: Calyrex|Protect\n|move|p2b: Chi-Yu|Snarl|p1a: Calyrex|[spread] p1b\n|-activate|p1a: Calyrex|move: Protect\n|-resisted|p1b: Brute Bonnet\n|-damage|p1b: Brute Bonnet|12/100\n|-unboost|p1b: Brute Bonnet|spa|1\n|move|p1b: Brute Bonnet|Spore|p2b: Chi-Yu\n|-status|p2b: Chi-Yu|slp|[from] move: Spore\n|move|p2a: Brute Bonnet|Spore|p1a: Calyrex\n|-activate|p1a: Calyrex|move: Protect\n|\n|upkeep\n|turn|4\n|\n|t:|1746061266\n|switch|p1a: Whimsicott|Whimsicott, L50, M|100/100\n|cant|p2b: Chi-Yu|slp\n|move|p1b: Brute Bonnet|Seed Bomb|p2b: Chi-Yu\n|-resisted|p2b: Chi-Yu\n|-damage|p2b: Chi-Yu|73/100 slp\n|move|p2a: Brute Bonnet|Spore|p1a: Whimsicott\n|-immune|p1a: Whimsicott\n|\n|upkeep\n|turn|5\n|\n|t:|1746061343\n|move|p1a: Whimsicott|Tailwind|p1a: Whimsicott\n|-sidestart|p1: themismatcher|move: Tailwind\n|move|p2a: Brute Bonnet|Sucker Punch|p1b: Brute Bonnet\n|-resisted|p1b: Brute Bonnet\n|-damage|p1b: Brute Bonnet|0 fnt\n|faint|p1b: Brute Bonnet\n|-end|p1b: Brute Bonnet|Protosynthesis|[silent]\n|-curestatus|p2b: Chi-Yu|slp|[msg]\n|move|p2b: Chi-Yu|Snarl|p1a: Whimsicott\n|-resisted|p1a: Whimsicott\n|-damage|p1a: Whimsicott|63/100\n|\n|upkeep\n|\n|t:|1746061354\n|switch|p1b: Koraidon|Koraidon, L50|100/100\n|-weather|SunnyDay|[from] ability: Orichalcum Pulse|[of] p1b: Koraidon\n|-activate|p2a: Brute Bonnet|ability: Protosynthesis\n|-start|p2a: Brute Bonnet|protosynthesisdef\n|-activate|p1b: Koraidon|Orichalcum Pulse|[source]\n|turn|6\n|\n|t:|1746061375\n|switch|p2b: Calyrex|Calyrex-Ice, L50, tera:Poison|100/100\n|-ability|p2b: Calyrex|As One\n|-ability|p2b: Calyrex|Unnerve\n|move|p2a: Brute Bonnet|Protect|p2a: Brute Bonnet\n|-singleturn|p2a: Brute Bonnet|Protect\n|move|p1a: Whimsicott|Moonblast|p2a: Brute Bonnet\n|-activate|p2a: Brute Bonnet|move: Protect\n|move|p1b: Koraidon|Collision Course|p2a: Brute Bonnet\n|-activate|p2a: Brute Bonnet|move: Protect\n|\n|-weather|SunnyDay|[upkeep]\n|upkeep\n|turn|7\n|\n|t:|1746061444\n|-terastallize|p1b: Koraidon|Fire\n|move|p2a: Brute Bonnet|Rage Powder|p2a: Brute Bonnet\n|-singleturn|p2a: Brute Bonnet|move: Rage Powder\n|move|p1a: Whimsicott|Moonblast|p2a: Brute Bonnet\n|-supereffective|p2a: Brute Bonnet\n|-damage|p2a: Brute Bonnet|45/100\n|move|p1b: Koraidon|Collision Course|p2a: Brute Bonnet\n|-supereffective|p2a: Brute Bonnet\n|-damage|p2a: Brute Bonnet|0 fnt\n|faint|p2a: Brute Bonnet\n|-end|p2a: Brute Bonnet|Protosynthesis|[silent]\n|move|p2b: Calyrex|Glacial Lance|p1a: Whimsicott|[spread] p1a,p1b\n|-supereffective|p1a: Whimsicott\n|-resisted|p1b: Koraidon\n|-damage|p1a: Whimsicott|0 fnt\n|-damage|p1b: Koraidon|75/100\n|faint|p1a: Whimsicott\n|-ability|p2b: Calyrex|Chilling Neigh|boost\n|-boost|p2b: Calyrex|atk|1\n|\n|-weather|SunnyDay|[upkeep]\n|upkeep\n|\n|t:|1746061457\n|switch|p1a: Calyrex|Calyrex-Shadow, L50|1/100\n|switch|p2a: Raging Bolt|Raging Bolt, L50|100/100\n|-ability|p1a: Calyrex|As One\n|-ability|p1a: Calyrex|Unnerve\n|-activate|p2a: Raging Bolt|ability: Protosynthesis\n|-start|p2a: Raging Bolt|protosynthesisspa\n|turn|8\n|\n|t:|1746061525\n|move|p2a: Raging Bolt|Thunderclap|p1a: Calyrex\n|-damage|p1a: Calyrex|0 fnt\n|faint|p1a: Calyrex\n|move|p1b: Koraidon|Collision Course|p2a: Raging Bolt\n|-damage|p2a: Raging Bolt|42/100\n|move|p2b: Calyrex|Glacial Lance|p1b: Koraidon\n|-resisted|p1b: Koraidon\n|-damage|p1b: Koraidon|30/100\n|\n|-weather|SunnyDay|[upkeep]\n|-sideend|p1: themismatcher|move: Tailwind\n|upkeep\n|turn|9\n|\n|t:|1746061542\n|move|p2a: Raging Bolt|Thunderclap|p1b: Koraidon\n|-damage|p1b: Koraidon|0 fnt\n|faint|p1b: Koraidon\n|\n|win|alphamystogan\n", "uploadtime": 1746061586, "views": 13, "formatid": "gen9vgc2025regibo3", "rating": null, "private": 0, "password": null}