{"id": "gen9vgc2025regibo3-2353851144", "format": "[Gen 9] VGC 2025 Reg I (Bo3)", "players": ["Zeprikan", "Lechonk75"], "log": "|j|\u203dZeprikan\n|j|\u2606Lechonk75\n|html|<table width=\"100%\"><tr><td align=\"left\">Zeprikan</td><td align=\"right\">Lechonk75</tr><tr><td align=\"left\"><i class=\"fa fa-circle-o\"></i> <i class=\"fa fa-circle-o\"></i> </td><td align=\"right\"><i class=\"fa fa-circle-o\"></i> <i class=\"fa fa-circle-o\"></i> </tr></table>\n|uhtml|bestof|<h2><strong>Game 1</strong> of <a href=\"/game-bestof3-gen9vgc2025regibo3-2353851143\">a best-of-3</a></h2>\n|t:|1746010249\n|gametype|doubles\n|player|p1|Zeprikan|acetrainer-gen4dp|1254\n|player|p2|Lechonk75|266|1159\n|teamsize|p1|6\n|teamsize|p2|6\n|gen|9\n|tier|[Gen 9] VGC 2025 Reg I (Bo3)\n|rated|\n|rule|Species Clause: Limit one of each Pok\u00e9mon\n|rule|Item Clause: Limit 1 of each item\n|clearpoke\n|poke|p1|Koraidon, L50|\n|poke|p1|Lunala, L50|\n|poke|p1|Brute Bonnet, L50|\n|poke|p1|Flutter Mane, L50|\n|poke|p1|Rillaboom, L50, M|\n|poke|p1|Chi-Yu, L50|\n|poke|p2|Miraidon, L50|\n|poke|p2|Incineroar, L50, M|\n|poke|p2|Calyrex-Ice, L50|\n|poke|p2|Farigiraf, L50, F|\n|poke|p2|Urshifu-*, L50, F|\n|poke|p2|Landorus, L50, M|\n|teampreview|4\n|showteam|p1|Koraidon||ClearAmulet|OrichalcumPulse|CollisionCourse,FlareBlitz,FlameCharge,Protect||||||50|,,,,,Fire]Lunala||PowerHerb|ShadowShield|MoongeistBeam,MeteorBeam,ExpandingForce,WideGuard||||||50|,,,,,Water]Brute Bonnet||CovertCloak|Protosynthesis|Spore,RagePowder,SuckerPunch,SeedBomb||||||50|,,,,,Water]Flutter Mane||FocusSash|Protosynthesis|Protect,DazzlingGleam,ShadowBall,IcyWind||||||50|,,,,,Normal]Rillaboom||AssaultVest|GrassySurge|GrassyGlide,WoodHammer,Uturn,FakeOut|||M|||50|,,,,,Fire]Chi-Yu||ChoiceScarf|BeadsofRuin|HeatWave,Snarl,Overheat,DarkPulse||||||50|,,,,,Ghost\n|showteam|p2|Miraidon||AssaultVest|HadronEngine|ElectroDrift,DracoMeteor,VoltSwitch,DazzlingGleam||||||50|,,,,,Fairy]Incineroar||RockyHelmet|Intimidate|FakeOut,FlareBlitz,KnockOff,Uturn|||M|||50|,,,,,Ghost]Calyrex-Ice||ClearAmulet|AsOneGlastrier|GlacialLance,HighHorsepower,TrickRoom,Protect||||||50|,,,,,Fire]Farigiraf||ElectricSeed|ArmorTail|Psychic,TrickRoom,HelpingHand,Roar|||F|||50|,,,,,Water]Urshifu-Rapid-Strike||FocusSash|UnseenFist|SurgingStrikes,AquaJet,CloseCombat,Protect|||F|||50|,,,,,Water]Landorus||ChoiceScarf|SheerForce|EarthPower,SandsearStorm,SludgeBomb,Psychic|||M|||50|,,,,,Water\n|inactive|Battle timer is ON: inactive players will automatically lose when time's up. (requested by Zeprikan)\n|inactive|Zeprikan has 60 seconds left.\n|inactive|Lechonk75 has 60 seconds left.\n|inactive|Lechonk75 has 30 seconds left.\n|\n|t:|1746010316\n|start\n|switch|p1a: Lunala|Lunala, L50|100/100\n|switch|p1b: Rillaboom|Rillaboom, L50, M|100/100\n|switch|p2a: Miraidon|Miraidon, L50|100/100\n|switch|p2b: Farigiraf|Farigiraf, L50, F|100/100\n|-fieldstart|move: Electric Terrain|[from] ability: Hadron Engine|[of] p2a: Miraidon\n|-enditem|p2b: Farigiraf|Electric Seed\n|-boost|p2b: Farigiraf|def|1|[from] item: Electric Seed\n|-fieldstart|move: Grassy Terrain|[from] ability: Grassy Surge|[of] p1b: Rillaboom\n|turn|1\n|inactive|Zeprikan has 30 seconds left.\n|inactive|Lechonk75 has 30 seconds left.\n|inactive|Zeprikan has 20 seconds left.\n|inactive|Lechonk75 has 20 seconds left.\n|inactive|Lechonk75 has 15 seconds left.\n|inactive|Zeprikan has 15 seconds left.\n|inactive|Lechonk75 has 10 seconds left.\n|inactive|Zeprikan has 10 seconds left.\n|inactive|Lechonk75 has 5 seconds left.\n|\n|t:|1746010368\n|move|p2a: Miraidon|Volt Switch|p1a: Lunala\n|-damage|p1a: Lunala|86/100\n|\n|t:|1746010372\n|switch|p2a: Incineroar|Incineroar, L50, M|100/100|[from] Volt Switch\n|-ability|p2a: Incineroar|Intimidate|boost\n|-unboost|p1a: Lunala|atk|1\n|-unboost|p1b: Rillaboom|atk|1\n|move|p1a: Lunala|Meteor Beam||[still]\n|-prepare|p1a: Lunala|Meteor Beam\n|-boost|p1a: Lunala|spa|1\n|-enditem|p1a: Lunala|Power Herb\n|-anim|p1a: Lunala|Meteor Beam|p2b: Farigiraf\n|-damage|p2b: Farigiraf|38/100\n|move|p1b: Rillaboom|U-turn|p2b: Farigiraf\n|-supereffective|p2b: Farigiraf\n|-damage|p2b: Farigiraf|22/100\n|inactive|Zeprikan has 30 seconds left.\n|\n|t:|1746010400\n|switch|p1b: Koraidon|Koraidon, L50|100/100|[from] U-turn\n|-weather|SunnyDay|[from] ability: Orichalcum Pulse|[of] p1b: Koraidon\n|-activate|p1b: Koraidon|Orichalcum Pulse|[source]\n|move|p2b: Farigiraf|Trick Room|p2b: Farigiraf\n|-fieldstart|move: Trick Room|[of] p2b: Farigiraf\n|\n|-weather|SunnyDay|[upkeep]\n|-heal|p2b: Farigiraf|29/100|[from] Grassy Terrain\n|-heal|p1a: Lunala|92/100|[from] Grassy Terrain\n|upkeep\n|turn|2\n|inactive|Zeprikan has 30 seconds left.\n|inactive|Lechonk75 has 30 seconds left.\n|inactive|Lechonk75 has 20 seconds left.\n|inactive|Zeprikan has 20 seconds left.\n|inactive|Zeprikan has 15 seconds left.\n|inactive|Zeprikan has 10 seconds left.\n|\n|t:|1746010451\n|-terastallize|p1a: Lunala|Water\n|move|p2a: Incineroar|Knock Off|p1a: Lunala\n|-damage|p1a: Lunala|73/100\n|move|p1a: Lunala|Expanding Force|p2b: Farigiraf\n|-resisted|p2b: Farigiraf\n|-damage|p2b: Farigiraf|0 fnt\n|faint|p2b: Farigiraf\n|move|p1b: Koraidon|Collision Course|p2a: Incineroar\n|-supereffective|p2a: Incineroar\n|-damage|p2a: Incineroar|0 fnt\n|-damage|p1b: Koraidon|84/100|[from] item: Rocky Helmet|[of] p2a: Incineroar\n|faint|p2a: Incineroar\n|\n|-weather|SunnyDay|[upkeep]\n|-heal|p1a: Lunala|79/100|[from] Grassy Terrain\n|-heal|p1b: Koraidon|90/100|[from] Grassy Terrain\n|upkeep\n|\n|t:|1746010466\n|switch|p2a: Miraidon|Miraidon, L50|100/100\n|switch|p2b: Calyrex|Calyrex-Ice, L50|100/100\n|-ability|p2b: Calyrex|As One\n|-ability|p2b: Calyrex|Unnerve\n|-fieldstart|move: Electric Terrain|[from] ability: Hadron Engine|[of] p2a: Miraidon\n|turn|3\n|inactive|Zeprikan has 30 seconds left.\n|inactive|Zeprikan has 20 seconds left.\n|inactive|Zeprikan has 15 seconds left.\n|inactive|Zeprikan has 10 seconds left.\n|inactive|Zeprikan has 5 seconds left.\n|\n|t:|1746010517\n|-terastallize|p2b: Calyrex|Fire\n|move|p1b: Koraidon|Protect|p1b: Koraidon\n|-singleturn|p1b: Koraidon|Protect\n|move|p2b: Calyrex|Glacial Lance|p1a: Lunala|[spread] p1a\n|-activate|p1b: Koraidon|move: Protect\n|-resisted|p1a: Lunala\n|-damage|p1a: Lunala|59/100\n|move|p1a: Lunala|Moongeist Beam|p2b: Calyrex\n|-damage|p2b: Calyrex|48/100\n|move|p2a: Miraidon|Electro Drift|p1a: Lunala\n|-supereffective|p1a: Lunala\n|-damage|p1a: Lunala|0 fnt\n|faint|p1a: Lunala\n|\n|-weather|SunnyDay|[upkeep]\n|upkeep\n|\n|t:|1746010531\n|switch|p1a: Rillaboom|Rillaboom, L50, M|100/100\n|-fieldstart|move: Grassy Terrain|[from] ability: Grassy Surge|[of] p1a: Rillaboom\n|turn|4\n|\n|t:|1746010552\n|move|p1a: Rillaboom|Fake Out|p2b: Calyrex\n|-damage|p2b: Calyrex|41/100\n|cant|p2b: Calyrex|flinch\n|move|p2a: Miraidon|Dazzling Gleam|p1b: Koraidon|[spread] p1a,p1b\n|-supereffective|p1b: Koraidon\n|-damage|p1a: Rillaboom|87/100\n|-damage|p1b: Koraidon|0 fnt\n|faint|p1b: Koraidon\n|\n|-weather|SunnyDay|[upkeep]\n|-heal|p2b: Calyrex|46/100|[from] Grassy Terrain\n|-heal|p1a: Rillaboom|93/100|[from] Grassy Terrain\n|upkeep\n|\n|t:|1746010562\n|switch|p1b: Chi-Yu|Chi-Yu, L50|100/100\n|-ability|p1b: Chi-Yu|Beads of Ruin\n|turn|5\n|\n|t:|1746010585\n|move|p1a: Rillaboom|Grassy Glide|p2a: Miraidon\n|-resisted|p2a: Miraidon\n|-damage|p2a: Miraidon|88/100\n|move|p2b: Calyrex|Glacial Lance|p1a: Rillaboom|[spread] p1a,p1b\n|-supereffective|p1a: Rillaboom\n|-resisted|p1b: Chi-Yu\n|-damage|p1a: Rillaboom|0 fnt\n|-damage|p1b: Chi-Yu|58/100\n|faint|p1a: Rillaboom\n|-ability|p2b: Calyrex|Chilling Neigh|boost\n|-boost|p2b: Calyrex|atk|1\n|move|p2a: Miraidon|Electro Drift|p1b: Chi-Yu\n|-damage|p1b: Chi-Yu|2/100\n|move|p1b: Chi-Yu|Snarl|p2a: Miraidon|[spread] p2a,p2b\n|-damage|p2a: Miraidon|71/100\n|-damage|p2b: Calyrex|29/100\n|-unboost|p2a: Miraidon|spa|1\n|\n|-weather|none\n|-heal|p2b: Calyrex|34/100|[from] Grassy Terrain\n|-heal|p2a: Miraidon|77/100|[from] Grassy Terrain\n|-heal|p1b: Chi-Yu|8/100|[from] Grassy Terrain\n|-fieldend|move: Trick Room\n|upkeep\n|turn|6\n|\n|t:|1746010609\n|move|p1b: Chi-Yu|Snarl|p2b: Calyrex|[spread] p2a,p2b\n|-damage|p2a: Miraidon|61/100\n|-damage|p2b: Calyrex|15/100\n|-unboost|p2a: Miraidon|spa|1\n|move|p2a: Miraidon|Electro Drift|p1b: Chi-Yu\n|-damage|p1b: Chi-Yu|0 fnt\n|faint|p1b: Chi-Yu\n|\n|win|Lechonk75\n||Zeprikan is ready for game 2.\n|inactive|Lechonk75 has 30 seconds to confirm battle start!\n", "uploadtime": 1746010621, "views": 7, "formatid": "gen9vgc2025regibo3", "rating": null, "private": 0, "password": null}