{"id": "gen9vgc2025regibo3-2353932757", "format": "[Gen 9] VGC 2025 Reg I (Bo3)", "players": ["pokeomis", "FinalFentanylVII"], "log": "|j|\u2606pokeomis\n|j|\u2606FinalFentanylVII\n|html|<table width=\"100%\"><tr><td align=\"left\">pokeomis</td><td align=\"right\">FinalFentanylVII</tr><tr><td align=\"left\"><i class=\"fa fa-circle-o\"></i> <i class=\"fa fa-circle-o\"></i> </td><td align=\"right\"><i class=\"fa fa-circle-o\"></i> <i class=\"fa fa-circle-o\"></i> </tr></table>\n|uhtml|bestof|<h2><strong>Game 1</strong> of <a href=\"/game-bestof3-gen9vgc2025regibo3-2353932756\">a best-of-3</a></h2>\n|t:|1746020209\n|gametype|doubles\n|player|p1|pokeomis|rocketgrunt|1198\n|player|p2|FinalFentanylVII|blue|1246\n|teamsize|p1|6\n|teamsize|p2|6\n|gen|9\n|tier|[Gen 9] VGC 2025 Reg I (Bo3)\n|rated|\n|rule|Species Clause: Limit one of each Pok\u00e9mon\n|rule|Item Clause: Limit 1 of each item\n|clearpoke\n|poke|p1|Calyrex-Shadow, L50|\n|poke|p1|Chi-Yu, L50|\n|poke|p1|Koraidon, L50|\n|poke|p1|Weezing-Galar, L50, F|\n|poke|p1|Brute Bonnet, L50|\n|poke|p1|Landorus-Therian, L50, M|\n|poke|p2|Calyrex-Shadow, L50|\n|poke|p2|Zamazenta-*, L50|\n|poke|p2|Incineroar, L50, M|\n|poke|p2|Rillaboom, L50, F|\n|poke|p2|Urshifu-*, L50, M|\n|poke|p2|Tornadus, L50, M|\n|teampreview|4\n|showteam|p1|Calyrex-Shadow||FocusSash|AsOneSpectrier|Protect,AstralBarrage,Psychic,Encore||||||50|,,,,,Ghost]Chi-Yu||ChoiceScarf|BeadsofRuin|Overheat,HeatWave,DarkPulse,Snarl||||||50|,,,,,Ghost]Koraidon||AbilityShield|OrichalcumPulse|Protect,CloseCombat,FlameCharge,FlareBlitz||||||50|,,,,,Fire]Weezing-Galar||SafetyGoggles|NeutralizingGas|Protect,StrangeSteam,PoisonGas,Taunt|||F|||50|,,,,,Water]Brute Bonnet||CovertCloak|Protosynthesis|Spore,SuckerPunch,RagePowder,SeedBomb||||||50|,,,,,Water]Landorus-Therian||AssaultVest|Intimidate|StompingTantrum,RockSlide,Uturn,TeraBlast|||M|||50|,,,,,Poison\n|showteam|p2|Calyrex-Shadow||LifeOrb|AsOneSpectrier|AstralBarrage,Psychic,NastyPlot,Protect||||||50|,,,,,Dark]Zamazenta-Crowned||RustedShield|DauntlessShield|BodyPress,behemothbash,WideGuard,Protect||||||50|,,,,,Dragon]Incineroar||RockyHelmet|Intimidate|KnockOff,PartingShot,FakeOut,HelpingHand|||M|||50|,,,,,Bug]Rillaboom||AssaultVest|GrassySurge|FakeOut,GrassyGlide,WoodHammer,Uturn|||F|||50|,,,,,Grass]Urshifu-Rapid-Strike||ChoiceScarf|UnseenFist|SurgingStrikes,CloseCombat,AquaJet,Uturn|||M|||50|,,,,,Ghost]Tornadus||FocusSash|Prankster|BleakwindStorm,Tailwind,RainDance,Protect|||M|||50|,,,,,Dark\n|inactive|Battle timer is ON: inactive players will automatically lose when time's up. (requested by pokeomis)\n|inactive|FinalFentanylVII has 60 seconds left.\n|inactive|FinalFentanylVII has 30 seconds left.\n|\n|t:|1746020295\n|start\n|switch|p1a: Calyrex|Calyrex-Shadow, L50|100/100\n|switch|p1b: Koraidon|Koraidon, L50|100/100\n|switch|p2a: Incineroar|Incineroar, L50, M|100/100\n|switch|p2b: Tornadus|Tornadus, L50, M|100/100\n|-ability|p1a: Calyrex|As One\n|-ability|p1a: Calyrex|Unnerve\n|-weather|SunnyDay|[from] ability: Orichalcum Pulse|[of] p1b: Koraidon\n|-activate|p1b: Koraidon|Orichalcum Pulse|[source]\n|-ability|p2a: Incineroar|Intimidate|boost\n|-unboost|p1a: Calyrex|atk|1\n|-unboost|p1b: Koraidon|atk|1\n|turn|1\n|inactive|pokeomis has 30 seconds left.\n|\n|t:|1746020325\n|move|p1a: Calyrex|Protect|p1a: Calyrex\n|-singleturn|p1a: Calyrex|Protect\n|move|p2a: Incineroar|Fake Out|p1b: Koraidon\n|-damage|p1b: Koraidon|91/100\n|move|p2b: Tornadus|Tailwind|p2b: Tornadus\n|-sidestart|p2: FinalFentanylVII|move: Tailwind\n|cant|p1b: Koraidon|flinch\n|\n|-weather|SunnyDay|[upkeep]\n|upkeep\n|turn|2\n|inactive|pokeomis has 30 seconds left.\n|\n|t:|1746020358\n|-terastallize|p1b: Koraidon|Fire\n|-terastallize|p2a: Incineroar|Bug\n|move|p2b: Tornadus|Rain Dance|p2b: Tornadus\n|-weather|RainDance\n|move|p1a: Calyrex|Encore|p2a: Incineroar\n|-start|p2a: Incineroar|Encore\n|move|p1b: Koraidon|Flame Charge|p2b: Tornadus\n|-damage|p2b: Tornadus|88/100\n|-boost|p1b: Koraidon|spe|1\n|move|p2a: Incineroar|Fake Out||[still]\n|-hint|Fake Out only works on your first turn out.\n|-fail|p2a: Incineroar\n|\n|-weather|RainDance|[upkeep]\n|upkeep\n|turn|3\n|\n|t:|1746020381\n|switch|p1b: Weezing|Weezing-Galar, L50, F|100/100\n|-ability|p1b: Weezing|Neutralizing Gas\n|switch|p2a: Zamazenta|Zamazenta-Crowned, L50|100/100\n|move|p2b: Tornadus|Bleakwind Storm|p1a: Calyrex|[spread] p1a,p1b\n|-damage|p1a: Calyrex|65/100\n|-damage|p1b: Weezing|57/100\n|-unboost|p1b: Weezing|spe|1\n|move|p1a: Calyrex|Astral Barrage|p2a: Zamazenta|[spread] p2a,p2b\n|-damage|p2a: Zamazenta|56/100\n|-damage|p2b: Tornadus|24/100\n|\n|-weather|RainDance|[upkeep]\n|upkeep\n|turn|4\n|inactive|FinalFentanylVII has 30 seconds left.\n|\n|t:|1746020413\n|switch|p2a: Incineroar|Incineroar, L50, M, tera:Bug|100/100\n|move|p1a: Calyrex|Protect|p1a: Calyrex\n|-singleturn|p1a: Calyrex|Protect\n|move|p1b: Weezing|Protect|p1b: Weezing\n|-singleturn|p1b: Weezing|Protect\n|move|p2b: Tornadus|Bleakwind Storm|p1a: Calyrex|[spread] \n|-activate|p1a: Calyrex|move: Protect\n|-activate|p1b: Weezing|move: Protect\n|\n|-weather|RainDance|[upkeep]\n|-sideend|p2: FinalFentanylVII|move: Tailwind\n|upkeep\n|turn|5\n|inactive|pokeomis has 30 seconds left.\n|inactive|pokeomis has 20 seconds left.\n|inactive|pokeomis has 15 seconds left.\n|\n|t:|1746020454\n|switch|p2b: Calyrex|Calyrex-Shadow, L50|100/100\n|-ability|p2b: Calyrex|As One\n|-ability|p2b: Calyrex|Unnerve\n|move|p1a: Calyrex|Protect|p1a: Calyrex\n|-singleturn|p1a: Calyrex|Protect\n|move|p2a: Incineroar|Knock Off|p1a: Calyrex\n|-activate|p1a: Calyrex|move: Protect\n|move|p1b: Weezing|Poison Gas|p2b: Calyrex|[spread] p2a,p2b\n|-status|p2a: Incineroar|psn\n|-status|p2b: Calyrex|psn\n|\n|-weather|RainDance|[upkeep]\n|-damage|p2b: Calyrex|88/100 psn|[from] psn\n|-damage|p2a: Incineroar|88/100 psn|[from] psn\n|upkeep\n|turn|6\n|inactive|pokeomis has 30 seconds left.\n|inactive|pokeomis has 20 seconds left.\n|inactive|pokeomis has 15 seconds left.\n|inactive|FinalFentanylVII has 30 seconds left.\n|inactive|pokeomis has 10 seconds left.\n|\n|t:|1746020500\n|move|p1b: Weezing|Protect|p1b: Weezing\n|-singleturn|p1b: Weezing|Protect\n|move|p2b: Calyrex|Astral Barrage|p1a: Calyrex|[spread] p1a\n|-activate|p1b: Weezing|move: Protect\n|-supereffective|p1a: Calyrex\n|-damage|p1a: Calyrex|0 fnt\n|faint|p1a: Calyrex\n|-ability|p2b: Calyrex|Grim Neigh|boost\n|-boost|p2b: Calyrex|spa|1\n|-damage|p2b: Calyrex|79/100 psn|[from] item: Life Orb\n|move|p2a: Incineroar|Knock Off|p1b: Weezing\n|-activate|p1b: Weezing|move: Protect\n|\n|-weather|none\n|-damage|p2b: Calyrex|67/100 psn|[from] psn\n|-damage|p2a: Incineroar|76/100 psn|[from] psn\n|upkeep\n|\n|t:|1746020504\n|switch|p1a: Chi-Yu|Chi-Yu, L50|100/100\n|turn|7\n|\n|t:|1746020514\n|-end|p1b: Weezing|ability: Neutralizing Gas\n|-ability|p1a: Chi-Yu|Beads of Ruin\n|-ability|p2a: Incineroar|Intimidate|boost\n|-unboost|p1a: Chi-Yu|atk|1\n|-unboost|p1b: Weezing|atk|1\n|switch|p1b: Koraidon|Koraidon, L50, tera:Fire|91/100\n|-weather|SunnyDay|[from] ability: Orichalcum Pulse|[of] p1b: Koraidon\n|-activate|p1b: Koraidon|Orichalcum Pulse|[source]\n|move|p2b: Calyrex|Protect|p2b: Calyrex\n|-singleturn|p2b: Calyrex|Protect\n|move|p1a: Chi-Yu|Heat Wave|p2a: Incineroar|[spread] p2a\n|-activate|p2b: Calyrex|move: Protect\n|-supereffective|p2a: Incineroar\n|-damage|p2a: Incineroar|0 fnt\n|faint|p2a: Incineroar\n|\n|-weather|SunnyDay|[upkeep]\n|-damage|p2b: Calyrex|54/100 psn|[from] psn\n|upkeep\n|\n|t:|1746020534\n|switch|p2a: Zamazenta|Zamazenta-Crowned, L50|56/100\n|-ability|p2a: Zamazenta|Dauntless Shield|boost\n|-boost|p2a: Zamazenta|def|1\n|turn|8\n|inactive|pokeomis has 30 seconds left.\n|\n|t:|1746020561\n|switch|p1a: Weezing|Weezing-Galar, L50, F|57/100\n|-ability|p1a: Weezing|Neutralizing Gas\n|-block|p1b: Koraidon|item: Ability Shield\n|move|p2a: Zamazenta|Wide Guard|p2a: Zamazenta\n|-singleturn|p2a: Zamazenta|Wide Guard\n|move|p2b: Calyrex|Astral Barrage|p1a: Weezing|[spread] p1a,p1b\n|-damage|p1a: Weezing|0 fnt\n|-damage|p1b: Koraidon|0 fnt\n|faint|p1a: Weezing\n|-end|p1a: Weezing|ability: Neutralizing Gas\n|faint|p1b: Koraidon\n|-ability|p2b: Calyrex|Grim Neigh|boost\n|-boost|p2b: Calyrex|spa|2\n|-damage|p2b: Calyrex|45/100 psn|[from] item: Life Orb\n|\n|-weather|SunnyDay|[upkeep]\n|-damage|p2b: Calyrex|33/100 psn|[from] psn\n|upkeep\n|\n|t:|1746020580\n|switch|p1a: Chi-Yu|Chi-Yu, L50|100/100\n|-ability|p1a: Chi-Yu|Beads of Ruin\n|turn|9\n|\n|t:|1746020601\n|move|p2a: Zamazenta|Protect||[still]\n|-fail|p2a: Zamazenta\n|move|p1a: Chi-Yu|Dark Pulse|p2a: Zamazenta\n|-resisted|p2a: Zamazenta\n|-damage|p2a: Zamazenta|34/100\n|move|p2b: Calyrex|Astral Barrage|p1a: Chi-Yu\n|-resisted|p1a: Chi-Yu\n|-damage|p1a: Chi-Yu|0 fnt\n|faint|p1a: Chi-Yu\n|-damage|p2b: Calyrex|23/100 psn|[from] item: Life Orb\n|\n|win|FinalFentanylVII\n||FinalFentanylVII is ready for game 2.\n||pokeomis is ready for game 2.\n|uhtml|next|Next: <a href=\"/battle-gen9vgc2025regibo3-2353936784\"><strong>Game 2 of 3</strong></a>\n", "uploadtime": 1746020883, "views": 6, "formatid": "gen9vgc2025regibo3", "rating": null, "private": 0, "password": null}