{"id": "gen9vgc2025regibo3-2354372276", "format": "[Gen 9] VGC 2025 Reg I (Bo3)", "players": ["dandude27", "Shirteasy22"], "log": "|j|\u2606dandude27\n|j|\u2606Shirteasy22\n|html|<table width=\"100%\"><tr><td align=\"left\">dandude27</td><td align=\"right\">Shirteasy22</tr><tr><td align=\"left\"><i class=\"fa fa-circle-o\"></i> <i class=\"fa fa-circle-o\"></i> </td><td align=\"right\"><i class=\"fa fa-circle-o\"></i> <i class=\"fa fa-circle-o\"></i> </tr></table>\n|uhtml|bestof|<h2><strong>Game 1</strong> of <a href=\"/game-bestof3-gen9vgc2025regibo3-2354372274\">a best-of-3</a></h2>\n|t:|1746063252\n|gametype|doubles\n|player|p1|dandude27|169|1118\n|player|p2|Shirteasy22|dancer|1106\n|teamsize|p1|6\n|teamsize|p2|6\n|gen|9\n|tier|[Gen 9] VGC 2025 Reg I (Bo3)\n|rated|\n|rule|Species Clause: Limit one of each Pok\u00e9mon\n|rule|Item Clause: Limit 1 of each item\n|clearpoke\n|poke|p1|Flutter Mane, L50|\n|poke|p1|Koraidon, L50|\n|poke|p1|Chi-Yu, L50|\n|poke|p1|Tornadus, L50, M|\n|poke|p1|Calyrex-Shadow, L50|\n|poke|p1|Indeedee-F, L50, F|\n|poke|p2|Calyrex-Shadow, L50|\n|poke|p2|Thundurus, L50, M|\n|poke|p2|Koraidon, L50|\n|poke|p2|Clefairy, L50, F|\n|poke|p2|Incineroar, L50, F|\n|poke|p2|Ting-Lu, L50|\n|teampreview|4\n|showteam|p1|Flutter Mane||FocusSash|Protosynthesis|Moonblast,IcyWind,ShadowBall,Protect||||||50|,,,,,Fairy]Koraidon||ClearAmulet|OrichalcumPulse|FlareBlitz,FlameCharge,CollisionCourse,Protect||||||50|,,,,,Fire]Chi-Yu||ChoiceScarf|BeadsofRuin|Overheat,HeatWave,DarkPulse,Snarl||||||50|,,,,,Ghost]Tornadus||CovertCloak|Prankster|BleakwindStorm,Tailwind,SunnyDay,Taunt|||M|||50|,,,,,Dark]Calyrex-Shadow||LifeOrb|AsOneSpectrier|AstralBarrage,ExpandingForce,NastyPlot,Protect||||||50|,,,,,Dark]Indeedee-F||SafetyGoggles|PsychicSurge|TrickRoom,FollowMe,Imprison,HelpingHand|||F|||50|,,,,,Fairy\n|showteam|p2|Calyrex-Shadow||LifeOrb|AsOneSpectrier|AstralBarrage,Encore,Protect,DrainingKiss||||||50|,,,,,Fairy]Thundurus||WideLens|Prankster|ThunderWave,WildboltStorm,Protect,Taunt|||M|||50|,,,,,Steel]Koraidon||ClearAmulet|OrichalcumPulse|CollisionCourse,Protect,FlareBlitz,FlameCharge||||||50|,,,,,Fire]Clefairy||Eviolite|FriendGuard|FollowMe,AfterYou,HelpingHand,IcyWind|||F|||50|,,,,,Fairy]Incineroar||ChopleBerry|Intimidate|FlareBlitz,KnockOff,PartingShot,FakeOut|||F|||50|,,,,,Water]Ting-Lu||AssaultVest|VesselofRuin|ThroatChop,Snarl,Fissure,StompingTantrum||||||50|,,,,,Ghost\n|\n|t:|1746063296\n|start\n|switch|p1a: Koraidon|Koraidon, L50|100/100\n|switch|p1b: Chi-Yu|Chi-Yu, L50|100/100\n|switch|p2a: Ting-Lu|Ting-Lu, L50|100/100\n|switch|p2b: Koraidon|Koraidon, L50|100/100\n|-ability|p1b: Chi-Yu|Beads of Ruin\n|-weather|SunnyDay|[from] ability: Orichalcum Pulse|[of] p1a: Koraidon\n|-activate|p1a: Koraidon|Orichalcum Pulse|[source]\n|-activate|p2b: Koraidon|ability: Orichalcum Pulse\n|-ability|p2a: Ting-Lu|Vessel of Ruin\n|turn|1\n|\n|t:|1746063337\n|move|p1a: Koraidon|Protect|p1a: Koraidon\n|-singleturn|p1a: Koraidon|Protect\n|move|p1b: Chi-Yu|Heat Wave|p2a: Ting-Lu|[spread] p2a,p2b\n|-resisted|p2b: Koraidon\n|-damage|p2a: Ting-Lu|77/100\n|-damage|p2b: Koraidon|70/100\n|-status|p2a: Ting-Lu|brn\n|move|p2b: Koraidon|Collision Course|p1b: Chi-Yu\n|-supereffective|p1b: Chi-Yu\n|-damage|p1b: Chi-Yu|0 fnt\n|faint|p1b: Chi-Yu\n|move|p2a: Ting-Lu|Fissure|p1a: Koraidon\n|-activate|p1a: Koraidon|move: Protect\n|\n|-weather|SunnyDay|[upkeep]\n|-damage|p2a: Ting-Lu|71/100 brn|[from] brn\n|upkeep\n|\n|t:|1746063353\n|switch|p1b: Flutter Mane|Flutter Mane, L50|100/100\n|-activate|p1b: Flutter Mane|ability: Protosynthesis\n|-start|p1b: Flutter Mane|protosynthesisspe\n|turn|2\n|\n|t:|1746063377\n|-terastallize|p2b: Koraidon|Fire\n|move|p1b: Flutter Mane|Moonblast|p2b: Koraidon\n|-resisted|p2b: Koraidon\n|-damage|p2b: Koraidon|52/100\n|move|p1a: Koraidon|Collision Course|p2b: Koraidon\n|-damage|p2b: Koraidon|0 fnt\n|faint|p2b: Koraidon\n|move|p2a: Ting-Lu|Snarl|p1a: Koraidon|[spread] p1a,p1b\n|-resisted|p1a: Koraidon\n|-damage|p1a: Koraidon|95/100\n|-damage|p1b: Flutter Mane|88/100\n|-unboost|p1b: Flutter Mane|spa|1\n|\n|-weather|SunnyDay|[upkeep]\n|-damage|p2a: Ting-Lu|64/100 brn|[from] brn\n|upkeep\n|\n|t:|1746063399\n|switch|p2b: Calyrex|Calyrex-Shadow, L50|100/100\n|-ability|p2b: Calyrex|As One\n|-ability|p2b: Calyrex|Unnerve\n|turn|3\n|\n|t:|1746063415\n|switch|p2a: Incineroar|Incineroar, L50, F|100/100\n|-ability|p2a: Incineroar|Intimidate|boost\n|-fail|p1a: Koraidon|unboost|[from] item: Clear Amulet|[of] p1a: Koraidon\n|-unboost|p1b: Flutter Mane|atk|1\n|-terastallize|p1b: Flutter Mane|Fairy\n|move|p2b: Calyrex|Protect|p2b: Calyrex\n|-singleturn|p2b: Calyrex|Protect\n|move|p1b: Flutter Mane|Icy Wind|p2a: Incineroar|[spread] p2a\n|-activate|p2b: Calyrex|move: Protect\n|-resisted|p2a: Incineroar\n|-damage|p2a: Incineroar|96/100\n|-unboost|p2a: Incineroar|spe|1\n|move|p1a: Koraidon|Flare Blitz|p2b: Calyrex\n|-activate|p2b: Calyrex|move: Protect\n|\n|-weather|SunnyDay|[upkeep]\n|upkeep\n|turn|4\n|\n|t:|1746063475\n|move|p1b: Flutter Mane|Protect|p1b: Flutter Mane\n|-singleturn|p1b: Flutter Mane|Protect\n|move|p1a: Koraidon|Protect|p1a: Koraidon\n|-singleturn|p1a: Koraidon|Protect\n|move|p2a: Incineroar|Fake Out|p1b: Flutter Mane\n|-activate|p1b: Flutter Mane|move: Protect\n|move|p2b: Calyrex|Astral Barrage|p1b: Flutter Mane|[spread] \n|-activate|p1a: Koraidon|move: Protect\n|-activate|p1b: Flutter Mane|move: Protect\n|\n|-weather|SunnyDay|[upkeep]\n|upkeep\n|turn|5\n|\n|t:|1746063507\n|move|p2b: Calyrex|Protect|p2b: Calyrex\n|-singleturn|p2b: Calyrex|Protect\n|move|p1b: Flutter Mane|Icy Wind|p2a: Incineroar|[spread] p2a\n|-activate|p2b: Calyrex|move: Protect\n|-resisted|p2a: Incineroar\n|-damage|p2a: Incineroar|93/100\n|-unboost|p2a: Incineroar|spe|1\n|move|p1a: Koraidon|Flare Blitz|p2b: Calyrex\n|-activate|p2b: Calyrex|move: Protect\n|move|p2a: Incineroar|Knock Off|p1a: Koraidon\n|-resisted|p1a: Koraidon\n|-damage|p1a: Koraidon|78/100\n|-enditem|p1a: Koraidon|Clear Amulet|[from] move: Knock Off|[of] p2a: Incineroar\n|\n|-weather|none\n|-end|p1b: Flutter Mane|Protosynthesis\n|upkeep\n|turn|6\n|\n|t:|1746063560\n|switch|p2b: Ting-Lu|Ting-Lu, L50|64/100 brn\n|-ability|p2b: Ting-Lu|Vessel of Ruin\n|move|p1a: Koraidon|Protect|p1a: Koraidon\n|-singleturn|p1a: Koraidon|Protect\n|move|p1b: Flutter Mane|Shadow Ball|p2b: Ting-Lu\n|-resisted|p2b: Ting-Lu\n|-damage|p2b: Ting-Lu|60/100 brn\n|-unboost|p2b: Ting-Lu|spd|1\n|move|p2a: Incineroar|Parting Shot|p1a: Koraidon\n|-activate|p1a: Koraidon|move: Protect\n|\n|-damage|p2b: Ting-Lu|54/100 brn|[from] brn\n|upkeep\n|turn|7\n|\n|t:|1746063612\n|move|p1b: Flutter Mane|Moonblast|p2a: Incineroar\n|-damage|p2a: Incineroar|60/100\n|move|p1a: Koraidon|Collision Course|p2b: Ting-Lu\n|-supereffective|p2b: Ting-Lu\n|-damage|p2b: Ting-Lu|0 fnt\n|faint|p2b: Ting-Lu\n|move|p2a: Incineroar|Parting Shot|p1a: Koraidon\n|-unboost|p1a: Koraidon|atk|1\n|-unboost|p1a: Koraidon|spa|1\n|\n|t:|1746063622\n|switch|p2a: Calyrex|Calyrex-Shadow, L50|100/100|[from] Parting Shot\n|-ability|p2a: Calyrex|As One\n|-ability|p2a: Calyrex|Unnerve\n|\n|upkeep\n|\n|t:|1746063629\n|switch|p2b: Incineroar|Incineroar, L50, F|60/100\n|-ability|p2b: Incineroar|Intimidate|boost\n|-unboost|p1a: Koraidon|atk|1\n|-unboost|p1b: Flutter Mane|atk|1\n|turn|8\n|\n|t:|1746063642\n|move|p1b: Flutter Mane|Protect|p1b: Flutter Mane\n|-singleturn|p1b: Flutter Mane|Protect\n|move|p1a: Koraidon|Protect|p1a: Koraidon\n|-singleturn|p1a: Koraidon|Protect\n|move|p2b: Incineroar|Fake Out|p1b: Flutter Mane\n|-activate|p1b: Flutter Mane|move: Protect\n|move|p2a: Calyrex|Astral Barrage|p1a: Koraidon|[spread] \n|-activate|p1a: Koraidon|move: Protect\n|-activate|p1b: Flutter Mane|move: Protect\n|\n|upkeep\n|turn|9\n|\n|t:|1746063663\n|move|p2a: Calyrex|Protect|p2a: Calyrex\n|-singleturn|p2a: Calyrex|Protect\n|move|p1b: Flutter Mane|Icy Wind|p2a: Calyrex|[spread] p2b\n|-activate|p2a: Calyrex|move: Protect\n|-resisted|p2b: Incineroar\n|-damage|p2b: Incineroar|56/100\n|-unboost|p2b: Incineroar|spe|1\n|move|p1a: Koraidon|Flare Blitz|p2a: Calyrex\n|-activate|p2a: Calyrex|move: Protect\n|move|p2b: Incineroar|Flare Blitz|p1b: Flutter Mane\n|-damage|p1b: Flutter Mane|0 fnt\n|faint|p1b: Flutter Mane\n|-end|p1b: Flutter Mane|Protosynthesis|[silent]\n|-damage|p2b: Incineroar|36/100|[from] Recoil\n|\n|upkeep\n|\n|t:|1746063677\n|switch|p1b: Calyrex|Calyrex-Shadow, L50|100/100\n|-ability|p1b: Calyrex|As One\n|-ability|p1b: Calyrex|Unnerve\n|turn|10\n|\n|t:|1746063712\n|move|p1b: Calyrex|Protect|p1b: Calyrex\n|-singleturn|p1b: Calyrex|Protect\n|move|p2a: Calyrex|Astral Barrage|p1a: Koraidon|[spread] p1a\n|-activate|p1b: Calyrex|move: Protect\n|-damage|p1a: Koraidon|9/100\n|-damage|p2a: Calyrex|91/100|[from] item: Life Orb\n|move|p1a: Koraidon|Flare Blitz|p2a: Calyrex\n|-damage|p2a: Calyrex|65/100\n|-damage|p1a: Koraidon|0 fnt|[from] Recoil\n|faint|p1a: Koraidon\n|move|p2b: Incineroar|Flare Blitz|p1b: Calyrex\n|-activate|p1b: Calyrex|move: Protect\n|\n|upkeep\n|turn|11\n|\n|t:|1746063738\n|move|p2a: Calyrex|Protect|p2a: Calyrex\n|-singleturn|p2a: Calyrex|Protect\n|move|p1b: Calyrex|Astral Barrage|p2b: Incineroar|[spread] p2b\n|-activate|p2a: Calyrex|move: Protect\n|-resisted|p2b: Incineroar\n|-damage|p2b: Incineroar|6/100\n|-damage|p1b: Calyrex|91/100|[from] item: Life Orb\n|move|p2b: Incineroar|Knock Off|p1b: Calyrex\n|-supereffective|p1b: Calyrex\n|-damage|p1b: Calyrex|0 fnt\n|-enditem|p1b: Calyrex|Life Orb|[from] move: Knock Off|[of] p2b: Incineroar\n|faint|p1b: Calyrex\n|\n|win|Shirteasy22\n||dandude27 is ready for game 2.\n|inactive|Shirteasy22 has 30 seconds to confirm battle start!\n|inactive|Shirteasy22 has 20 seconds to confirm battle start!\n||Shirteasy22 is ready for game 2.\n|uhtml|next|Next: <a href=\"/battle-gen9vgc2025regibo3-2354376400\"><strong>Game 2 of 3</strong></a>\n|l|\u2606dandude27\n|player|p1|\n", "uploadtime": 1746064409, "views": 16, "formatid": "gen9vgc2025regibo3", "rating": null, "private": 0, "password": null}