{"id": "gen9vgc2025regibo3-2354938107", "format": "[Gen 9] VGC 2025 Reg I (Bo3)", "players": ["seanonalia", "bartcr0987"], "log": "|j|\u2606seanonalia\n|j|\u2606bartcr0987\n|html|<table width=\"100%\"><tr><td align=\"left\">seanonalia</td><td align=\"right\">bartcr0987</tr><tr><td align=\"left\"><i class=\"fa fa-circle\"></i> <i class=\"fa fa-circle-o\"></i> </td><td align=\"right\"><i class=\"fa fa-circle-o\"></i> <i class=\"fa fa-circle-o\"></i> </tr></table>\n|uhtml|bestof|<h2><strong>Game 2</strong> of <a href=\"/game-bestof3-gen9vgc2025regibo3-2354936148\">a best-of-3</a></h2>\n|t:|1746133639\n|gametype|doubles\n|player|p1|seanonalia|iris|1108\n|player|p2|bartcr0987|lance|1186\n|teamsize|p1|6\n|teamsize|p2|6\n|gen|9\n|tier|[Gen 9] VGC 2025 Reg I (Bo3)\n|rated|\n|rule|Species Clause: Limit one of each Pok\u00e9mon\n|rule|Item Clause: Limit 1 of each item\n|clearpoke\n|poke|p1|Zamazenta-*, L50|\n|poke|p1|Calyrex-Shadow, L50|\n|poke|p1|Urshifu-*, L50, F|\n|poke|p1|Heatran, L50, M|\n|poke|p1|Iron Hands, L50|\n|poke|p1|Grimmsnarl, L50, M|\n|poke|p2|Koraidon, L50|\n|poke|p2|Calyrex-Ice, L50|\n|poke|p2|Chi-Yu, L50|\n|poke|p2|Raging Bolt, L50|\n|poke|p2|Ogerpon-Cornerstone, L50, F|\n|poke|p2|Ditto, L50|\n|teampreview|4\n|showteam|p1|Zamazenta-Crowned||RustedShield|DauntlessShield|BodyPress,behemothbash,WideGuard,Protect||||||50|,,,,,Grass]Calyrex-Shadow||FocusSash|AsOneSpectrier|AstralBarrage,Psychic,ShadowBall,Protect||||||50|,,,,,Dark]Urshifu-Rapid-Strike||ChoiceScarf|UnseenFist|SurgingStrikes,CloseCombat,Coaching,Uturn|||F|||50|,,,,,Water]Heatran||ZoomLens|FlashFire|Protect,EarthPower,DarkPulse,MagmaStorm|||M|||50|,,,,,Bug]Iron Hands||AssaultVest|QuarkDrive|LowKick,WildCharge,FakeOut,DrainPunch||||||50|,,,,,Water]Grimmsnarl||LightClay|Prankster|LightScreen,Reflect,ThunderWave,SpiritBreak|||M|||50|,,,,,Water\n|showteam|p2|Koraidon||LifeOrb|OrichalcumPulse|Protect,FlameCharge,CloseCombat,FlareBlitz||||||50|,,,,,Fire]Calyrex-Ice||ClearAmulet|AsOneGlastrier|Protect,GlacialLance,HighHorsepower,TrickRoom||||||50|,,,,,Fairy]Chi-Yu||ChoiceScarf|BeadsofRuin|HeatWave,Snarl,Overheat,DarkPulse||||||50|,,,,,Ghost]Raging Bolt||AssaultVest|Protosynthesis|Electroweb,VoltSwitch,DracoMeteor,Thunderclap||||||50|,,,,,Electric]Ogerpon-Cornerstone||CornerstoneMask|Sturdy|SpikyShield,IvyCudgel,FollowMe,PowerWhip|||F|||50|,,,,,Rock]Ditto||FocusSash|Imposter|Transform||||||50|,,,,,Ghost\n|inactive|Battle timer is ON: inactive players will automatically lose when time's up. (requested by seanonalia)\n|inactive|bartcr0987 has 60 seconds left.\n|\n|t:|1746133679\n|start\n|switch|p1a: Heatran|Heatran, L50, M|100/100\n|switch|p1b: Grimmsnarl|Grimmsnarl, L50, M|100/100\n|switch|p2a: Raging Bolt|Raging Bolt, L50|100/100\n|switch|p2b: Ogerpon|Ogerpon-Cornerstone, L50, F|100/100\n|turn|1\n|\n|t:|1746133693\n|move|p1a: Heatran|Protect|p1a: Heatran\n|-singleturn|p1a: Heatran|Protect\n|move|p1b: Grimmsnarl|Reflect|p1b: Grimmsnarl\n|-sidestart|p1: seanonalia|Reflect\n|move|p2b: Ogerpon|Ivy Cudgel|p1a: Heatran|[anim] Ivy Cudgel Rock\n|-activate|p1a: Heatran|move: Protect\n|move|p2a: Raging Bolt|Draco Meteor|p1a: Heatran\n|-activate|p1a: Heatran|move: Protect\n|\n|upkeep\n|turn|2\n|\n|t:|1746133704\n|switch|p1a: Iron Hands|Iron Hands, L50|100/100\n|move|p1b: Grimmsnarl|Light Screen|p1b: Grimmsnarl\n|-sidestart|p1: seanonalia|move: Light Screen\n|move|p2b: Ogerpon|Ivy Cudgel|p1a: Iron Hands|[anim] Ivy Cudgel Rock\n|-resisted|p1a: Iron Hands\n|-damage|p1a: Iron Hands|88/100\n|move|p2a: Raging Bolt|Draco Meteor|p1a: Iron Hands\n|-damage|p1a: Iron Hands|65/100\n|-unboost|p2a: Raging Bolt|spa|2\n|\n|upkeep\n|turn|3\n|\n|t:|1746133723\n|-end|p2a: Raging Bolt|Protosynthesis|[silent]\n|switch|p2a: Koraidon|Koraidon, L50|100/100\n|-weather|SunnyDay|[from] ability: Orichalcum Pulse|[of] p2a: Koraidon\n|-activate|p2a: Koraidon|Orichalcum Pulse|[source]\n|move|p2b: Ogerpon|Spiky Shield|p2b: Ogerpon\n|-singleturn|p2b: Ogerpon|move: Protect\n|move|p1a: Iron Hands|Fake Out|p2b: Ogerpon\n|-activate|p2b: Ogerpon|move: Protect\n|-damage|p1a: Iron Hands|52/100|[from] Spiky Shield|[of] p2b: Ogerpon\n|move|p1b: Grimmsnarl|Spirit Break|p2a: Koraidon\n|-supereffective|p2a: Koraidon\n|-damage|p2a: Koraidon|0 fnt\n|faint|p2a: Koraidon\n|\n|-weather|SunnyDay|[upkeep]\n|upkeep\n|\n|t:|1746133737\n|switch|p2a: Raging Bolt|Raging Bolt, L50|100/100\n|-activate|p2a: Raging Bolt|ability: Protosynthesis\n|-start|p2a: Raging Bolt|protosynthesisspa\n|turn|4\n|\n|t:|1746133755\n|-terastallize|p2a: Raging Bolt|Electric\n|move|p1b: Grimmsnarl|Thunder Wave|p2b: Ogerpon\n|-status|p2b: Ogerpon|par\n|move|p2a: Raging Bolt|Volt Switch|p1b: Grimmsnarl\n|-damage|p1b: Grimmsnarl|63/100\n|\n|t:|1746133763\n|-end|p2a: Raging Bolt|Protosynthesis|[silent]\n|switch|p2a: Chi-Yu|Chi-Yu, L50|100/100|[from] Volt Switch\n|-ability|p2a: Chi-Yu|Beads of Ruin\n|move|p2b: Ogerpon|Ivy Cudgel|p1a: Iron Hands|[anim] Ivy Cudgel Rock\n|-resisted|p1a: Iron Hands\n|-damage|p1a: Iron Hands|39/100\n|move|p1a: Iron Hands|Drain Punch|p2b: Ogerpon\n|-supereffective|p2b: Ogerpon\n|-damage|p2b: Ogerpon|12/100 par\n|-heal|p1a: Iron Hands|68/100|[from] drain|[of] p2b: Ogerpon\n|\n|-weather|SunnyDay|[upkeep]\n|upkeep\n|turn|5\n|inactive|bartcr0987 has 30 seconds left.\n|inactive|bartcr0987 has 20 seconds left.\n|\n|t:|1746133798\n|switch|p2a: Raging Bolt|Raging Bolt, L50, tera:Electric|100/100\n|-activate|p2a: Raging Bolt|ability: Protosynthesis\n|-start|p2a: Raging Bolt|protosynthesisspa\n|move|p2b: Ogerpon|Ivy Cudgel|p1b: Grimmsnarl|[anim] Ivy Cudgel Rock\n|-damage|p1b: Grimmsnarl|24/100\n|move|p1b: Grimmsnarl|Spirit Break|p2b: Ogerpon\n|-crit|p2b: Ogerpon\n|-damage|p2b: Ogerpon|0 fnt\n|faint|p2b: Ogerpon\n|move|p1a: Iron Hands|Drain Punch|p2a: Raging Bolt\n|-damage|p2a: Raging Bolt|69/100\n|-heal|p1a: Iron Hands|83/100|[from] drain|[of] p2a: Raging Bolt\n|\n|-weather|SunnyDay|[upkeep]\n|upkeep\n|\n|t:|1746133812\n|switch|p2b: Chi-Yu|Chi-Yu, L50|100/100\n|-ability|p2b: Chi-Yu|Beads of Ruin\n|turn|6\n|\n|t:|1746133836\n|move|p2b: Chi-Yu|Snarl|p1b: Grimmsnarl|[spread] p1a,p1b\n|-resisted|p1a: Iron Hands\n|-resisted|p1b: Grimmsnarl\n|-damage|p1a: Iron Hands|77/100\n|-damage|p1b: Grimmsnarl|20/100\n|-unboost|p1a: Iron Hands|spa|1\n|-unboost|p1b: Grimmsnarl|spa|1\n|move|p2a: Raging Bolt|Volt Switch|p1b: Grimmsnarl\n|-damage|p1b: Grimmsnarl|0 fnt\n|faint|p1b: Grimmsnarl\n|move|p1a: Iron Hands|Drain Punch|p2b: Chi-Yu\n|-supereffective|p2b: Chi-Yu\n|-damage|p2b: Chi-Yu|0 fnt\n|-heal|p1a: Iron Hands|100/100|[from] drain|[of] p2b: Chi-Yu\n|faint|p2b: Chi-Yu\n|\n|-weather|SunnyDay|[upkeep]\n|upkeep\n|\n|t:|1746133847\n|switch|p1b: Heatran|Heatran, L50, M|100/100\n|turn|7\n|\n|t:|1746133857\n|move|p2a: Raging Bolt|Draco Meteor|p1b: Heatran\n|-resisted|p1b: Heatran\n|-damage|p1b: Heatran|78/100\n|-unboost|p2a: Raging Bolt|spa|2\n|move|p1b: Heatran|Magma Storm|p2a: Raging Bolt\n|-crit|p2a: Raging Bolt\n|-damage|p2a: Raging Bolt|10/100\n|-activate|p2a: Raging Bolt|move: Magma Storm|[of] p1b: Heatran\n|move|p1a: Iron Hands|Low Kick|p2a: Raging Bolt\n|-damage|p2a: Raging Bolt|0 fnt\n|faint|p2a: Raging Bolt\n|-end|p2a: Raging Bolt|Protosynthesis|[silent]\n|\n|win|seanonalia\n|raw|seanonalia's rating: 1108 &rarr; <strong>1139</strong><br />(+31 for winning)\n|raw|bartcr0987's rating: 1186 &rarr; <strong>1155</strong><br />(-31 for losing)\n|l|\u2606bartcr0987\n|player|p2|\n", "uploadtime": 1746133882, "views": 9, "formatid": "gen9vgc2025regibo3", "rating": 1139, "private": 0, "password": null}