{"id": "gen9vgc2025regibo3-2354225994", "format": "[Gen 9] VGC 2025 Reg I (Bo3)", "players": ["jahreed", "Squirrelsarge"], "log": "|j|\u2606jahreed\n|j|\u2606Squirrelsarge\n|html|<table width=\"100%\"><tr><td align=\"left\">jahreed</td><td align=\"right\">Squirrelsarge</tr><tr><td align=\"left\"><i class=\"fa fa-circle-o\"></i> <i class=\"fa fa-circle-o\"></i> </td><td align=\"right\"><i class=\"fa fa-circle-o\"></i> <i class=\"fa fa-circle-o\"></i> </tr></table>\n|uhtml|bestof|<h2><strong>Game 1</strong> of <a href=\"/game-bestof3-gen9vgc2025regibo3-2354225992\">a best-of-3</a></h2>\n|t:|1746046584\n|gametype|doubles\n|player|p1|jahreed|pryce|1131\n|player|p2|Squirrelsarge|170|1129\n|teamsize|p1|6\n|teamsize|p2|6\n|gen|9\n|tier|[Gen 9] VGC 2025 Reg I (Bo3)\n|rated|\n|rule|Species Clause: Limit one of each Pok\u00e9mon\n|rule|Item Clause: Limit 1 of each item\n|clearpoke\n|poke|p1|Zamazenta-*, L50|\n|poke|p1|Calyrex-Shadow, L50|\n|poke|p1|Tornadus, L50, M|\n|poke|p1|Urshifu-*, L50, F|\n|poke|p1|Rillaboom, L50, M|\n|poke|p1|Chien-Pao, L50|\n|poke|p2|Calyrex-Shadow, L50|\n|poke|p2|Kyogre, L50|\n|poke|p2|Barraskewda, L50, F|\n|poke|p2|Chi-Yu, L50|\n|poke|p2|Tornadus, L50, M|\n|poke|p2|Clefairy, L50, F|\n|teampreview|4\n|showteam|p1|Zamazenta-Crowned||RustedShield|DauntlessShield|BodyPress,behemothbash,WideGuard,Protect||||||50|,,,,,Ghost]Calyrex-Shadow||LifeOrb|AsOneSpectrier|AstralBarrage,Psychic,DarkPulse,Protect||||||50|,,,,,Dark]Tornadus||CovertCloak|Prankster|BleakwindStorm,Tailwind,RainDance,Protect|||M|||50|,,,,,Dark]Urshifu-Rapid-Strike||MysticWater|UnseenFist|SurgingStrikes,Taunt,AquaJet,Detect|||F|||50|,,,,,Water]Rillaboom||AssaultVest|GrassySurge|WoodHammer,GrassyGlide,Uturn,FakeOut|||M|||50|,,,,,Fire]Chien-Pao||FocusSash|SwordofRuin|SuckerPunch,SacredSword,IcicleCrash,Protect||||||50|,,,,,Ghost\n|showteam|p2|Calyrex-Shadow||FocusSash|AsOneSpectrier|AstralBarrage,GrassKnot,Psyshock,Protect||||||50|,,,,,Fairy]Kyogre||Leftovers|Drizzle|CalmMind,WaterSpout,IceBeam,Protect||||||50|,,,,,Grass]Barraskewda||ChoiceBand|SwiftSwim|PoisonJab,NightSlash,Waterfall,DrillRun|||F|||50|,,,,,Ground]Chi-Yu||AssaultVest|BeadsofRuin|Snarl,HeatWave,TeraBlast,Flamethrower||||||50|,,,,,Water]Tornadus||CovertCloak|Prankster|Tailwind,BleakwindStorm,RainDance,Protect|||M|||50|,,,,,Electric]Clefairy||Eviolite|FriendGuard|HealPulse,HelpingHand,Protect,NightShade|||F|||50|,,,,,Fire\n|\n|t:|1746046632\n|start\n|switch|p1a: Rillaboom|Rillaboom, L50, M|100/100\n|switch|p1b: Zamazenta|Zamazenta-Crowned, L50|100/100\n|switch|p2a: Kyogre|Kyogre, L50|100/100\n|switch|p2b: Clefairy|Clefairy, L50, F|100/100\n|-ability|p1b: Zamazenta|Dauntless Shield|boost\n|-boost|p1b: Zamazenta|def|1\n|-weather|RainDance|[from] ability: Drizzle|[of] p2a: Kyogre\n|-fieldstart|move: Grassy Terrain|[from] ability: Grassy Surge|[of] p1a: Rillaboom\n|turn|1\n|\n|t:|1746046660\n|-terastallize|p2b: Clefairy|Fire\n|move|p1b: Zamazenta|Behemoth Bash|p2b: Clefairy\n|-resisted|p2b: Clefairy\n|-damage|p2b: Clefairy|83/100\n|move|p2a: Kyogre|Ice Beam|p1a: Rillaboom\n|-supereffective|p1a: Rillaboom\n|-damage|p1a: Rillaboom|56/100\n|move|p1a: Rillaboom|Wood Hammer|p2a: Kyogre\n|-supereffective|p2a: Kyogre\n|-damage|p2a: Kyogre|0 fnt\n|faint|p2a: Kyogre\n|-damage|p1a: Rillaboom|23/100|[from] Recoil\n|move|p2b: Clefairy|Night Shade|p1b: Zamazenta\n|-damage|p1b: Zamazenta|71/100\n|\n|-weather|RainDance|[upkeep]\n|-heal|p1b: Zamazenta|77/100|[from] Grassy Terrain\n|-heal|p1a: Rillaboom|29/100|[from] Grassy Terrain\n|-heal|p2b: Clefairy|89/100|[from] Grassy Terrain\n|upkeep\n|\n|t:|1746046685\n|switch|p2a: Calyrex|Calyrex-Shadow, L50|100/100\n|-ability|p2a: Calyrex|As One\n|-ability|p2a: Calyrex|Unnerve\n|turn|2\n|\n|t:|1746046711\n|move|p1b: Zamazenta|Wide Guard|p1b: Zamazenta\n|-singleturn|p1b: Zamazenta|Wide Guard\n|move|p2a: Calyrex|Psyshock|p1a: Rillaboom\n|-damage|p1a: Rillaboom|0 fnt\n|faint|p1a: Rillaboom\n|-ability|p2a: Calyrex|Grim Neigh|boost\n|-boost|p2a: Calyrex|spa|1\n|move|p2b: Clefairy|Night Shade|p1b: Zamazenta\n|-damage|p1b: Zamazenta|47/100\n|\n|-weather|RainDance|[upkeep]\n|-heal|p1b: Zamazenta|53/100|[from] Grassy Terrain\n|-heal|p2b: Clefairy|96/100|[from] Grassy Terrain\n|upkeep\n|\n|t:|1746046726\n|switch|p1a: Chien-Pao|Chien-Pao, L50|100/100\n|-ability|p1a: Chien-Pao|Sword of Ruin\n|turn|3\n|\n|t:|1746046745\n|move|p1a: Chien-Pao|Sucker Punch|p2a: Calyrex\n|-supereffective|p2a: Calyrex\n|-enditem|p2a: Calyrex|Focus Sash\n|-damage|p2a: Calyrex|1/100\n|move|p2a: Calyrex|Grass Knot|p1a: Chien-Pao\n|-enditem|p1a: Chien-Pao|Focus Sash\n|-damage|p1a: Chien-Pao|1/100\n|move|p1b: Zamazenta|Body Press|p2b: Clefairy\n|-damage|p2b: Clefairy|13/100\n|move|p2b: Clefairy|Night Shade|p1b: Zamazenta\n|-damage|p1b: Zamazenta|24/100\n|\n|-weather|RainDance|[upkeep]\n|-heal|p2a: Calyrex|7/100|[from] Grassy Terrain\n|-heal|p1a: Chien-Pao|7/100|[from] Grassy Terrain\n|-heal|p1b: Zamazenta|29/100|[from] Grassy Terrain\n|-heal|p2b: Clefairy|20/100|[from] Grassy Terrain\n|upkeep\n|turn|4\n|\n|t:|1746046778\n|move|p1a: Chien-Pao|Protect|p1a: Chien-Pao\n|-singleturn|p1a: Chien-Pao|Protect\n|move|p2a: Calyrex|Grass Knot|p1b: Zamazenta\n|-resisted|p1b: Zamazenta\n|-damage|p1b: Zamazenta|0 fnt\n|faint|p1b: Zamazenta\n|-ability|p2a: Calyrex|Grim Neigh|boost\n|-boost|p2a: Calyrex|spa|1\n|move|p2b: Clefairy|Night Shade|p1a: Chien-Pao\n|-activate|p1a: Chien-Pao|move: Protect\n|\n|-weather|RainDance|[upkeep]\n|-heal|p2a: Calyrex|12/100|[from] Grassy Terrain\n|-heal|p1a: Chien-Pao|13/100|[from] Grassy Terrain\n|-heal|p2b: Clefairy|26/100|[from] Grassy Terrain\n|upkeep\n|\n|t:|1746046782\n|switch|p1b: Calyrex|Calyrex-Shadow, L50|100/100\n|-ability|p1b: Calyrex|As One\n|-ability|p1b: Calyrex|Unnerve\n|turn|5\n|\n|t:|1746046823\n|switch|p2a: Chi-Yu|Chi-Yu, L50|100/100\n|-ability|p2a: Chi-Yu|Beads of Ruin\n|move|p2b: Clefairy|Protect|p2b: Clefairy\n|-singleturn|p2b: Clefairy|Protect\n|move|p1a: Chien-Pao|Sucker Punch||[still]\n|-fail|p1a: Chien-Pao\n|move|p1b: Calyrex|Astral Barrage|p2a: Chi-Yu|[spread] p2a\n|-activate|p2b: Clefairy|move: Protect\n|-resisted|p2a: Chi-Yu\n|-crit|p2a: Chi-Yu\n|-damage|p2a: Chi-Yu|77/100\n|-damage|p1b: Calyrex|91/100|[from] item: Life Orb\n|\n|-weather|none\n|-heal|p1b: Calyrex|97/100|[from] Grassy Terrain\n|-heal|p1a: Chien-Pao|19/100|[from] Grassy Terrain\n|-heal|p2a: Chi-Yu|83/100|[from] Grassy Terrain\n|-heal|p2b: Clefairy|32/100|[from] Grassy Terrain\n|-fieldend|move: Grassy Terrain\n|upkeep\n|turn|6\n|\n|t:|1746046847\n|-terastallize|p1b: Calyrex|Dark\n|move|p2b: Clefairy|Helping Hand|p2a: Chi-Yu\n|-singleturn|p2a: Chi-Yu|Helping Hand|[of] p2b: Clefairy\n|move|p1a: Chien-Pao|Protect|p1a: Chien-Pao\n|-singleturn|p1a: Chien-Pao|Protect\n|move|p1b: Calyrex|Astral Barrage|p2a: Chi-Yu|[spread] p2a,p2b\n|-resisted|p2a: Chi-Yu\n|-damage|p2a: Chi-Yu|66/100\n|-damage|p2b: Clefairy|0 fnt\n|faint|p2b: Clefairy\n|-ability|p1b: Calyrex|Grim Neigh|boost\n|-boost|p1b: Calyrex|spa|1\n|-damage|p1b: Calyrex|87/100|[from] item: Life Orb\n|move|p2a: Chi-Yu|Heat Wave|p1a: Chien-Pao|[spread] p1b\n|-activate|p1a: Chien-Pao|move: Protect\n|-damage|p1b: Calyrex|24/100\n|\n|upkeep\n|\n|t:|1746046866\n|switch|p2b: Calyrex|Calyrex-Shadow, L50|12/100\n|-ability|p2b: Calyrex|As One\n|-ability|p2b: Calyrex|Unnerve\n|turn|7\n|\n|t:|1746046907\n|move|p1a: Chien-Pao|Sucker Punch|p2b: Calyrex\n|-supereffective|p2b: Calyrex\n|-damage|p2b: Calyrex|0 fnt\n|faint|p2b: Calyrex\n|move|p1b: Calyrex|Astral Barrage|p2a: Chi-Yu\n|-resisted|p2a: Chi-Yu\n|-crit|p2a: Chi-Yu\n|-damage|p2a: Chi-Yu|6/100\n|-damage|p1b: Calyrex|14/100|[from] item: Life Orb\n|move|p2a: Chi-Yu|Heat Wave|p1b: Calyrex|[spread] p1a,p1b\n|-supereffective|p1a: Chien-Pao\n|-damage|p1a: Chien-Pao|0 fnt\n|-damage|p1b: Calyrex|0 fnt\n|faint|p1a: Chien-Pao\n|faint|p1b: Calyrex\n|\n|win|Squirrelsarge\n||jahreed is ready for game 2.\n|inactive|Squirrelsarge has 30 seconds to confirm battle start!\n||Squirrelsarge is ready for game 2.\n|uhtml|next|Next: <a href=\"/battle-gen9vgc2025regibo3-2354229264\"><strong>Game 2 of 3</strong></a>\n", "uploadtime": 1746047577, "views": 29, "formatid": "gen9vgc2025regibo3", "rating": null, "private": 0, "password": null}