{"id": "gen9vgc2025regibo3-2354185848", "format": "[Gen 9] VGC 2025 Reg I (Bo3)", "players": ["tzarii", "OhDaGuru"], "log": "|j|\u2606tzarii\n|j|\u2606OhDaGuru\n|html|<table width=\"100%\"><tr><td align=\"left\">tzarii</td><td align=\"right\">OhDaGuru</tr><tr><td align=\"left\"><i class=\"fa fa-circle-o\"></i> <i class=\"fa fa-circle-o\"></i> </td><td align=\"right\"><i class=\"fa fa-circle-o\"></i> <i class=\"fa fa-circle-o\"></i> </tr></table>\n|uhtml|bestof|<h2><strong>Game 1</strong> of <a href=\"/game-bestof3-gen9vgc2025regibo3-2354185847\">a best-of-3</a></h2>\n|t:|1746042581\n|gametype|doubles\n|player|p1|tzarii|lady-gen4|1168\n|player|p2|OhDaGuru|266|1255\n|teamsize|p1|6\n|teamsize|p2|6\n|gen|9\n|tier|[Gen 9] VGC 2025 Reg I (Bo3)\n|rated|\n|rule|Species Clause: Limit one of each Pok\u00e9mon\n|rule|Item Clause: Limit 1 of each item\n|clearpoke\n|poke|p1|Koraidon, L50|\n|poke|p1|Groudon, L50|\n|poke|p1|Flutter Mane, L50|\n|poke|p1|Scovillain, L50, M|\n|poke|p1|Rillaboom, L50, F|\n|poke|p1|Scream Tail, L50|\n|poke|p2|Kyogre, L50|\n|poke|p2|Miraidon, L50|\n|poke|p2|Tornadus, L50, M|\n|poke|p2|Iron Hands, L50|\n|poke|p2|Farigiraf, L50, F|\n|poke|p2|Iron Treads, L50|\n|teampreview|4\n|showteam|p1|Koraidon||ClearAmulet|OrichalcumPulse|FlameCharge,CloseCombat,FlareBlitz,Protect||||||50|,,,,,Fire]Groudon||AssaultVest|Drought|PrecipiceBlades,HeatCrash,RockSlide,HighHorsepower||||||50|,,,,,Water]Flutter Mane||FocusSash|Protosynthesis|Moonblast,IcyWind,ShadowBall,Protect||||||50|,,,,,Fairy]Scovillain||CovertCloak|Chlorophyll|Overheat,SpicyExtract,WillOWisp,ScaryFace|||M|||50|,,,,,Fire]Rillaboom||MiracleSeed|GrassySurge|FakeOut,GrassyGlide,WoodHammer,Protect|||F|||50|,,,,,Water]Scream Tail||RedCard|Protosynthesis|StealthRock,Encore,Disable,Protect||||||50|,,,,,Dark\n|showteam|p2|Kyogre||MysticWater|Drizzle|WaterSpout,OriginPulse,IceBeam,Protect||||||50|,,,,,Grass]Miraidon||ChoiceSpecs|HadronEngine|ElectroDrift,DracoMeteor,DazzlingGleam,VoltSwitch||||||50|,,,,,Fairy]Tornadus||FocusSash|Prankster|BleakwindStorm,Tailwind,RainDance,Protect|||M|||50|,,,,,Ghost]Iron Hands||AssaultVest|QuarkDrive|WildCharge,DrainPunch,LowKick,FakeOut||||||50|,,,,,Water]Farigiraf||ElectricSeed|ArmorTail|FoulPlay,PsychicNoise,TrickRoom,HelpingHand|||F|||50|,,,,,Water]Iron Treads||LifeOrb|QuarkDrive|HighHorsepower,SteelRoller,KnockOff,Protect||||||50|,,,,,Ghost\n|inactive|Battle timer is ON: inactive players will automatically lose when time's up. (requested by OhDaGuru)\n|inactive|tzarii has 60 seconds left.\n|inactive|OhDaGuru has 60 seconds left.\n|inactive|OhDaGuru has 30 seconds left.\n|\n|t:|1746042644\n|start\n|switch|p1a: Groudon|Groudon, L50|100/100\n|switch|p1b: Scream Tail|Scream Tail, L50|100/100\n|switch|p2a: Kyogre|Kyogre, L50|100/100\n|switch|p2b: Tornadus|Tornadus, L50, M|100/100\n|-weather|RainDance|[from] ability: Drizzle|[of] p2a: Kyogre\n|-weather|SunnyDay|[from] ability: Drought|[of] p1a: Groudon\n|-activate|p1b: Scream Tail|ability: Protosynthesis\n|-start|p1b: Scream Tail|protosynthesisspe\n|turn|1\n|inactive|tzarii has 30 seconds left.\n|inactive|OhDaGuru has 30 seconds left.\n|inactive|tzarii has 20 seconds left.\n|inactive|tzarii has 15 seconds left.\n|\n|t:|1746042687\n|-terastallize|p1a: Groudon|Water\n|move|p2b: Tornadus|Tailwind|p2b: Tornadus\n|-sidestart|p2: OhDaGuru|move: Tailwind\n|move|p1b: Scream Tail|Stealth Rock|p2b: Tornadus\n|-sidestart|p2: OhDaGuru|move: Stealth Rock\n|move|p2a: Kyogre|Water Spout|p1a: Groudon|[spread] p1a,p1b\n|-resisted|p1a: Groudon\n|-damage|p1a: Groudon|91/100\n|-damage|p1b: Scream Tail|72/100\n|-enditem|p1b: Scream Tail|Red Card|[of] p2a: Kyogre\n|drag|p2a: Iron Hands|Iron Hands, L50|100/100\n|-damage|p2a: Iron Hands|95/100|[from] Stealth Rock\n|move|p1a: Groudon|High Horsepower|p2a: Iron Hands\n|-supereffective|p2a: Iron Hands\n|-damage|p2a: Iron Hands|27/100\n|\n|-weather|SunnyDay|[upkeep]\n|upkeep\n|turn|2\n|inactive|tzarii has 30 seconds left.\n|inactive|OhDaGuru has 30 seconds left.\n|inactive|tzarii has 20 seconds left.\n|inactive|OhDaGuru has 20 seconds left.\n|inactive|tzarii has 15 seconds left.\n|\n|t:|1746042730\n|switch|p1a: Rillaboom|Rillaboom, L50, F|100/100\n|-fieldstart|move: Grassy Terrain|[from] ability: Grassy Surge|[of] p1a: Rillaboom\n|-terastallize|p2a: Iron Hands|Water\n|move|p2b: Tornadus|Rain Dance|p2b: Tornadus\n|-weather|RainDance\n|-end|p1b: Scream Tail|Protosynthesis\n|move|p1b: Scream Tail|Disable|p2b: Tornadus\n|-start|p2b: Tornadus|Disable|Rain Dance\n|move|p2a: Iron Hands|Drain Punch|p1a: Rillaboom\n|-damage|p1a: Rillaboom|61/100\n|-heal|p2a: Iron Hands|44/100|[from] drain|[of] p1a: Rillaboom\n|\n|-weather|RainDance|[upkeep]\n|-heal|p1b: Scream Tail|78/100|[from] Grassy Terrain\n|-heal|p2a: Iron Hands|50/100|[from] Grassy Terrain\n|-heal|p1a: Rillaboom|67/100|[from] Grassy Terrain\n|upkeep\n|turn|3\n|inactive|tzarii has 30 seconds left.\n|inactive|OhDaGuru has 30 seconds left.\n|inactive|tzarii has 20 seconds left.\n|inactive|tzarii has 15 seconds left.\n|inactive|OhDaGuru has 20 seconds left.\n|\n|t:|1746042772\n|-end|p2a: Iron Hands|Quark Drive|[silent]\n|switch|p2a: Miraidon|Miraidon, L50|100/100\n|-damage|p2a: Miraidon|88/100|[from] Stealth Rock\n|-fieldstart|move: Electric Terrain|[from] ability: Hadron Engine|[of] p2a: Miraidon\n|switch|p1a: Groudon|Groudon, L50, tera:Water|91/100\n|-weather|SunnyDay|[from] ability: Drought|[of] p1a: Groudon\n|-activate|p1b: Scream Tail|ability: Protosynthesis\n|-start|p1b: Scream Tail|protosynthesisspe\n|move|p2b: Tornadus|Bleakwind Storm|p1b: Scream Tail|[spread] p1a,p1b\n|-damage|p1a: Groudon|69/100\n|-damage|p1b: Scream Tail|50/100\n|-unboost|p1b: Scream Tail|spe|1\n|move|p1b: Scream Tail|Disable||[still]\n|-fail|p1b: Scream Tail\n|\n|-weather|SunnyDay|[upkeep]\n|upkeep\n|turn|4\n|inactive|tzarii has 30 seconds left.\n|inactive|OhDaGuru has 30 seconds left.\n|inactive|tzarii has 20 seconds left.\n|inactive|OhDaGuru has 20 seconds left.\n|\n|t:|1746042812\n|switch|p2b: Kyogre|Kyogre, L50|100/100\n|-damage|p2b: Kyogre|88/100|[from] Stealth Rock\n|-weather|RainDance|[from] ability: Drizzle|[of] p2b: Kyogre\n|-end|p1b: Scream Tail|Protosynthesis\n|switch|p1a: Rillaboom|Rillaboom, L50, F|67/100\n|-fieldstart|move: Grassy Terrain|[from] ability: Grassy Surge|[of] p1a: Rillaboom\n|move|p1b: Scream Tail|Protect|p1b: Scream Tail\n|-singleturn|p1b: Scream Tail|Protect\n|move|p2a: Miraidon|Electro Drift|p1a: Rillaboom\n|-resisted|p1a: Rillaboom\n|-damage|p1a: Rillaboom|16/100\n|\n|-weather|RainDance|[upkeep]\n|-heal|p2a: Miraidon|94/100|[from] Grassy Terrain\n|-heal|p2b: Kyogre|94/100|[from] Grassy Terrain\n|-heal|p1b: Scream Tail|56/100|[from] Grassy Terrain\n|-heal|p1a: Rillaboom|22/100|[from] Grassy Terrain\n|-sideend|p2: OhDaGuru|move: Tailwind\n|upkeep\n|turn|5\n|inactive|tzarii has 30 seconds left.\n|\n|t:|1746042840\n|switch|p2a: Tornadus|Tornadus, L50, M|100/100\n|-damage|p2a: Tornadus|76/100|[from] Stealth Rock\n|-end|p1b: Scream Tail|Protosynthesis|[silent]\n|switch|p1b: Koraidon|Koraidon, L50|100/100\n|-weather|SunnyDay|[from] ability: Orichalcum Pulse|[of] p1b: Koraidon\n|-activate|p1b: Koraidon|Orichalcum Pulse|[source]\n|move|p2b: Kyogre|Protect|p2b: Kyogre\n|-singleturn|p2b: Kyogre|Protect\n|move|p1a: Rillaboom|Protect||[still]\n|-fail|p1a: Rillaboom\n|\n|-weather|SunnyDay|[upkeep]\n|-heal|p2b: Kyogre|99/100|[from] Grassy Terrain\n|-heal|p1a: Rillaboom|28/100|[from] Grassy Terrain\n|upkeep\n|turn|6\n|inactive|tzarii has 30 seconds left.\n|inactive|OhDaGuru has 30 seconds left.\n|inactive|tzarii has 20 seconds left.\n|inactive|OhDaGuru has 20 seconds left.\n|inactive|tzarii has 15 seconds left.\n|\n|t:|1746042883\n|move|p2a: Tornadus|Tailwind|p2a: Tornadus\n|-sidestart|p2: OhDaGuru|move: Tailwind\n|move|p1a: Rillaboom|Grassy Glide|p2b: Kyogre\n|-supereffective|p2b: Kyogre\n|-damage|p2b: Kyogre|13/100\n|move|p2b: Kyogre|Ice Beam|p1a: Rillaboom\n|-supereffective|p1a: Rillaboom\n|-damage|p1a: Rillaboom|0 fnt\n|faint|p1a: Rillaboom\n|move|p1b: Koraidon|Flare Blitz|p2a: Tornadus\n|-damage|p2a: Tornadus|0 fnt\n|faint|p2a: Tornadus\n|-damage|p1b: Koraidon|78/100|[from] Recoil\n|\n|-weather|SunnyDay|[upkeep]\n|-heal|p2b: Kyogre|19/100|[from] Grassy Terrain\n|-heal|p1b: Koraidon|85/100|[from] Grassy Terrain\n|upkeep\n|\n|t:|1746042907\n|switch|p2a: Miraidon|Miraidon, L50|94/100\n|switch|p1a: Scream Tail|Scream Tail, L50|56/100\n|-damage|p2a: Miraidon|82/100|[from] Stealth Rock\n|-fieldstart|move: Electric Terrain|[from] ability: Hadron Engine|[of] p2a: Miraidon\n|-activate|p1a: Scream Tail|ability: Protosynthesis\n|-start|p1a: Scream Tail|protosynthesisspe\n|turn|7\n|inactive|tzarii has 30 seconds left.\n|inactive|tzarii has 20 seconds left.\n|inactive|tzarii has 15 seconds left.\n|inactive|tzarii has 10 seconds left.\n|\n|t:|1746042956\n|switch|p2b: Iron Hands|Iron Hands, L50, tera:Water|50/100\n|-damage|p2b: Iron Hands|38/100|[from] Stealth Rock\n|-activate|p2b: Iron Hands|ability: Quark Drive\n|-start|p2b: Iron Hands|quarkdriveatk\n|move|p1a: Scream Tail|Protect|p1a: Scream Tail\n|-singleturn|p1a: Scream Tail|Protect\n|move|p1b: Koraidon|Protect|p1b: Koraidon\n|-singleturn|p1b: Koraidon|Protect\n|move|p2a: Miraidon|Dazzling Gleam|p1b: Koraidon|[spread] \n|-activate|p1a: Scream Tail|move: Protect\n|-activate|p1b: Koraidon|move: Protect\n|\n|-weather|SunnyDay|[upkeep]\n|upkeep\n|turn|8\n|inactive|tzarii has 30 seconds left.\n|\n|t:|1746042989\n|switch|p1b: Groudon|Groudon, L50, tera:Water|69/100\n|move|p2b: Iron Hands|Fake Out|p1a: Scream Tail\n|-damage|p1a: Scream Tail|39/100\n|move|p2a: Miraidon|Dazzling Gleam|p1a: Scream Tail|[spread] p1a,p1b\n|-damage|p1a: Scream Tail|11/100\n|-damage|p1b: Groudon|46/100\n|cant|p1a: Scream Tail|flinch\n|\n|-weather|SunnyDay|[upkeep]\n|upkeep\n|turn|9\n|inactive|tzarii has 30 seconds left.\n|\n|t:|1746043017\n|move|p1a: Scream Tail|Protect|p1a: Scream Tail\n|-singleturn|p1a: Scream Tail|Protect\n|move|p2a: Miraidon|Dazzling Gleam|p1a: Scream Tail|[spread] p1b\n|-activate|p1a: Scream Tail|move: Protect\n|-damage|p1b: Groudon|23/100\n|move|p2b: Iron Hands|Wild Charge|p1b: Groudon\n|-supereffective|p1b: Groudon\n|-damage|p1b: Groudon|0 fnt\n|faint|p1b: Groudon\n|-damage|p2b: Iron Hands|33/100|[from] Recoil\n|\n|-weather|none\n|-end|p1a: Scream Tail|Protosynthesis\n|-sideend|p2: OhDaGuru|move: Tailwind\n|upkeep\n|\n|t:|1746043022\n|switch|p1b: Koraidon|Koraidon, L50|85/100\n|-weather|SunnyDay|[from] ability: Orichalcum Pulse|[of] p1b: Koraidon\n|-activate|p1a: Scream Tail|ability: Protosynthesis\n|-start|p1a: Scream Tail|protosynthesisspe\n|-activate|p1b: Koraidon|Orichalcum Pulse|[source]\n|turn|10\n|inactive|tzarii has 30 seconds left.\n|\n|t:|1746043051\n|move|p1a: Scream Tail|Disable|p2a: Miraidon\n|-start|p2a: Miraidon|Disable|Dazzling Gleam\n|move|p1b: Koraidon|Close Combat|p2a: Miraidon\n|-damage|p2a: Miraidon|9/100\n|-unboost|p1b: Koraidon|def|1\n|-unboost|p1b: Koraidon|spd|1\n|cant|p2a: Miraidon|Disable|Dazzling Gleam\n|move|p2b: Iron Hands|Low Kick|p1b: Koraidon\n|-damage|p1b: Koraidon|0 fnt\n|faint|p1b: Koraidon\n|\n|-weather|SunnyDay|[upkeep]\n|upkeep\n|turn|11\n|\n|t:|1746043067\n|move|p1a: Scream Tail|Encore|p2b: Iron Hands\n|-start|p2b: Iron Hands|Encore\n|-activate|p2a: Miraidon|move: Struggle\n|move|p2a: Miraidon|Struggle|p1a: Scream Tail\n|-damage|p1a: Scream Tail|4/100\n|-damage|p2a: Miraidon|0 fnt|[from] recoil\n|faint|p2a: Miraidon\n|move|p2b: Iron Hands|Low Kick|p1a: Scream Tail\n|-resisted|p1a: Scream Tail\n|-damage|p1a: Scream Tail|1/100\n|\n|-weather|SunnyDay|[upkeep]\n|-fieldend|move: Electric Terrain\n|-end|p2b: Iron Hands|Quark Drive\n|upkeep\n|\n|t:|1746043074\n|switch|p2a: Kyogre|Kyogre, L50|19/100\n|-damage|p2a: Kyogre|6/100|[from] Stealth Rock\n|-weather|RainDance|[from] ability: Drizzle|[of] p2a: Kyogre\n|-end|p1a: Scream Tail|Protosynthesis\n|turn|12\n|\n|t:|1746043082\n|move|p1a: Scream Tail|Disable|p2b: Iron Hands\n|-start|p2b: Iron Hands|Disable|Low Kick\n|move|p2a: Kyogre|Ice Beam|p1a: Scream Tail\n|-damage|p1a: Scream Tail|0 fnt\n|faint|p1a: Scream Tail\n|-end|p1a: Scream Tail|Protosynthesis|[silent]\n|\n|win|OhDaGuru\n||tzarii is ready for game 2.\n", "uploadtime": 1746043088, "views": 15, "formatid": "gen9vgc2025regibo3", "rating": null, "private": 0, "password": null}