{"id": "gen9vgc2025regibo3-2353631205", "format": "[Gen 9] VGC 2025 Reg I (Bo3)", "players": ["navicorrin", "luisecanonserna"], "log": "|j|\u2606navicorrin\n|j|\u2606luisecanonserna\n|html|<table width=\"100%\"><tr><td align=\"left\">navicorrin</td><td align=\"right\">luisecanonserna</tr><tr><td align=\"left\"><i class=\"fa fa-circle-o\"></i> <i class=\"fa fa-circle-o\"></i> </td><td align=\"right\"><i class=\"fa fa-circle-o\"></i> <i class=\"fa fa-circle\"></i> </tr></table>\n|uhtml|bestof|<h2><strong>Game 2</strong> of <a href=\"/game-bestof3-gen9vgc2025regibo3-2353627519\">a best-of-3</a></h2>\n|t:|1745976761\n|gametype|doubles\n|player|p1|navicorrin|caitlin|1043\n|player|p2|luisecanonserna|266|1040\n|teamsize|p1|6\n|teamsize|p2|6\n|gen|9\n|tier|[Gen 9] VGC 2025 Reg I (Bo3)\n|rated|\n|rule|Species Clause: Limit one of each Pok\u00e9mon\n|rule|Item Clause: Limit 1 of each item\n|clearpoke\n|poke|p1|Amoonguss, L50, F|\n|poke|p1|Ho-Oh, L50|\n|poke|p1|Rillaboom, L50, F|\n|poke|p1|Snorlax, L50, F|\n|poke|p1|Lunala, L50|\n|poke|p1|Toxapex, L50, M|\n|poke|p2|Kyogre, L50|\n|poke|p2|Zacian-*, L50|\n|poke|p2|Rillaboom, L50, F|\n|poke|p2|Tornadus, L50, M|\n|poke|p2|Chien-Pao, L50|\n|poke|p2|Ogerpon-Hearthflame, L50, F|\n|teampreview|4\n|showteam|p1|Amoonguss||RockyHelmet|Regenerator|PollenPuff,GigaDrain,Protect,Spore|||F|||50|,,,,,Dragon]Ho-Oh||EjectPack|Regenerator|FireSpin,LifeDew,SacredFire,Protect||||||50|,,,,,Dragon]Rillaboom||AssaultVest|GrassySurge|GrassyGlide,Uturn,FakeOut,WoodHammer|||F|||50|,,,,,Water]Snorlax||AguavBerry|Gluttony|Yawn,Recycle,Protect,BodySlam|||F|||50|,,,,,Fairy]Lunala||Leftovers|ShadowShield|CalmMind,MoongeistBeam,DreamEater,Protect||||||50|,,,,,Fairy]Toxapex||CovertCloak|Regenerator|Infestation,Protect,Recover,Lunge|||M|||50|,,,,,Grass\n|showteam|p2|Kyogre||MysticWater|Drizzle|WaterSpout,OriginPulse,IceBeam,Protect||||||50|,,,,,Grass]Zacian-Crowned||RustedSword|IntrepidSword|behemothblade,PlayRough,SacredSword,Protect||||||50|,,,,,Water]Rillaboom||AssaultVest|GrassySurge|GrassyGlide,WoodHammer,FakeOut,Uturn|||F|||50|,,,,,Fire]Tornadus||CovertCloak|Prankster|BleakwindStorm,RainDance,Tailwind,Protect|||M|||50|,,,,,Dark]Chien-Pao||FocusSash|SwordofRuin|IcicleCrash,SuckerPunch,ThroatChop,Protect||||||50|,,,,,Ghost]Ogerpon-Hearthflame||HearthflameMask|MoldBreaker|IvyCudgel,FollowMe,SpikyShield,Encore|||F|||50|,,,,,Fire\n|inactive|Battle timer is ON: inactive players will automatically lose when time's up. (requested by navicorrin)\n|inactive|luisecanonserna has 60 seconds left.\n|\n|t:|1745976814\n|start\n|switch|p1a: Amoonguss|Amoonguss, L50, F, shiny|100/100\n|switch|p1b: Rillaboom|Rillaboom, L50, F, shiny|100/100\n|switch|p2a: Ogerpon|Ogerpon-Hearthflame, L50, F|100/100\n|switch|p2b: Zacian|Zacian-Crowned, L50|100/100\n|-ability|p2b: Zacian|Intrepid Sword|boost\n|-boost|p2b: Zacian|atk|1\n|-ability|p2a: Ogerpon|Mold Breaker\n|-fieldstart|move: Grassy Terrain|[from] ability: Grassy Surge|[of] p1b: Rillaboom\n|turn|1\n|inactive|luisecanonserna has 30 seconds left.\n|\n|t:|1745976847\n|move|p2b: Zacian|Protect|p2b: Zacian\n|-singleturn|p2b: Zacian|Protect\n|move|p1b: Rillaboom|Fake Out|p2a: Ogerpon\n|-damage|p2a: Ogerpon|83/100\n|cant|p2a: Ogerpon|flinch\n|move|p1a: Amoonguss|Spore|p2b: Zacian\n|-activate|p2b: Zacian|move: Protect\n|\n|-heal|p2a: Ogerpon|89/100|[from] Grassy Terrain\n|upkeep\n|turn|2\n|\n|t:|1745976866\n|move|p1a: Amoonguss|Protect|p1a: Amoonguss\n|-singleturn|p1a: Amoonguss|Protect\n|move|p2b: Zacian|Play Rough|p1a: Amoonguss\n|-activate|p1a: Amoonguss|move: Protect\n|move|p2a: Ogerpon|Ivy Cudgel|p1a: Amoonguss|[anim] Ivy Cudgel Fire\n|-activate|p1a: Amoonguss|move: Protect\n|move|p1b: Rillaboom|U-turn|p2a: Ogerpon\n|-damage|p2a: Ogerpon|58/100\n|\n|t:|1745976877\n|switch|p1b: Snorlax|Snorlax, L50, F, shiny|100/100|[from] U-turn\n|\n|-heal|p2a: Ogerpon|64/100|[from] Grassy Terrain\n|upkeep\n|turn|3\n|inactive|navicorrin has 30 seconds left.\n|\n|t:|1745976903\n|move|p2b: Zacian|Play Rough|p1a: Amoonguss|[miss]\n|-miss|p2b: Zacian|p1a: Amoonguss\n|move|p2a: Ogerpon|Ivy Cudgel|p1a: Amoonguss|[anim] Ivy Cudgel Fire\n|-supereffective|p1a: Amoonguss\n|-damage|p1a: Amoonguss|0 fnt\n|faint|p1a: Amoonguss\n|move|p1b: Snorlax|Yawn|p2b: Zacian\n|-start|p2b: Zacian|move: Yawn|[of] p1b: Snorlax\n|\n|-heal|p2a: Ogerpon|70/100|[from] Grassy Terrain\n|upkeep\n|\n|t:|1745976917\n|switch|p1a: Lunala|Lunala, L50|100/100\n|turn|4\n|inactive|luisecanonserna has 30 seconds left.\n|\n|t:|1745976945\n|switch|p2b: Chien-Pao|Chien-Pao, L50|100/100\n|-ability|p2b: Chien-Pao|Sword of Ruin\n|move|p2a: Ogerpon|Spiky Shield|p2a: Ogerpon\n|-singleturn|p2a: Ogerpon|move: Protect\n|move|p1a: Lunala|Calm Mind|p1a: Lunala\n|-boost|p1a: Lunala|spa|1\n|-boost|p1a: Lunala|spd|1\n|move|p1b: Snorlax|Yawn|p2a: Ogerpon\n|-activate|p2a: Ogerpon|move: Protect\n|\n|-heal|p2a: Ogerpon|76/100|[from] Grassy Terrain\n|upkeep\n|turn|5\n|inactive|navicorrin has 30 seconds left.\n|inactive|luisecanonserna has 30 seconds left.\n|\n|t:|1745976977\n|move|p1a: Lunala|Protect|p1a: Lunala\n|-singleturn|p1a: Lunala|Protect\n|move|p2b: Chien-Pao|Icicle Crash|p1b: Snorlax\n|-damage|p1b: Snorlax|64/100\n|move|p2a: Ogerpon|Encore|p1a: Lunala\n|-activate|p1a: Lunala|move: Protect\n|cant|p1b: Snorlax|flinch\n|\n|-heal|p2a: Ogerpon|82/100|[from] Grassy Terrain\n|-heal|p1b: Snorlax|70/100|[from] Grassy Terrain\n|-fieldend|move: Grassy Terrain\n|upkeep\n|turn|6\n|inactive|luisecanonserna has 30 seconds left.\n|\n|t:|1745977006\n|switch|p1a: Rillaboom|Rillaboom, L50, F, shiny|100/100\n|-fieldstart|move: Grassy Terrain|[from] ability: Grassy Surge|[of] p1a: Rillaboom\n|move|p2b: Chien-Pao|Throat Chop|p1a: Rillaboom\n|-damage|p1a: Rillaboom|54/100\n|-start|p1a: Rillaboom|Throat Chop|[silent]\n|move|p2a: Ogerpon|Encore||[still]\n|-fail|p2a: Ogerpon\n|move|p1b: Snorlax|Yawn|p2a: Ogerpon\n|-start|p2a: Ogerpon|move: Yawn|[of] p1b: Snorlax\n|\n|-heal|p2a: Ogerpon|88/100|[from] Grassy Terrain\n|-heal|p1a: Rillaboom|59/100|[from] Grassy Terrain\n|-heal|p1b: Snorlax|76/100|[from] Grassy Terrain\n|upkeep\n|turn|7\n|inactive|luisecanonserna has 30 seconds left.\n|\n|t:|1745977037\n|switch|p2a: Zacian|Zacian-Crowned, L50|100/100\n|-terastallize|p2b: Chien-Pao|Ghost\n|move|p1a: Rillaboom|Fake Out|p2b: Chien-Pao\n|-immune|p2b: Chien-Pao\n|move|p2b: Chien-Pao|Icicle Crash|p1a: Rillaboom|[miss]\n|-miss|p2b: Chien-Pao|p1a: Rillaboom\n|move|p1b: Snorlax|Yawn|p2a: Zacian\n|-start|p2a: Zacian|move: Yawn|[of] p1b: Snorlax\n|\n|-heal|p1a: Rillaboom|65/100|[from] Grassy Terrain\n|-heal|p1b: Snorlax|82/100|[from] Grassy Terrain\n|-end|p1a: Rillaboom|Throat Chop|[silent]\n|upkeep\n|turn|8\n|inactive|luisecanonserna has 30 seconds left.\n|\n|t:|1745977064\n|move|p2a: Zacian|Behemoth Blade|p1b: Snorlax\n|-damage|p1b: Snorlax|36/100\n|-enditem|p1b: Snorlax|Aguav Berry|[eat]\n|-heal|p1b: Snorlax|69/100|[from] item: Aguav Berry\n|move|p2b: Chien-Pao|Icicle Crash|p1a: Rillaboom\n|-supereffective|p1a: Rillaboom\n|-damage|p1a: Rillaboom|0 fnt\n|faint|p1a: Rillaboom\n|move|p1b: Snorlax|Yawn||[still]\n|-fail|p1b: Snorlax\n|\n|-heal|p1b: Snorlax|75/100|[from] Grassy Terrain\n|-end|p2a: Zacian|move: Yawn|[silent]\n|-status|p2a: Zacian|slp\n|upkeep\n|\n|t:|1745977073\n|switch|p1a: Lunala|Lunala, L50|100/100\n|turn|9\n|\n|t:|1745977098\n|switch|p2a: Ogerpon|Ogerpon-Hearthflame, L50, F|88/100\n|-ability|p2a: Ogerpon|Mold Breaker\n|-terastallize|p1a: Lunala|Fairy\n|move|p2b: Chien-Pao|Throat Chop|p1a: Lunala\n|-resisted|p1a: Lunala\n|-damage|p1a: Lunala|89/100\n|-start|p1a: Lunala|Throat Chop|[silent]\n|move|p1a: Lunala|Calm Mind|p1a: Lunala\n|-boost|p1a: Lunala|spa|1\n|-boost|p1a: Lunala|spd|1\n|move|p1b: Snorlax|Recycle|p1b: Snorlax\n|-item|p1b: Snorlax|Aguav Berry|[from] move: Recycle\n|\n|-heal|p2a: Ogerpon|94/100|[from] Grassy Terrain\n|-heal|p1a: Lunala|96/100|[from] Grassy Terrain\n|-heal|p1a: Lunala|100/100|[from] item: Leftovers\n|-heal|p1b: Snorlax|81/100|[from] Grassy Terrain\n|upkeep\n|turn|10\n|inactive|navicorrin has 30 seconds left.\n|inactive|luisecanonserna has 30 seconds left.\n|inactive|luisecanonserna has 20 seconds left.\n|\n|t:|1745977137\n|move|p1a: Lunala|Protect|p1a: Lunala\n|-singleturn|p1a: Lunala|Protect\n|move|p2b: Chien-Pao|Icicle Crash|p1b: Snorlax\n|-damage|p1b: Snorlax|47/100\n|-enditem|p1b: Snorlax|Aguav Berry|[eat]\n|-heal|p1b: Snorlax|81/100|[from] item: Aguav Berry\n|move|p2a: Ogerpon|Ivy Cudgel|p1b: Snorlax|[anim] Ivy Cudgel Fire\n|-damage|p1b: Snorlax|32/100\n|cant|p1b: Snorlax|flinch\n|\n|-heal|p2a: Ogerpon|100/100|[from] Grassy Terrain\n|-heal|p1b: Snorlax|38/100|[from] Grassy Terrain\n|-end|p1a: Lunala|Throat Chop|[silent]\n|-fieldend|move: Grassy Terrain\n|upkeep\n|turn|11\n|inactive|luisecanonserna has 30 seconds left.\n|\n|t:|1745977164\n|move|p2b: Chien-Pao|Icicle Crash|p1b: Snorlax\n|-damage|p1b: Snorlax|5/100\n|move|p2a: Ogerpon|Encore|p1a: Lunala\n|-start|p1a: Lunala|Encore\n|move|p1a: Lunala|Protect|p1a: Lunala\n|-singleturn|p1a: Lunala|Protect\n|move|p1b: Snorlax|Recycle|p1b: Snorlax\n|-item|p1b: Snorlax|Aguav Berry|[from] move: Recycle\n|-enditem|p1b: Snorlax|Aguav Berry|[eat]\n|-heal|p1b: Snorlax|38/100|[from] item: Aguav Berry\n|\n|upkeep\n|turn|12\n|\n|t:|1745977189\n|switch|p2b: Zacian|Zacian-Crowned, L50|100/100 slp\n|move|p1a: Lunala|Protect||[still]\n|-fail|p1a: Lunala\n|move|p2a: Ogerpon|Ivy Cudgel|p1b: Snorlax|[anim] Ivy Cudgel Fire\n|-damage|p1b: Snorlax|0 fnt\n|faint|p1b: Snorlax\n|\n|upkeep\n|turn|13\n|\n|t:|1745977206\n|move|p1a: Lunala|Protect|p1a: Lunala\n|-singleturn|p1a: Lunala|Protect\n|cant|p2b: Zacian|slp\n|move|p2a: Ogerpon|Ivy Cudgel|p1a: Lunala|[anim] Ivy Cudgel Fire\n|-activate|p1a: Lunala|move: Protect\n|\n|-end|p1a: Lunala|Encore\n|upkeep\n|turn|14\n|-message|navicorrin forfeited.\n|\n|win|luisecanonserna\n|raw|navicorrin's rating: 1043 &rarr; <strong>1026</strong><br />(-17 for losing)\n|raw|luisecanonserna's rating: 1040 &rarr; <strong>1074</strong><br />(+34 for winning)\n|l|\u2606navicorrin\n|player|p1|\n", "uploadtime": 1745977229, "views": 6, "formatid": "gen9vgc2025regibo3", "rating": 1026, "private": 0, "password": null}