{"id": "gen9vgc2025regibo3-2354280098", "format": "[Gen 9] VGC 2025 Reg I (Bo3)", "players": ["zinger9707", "solo_phaser"], "log": "|j|\u2606zinger9707\n|j|\u2606solo_phaser\n|html|<table width=\"100%\"><tr><td align=\"left\">zinger9707</td><td align=\"right\">solo_phaser</tr><tr><td align=\"left\"><i class=\"fa fa-circle-o\"></i> <i class=\"fa fa-circle-o\"></i> </td><td align=\"right\"><i class=\"fa fa-circle-o\"></i> <i class=\"fa fa-circle-o\"></i> </tr></table>\n|uhtml|bestof|<h2><strong>Game 1</strong> of <a href=\"/game-bestof3-gen9vgc2025regibo3-2354280097\">a best-of-3</a></h2>\n|t:|1746052321\n|gametype|doubles\n|player|p1|zinger9707|1|1110\n|player|p2|solo_phaser|1|1039\n|teamsize|p1|6\n|teamsize|p2|6\n|gen|9\n|tier|[Gen 9] VGC 2025 Reg I (Bo3)\n|rated|\n|rule|Species Clause: Limit one of each Pok\u00e9mon\n|rule|Item Clause: Limit 1 of each item\n|clearpoke\n|poke|p1|Terapagos, L50, M|\n|poke|p1|Lugia, L50|\n|poke|p1|Comfey, L50, M|\n|poke|p1|Rillaboom, L50, F|\n|poke|p1|Amoonguss, L50, F|\n|poke|p1|Incineroar, L50, M|\n|poke|p2|Koraidon, L50|\n|poke|p2|Calyrex-Shadow, L50|\n|poke|p2|Tornadus, L50, M|\n|poke|p2|Brute Bonnet, L50|\n|poke|p2|Gouging Fire, L50|\n|poke|p2|Flutter Mane, L50|\n|teampreview|4\n|showteam|p1|Terapagos||Leftovers|TeraShift|TeraStarstorm,EarthPower,CalmMind,Protect|||M|||50|,,,,,Stellar]Lugia||CovertCloak|Multiscale|Aeroblast,EarthPower,PsychUp,Protect||||||50|,,,,,Fairy]Comfey||SitrusBerry|Triage|FloralHealing,TrickRoom,DrainingKiss,Protect|||M|||50|,,,,,Water]Rillaboom||AssaultVest|GrassySurge|WoodHammer,GrassyGlide,FakeOut,Uturn|||F|||50|,,,,,Fire]Amoonguss||RockyHelmet|Regenerator|PollenPuff,Spore,RagePowder,Toxic|||F|||50|,,,,,Water]Incineroar||SafetyGoggles|Intimidate|KnockOff,PartingShot,WillOWisp,FakeOut|||M|||50|,,,,,Bug\n|showteam|p2|Koraidon||LifeOrb|OrichalcumPulse|CollisionCourse,FlameCharge,FlareBlitz,Protect||||||50|,,,,,Ghost]Calyrex-Shadow||FocusSash|AsOneSpectrier|AstralBarrage,Psychic,Taunt,Protect||||||50|,,,,,Normal]Tornadus||CovertCloak|Prankster|BleakwindStorm,Tailwind,SunnyDay,Protect|||M|||50|,,,,,Ground]Brute Bonnet||RockyHelmet|Protosynthesis|Protect,RagePowder,Spore,SuckerPunch||||||50|,,,,,Fairy]Gouging Fire||AssaultVest|Protosynthesis|FlameCharge,IronHead,FlareBlitz,BreakingSwipe||||||50|,,,,,Fairy]Flutter Mane||ChoiceSpecs|Protosynthesis|DazzlingGleam,ShadowBall,HyperVoice,PowerGem||||||50|,,,,,Fairy\n|inactive|Battle timer is ON: inactive players will automatically lose when time's up. (requested by solo_phaser)\n|\n|t:|1746052392\n|start\n|switch|p1a: Incineroar|Incineroar, L50, M|100/100\n|switch|p1b: Terapagos|Terapagos, L50, M|100/100\n|switch|p2a: Calyrex|Calyrex-Shadow, L50|100/100\n|switch|p2b: Koraidon|Koraidon, L50|100/100\n|-activate|p1b: Terapagos|ability: Tera Shift\n|detailschange|p1b: Terapagos|Terapagos-Terastal, L50, M\n|-heal|p1b: Terapagos|100/100|[silent]\n|-ability|p2a: Calyrex|As One\n|-ability|p2a: Calyrex|Unnerve\n|-weather|SunnyDay|[from] ability: Orichalcum Pulse|[of] p2b: Koraidon\n|-activate|p2b: Koraidon|Orichalcum Pulse|[source]\n|-ability|p1a: Incineroar|Intimidate|boost\n|-unboost|p2a: Calyrex|atk|1\n|-unboost|p2b: Koraidon|atk|1\n|turn|1\n|inactive|zinger9707 has 30 seconds left.\n|\n|t:|1746052424\n|-terastallize|p1b: Terapagos|Stellar\n|detailschange|p1b: Terapagos|Terapagos-Stellar, L50, M, tera:Stellar\n|-heal|p1b: Terapagos|100/100|[silent]\n|-ability|p1b: Terapagos|Teraform Zero\n|-weather|none\n|move|p1b: Terapagos|Protect|p1b: Terapagos\n|-singleturn|p1b: Terapagos|Protect\n|move|p2a: Calyrex|Taunt|p1b: Terapagos\n|-activate|p1b: Terapagos|move: Protect\n|move|p2b: Koraidon|Collision Course|p1a: Incineroar\n|-supereffective|p1a: Incineroar\n|-damage|p1a: Incineroar|8/100\n|-damage|p2b: Koraidon|90/100|[from] item: Life Orb\n|move|p1a: Incineroar|Knock Off|p2a: Calyrex\n|-supereffective|p2a: Calyrex\n|-enditem|p2a: Calyrex|Focus Sash\n|-damage|p2a: Calyrex|1/100\n|\n|upkeep\n|turn|2\n|inactive|zinger9707 has 30 seconds left.\n|inactive|solo_phaser has 30 seconds left.\n|inactive|zinger9707 has 20 seconds left.\n|inactive|zinger9707 has 15 seconds left.\n|\n|t:|1746052468\n|switch|p2b: Gouging Fire|Gouging Fire, L50|100/100\n|switch|p1b: Lugia|Lugia, L50|100/100\n|move|p2a: Calyrex|Astral Barrage|p1a: Incineroar|[spread] p1a,p1b\n|-resisted|p1a: Incineroar\n|-supereffective|p1b: Lugia\n|-damage|p1a: Incineroar|0 fnt\n|-damage|p1b: Lugia|69/100\n|faint|p1a: Incineroar\n|-ability|p2a: Calyrex|Grim Neigh|boost\n|-boost|p2a: Calyrex|spa|1\n|\n|upkeep\n|\n|t:|1746052485\n|switch|p1a: Terapagos|Terapagos-Stellar, L50, M, tera:Stellar|100/100\n|turn|3\n|\n|t:|1746052496\n|move|p1b: Lugia|Protect|p1b: Lugia\n|-singleturn|p1b: Lugia|Protect\n|move|p2a: Calyrex|Astral Barrage|p1a: Terapagos|[spread] \n|-activate|p1b: Lugia|move: Protect\n|-immune|p1a: Terapagos\n|move|p1a: Terapagos|Tera Starstorm|p2a: Calyrex|[spread] p2a,p2b\n|-damage|p2a: Calyrex|0 fnt\n|-damage|p2b: Gouging Fire|83/100\n|faint|p2a: Calyrex\n|move|p2b: Gouging Fire|Flame Charge|p1a: Terapagos\n|-crit|p1a: Terapagos\n|-damage|p1a: Terapagos|84/100\n|-boost|p2b: Gouging Fire|spe|1\n|\n|-heal|p1a: Terapagos|90/100|[from] item: Leftovers\n|upkeep\n|\n|t:|1746052506\n|switch|p2a: Koraidon|Koraidon, L50|90/100\n|-weather|SunnyDay|[from] ability: Orichalcum Pulse|[of] p2a: Koraidon\n|-activate|p2b: Gouging Fire|ability: Protosynthesis\n|-start|p2b: Gouging Fire|protosynthesisspe\n|-activate|p2a: Koraidon|Orichalcum Pulse|[source]\n|turn|4\n|\n|t:|1746052529\n|move|p1a: Terapagos|Protect|p1a: Terapagos\n|-singleturn|p1a: Terapagos|Protect\n|move|p2b: Gouging Fire|Flare Blitz|p1b: Lugia\n|-damage|p1b: Lugia|20/100\n|-damage|p2b: Gouging Fire|65/100|[from] Recoil\n|move|p2a: Koraidon|Collision Course|p1a: Terapagos\n|-activate|p1a: Terapagos|move: Protect\n|move|p1b: Lugia|Aeroblast|p2a: Koraidon\n|-supereffective|p2a: Koraidon\n|-damage|p2a: Koraidon|16/100\n|\n|-weather|SunnyDay|[upkeep]\n|-heal|p1a: Terapagos|97/100|[from] item: Leftovers\n|upkeep\n|turn|5\n|\n|t:|1746052548\n|switch|p1a: Comfey|Comfey, L50, M|100/100\n|move|p1b: Lugia|Protect|p1b: Lugia\n|-singleturn|p1b: Lugia|Protect\n|move|p2b: Gouging Fire|Flare Blitz|p1b: Lugia\n|-activate|p1b: Lugia|move: Protect\n|move|p2a: Koraidon|Collision Course|p1a: Comfey\n|-resisted|p1a: Comfey\n|-damage|p1a: Comfey|50/100\n|-enditem|p1a: Comfey|Sitrus Berry|[eat]\n|-heal|p1a: Comfey|75/100|[from] item: Sitrus Berry\n|-damage|p2a: Koraidon|6/100|[from] item: Life Orb\n|\n|-weather|SunnyDay|[upkeep]\n|upkeep\n|turn|6\n|inactive|zinger9707 has 30 seconds left.\n|inactive|zinger9707 has 20 seconds left.\n|\n|t:|1746052588\n|move|p1a: Comfey|Floral Healing|p1b: Lugia\n|-heal|p1b: Lugia|70/100\n|move|p2b: Gouging Fire|Flare Blitz|p1b: Lugia\n|-damage|p1b: Lugia|22/100\n|-damage|p2b: Gouging Fire|48/100|[from] Recoil\n|move|p2a: Koraidon|Collision Course|p1b: Lugia\n|-resisted|p1b: Lugia\n|-damage|p1b: Lugia|8/100\n|-damage|p2a: Koraidon|0 fnt|[from] item: Life Orb\n|faint|p2a: Koraidon\n|move|p1b: Lugia|Earth Power|p2b: Gouging Fire\n|-supereffective|p2b: Gouging Fire\n|-damage|p2b: Gouging Fire|24/100\n|\n|-weather|SunnyDay|[upkeep]\n|upkeep\n|\n|t:|1746052590\n|switch|p2a: Brute Bonnet|Brute Bonnet, L50|100/100\n|-activate|p2a: Brute Bonnet|ability: Protosynthesis\n|-start|p2a: Brute Bonnet|protosynthesisdef\n|turn|7\n|inactive|zinger9707 has 30 seconds left.\n|inactive|zinger9707 has 20 seconds left.\n|inactive|zinger9707 has 15 seconds left.\n|inactive|zinger9707 has 10 seconds left.\n|\n|t:|1746052635\n|-terastallize|p2a: Brute Bonnet|Fairy\n|move|p1a: Comfey|Floral Healing|p1b: Lugia\n|-heal|p1b: Lugia|58/100\n|move|p2b: Gouging Fire|Iron Head|p1a: Comfey\n|-supereffective|p1a: Comfey\n|-damage|p1a: Comfey|19/100\n|move|p1b: Lugia|Aeroblast|p2a: Brute Bonnet\n|-damage|p2a: Brute Bonnet|73/100\n|move|p2a: Brute Bonnet|Spore|p1b: Lugia\n|-status|p1b: Lugia|slp|[from] move: Spore\n|\n|-weather|SunnyDay|[upkeep]\n|upkeep\n|turn|8\n|\n|t:|1746052658\n|move|p1a: Comfey|Protect|p1a: Comfey\n|-singleturn|p1a: Comfey|Protect\n|move|p2b: Gouging Fire|Iron Head|p1b: Lugia\n|-damage|p1b: Lugia|44/100 slp\n|cant|p1b: Lugia|slp\n|move|p2a: Brute Bonnet|Spore|p1a: Comfey\n|-activate|p1a: Comfey|move: Protect\n|\n|-weather|none\n|-end|p2b: Gouging Fire|Protosynthesis\n|-end|p2a: Brute Bonnet|Protosynthesis\n|upkeep\n|turn|9\n|inactive|zinger9707 has 30 seconds left.\n|\n|t:|1746052685\n|move|p1a: Comfey|Floral Healing|p1b: Lugia\n|-heal|p1b: Lugia|94/100 slp\n|move|p2b: Gouging Fire|Iron Head|p1a: Comfey\n|-supereffective|p1a: Comfey\n|-damage|p1a: Comfey|0 fnt\n|faint|p1a: Comfey\n|cant|p1b: Lugia|slp\n|move|p2a: Brute Bonnet|Spore|p1b: Lugia\n|-fail|p1b: Lugia|slp\n|\n|upkeep\n|\n|t:|1746052696\n|switch|p1a: Terapagos|Terapagos-Stellar, L50, M, tera:Stellar|97/100\n|turn|10\n|\n|t:|1746052708\n|move|p2b: Gouging Fire|Flare Blitz|p1a: Terapagos\n|-damage|p1a: Terapagos|70/100\n|-damage|p2b: Gouging Fire|13/100|[from] Recoil\n|cant|p1b: Lugia|slp\n|move|p1a: Terapagos|Tera Starstorm|p2a: Brute Bonnet|[spread] p2a,p2b\n|-supereffective|p2a: Brute Bonnet\n|-damage|p2a: Brute Bonnet|24/100\n|-damage|p2b: Gouging Fire|0 fnt\n|faint|p2b: Gouging Fire\n|-end|p2b: Gouging Fire|Protosynthesis|[silent]\n|move|p2a: Brute Bonnet|Spore|p1a: Terapagos\n|-status|p1a: Terapagos|slp|[from] move: Spore\n|\n|-heal|p1a: Terapagos|76/100 slp|[from] item: Leftovers\n|upkeep\n|turn|11\n|-message|solo_phaser forfeited.\n|\n|win|zinger9707\n|l|\u2606solo_phaser\n|player|p2|\n||solo_phaser is ready for game 2.\n|inactive|zinger9707 has 30 seconds to confirm battle start!\n||zinger9707 is ready for game 2.\n|uhtml|next|Next: <a href=\"/battle-gen9vgc2025regibo3-2354283651\"><strong>Game 2 of 3</strong></a>\n", "uploadtime": 1746052944, "views": 10, "formatid": "gen9vgc2025regibo3", "rating": null, "private": 0, "password": null}