{"id": "gen9vgc2025regibo3-2353424031", "format": "[Gen 9] VGC 2025 Reg I (Bo3)", "players": ["dancerladyaqua", "Tusking Chusking"], "log": "|j|\u2606dancerladyaqua\n|j|\u2606Tusking Chusking\n|html|<table width=\"100%\"><tr><td align=\"left\">dancerladyaqua</td><td align=\"right\">Tusking Chusking</tr><tr><td align=\"left\"><i class=\"fa fa-circle-o\"></i> <i class=\"fa fa-circle-o\"></i> </td><td align=\"right\"><i class=\"fa fa-circle-o\"></i> <i class=\"fa fa-circle-o\"></i> </tr></table>\n|uhtml|bestof|<h2><strong>Game 1</strong> of <a href=\"/game-bestof3-gen9vgc2025regibo3-2353424030\">a best-of-3</a></h2>\n|t:|1745954717\n|gametype|doubles\n|player|p1|dancerladyaqua|dawn|1083\n|player|p2|Tusking Chusking|dahlia|1127\n|teamsize|p1|6\n|teamsize|p2|6\n|gen|9\n|tier|[Gen 9] VGC 2025 Reg I (Bo3)\n|rated|\n|rule|Species Clause: Limit one of each Pok\u00e9mon\n|rule|Item Clause: Limit 1 of each item\n|clearpoke\n|poke|p1|Eternatus, L50|\n|poke|p1|Tyranitar, L50, M|\n|poke|p1|Excadrill, L50, F|\n|poke|p1|Zamazenta-*, L50|\n|poke|p1|Whimsicott, L50, M|\n|poke|p1|Indeedee-F, L50, F|\n|poke|p2|Miraidon, L50|\n|poke|p2|Sneasler, L50, F|\n|poke|p2|Dondozo, L50, F|\n|poke|p2|Tatsugiri-Droopy, L50, M|\n|poke|p2|Chi-Yu, L50|\n|poke|p2|Calyrex-Shadow, L50|\n|teampreview|4\n|showteam|p1|Eternatus||LifeOrb|Pressure|SludgeBomb,Protect,DynamaxCannon,Flamethrower||||||50|,,,,,Dark]Tyranitar||AirBalloon|SandStream|ThunderPunch,RockSlide,KnockOff,Protect|||M|||50|,,,,,Grass]Excadrill||ChoiceBand|SandRush|Earthquake,HighHorsepower,IronHead,TeraBlast|||F|||50|,,,,,Water]Zamazenta-Crowned||RustedShield|DauntlessShield|behemothbash,WideGuard,Protect,BodyPress||||||50|,,,,,Ghost]Whimsicott||CovertCloak|Prankster|LightScreen,Moonblast,Tailwind,Tickle|||M|||50|,,,,,Steel]Indeedee-F||SafetyGoggles|PsychicSurge|HelpingHand,FollowMe,Psychic,TrickRoom|||F|||50|,,,,,Fairy\n|showteam|p2|Miraidon||AssaultVest|HadronEngine|ElectroDrift,VoltSwitch,DracoMeteor,DazzlingGleam||||||50|,,,,,Fairy]Sneasler||ElectricSeed|Unburden|FakeOut,ToxicSpikes,DireClaw,CloseCombat|||F|||50|,,,,,Ghost]Dondozo||Leftovers|Unaware|Protect,OrderUp,BodyPress,Earthquake|||F|||50|,,,,,Grass]Tatsugiri-Droopy||FocusSash|Commander|DracoMeteor,MuddyWater,HelpingHand,Protect|||M|||50|,,,,,Stellar]Chi-Yu||ChoiceScarf|BeadsofRuin|HeatWave,DarkPulse,Overheat,Snarl||||||50|,,,,,Ghost]Calyrex-Shadow||LifeOrb|AsOneSpectrier|AstralBarrage,Psychic,Encore,Protect||||||50|,,,,,Dark\n|inactive|Battle timer is ON: inactive players will automatically lose when time's up. (requested by Tusking Chusking)\n|inactive|dancerladyaqua has 60 seconds left.\n|\n|t:|1745954800\n|start\n|switch|p1a: Indeedee|Indeedee-F, L50, F|100/100\n|switch|p1b: Whimsicott|Whimsicott, L50, M|100/100\n|switch|p2a: Miraidon|Miraidon, L50|100/100\n|switch|p2b: Sneasler|Sneasler, L50, F|100/100\n|-fieldstart|move: Electric Terrain|[from] ability: Hadron Engine|[of] p2a: Miraidon\n|-enditem|p2b: Sneasler|Electric Seed\n|-boost|p2b: Sneasler|def|1|[from] item: Electric Seed\n|-fieldstart|move: Psychic Terrain|[from] ability: Psychic Surge|[of] p1a: Indeedee\n|turn|1\n|inactive|dancerladyaqua has 30 seconds left.\n|inactive|dancerladyaqua has 20 seconds left.\n|\n|t:|1745954839\n|move|p1b: Whimsicott|Light Screen|p1b: Whimsicott\n|-sidestart|p1: dancerladyaqua|move: Light Screen\n|move|p2b: Sneasler|Dire Claw|p1b: Whimsicott\n|-supereffective|p1b: Whimsicott\n|-damage|p1b: Whimsicott|0 fnt\n|faint|p1b: Whimsicott\n|move|p2a: Miraidon|Volt Switch|p1a: Indeedee\n|-damage|p1a: Indeedee|74/100\n|\n|t:|1745954846\n|switch|p2a: Dondozo|Dondozo, L50, F|100/100|[from] Volt Switch\n|move|p1a: Indeedee|Trick Room|p1a: Indeedee\n|-fieldstart|move: Trick Room|[of] p1a: Indeedee\n|\n|upkeep\n|\n|t:|1745954853\n|switch|p1b: Tyranitar|Tyranitar, L50, M|100/100\n|-weather|Sandstorm|[from] ability: Sand Stream|[of] p1b: Tyranitar\n|-item|p1b: Tyranitar|Air Balloon\n|turn|2\n|\n|t:|1745954875\n|switch|p2b: Tatsugiri|Tatsugiri-Droopy, L50, M|100/100\n|-activate|p2b: Tatsugiri|ability: Commander|[of] p2a: Dondozo\n|-boost|p2a: Dondozo|atk|2\n|-boost|p2a: Dondozo|spa|2\n|-boost|p2a: Dondozo|spe|2\n|-boost|p2a: Dondozo|def|2\n|-boost|p2a: Dondozo|spd|2\n|move|p1a: Indeedee|Follow Me|p1a: Indeedee\n|-singleturn|p1a: Indeedee|move: Follow Me\n|move|p1b: Tyranitar|Knock Off|p2a: Dondozo\n|-damage|p2a: Dondozo|87/100\n|-enditem|p2a: Dondozo|Leftovers|[from] move: Knock Off|[of] p1b: Tyranitar\n|move|p2a: Dondozo|Order Up|p1a: Indeedee\n|-damage|p1a: Indeedee|37/100\n|-boost|p2a: Dondozo|def|1\n|\n|-weather|Sandstorm|[upkeep]\n|-damage|p2b: Tatsugiri|95/100|[from] Sandstorm\n|-damage|p2a: Dondozo|81/100|[from] Sandstorm\n|upkeep\n|turn|3\n|inactive|dancerladyaqua has 30 seconds left.\n|inactive|dancerladyaqua has 20 seconds left.\n|\n|t:|1745954914\n|move|p1a: Indeedee|Psychic|p2a: Dondozo\n|-damage|p2a: Dondozo|62/100\n|move|p1b: Tyranitar|Thunder Punch|p2a: Dondozo\n|-supereffective|p2a: Dondozo\n|-damage|p2a: Dondozo|50/100\n|move|p2a: Dondozo|Order Up|p1a: Indeedee\n|-damage|p1a: Indeedee|2/100\n|-boost|p2a: Dondozo|def|1\n|\n|-weather|Sandstorm|[upkeep]\n|-damage|p2b: Tatsugiri|89/100|[from] Sandstorm\n|-damage|p2a: Dondozo|43/100|[from] Sandstorm\n|upkeep\n|turn|4\n|inactive|dancerladyaqua has 30 seconds left.\n|\n|t:|1745954947\n|move|p2a: Dondozo|Protect|p2a: Dondozo\n|-singleturn|p2a: Dondozo|Protect\n|move|p1a: Indeedee|Psychic|p2a: Dondozo\n|-activate|p2a: Dondozo|move: Protect\n|move|p1b: Tyranitar|Thunder Punch|p2a: Dondozo\n|-activate|p2a: Dondozo|move: Protect\n|\n|-weather|Sandstorm|[upkeep]\n|-damage|p2b: Tatsugiri|84/100|[from] Sandstorm\n|-damage|p2a: Dondozo|37/100|[from] Sandstorm\n|upkeep\n|turn|5\n|\n|t:|1745954969\n|switch|p1a: Eternatus|Eternatus, L50|100/100\n|-ability|p1a: Eternatus|Pressure\n|-terastallize|p2a: Dondozo|Grass\n|move|p1b: Tyranitar|Thunder Punch|p2a: Dondozo\n|-resisted|p2a: Dondozo\n|-damage|p2a: Dondozo|35/100\n|move|p2a: Dondozo|Body Press|p1b: Tyranitar\n|-supereffective|p1b: Tyranitar\n|-damage|p1b: Tyranitar|0 fnt\n|-enditem|p1b: Tyranitar|Air Balloon\n|faint|p1b: Tyranitar\n|\n|-weather|Sandstorm|[upkeep]\n|-damage|p2b: Tatsugiri|78/100|[from] Sandstorm\n|-damage|p2a: Dondozo|28/100|[from] Sandstorm\n|-damage|p1a: Eternatus|94/100|[from] Sandstorm\n|-sideend|p1: dancerladyaqua|move: Light Screen\n|-fieldend|move: Trick Room\n|-fieldend|move: Psychic Terrain\n|upkeep\n|\n|t:|1745954985\n|switch|p1b: Indeedee|Indeedee-F, L50, F|2/100\n|-fieldstart|move: Psychic Terrain|[from] ability: Psychic Surge|[of] p1b: Indeedee\n|turn|6\n|inactive|dancerladyaqua has 30 seconds left.\n|\n|t:|1745955010\n|move|p2a: Dondozo|Earthquake|p1b: Indeedee|[spread] p1a,p1b\n|-miss|p2a: Dondozo|p2b: Tatsugiri\n|-supereffective|p1a: Eternatus\n|-damage|p1a: Eternatus|45/100\n|-damage|p1b: Indeedee|0 fnt\n|faint|p1b: Indeedee\n|move|p1a: Eternatus|Dynamax Cannon|p2a: Dondozo\n|-damage|p2a: Dondozo|0 fnt\n|faint|p2a: Dondozo\n|-damage|p1a: Eternatus|35/100|[from] item: Life Orb\n|\n|-weather|none\n|upkeep\n|\n|t:|1745955014\n|switch|p2a: Miraidon|Miraidon, L50|100/100\n|-fieldstart|move: Electric Terrain|[from] ability: Hadron Engine|[of] p2a: Miraidon\n|turn|7\n|\n|t:|1745955024\n|-terastallize|p1a: Eternatus|Dark\n|move|p2b: Tatsugiri|Helping Hand|p2a: Miraidon\n|-singleturn|p2a: Miraidon|Helping Hand|[of] p2b: Tatsugiri\n|move|p2a: Miraidon|Dazzling Gleam|p1a: Eternatus\n|-supereffective|p1a: Eternatus\n|-damage|p1a: Eternatus|0 fnt\n|faint|p1a: Eternatus\n|\n|win|Tusking Chusking\n||Tusking Chusking is ready for game 2.\n||dancerladyaqua is ready for game 2.\n|uhtml|next|Next: <a href=\"/battle-gen9vgc2025regibo3-2353427554\"><strong>Game 2 of 3</strong></a>\n|l|\u2606Tusking Chusking\n|player|p2|\n", "uploadtime": 1745955410, "views": 14, "formatid": "gen9vgc2025regibo3", "rating": null, "private": 0, "password": null}