{"id": "gen9vgc2025regibo3-2354328765", "format": "[Gen 9] VGC 2025 Reg I (Bo3)", "players": ["Descugi", "nintendoswitch200"], "log": "|j|\u2606Descugi\n|j|\u2606nintendoswitch200\n|html|<table width=\"100%\"><tr><td align=\"left\">Descugi</td><td align=\"right\">nintendoswitch200</tr><tr><td align=\"left\"><i class=\"fa fa-circle-o\"></i> <i class=\"fa fa-circle-o\"></i> </td><td align=\"right\"><i class=\"fa fa-circle-o\"></i> <i class=\"fa fa-circle-o\"></i> </tr></table>\n|uhtml|bestof|<h2><strong>Game 1</strong> of <a href=\"/game-bestof3-gen9vgc2025regibo3-2354328764\">a best-of-3</a></h2>\n|t:|1746057974\n|gametype|doubles\n|player|p1|Descugi|170|1122\n|player|p2|nintendoswitch200|turo|1095\n|teamsize|p1|6\n|teamsize|p2|6\n|gen|9\n|tier|[Gen 9] VGC 2025 Reg I (Bo3)\n|rated|\n|rule|Species Clause: Limit one of each Pok\u00e9mon\n|rule|Item Clause: Limit 1 of each item\n|clearpoke\n|poke|p1|Rayquaza, L50|\n|poke|p1|Chien-Pao, L50|\n|poke|p1|Miraidon, L50|\n|poke|p1|Iron Hands, L50|\n|poke|p1|Volcarona, L50, F|\n|poke|p1|Landorus, L50, M|\n|poke|p2|Urshifu-*, L50, M|\n|poke|p2|Incineroar, L50, M|\n|poke|p2|Calyrex-Shadow, L50|\n|poke|p2|Farigiraf, L50, M|\n|poke|p2|Rillaboom, L50, M|\n|poke|p2|Zamazenta-*, L50|\n|teampreview|4\n|showteam|p1|Rayquaza||ClearAmulet|AirLock|DragonAscent,ExtremeSpeed,SwordsDance,Protect||||||50|,,,,,Normal]Chien-Pao||FocusSash|SwordofRuin|IcicleCrash,SuckerPunch,Protect||||||50|,,,,,Ghost]Miraidon||ChoiceSpecs|HadronEngine|ElectroDrift,DazzlingGleam,VoltSwitch,DracoMeteor||||||50|,,,,,Fairy]Iron Hands||AssaultVest|QuarkDrive|FakeOut,DrainPunch,VoltSwitch,HeavySlam||||||50|,,,,,Water]Volcarona||RockyHelmet|FlameBody|FieryDance,RagePowder,Tailwind,Protect|||F|||50|,,,,,Water]Landorus||LifeOrb|SheerForce|Protect,SandsearStorm,EarthPower,SludgeBomb|||M|||50|,,,,,Steel\n|showteam|p2|Urshifu-Rapid-Strike||FocusSash|UnseenFist|Detect,SurgingStrikes,CloseCombat,AquaJet|||M|||50|,,,,,Stellar]Incineroar||SafetyGoggles|Intimidate|FakeOut,PartingShot,HelpingHand,KnockOff|||M|||50|,,,,,Ghost]Calyrex-Shadow||CovertCloak|AsOneSpectrier|Protect,NastyPlot,AstralBarrage,Psyshock||||||50|,,,,,Water]Farigiraf||ThroatSpray|ArmorTail|Protect,TrickRoom,HyperVoice,Psychic|||M|||50|,,,,,Grass]Rillaboom||AssaultVest|GrassySurge|FakeOut,GrassyGlide,WoodHammer,Uturn|||M|||50|,,,,,Fire]Zamazenta-Crowned||RustedShield|DauntlessShield|Protect,BodyPress,WideGuard,HeavySlam||||||50|,,,,,Fairy\n|inactive|Battle timer is ON: inactive players will automatically lose when time's up. (requested by nintendoswitch200)\n|inactive|Descugi has 60 seconds left.\n|inactive|Descugi has 30 seconds left.\n|\n|t:|1746058042\n|start\n|switch|p1a: Miraidon|Miraidon, L50|100/100\n|switch|p1b: Volcarona|Volcarona, L50, F|100/100\n|switch|p2a: Calyrex|Calyrex-Shadow, L50|100/100\n|switch|p2b: Incineroar|Incineroar, L50, M|100/100\n|-ability|p2a: Calyrex|As One\n|-ability|p2a: Calyrex|Unnerve\n|-fieldstart|move: Electric Terrain|[from] ability: Hadron Engine|[of] p1a: Miraidon\n|-ability|p2b: Incineroar|Intimidate|boost\n|-unboost|p1a: Miraidon|atk|1\n|-unboost|p1b: Volcarona|atk|1\n|turn|1\n|\n|t:|1746058066\n|move|p2b: Incineroar|Fake Out|p1a: Miraidon\n|-damage|p1a: Miraidon|91/100\n|move|p2a: Calyrex|Nasty Plot|p2a: Calyrex\n|-boost|p2a: Calyrex|spa|2\n|cant|p1a: Miraidon|flinch\n|move|p1b: Volcarona|Tailwind|p1b: Volcarona\n|-sidestart|p1: Descugi|move: Tailwind\n|\n|upkeep\n|turn|2\n|\n|t:|1746058085\n|switch|p2b: Rillaboom|Rillaboom, L50, M|100/100\n|-fieldstart|move: Grassy Terrain|[from] ability: Grassy Surge|[of] p2b: Rillaboom\n|-terastallize|p1a: Miraidon|Fairy\n|move|p2a: Calyrex|Protect|p2a: Calyrex\n|-singleturn|p2a: Calyrex|Protect\n|move|p1a: Miraidon|Dazzling Gleam|p2a: Calyrex|[spread] p2b\n|-activate|p2a: Calyrex|move: Protect\n|-damage|p2b: Rillaboom|72/100\n|move|p1b: Volcarona|Fiery Dance|p2a: Calyrex\n|-activate|p2a: Calyrex|move: Protect\n|\n|-heal|p1a: Miraidon|97/100|[from] Grassy Terrain\n|-heal|p2b: Rillaboom|78/100|[from] Grassy Terrain\n|upkeep\n|turn|3\n|\n|t:|1746058104\n|move|p1a: Miraidon|Dazzling Gleam|p2b: Rillaboom|[spread] p2a,p2b\n|-damage|p2a: Calyrex|55/100\n|-damage|p2b: Rillaboom|51/100\n|move|p1b: Volcarona|Fiery Dance|p2b: Rillaboom\n|-supereffective|p2b: Rillaboom\n|-damage|p2b: Rillaboom|5/100\n|move|p2a: Calyrex|Astral Barrage|p1b: Volcarona|[spread] p1a,p1b\n|-damage|p1a: Miraidon|6/100\n|-damage|p1b: Volcarona|10/100\n|move|p2b: Rillaboom|U-turn|p1a: Miraidon\n|-resisted|p1a: Miraidon\n|-damage|p1a: Miraidon|0 fnt\n|faint|p1a: Miraidon\n|\n|t:|1746058120\n|switch|p2b: Urshifu|Urshifu-Rapid-Strike, L50, M|100/100|[from] U-turn\n|\n|-heal|p1b: Volcarona|16/100|[from] Grassy Terrain\n|-heal|p2a: Calyrex|61/100|[from] Grassy Terrain\n|upkeep\n|\n|t:|1746058124\n|switch|p1a: Landorus|Landorus, L50, M|100/100\n|turn|4\n|\n|t:|1746058138\n|move|p2a: Calyrex|Protect|p2a: Calyrex\n|-singleturn|p2a: Calyrex|Protect\n|move|p1b: Volcarona|Rage Powder|p1b: Volcarona\n|-singleturn|p1b: Volcarona|move: Rage Powder\n|move|p1a: Landorus|Sandsear Storm|p2b: Urshifu|[spread] p2b\n|-activate|p2a: Calyrex|move: Protect\n|-damage|p2b: Urshifu|18/100\n|move|p2b: Urshifu|Surging Strikes|p1b: Volcarona\n|-supereffective|p1b: Volcarona\n|-crit|p1b: Volcarona\n|-damage|p1b: Volcarona|0 fnt\n|-damage|p2b: Urshifu|1/100|[from] item: Rocky Helmet|[of] p1b: Volcarona\n|faint|p1b: Volcarona\n|-hitcount|p1: Volcarona|1\n|\n|-heal|p2a: Calyrex|67/100|[from] Grassy Terrain\n|-heal|p2b: Urshifu|7/100|[from] Grassy Terrain\n|-sideend|p1: Descugi|move: Tailwind\n|upkeep\n|\n|t:|1746058153\n|switch|p1b: Chien-Pao|Chien-Pao, L50|100/100\n|-ability|p1b: Chien-Pao|Sword of Ruin\n|turn|5\n|\n|t:|1746058167\n|switch|p2b: Incineroar|Incineroar, L50, M|100/100\n|-ability|p2b: Incineroar|Intimidate|boost\n|-unboost|p1a: Landorus|atk|1\n|-unboost|p1b: Chien-Pao|atk|1\n|-terastallize|p2a: Calyrex|Water\n|move|p1b: Chien-Pao|Sucker Punch|p2a: Calyrex\n|-damage|p2a: Calyrex|32/100\n|move|p2a: Calyrex|Astral Barrage|p1a: Landorus|[spread] p1a,p1b\n|-resisted|p1b: Chien-Pao\n|-damage|p1a: Landorus|0 fnt\n|-damage|p1b: Chien-Pao|23/100\n|faint|p1a: Landorus\n|-ability|p2a: Calyrex|Grim Neigh|boost\n|-boost|p2a: Calyrex|spa|1\n|\n|-heal|p2a: Calyrex|38/100|[from] Grassy Terrain\n|-heal|p1b: Chien-Pao|29/100|[from] Grassy Terrain\n|upkeep\n|turn|6\n|-message|Descugi forfeited.\n|\n|win|nintendoswitch200\n|l|\u2606Descugi\n|player|p1|\n||Descugi is ready for game 2.\n||nintendoswitch200 is ready for game 2.\n|uhtml|next|Next: <a href=\"/battle-gen9vgc2025regibo3-2354330556\"><strong>Game 2 of 3</strong></a>\n|l|\u2606nintendoswitch200\n|player|p2|\n|j|\u2606nintendoswitch200\n|player|p2|nintendoswitch200|turo|\n", "uploadtime": 1746058183, "views": 7, "formatid": "gen9vgc2025regibo3", "rating": null, "private": 0, "password": null}