{"id": "gen9vgc2025regibo3-2355015660", "format": "[Gen 9] VGC 2025 Reg I (Bo3)", "players": ["inXuman", "Tony Laundryman"], "log": "|j|\u2606inXuman\n|j|\u2606Tony Laundryman\n|html|<table width=\"100%\"><tr><td align=\"left\">inXuman</td><td align=\"right\">Tony Laundryman</tr><tr><td align=\"left\"><i class=\"fa fa-circle-o\"></i> <i class=\"fa fa-circle-o\"></i> </td><td align=\"right\"><i class=\"fa fa-circle-o\"></i> <i class=\"fa fa-circle-o\"></i> </tr></table>\n|uhtml|bestof|<h2><strong>Game 1</strong> of <a href=\"/game-bestof3-gen9vgc2025regibo3-2355015659\">a best-of-3</a></h2>\n|t:|1746142311\n|gametype|doubles\n|player|p1|inXuman|shadowtriad|1092\n|player|p2|Tony Laundryman|170|1133\n|teamsize|p1|6\n|teamsize|p2|6\n|gen|9\n|tier|[Gen 9] VGC 2025 Reg I (Bo3)\n|rated|\n|rule|Species Clause: Limit one of each Pok\u00e9mon\n|rule|Item Clause: Limit 1 of each item\n|clearpoke\n|poke|p1|Miraidon, L50|\n|poke|p1|Calyrex-Ice, L50|\n|poke|p1|Ditto, L50|\n|poke|p1|Farigiraf, L50, M|\n|poke|p1|Volcarona, L50, M|\n|poke|p1|Iron Hands, L50|\n|poke|p2|Miraidon, L50|\n|poke|p2|Calyrex-Shadow, L50|\n|poke|p2|Grimmsnarl, L50, M|\n|poke|p2|Incineroar, L50, F|\n|poke|p2|Iron Hands, L50|\n|poke|p2|Ditto, L50|\n|teampreview|4\n|showteam|p1|Miraidon||ChoiceSpecs|HadronEngine|VoltSwitch,ElectroDrift,DracoMeteor,DazzlingGleam||||||50|,,,,,Fairy]Calyrex-Ice||ClearAmulet|AsOneGlastrier|GlacialLance,HighHorsepower,TrickRoom,Protect||||||50|,,,,,Fire]Ditto||FocusSash|Imposter|Transform||||||50|,,,,,Ghost]Farigiraf||ElectricSeed|ArmorTail|Psychic,TrickRoom,FoulPlay,HelpingHand|||M|||50|,,,,,Water]Volcarona||RockyHelmet|FlameBody|Tailwind,RagePowder,FieryDance,Protect|||M|||50|,,,,,Dragon]Iron Hands||AssaultVest|QuarkDrive|FakeOut,DrainPunch,LowKick,HeavySlam||||||50|,,,,,Water\n|showteam|p2|Miraidon||ChoiceSpecs|HadronEngine|ElectroDrift,DracoMeteor,VoltSwitch,DazzlingGleam||||||50|,,,,,Fairy]Calyrex-Shadow||FocusSash|AsOneSpectrier|AstralBarrage,Psychic,Encore,Protect||||||50|,,,,,Ghost]Grimmsnarl||LightClay|Prankster|FoulPlay,LightScreen,Reflect,ThunderWave|||M|||50|,,,,,Ghost]Incineroar||CovertCloak|Intimidate|KnockOff,HelpingHand,FakeOut,Uturn|||F|||50|,,,,,Fairy]Iron Hands||AssaultVest|QuarkDrive|DrainPunch,FakeOut,LowKick,HeavySlam||||||50|,,,,,Water]Ditto||ChoiceScarf|Imposter|Transform||||||50|,,,,,Normal\n|inactive|Battle timer is ON: inactive players will automatically lose when time's up. (requested by Tony Laundryman)\n|inactive|inXuman has 60 seconds left.\n|inactive|Tony Laundryman has 60 seconds left.\n|inactive|Tony Laundryman has 30 seconds left.\n|inactive|Tony Laundryman has 20 seconds left.\n|inactive|Tony Laundryman has 15 seconds left.\n|inactive|Tony Laundryman has 10 seconds left.\n|inactive|Tony Laundryman has 5 seconds left.\n|\n|t:|1746142403\n|start\n|switch|p1a: Calyrex|Calyrex-Ice, L50|100/100\n|switch|p1b: Iron Hands|Iron Hands, L50|100/100\n|switch|p2a: Grimmsnarl|Grimmsnarl, L50, M|100/100\n|switch|p2b: Miraidon|Miraidon, L50|100/100\n|-ability|p1a: Calyrex|As One\n|-ability|p1a: Calyrex|Unnerve\n|-fieldstart|move: Electric Terrain|[from] ability: Hadron Engine|[of] p2b: Miraidon\n|-activate|p1b: Iron Hands|ability: Quark Drive\n|-start|p1b: Iron Hands|quarkdriveatk\n|turn|1\n|\n|t:|1746142416\n|switch|p2b: Incineroar|Incineroar, L50, F|100/100\n|-ability|p2b: Incineroar|Intimidate|boost\n|-fail|p1a: Calyrex|unboost|[from] item: Clear Amulet|[of] p1a: Calyrex\n|-unboost|p1b: Iron Hands|atk|1\n|move|p1b: Iron Hands|Fake Out|p2b: Incineroar\n|-damage|p2b: Incineroar|91/100\n|move|p2a: Grimmsnarl|Reflect|p2a: Grimmsnarl\n|-sidestart|p2: Tony Laundryman|Reflect\n|move|p1a: Calyrex|Trick Room|p1a: Calyrex\n|-fieldstart|move: Trick Room|[of] p1a: Calyrex\n|\n|upkeep\n|turn|2\n|\n|t:|1746142432\n|move|p1a: Calyrex|Protect|p1a: Calyrex\n|-singleturn|p1a: Calyrex|Protect\n|move|p2b: Incineroar|Fake Out|p1b: Iron Hands\n|-crit|p1b: Iron Hands\n|-damage|p1b: Iron Hands|90/100\n|cant|p1b: Iron Hands|flinch\n|move|p2a: Grimmsnarl|Foul Play|p1a: Calyrex\n|-activate|p1a: Calyrex|move: Protect\n|\n|upkeep\n|turn|3\n|inactive|inXuman has 30 seconds left.\n|inactive|Tony Laundryman has 30 seconds left.\n|\n|t:|1746142462\n|-terastallize|p1a: Calyrex|Fire\n|move|p1b: Iron Hands|Low Kick|p2b: Incineroar\n|-supereffective|p2b: Incineroar\n|-damage|p2b: Incineroar|53/100\n|move|p2b: Incineroar|Knock Off|p1a: Calyrex\n|-damage|p1a: Calyrex|79/100\n|-enditem|p1a: Calyrex|Clear Amulet|[from] move: Knock Off|[of] p2b: Incineroar\n|move|p2a: Grimmsnarl|Foul Play|p1a: Calyrex\n|-damage|p1a: Calyrex|43/100\n|move|p1a: Calyrex|High Horsepower|p2b: Incineroar\n|-supereffective|p2b: Incineroar\n|-damage|p2b: Incineroar|11/100\n|\n|upkeep\n|turn|4\n|inactive|Tony Laundryman has 30 seconds left.\n|\n|t:|1746142490\n|switch|p2b: Iron Hands|Iron Hands, L50|100/100\n|-activate|p2b: Iron Hands|ability: Quark Drive\n|-start|p2b: Iron Hands|quarkdriveatk\n|move|p1a: Calyrex|Protect|p1a: Calyrex\n|-singleturn|p1a: Calyrex|Protect\n|move|p2a: Grimmsnarl|Light Screen|p2a: Grimmsnarl\n|-sidestart|p2: Tony Laundryman|move: Light Screen\n|move|p1b: Iron Hands|Heavy Slam|p2a: Grimmsnarl\n|-supereffective|p2a: Grimmsnarl\n|-damage|p2a: Grimmsnarl|46/100\n|\n|upkeep\n|turn|5\n|\n|t:|1746142506\n|-end|p2b: Iron Hands|Quark Drive|[silent]\n|switch|p2b: Incineroar|Incineroar, L50, F|11/100\n|-ability|p2b: Incineroar|Intimidate|boost\n|-unboost|p1a: Calyrex|atk|1\n|-unboost|p1b: Iron Hands|atk|1\n|switch|p1a: Farigiraf|Farigiraf, L50, M, shiny|100/100\n|-enditem|p1a: Farigiraf|Electric Seed\n|-boost|p1a: Farigiraf|def|1|[from] item: Electric Seed\n|move|p1b: Iron Hands|Heavy Slam|p2a: Grimmsnarl\n|-supereffective|p2a: Grimmsnarl\n|-damage|p2a: Grimmsnarl|12/100\n|move|p2a: Grimmsnarl|Foul Play|p1a: Farigiraf\n|-supereffective|p1a: Farigiraf\n|-damage|p1a: Farigiraf|76/100\n|\n|-fieldend|move: Trick Room\n|-fieldend|move: Electric Terrain\n|-end|p1b: Iron Hands|Quark Drive\n|upkeep\n|turn|6\n|inactive|inXuman has 30 seconds left.\n|\n|t:|1746142538\n|move|p2a: Grimmsnarl|Foul Play|p1a: Farigiraf\n|-supereffective|p1a: Farigiraf\n|-damage|p1a: Farigiraf|50/100\n|move|p2b: Incineroar|U-turn|p1a: Farigiraf\n|-supereffective|p1a: Farigiraf\n|-damage|p1a: Farigiraf|30/100\n|\n|t:|1746142543\n|switch|p2b: Iron Hands|Iron Hands, L50|100/100|[from] U-turn\n|move|p1b: Iron Hands|Drain Punch|p2b: Iron Hands\n|-damage|p2b: Iron Hands|91/100\n|-heal|p1b: Iron Hands|95/100|[from] drain|[of] p2b: Iron Hands\n|move|p1a: Farigiraf|Trick Room|p1a: Farigiraf\n|-fieldstart|move: Trick Room|[of] p1a: Farigiraf\n|\n|upkeep\n|turn|7\n|\n|t:|1746142549\n|move|p1b: Iron Hands|Heavy Slam|p2a: Grimmsnarl\n|-supereffective|p2a: Grimmsnarl\n|-crit|p2a: Grimmsnarl\n|-damage|p2a: Grimmsnarl|0 fnt\n|faint|p2a: Grimmsnarl\n|move|p2b: Iron Hands|Drain Punch|p1b: Iron Hands\n|-crit|p1b: Iron Hands\n|-damage|p1b: Iron Hands|48/100\n|-heal|p2b: Iron Hands|100/100|[from] drain|[of] p1b: Iron Hands\n|move|p1a: Farigiraf|Psychic|p2b: Iron Hands\n|-supereffective|p2b: Iron Hands\n|-damage|p2b: Iron Hands|78/100\n|\n|upkeep\n|\n|t:|1746142551\n|switch|p2a: Miraidon|Miraidon, L50|100/100\n|-fieldstart|move: Electric Terrain|[from] ability: Hadron Engine|[of] p2a: Miraidon\n|-activate|p1b: Iron Hands|ability: Quark Drive\n|-start|p1b: Iron Hands|quarkdrivedef\n|-activate|p2b: Iron Hands|ability: Quark Drive\n|-start|p2b: Iron Hands|quarkdriveatk\n|turn|8\n|\n|t:|1746142565\n|-terastallize|p2a: Miraidon|Fairy\n|move|p1b: Iron Hands|Low Kick|p2a: Miraidon\n|-resisted|p2a: Miraidon\n|-damage|p2a: Miraidon|90/100\n|move|p2b: Iron Hands|Drain Punch|p1a: Farigiraf\n|-damage|p1a: Farigiraf|3/100\n|-heal|p2b: Iron Hands|91/100|[from] drain|[of] p1a: Farigiraf\n|move|p1a: Farigiraf|Psychic|p2b: Iron Hands\n|-supereffective|p2b: Iron Hands\n|-damage|p2b: Iron Hands|70/100\n|move|p2a: Miraidon|Dazzling Gleam|p1a: Farigiraf|[spread] p1a,p1b\n|-supereffective|p1b: Iron Hands\n|-damage|p1a: Farigiraf|0 fnt\n|-damage|p1b: Iron Hands|0 fnt\n|faint|p1a: Farigiraf\n|faint|p1b: Iron Hands\n|-end|p1b: Iron Hands|Quark Drive|[silent]\n|\n|-sideend|p2: Tony Laundryman|Reflect\n|upkeep\n|\n|t:|1746142579\n|switch|p1b: Ditto|Ditto, L50, shiny|100/100\n|switch|p1a: Calyrex|Calyrex-Ice, L50, tera:Fire|43/100\n|-ability|p1a: Calyrex|As One\n|-ability|p1a: Calyrex|Unnerve\n|-transform|p1b: Ditto|p2a: Miraidon|[from] ability: Imposter\n|-activate|p1b: Ditto|ability: Hadron Engine\n|-start|p1b: Ditto|typechange|Electric/Dragon|[silent]\n|turn|9\n|inactive|inXuman has 30 seconds left.\n|inactive|inXuman has 20 seconds left.\n|\n|t:|1746142616\n|switch|p2a: Incineroar|Incineroar, L50, F|11/100\n|-ability|p2a: Incineroar|Intimidate|boost\n|-unboost|p1a: Calyrex|atk|1\n|-unboost|p1b: Ditto|atk|1\n|move|p2b: Iron Hands|Drain Punch|p1b: Ditto\n|-damage|p1b: Ditto|34/100\n|-heal|p2b: Iron Hands|92/100|[from] drain|[of] p1b: Ditto\n|move|p1a: Calyrex|Glacial Lance|p2b: Iron Hands|[spread] p2a,p2b\n|-resisted|p2a: Incineroar\n|-damage|p2a: Incineroar|0 fnt\n|-damage|p2b: Iron Hands|66/100\n|faint|p2a: Incineroar\n|-ability|p1a: Calyrex|Chilling Neigh|boost\n|-boost|p1a: Calyrex|atk|1\n|move|p1b: Ditto|Electro Drift|p2b: Iron Hands\n|-resisted|p2b: Iron Hands\n|-damage|p2b: Iron Hands|49/100\n|\n|upkeep\n|\n|t:|1746142631\n|switch|p2a: Miraidon|Miraidon, L50, tera:Fairy|90/100\n|-activate|p2a: Miraidon|ability: Hadron Engine\n|turn|10\n|\n|t:|1746142641\n|move|p2b: Iron Hands|Drain Punch|p1b: Ditto\n|-damage|p1b: Ditto|0 fnt\n|-heal|p2b: Iron Hands|61/100|[from] drain|[of] p1b: Ditto\n|faint|p1b: Ditto\n|move|p1a: Calyrex|Glacial Lance|p2b: Iron Hands|[spread] p2a,p2b\n|-damage|p2a: Miraidon|32/100\n|-damage|p2b: Iron Hands|23/100\n|move|p2a: Miraidon|Electro Drift|p1a: Calyrex\n|-damage|p1a: Calyrex|0 fnt\n|faint|p1a: Calyrex\n|\n|win|Tony Laundryman\n||inXuman is ready for game 2.\n||Tony Laundryman is ready for game 2.\n|uhtml|next|Next: <a href=\"/battle-gen9vgc2025regibo3-2355018533\"><strong>Game 2 of 3</strong></a>\n", "uploadtime": 1746142641, "views": 4, "formatid": "gen9vgc2025regibo3", "rating": null, "private": 0, "password": null}