{"id": "gen9vgc2025regibo3-2354744569", "format": "[Gen 9] VGC 2025 Reg I (Bo3)", "players": ["Catnip Enthusiast", "TRIUNVIRATUS VGC"], "log": "|j|\u2606Catnip Enthusiast\n|j|\u2606TRIUNVIRATUS VGC\n|html|<table width=\"100%\"><tr><td align=\"left\">Catnip Enthusiast</td><td align=\"right\">TRIUNVIRATUS VGC</tr><tr><td align=\"left\"><i class=\"fa fa-circle-o\"></i> <i class=\"fa fa-circle-o\"></i> </td><td align=\"right\"><i class=\"fa fa-circle-o\"></i> <i class=\"fa fa-circle-o\"></i> </tr></table>\n|uhtml|bestof|<h2><strong>Game 1</strong> of <a href=\"/game-bestof3-gen9vgc2025regibo3-2354744567\">a best-of-3</a></h2>\n|t:|1746115971\n|gametype|doubles\n|player|p1|Catnip Enthusiast|bianca|1246\n|player|p2|TRIUNVIRATUS VGC|ninjaboy|1355\n|teamsize|p1|6\n|teamsize|p2|6\n|gen|9\n|tier|[Gen 9] VGC 2025 Reg I (Bo3)\n|rated|\n|rule|Species Clause: Limit one of each Pok\u00e9mon\n|rule|Item Clause: Limit 1 of each item\n|clearpoke\n|poke|p1|Terapagos, L50, M|\n|poke|p1|Rillaboom, L50, F|\n|poke|p1|Koraidon, L50|\n|poke|p1|Volcarona, L50, M|\n|poke|p1|Grimmsnarl, L50, M|\n|poke|p1|Regieleki, L50|\n|poke|p2|Calyrex-Shadow, L50|\n|poke|p2|Terapagos, L50, M|\n|poke|p2|Incineroar, L50, M|\n|poke|p2|Rillaboom, L50, M|\n|poke|p2|Amoonguss, L50, F|\n|poke|p2|Urshifu-*, L50, M|\n|teampreview|4\n|showteam|p1|Terapagos||Leftovers|TeraShift|TeraStarstorm,CalmMind,EarthPower,Protect|||M|||50|,,,,,Stellar]Rillaboom||AssaultVest|GrassySurge|WoodHammer,GrassyGlide,Uturn,FakeOut|||F|||50|,,,,,Fire]Koraidon||LifeOrb|OrichalcumPulse|CollisionCourse,FlareBlitz,FlameCharge,Protect||||||50|,,,,,Fire]Volcarona||RockyHelmet|FlameBody|Flamethrower,RagePowder,Protect,WillOWisp|||M|||50|,,,,,Water]Grimmsnarl||CovertCloak|Prankster|SpiritBreak,FakeOut,Reflect,ScaryFace|||M|||50|,,,,,Ghost]Regieleki||FocusSash|Transistor|Electroweb,VoltSwitch,Thunderbolt,Protect||||||50|,,,,,Ghost\n|showteam|p2|Calyrex-Shadow||FocusSash|AsOneSpectrier|AstralBarrage,WillOWisp,Disable,Protect||||||50|,,,,,Ghost]Terapagos||Leftovers|TeraShift|TeraStarstorm,EarthPower,CalmMind,Protect|||M|||50|,,,,,Stellar]Incineroar||SafetyGoggles|Intimidate|KnockOff,WillOWisp,FakeOut,PartingShot|||M|||50|,,,,,Bug]Rillaboom||AssaultVest|GrassySurge|GrassyGlide,FakeOut,WoodHammer,Uturn|||M|||50|,,,,,Grass]Amoonguss||RockyHelmet|Regenerator|Spore,RagePowder,SludgeBomb,Protect|||F|||50|,,,,,Water]Urshifu-Rapid-Strike||MysticWater|UnseenFist|SurgingStrikes,CloseCombat,Taunt,Protect|||M|||50|,,,,,Water\n|\n|t:|1746116026\n|start\n|switch|p1a: Grimmsnarl|Grimmsnarl, L50, M|100/100\n|switch|p1b: Mr. Unlimited|Terapagos, L50, M|100/100\n|switch|p2a: Incineroar|Incineroar, L50, M|100/100\n|switch|p2b: Amoonguss|Amoonguss, L50, F, shiny|100/100\n|-activate|p1b: Mr. Unlimited|ability: Tera Shift\n|detailschange|p1b: Mr. Unlimited|Terapagos-Terastal, L50, M\n|-heal|p1b: Mr. Unlimited|100/100|[silent]\n|-ability|p2a: Incineroar|Intimidate|boost\n|-unboost|p1a: Grimmsnarl|atk|1\n|-unboost|p1b: Mr. Unlimited|atk|1\n|turn|1\n|\n|t:|1746116046\n|move|p1a: Grimmsnarl|Fake Out|p2b: Amoonguss\n|-damage|p2b: Amoonguss|95/100\n|-damage|p1a: Grimmsnarl|84/100|[from] item: Rocky Helmet|[of] p2b: Amoonguss\n|move|p2a: Incineroar|Fake Out|p1b: Mr. Unlimited\n|-activate|p1b: Mr. Unlimited|ability: Tera Shell\n|-resisted|p1b: Mr. Unlimited\n|-damage|p1b: Mr. Unlimited|96/100\n|cant|p1b: Mr. Unlimited|flinch\n|cant|p2b: Amoonguss|flinch\n|\n|-heal|p1b: Mr. Unlimited|100/100|[from] item: Leftovers\n|upkeep\n|turn|2\n|\n|t:|1746116079\n|switch|p1a: D1 Crashout|Koraidon, L50|100/100\n|-weather|SunnyDay|[from] ability: Orichalcum Pulse|[of] p1a: D1 Crashout\n|-activate|p1a: D1 Crashout|Orichalcum Pulse|[source]\n|move|p1b: Mr. Unlimited|Tera Starstorm|p2b: Amoonguss\n|-damage|p2b: Amoonguss|37/100\n|move|p2a: Incineroar|Parting Shot|p1b: Mr. Unlimited\n|-unboost|p1b: Mr. Unlimited|atk|1\n|-unboost|p1b: Mr. Unlimited|spa|1\n|\n|t:|1746116090\n|switch|p2a: Terapagos|Terapagos, L50, M|100/100|[from] Parting Shot\n|-activate|p2a: Terapagos|ability: Tera Shift\n|detailschange|p2a: Terapagos|Terapagos-Terastal, L50, M\n|-heal|p2a: Terapagos|100/100|[silent]\n|move|p2b: Amoonguss|Spore|p1a: D1 Crashout\n|-status|p1a: D1 Crashout|slp|[from] move: Spore\n|\n|-weather|SunnyDay|[upkeep]\n|upkeep\n|turn|3\n|\n|t:|1746116105\n|cant|p1a: D1 Crashout|slp\n|move|p2a: Terapagos|Calm Mind|p2a: Terapagos\n|-boost|p2a: Terapagos|spa|1\n|-boost|p2a: Terapagos|spd|1\n|move|p1b: Mr. Unlimited|Tera Starstorm|p2b: Amoonguss\n|-damage|p2b: Amoonguss|3/100\n|move|p2b: Amoonguss|Spore|p1b: Mr. Unlimited\n|-status|p1b: Mr. Unlimited|slp|[from] move: Spore\n|\n|-weather|SunnyDay|[upkeep]\n|upkeep\n|turn|4\n|\n|t:|1746116117\n|switch|p1b: Grimmsnarl|Grimmsnarl, L50, M|84/100\n|switch|p2b: Incineroar|Incineroar, L50, M|100/100\n|-ability|p2b: Incineroar|Intimidate|boost\n|-unboost|p1a: D1 Crashout|atk|1\n|-unboost|p1b: Grimmsnarl|atk|1\n|cant|p1a: D1 Crashout|slp\n|move|p2a: Terapagos|Calm Mind|p2a: Terapagos\n|-boost|p2a: Terapagos|spa|1\n|-boost|p2a: Terapagos|spd|1\n|\n|-weather|SunnyDay|[upkeep]\n|upkeep\n|turn|5\n|\n|t:|1746116130\n|move|p2b: Incineroar|Fake Out|p1a: D1 Crashout\n|-damage|p1a: D1 Crashout|91/100 slp\n|move|p1b: Grimmsnarl|Fake Out|p2a: Terapagos\n|-activate|p2a: Terapagos|ability: Tera Shell\n|-resisted|p2a: Terapagos\n|-damage|p2a: Terapagos|97/100\n|-curestatus|p1a: D1 Crashout|slp|[msg]\n|cant|p1a: D1 Crashout|flinch\n|cant|p2a: Terapagos|flinch\n|\n|-weather|SunnyDay|[upkeep]\n|-heal|p2a: Terapagos|100/100|[from] item: Leftovers\n|upkeep\n|turn|6\n|\n|t:|1746116144\n|switch|p2b: Amoonguss|Amoonguss, L50, F, shiny|36/100\n|move|p1a: D1 Crashout|Protect|p1a: D1 Crashout\n|-singleturn|p1a: D1 Crashout|Protect\n|move|p2a: Terapagos|Tera Starstorm|p1b: Grimmsnarl\n|-damage|p1b: Grimmsnarl|3/100\n|move|p1b: Grimmsnarl|Spirit Break|p2a: Terapagos\n|-activate|p2a: Terapagos|ability: Tera Shell\n|-resisted|p2a: Terapagos\n|-damage|p2a: Terapagos|93/100\n|-unboost|p2a: Terapagos|spa|1\n|\n|-weather|none\n|-heal|p2a: Terapagos|99/100|[from] item: Leftovers\n|upkeep\n|turn|7\n|\n|t:|1746116170\n|switch|p1a: Mr. Unlimited|Terapagos-Terastal, L50, M|100/100 slp\n|switch|p2b: Incineroar|Incineroar, L50, M|100/100\n|-ability|p2b: Incineroar|Intimidate|boost\n|-unboost|p1a: Mr. Unlimited|atk|1\n|-unboost|p1b: Grimmsnarl|atk|1\n|move|p2a: Terapagos|Protect|p2a: Terapagos\n|-singleturn|p2a: Terapagos|Protect\n|move|p1b: Grimmsnarl|Spirit Break|p2a: Terapagos\n|-activate|p2a: Terapagos|move: Protect\n|\n|-heal|p2a: Terapagos|100/100|[from] item: Leftovers\n|upkeep\n|turn|8\n|\n|t:|1746116191\n|move|p2b: Incineroar|Fake Out|p1b: Grimmsnarl\n|-damage|p1b: Grimmsnarl|0 fnt\n|faint|p1b: Grimmsnarl\n|move|p2a: Terapagos|Calm Mind|p2a: Terapagos\n|-boost|p2a: Terapagos|spa|1\n|-boost|p2a: Terapagos|spd|1\n|cant|p1a: Mr. Unlimited|slp\n|\n|upkeep\n|\n|t:|1746116195\n|switch|p1b: D1 Crashout|Koraidon, L50|91/100\n|-weather|SunnyDay|[from] ability: Orichalcum Pulse|[of] p1b: D1 Crashout\n|-activate|p1b: D1 Crashout|Orichalcum Pulse|[source]\n|turn|9\n|\n|t:|1746116227\n|switch|p2b: Amoonguss|Amoonguss, L50, F, shiny|69/100\n|move|p1b: D1 Crashout|Flare Blitz|p2b: Amoonguss\n|-supereffective|p2b: Amoonguss\n|-damage|p2b: Amoonguss|0 fnt\n|-damage|p1b: D1 Crashout|74/100|[from] item: Rocky Helmet|[of] p2b: Amoonguss\n|faint|p2b: Amoonguss\n|-damage|p1b: D1 Crashout|46/100|[from] Recoil\n|-damage|p1b: D1 Crashout|36/100|[from] item: Life Orb\n|move|p2a: Terapagos|Tera Starstorm|p1b: D1 Crashout\n|-damage|p1b: D1 Crashout|0 fnt\n|faint|p1b: D1 Crashout\n|cant|p1a: Mr. Unlimited|slp\n|\n|-weather|SunnyDay|[upkeep]\n|upkeep\n|inactive|Battle timer is ON: inactive players will automatically lose when time's up. (requested by TRIUNVIRATUS VGC)\n|\n|t:|1746116234\n|switch|p1b: Regieleki|Regieleki, L50|100/100\n|switch|p2b: Incineroar|Incineroar, L50, M|100/100\n|-ability|p2b: Incineroar|Intimidate|boost\n|-unboost|p1a: Mr. Unlimited|atk|1\n|-unboost|p1b: Regieleki|atk|1\n|turn|10\n|-message|Catnip Enthusiast forfeited.\n|\n|win|TRIUNVIRATUS VGC\n|l|\u2606Catnip Enthusiast\n|player|p1|\n||Catnip Enthusiast is ready for game 2.\n||TRIUNVIRATUS VGC is ready for game 2.\n|uhtml|next|Next: <a href=\"/battle-gen9vgc2025regibo3-2354747651\"><strong>Game 2 of 3</strong></a>\n|j|\u2606Catnip Enthusiast\n|player|p1|Catnip Enthusiast|bianca|\n", "uploadtime": 1746116748, "views": 23, "formatid": "gen9vgc2025regibo3", "rating": null, "private": 0, "password": null}