{"id": "gen9vgc2025regibo3-2354193172", "format": "[Gen 9] VGC 2025 Reg I (Bo3)", "players": ["aC0ldTurkey", "Victini3333"], "log": "|j|\u2606aC0ldTurkey\n|j|\u2606Victini3333\n|html|<table width=\"100%\"><tr><td align=\"left\">aC0ldTurkey</td><td align=\"right\">Victini3333</tr><tr><td align=\"left\"><i class=\"fa fa-circle\"></i> <i class=\"fa fa-circle-o\"></i> </td><td align=\"right\"><i class=\"fa fa-circle-o\"></i> <i class=\"fa fa-circle\"></i> </tr></table>\n|uhtml|bestof|<h2><strong>Game 3</strong> of <a href=\"/game-bestof3-gen9vgc2025regibo3-2354187498\">a best-of-3</a></h2>\n|t:|1746043270\n|gametype|doubles\n|player|p1|aC0ldTurkey|1|1108\n|player|p2|Victini3333|erika|1064\n|teamsize|p1|6\n|teamsize|p2|6\n|gen|9\n|tier|[Gen 9] VGC 2025 Reg I (Bo3)\n|rated|\n|rule|Species Clause: Limit one of each Pok\u00e9mon\n|rule|Item Clause: Limit 1 of each item\n|clearpoke\n|poke|p1|Zamazenta-*, L50|\n|poke|p1|Calyrex-Shadow, L50|\n|poke|p1|Tornadus, L50, M|\n|poke|p1|Urshifu-*, L50, F|\n|poke|p1|Rillaboom, L50, M|\n|poke|p1|Chien-Pao, L50|\n|poke|p2|Zamazenta-*, L50|\n|poke|p2|Calyrex-Shadow, L50|\n|poke|p2|Urshifu-*, L50, M|\n|poke|p2|Tornadus, L50, M|\n|poke|p2|Farigiraf, L50, F|\n|poke|p2|Iron Hands, L50|\n|teampreview|4\n|showteam|p1|Zamazenta-Crowned||RustedShield|DauntlessShield|BodyPress,HeavySlam,WideGuard,Protect||||||50|,,,,,Ghost]Calyrex-Shadow||FocusSash|AsOneSpectrier|AstralBarrage,Psychic,Encore,Protect||||||50|,,,,,Ghost]Tornadus||RockyHelmet|Prankster|BleakwindStorm,Tailwind,RainDance,Protect|||M|||50|,,,,,Dark]Urshifu-Rapid-Strike||MysticWater|UnseenFist|SurgingStrikes,CloseCombat,AquaJet,Detect|||F|||50|,,,,,Water]Rillaboom||AssaultVest|GrassySurge|FakeOut,GrassyGlide,WoodHammer,Uturn|||M|||50|,,,,,Fire]Chien-Pao||LifeOrb|SwordofRuin|SuckerPunch,IcicleCrash,IceShard,Protect||||||50|,,,,,Stellar\n|showteam|p2|Zamazenta-Crowned||RustedShield|DauntlessShield|BodyPress,IronDefense,HeavySlam,WideGuard||||||50|,,,,,Grass]Calyrex-Shadow||LifeOrb|AsOneSpectrier|AstralBarrage,NastyPlot,DrainingKiss,Protect||||||50|,,,,,Fairy]Urshifu-Rapid-Strike||MysticWater|UnseenFist|SurgingStrikes,CloseCombat,Detect,AquaJet|||M|||50|,,,,,Water]Tornadus||CovertCloak|Prankster|BleakwindStorm,Tailwind,RainDance,Taunt|||M|||50|,,,,,Dark]Farigiraf||RockyHelmet|ArmorTail|Imprison,PsychicNoise,TrickRoom,HelpingHand|||F|||50|,,,,,Water]Iron Hands||AssaultVest|QuarkDrive|FakeOut,WildCharge,DrainPunch,HeavySlam||||||50|,,,,,Grass\n|j| SrIsaac03\n|\n|t:|1746043282\n|start\n|switch|p1a: Tornadus|Tornadus, L50, M|100/100\n|switch|p1b: Zamazenta|Zamazenta-Crowned, L50|100/100\n|switch|p2a: Farigiraf|Farigiraf, L50, F|100/100\n|switch|p2b: Iron Hands|Iron Hands, L50|100/100\n|-ability|p1b: Zamazenta|Dauntless Shield|boost\n|-boost|p1b: Zamazenta|def|1\n|turn|1\n|inactive|Battle timer is ON: inactive players will automatically lose when time's up. (requested by aC0ldTurkey)\n|\n|t:|1746043301\n|move|p1a: Tornadus|Tailwind|p1a: Tornadus\n|-sidestart|p1: aC0ldTurkey|move: Tailwind\n|move|p1b: Zamazenta|Body Press|p2a: Farigiraf\n|-damage|p2a: Farigiraf|36/100\n|-damage|p1b: Zamazenta|84/100|[from] item: Rocky Helmet|[of] p2a: Farigiraf\n|move|p2b: Iron Hands|Drain Punch|p1b: Zamazenta\n|-supereffective|p1b: Zamazenta\n|-damage|p1b: Zamazenta|53/100\n|move|p2a: Farigiraf|Trick Room|p2a: Farigiraf\n|-fieldstart|move: Trick Room|[of] p2a: Farigiraf\n|\n|upkeep\n|turn|2\n|l| SrIsaac03\n|inactive|aC0ldTurkey has 30 seconds left.\n|\n|t:|1746043332\n|-terastallize|p1b: Zamazenta|Ghost\n|move|p2a: Farigiraf|Helping Hand|p2b: Iron Hands\n|-singleturn|p2b: Iron Hands|Helping Hand|[of] p2a: Farigiraf\n|move|p1a: Tornadus|Protect|p1a: Tornadus\n|-singleturn|p1a: Tornadus|Protect\n|move|p2b: Iron Hands|Wild Charge|p1a: Tornadus\n|-activate|p1a: Tornadus|move: Protect\n|move|p1b: Zamazenta|Body Press|p2a: Farigiraf\n|-damage|p2a: Farigiraf|0 fnt\n|-damage|p1b: Zamazenta|36/100|[from] item: Rocky Helmet|[of] p2a: Farigiraf\n|faint|p2a: Farigiraf\n|\n|upkeep\n|\n|t:|1746043342\n|switch|p2a: Tornadus|Tornadus, L50, M|100/100\n|turn|3\n|\n|t:|1746043356\n|move|p1a: Tornadus|Rain Dance|p1a: Tornadus\n|-weather|RainDance\n|move|p2b: Iron Hands|Wild Charge|p1b: Zamazenta\n|-damage|p1b: Zamazenta|20/100\n|-damage|p2b: Iron Hands|97/100|[from] Recoil\n|move|p2a: Tornadus|Bleakwind Storm|p1b: Zamazenta|[spread] p1a,p1b\n|-damage|p1a: Tornadus|66/100\n|-damage|p1b: Zamazenta|0 fnt\n|faint|p1b: Zamazenta\n|\n|-weather|RainDance|[upkeep]\n|upkeep\n|\n|t:|1746043367\n|switch|p1b: Urshifu|Urshifu-Rapid-Strike, L50, F|100/100\n|turn|4\n|\n|t:|1746043379\n|move|p1a: Tornadus|Protect|p1a: Tornadus\n|-singleturn|p1a: Tornadus|Protect\n|move|p1b: Urshifu|Detect|p1b: Urshifu\n|-singleturn|p1b: Urshifu|Protect\n|move|p2a: Tornadus|Taunt|p1a: Tornadus\n|-activate|p1a: Tornadus|move: Protect\n|move|p2b: Iron Hands|Wild Charge|p1b: Urshifu\n|-activate|p1b: Urshifu|move: Protect\n|\n|-weather|RainDance|[upkeep]\n|-sideend|p1: aC0ldTurkey|move: Tailwind\n|upkeep\n|turn|5\n|\n|t:|1746043401\n|move|p2a: Tornadus|Taunt|p1a: Tornadus\n|-start|p1a: Tornadus|move: Taunt\n|cant|p1a: Tornadus|move: Taunt|Tailwind\n|move|p2b: Iron Hands|Wild Charge|p1b: Urshifu\n|-supereffective|p1b: Urshifu\n|-damage|p1b: Urshifu|14/100\n|-damage|p2b: Iron Hands|81/100|[from] Recoil\n|move|p1b: Urshifu|Close Combat|p2b: Iron Hands\n|-damage|p2b: Iron Hands|32/100\n|-unboost|p1b: Urshifu|def|1\n|-unboost|p1b: Urshifu|spd|1\n|\n|-weather|RainDance|[upkeep]\n|-fieldend|move: Trick Room\n|upkeep\n|turn|6\n|\n|t:|1746043422\n|move|p1a: Tornadus|Bleakwind Storm|p2b: Iron Hands|[spread] p2a,p2b\n|-damage|p2a: Tornadus|67/100\n|-damage|p2b: Iron Hands|16/100\n|-unboost|p2b: Iron Hands|spe|1\n|move|p1b: Urshifu|Surging Strikes|p2b: Iron Hands\n|-crit|p2b: Iron Hands\n|-damage|p2b: Iron Hands|0 fnt\n|faint|p2b: Iron Hands\n|-end|p2b: Iron Hands|Quark Drive|[silent]\n|-hitcount|p2: Iron Hands|1\n|move|p2a: Tornadus|Bleakwind Storm|p1a: Tornadus|[spread] p1a,p1b\n|-supereffective|p1b: Urshifu\n|-damage|p1a: Tornadus|27/100\n|-damage|p1b: Urshifu|0 fnt\n|faint|p1b: Urshifu\n|\n|-weather|RainDance|[upkeep]\n|upkeep\n|\n|t:|1746043434\n|switch|p1b: Calyrex|Calyrex-Shadow, L50|100/100\n|switch|p2b: Calyrex|Calyrex-Shadow, L50|100/100\n|-ability|p2b: Calyrex|As One\n|-ability|p2b: Calyrex|Unnerve\n|-ability|p1b: Calyrex|As One\n|-ability|p1b: Calyrex|Unnerve\n|turn|7\n|\n|t:|1746043447\n|-terastallize|p2b: Calyrex|Fairy\n|move|p2a: Tornadus|Tailwind|p2a: Tornadus\n|-sidestart|p2: Victini3333|move: Tailwind\n|move|p2b: Calyrex|Astral Barrage|p1a: Tornadus|[spread] p1a,p1b\n|-supereffective|p1b: Calyrex\n|-damage|p1a: Tornadus|0 fnt\n|-enditem|p1b: Calyrex|Focus Sash\n|-damage|p1b: Calyrex|1/100\n|faint|p1a: Tornadus\n|-ability|p2b: Calyrex|Grim Neigh|boost\n|-boost|p2b: Calyrex|spa|1\n|-damage|p2b: Calyrex|91/100|[from] item: Life Orb\n|move|p1b: Calyrex|Astral Barrage|p2b: Calyrex|[spread] p2a,p2b\n|-damage|p2a: Tornadus|2/100\n|-damage|p2b: Calyrex|30/100\n|\n|-weather|none\n|upkeep\n|turn|8\n|c|\u2606aC0ldTurkey|ggs\\\n|inactive|Victini3333 has 30 seconds left.\n|c|\u2606Victini3333|ggs\n|\n|t:|1746043476\n|move|p2b: Calyrex|Draining Kiss|p1b: Calyrex\n|-damage|p1b: Calyrex|0 fnt\n|-heal|p2b: Calyrex|31/100|[from] drain|[of] p1b: Calyrex\n|faint|p1b: Calyrex\n|-damage|p2b: Calyrex|21/100|[from] item: Life Orb\n|\n|win|Victini3333\n|raw|aC0ldTurkey's rating: 1108 &rarr; <strong>1080</strong><br />(-28 for losing)\n|raw|Victini3333's rating: 1064 &rarr; <strong>1098</strong><br />(+34 for winning)\n|l|\u2606Victini3333\n|player|p2|\n", "uploadtime": 1746043739, "views": 14, "formatid": "gen9vgc2025regibo3", "rating": 1080, "private": 0, "password": null}