{"id": "gen9vgc2025regibo3-2354471441", "format": "[Gen 9] VGC 2025 Reg I (Bo3)", "players": ["Rg67", "Vulpisfoglia"], "log": "|j|\u2606Rg67\n|j|\u2606Vulpisfoglia\n|html|<table width=\"100%\"><tr><td align=\"left\">Rg67</td><td align=\"right\">Vulpisfoglia</tr><tr><td align=\"left\"><i class=\"fa fa-circle\"></i> <i class=\"fa fa-circle-o\"></i> </td><td align=\"right\"><i class=\"fa fa-circle-o\"></i> <i class=\"fa fa-circle-o\"></i> </tr></table>\n|uhtml|bestof|<h2><strong>Game 2</strong> of <a href=\"/game-bestof3-gen9vgc2025regibo3-2354470062\">a best-of-3</a></h2>\n|t:|1746076962\n|gametype|doubles\n|player|p1|Rg67|nate|1193\n|player|p2|Vulpisfoglia|nancy|1163\n|teamsize|p1|6\n|teamsize|p2|6\n|gen|9\n|tier|[Gen 9] VGC 2025 Reg I (Bo3)\n|rated|\n|rule|Species Clause: Limit one of each Pok\u00e9mon\n|rule|Item Clause: Limit 1 of each item\n|clearpoke\n|poke|p1|Miraidon, L50|\n|poke|p1|Zamazenta-*, L50|\n|poke|p1|Volcarona, L50, F|\n|poke|p1|Grimmsnarl, L50, M|\n|poke|p1|Iron Hands, L50|\n|poke|p1|Ditto, L50|\n|poke|p2|Zamazenta-*, L50|\n|poke|p2|Miraidon, L50|\n|poke|p2|Iron Hands, L50|\n|poke|p2|Whimsicott, L50, F|\n|poke|p2|Farigiraf, L50, F|\n|poke|p2|Chi-Yu, L50|\n|teampreview|4\n|showteam|p1|Miraidon||ChoiceSpecs|HadronEngine|ElectroDrift,DracoMeteor,VoltSwitch,DazzlingGleam||||||50|,,,,,Fairy]Zamazenta-Crowned||RustedShield|DauntlessShield|BodyPress,behemothbash,WideGuard,Protect||||||50|,,,,,Dragon]Volcarona||SitrusBerry|FlameBody|QuiverDance,FieryDance,GigaDrain,Protect|||F|||50|,,,,,Grass]Grimmsnarl||CovertCloak|Prankster|FoulPlay,Reflect,LightScreen,ScaryFace|||M|||50|,,,,,Water]Iron Hands||AssaultVest|QuarkDrive|FakeOut,DrainPunch,HeavySlam,LowKick||||||50|,,,,,Bug]Ditto||FocusSash|Imposter|Transform||||||50|,,,,,Normal\n|showteam|p2|Zamazenta-Crowned||RustedShield|DauntlessShield|BodyPress,Protect,behemothbash,WideGuard||||||50|,,,,,Water]Miraidon||ChoiceSpecs|HadronEngine|ElectroDrift,DracoMeteor,DazzlingGleam,VoltSwitch||||||50|,,,,,Fairy]Iron Hands||AssaultVest|QuarkDrive|FakeOut,IcePunch,LowKick,WildCharge||||||50|,,,,,Water]Whimsicott||CovertCloak|Prankster|Moonblast,Tailwind,Encore,LightScreen|||F|||50|,,,,,Water]Farigiraf||ElectricSeed|ArmorTail|FoulPlay,Psychic,TrickRoom,HelpingHand|||F|||50|,,,,,Steel]Chi-Yu||ChoiceScarf|BeadsofRuin|HeatWave,Overheat,DarkPulse,Snarl||||||50|,,,,,Fire\n|\n|t:|1746077011\n|start\n|switch|p1a: Zamazenta|Zamazenta-Crowned, L50|100/100\n|switch|p1b: Grimmsnarl|Grimmsnarl, L50, M|100/100\n|switch|p2a: \u7279\u9c81|Iron Hands, L50|100/100\n|switch|p2b: \u7535\u5b50\u7ec8\u7ed3\u9f99|Miraidon, L50|100/100\n|-fieldstart|move: Electric Terrain|[from] ability: Hadron Engine|[of] p2b: \u7535\u5b50\u7ec8\u7ed3\u9f99\n|-activate|p2a: \u7279\u9c81|ability: Quark Drive\n|-start|p2a: \u7279\u9c81|quarkdriveatk\n|-ability|p1a: Zamazenta|Dauntless Shield|boost\n|-boost|p1a: Zamazenta|def|1\n|turn|1\n|\n|t:|1746077053\n|move|p1a: Zamazenta|Protect|p1a: Zamazenta\n|-singleturn|p1a: Zamazenta|Protect\n|move|p2a: \u7279\u9c81|Fake Out|p1b: Grimmsnarl\n|-damage|p1b: Grimmsnarl|83/100\n|move|p1b: Grimmsnarl|Light Screen|p1b: Grimmsnarl\n|-sidestart|p1: Rg67|move: Light Screen\n|move|p2b: \u7535\u5b50\u7ec8\u7ed3\u9f99|Electro Drift|p1b: Grimmsnarl\n|-damage|p1b: Grimmsnarl|0 fnt\n|faint|p1b: Grimmsnarl\n|\n|upkeep\n|\n|t:|1746077069\n|switch|p1b: Miraidon|Miraidon, L50|100/100\n|-activate|p1b: Miraidon|ability: Hadron Engine\n|turn|2\n|\n|t:|1746077079\n|switch|p2b: \u739b\u4fee\u00b7\u57fa\u5217\u83b1\u7279|Zamazenta-Crowned, L50|100/100\n|-ability|p2b: \u739b\u4fee\u00b7\u57fa\u5217\u83b1\u7279|Dauntless Shield|boost\n|-boost|p2b: \u739b\u4fee\u00b7\u57fa\u5217\u83b1\u7279|def|1\n|move|p1b: Miraidon|Draco Meteor|p2b: \u739b\u4fee\u00b7\u57fa\u5217\u83b1\u7279\n|-resisted|p2b: \u739b\u4fee\u00b7\u57fa\u5217\u83b1\u7279\n|-damage|p2b: \u739b\u4fee\u00b7\u57fa\u5217\u83b1\u7279|55/100\n|-unboost|p1b: Miraidon|spa|2\n|move|p1a: Zamazenta|Body Press|p2a: \u7279\u9c81\n|-damage|p2a: \u7279\u9c81|57/100\n|move|p2a: \u7279\u9c81|Low Kick|p1a: Zamazenta\n|-supereffective|p1a: Zamazenta\n|-damage|p1a: Zamazenta|21/100\n|\n|upkeep\n|turn|3\n|\n|t:|1746077109\n|switch|p1b: Volcarona|Volcarona, L50, F|100/100\n|move|p1a: Zamazenta|Body Press|p2b: \u739b\u4fee\u00b7\u57fa\u5217\u83b1\u7279\n|-supereffective|p2b: \u739b\u4fee\u00b7\u57fa\u5217\u83b1\u7279\n|-damage|p2b: \u739b\u4fee\u00b7\u57fa\u5217\u83b1\u7279|4/100\n|move|p2b: \u739b\u4fee\u00b7\u57fa\u5217\u83b1\u7279|Body Press|p1b: Volcarona\n|-resisted|p1b: Volcarona\n|-damage|p1b: Volcarona|64/100\n|move|p2a: \u7279\u9c81|Low Kick|p1a: Zamazenta\n|-supereffective|p1a: Zamazenta\n|-damage|p1a: Zamazenta|0 fnt\n|faint|p1a: Zamazenta\n|\n|upkeep\n|\n|t:|1746077124\n|switch|p1a: Miraidon|Miraidon, L50|100/100\n|-activate|p1a: Miraidon|ability: Hadron Engine\n|turn|4\n|\n|t:|1746077138\n|move|p2b: \u739b\u4fee\u00b7\u57fa\u5217\u83b1\u7279|Wide Guard|p2b: \u739b\u4fee\u00b7\u57fa\u5217\u83b1\u7279\n|-singleturn|p2b: \u739b\u4fee\u00b7\u57fa\u5217\u83b1\u7279|Wide Guard\n|move|p1a: Miraidon|Draco Meteor|p2a: \u7279\u9c81\n|-damage|p2a: \u7279\u9c81|0 fnt\n|-unboost|p1a: Miraidon|spa|2\n|faint|p2a: \u7279\u9c81\n|-end|p2a: \u7279\u9c81|Quark Drive|[silent]\n|move|p1b: Volcarona|Quiver Dance|p1b: Volcarona\n|-boost|p1b: Volcarona|spa|1\n|-boost|p1b: Volcarona|spd|1\n|-boost|p1b: Volcarona|spe|1\n|\n|upkeep\n|\n|t:|1746077162\n|switch|p2a: \u7535\u5b50\u7ec8\u7ed3\u9f99|Miraidon, L50|100/100\n|-activate|p2a: \u7535\u5b50\u7ec8\u7ed3\u9f99|ability: Hadron Engine\n|turn|5\n|\n|t:|1746077178\n|-terastallize|p1b: Volcarona|Grass\n|-terastallize|p2a: \u7535\u5b50\u7ec8\u7ed3\u9f99|Fairy\n|move|p1b: Volcarona|Giga Drain|p2a: \u7535\u5b50\u7ec8\u7ed3\u9f99\n|-damage|p2a: \u7535\u5b50\u7ec8\u7ed3\u9f99|46/100\n|-heal|p1b: Volcarona|91/100|[from] drain|[of] p2a: \u7535\u5b50\u7ec8\u7ed3\u9f99\n|move|p1a: Miraidon|Draco Meteor|p2a: \u7535\u5b50\u7ec8\u7ed3\u9f99\n|-immune|p2a: \u7535\u5b50\u7ec8\u7ed3\u9f99\n|move|p2a: \u7535\u5b50\u7ec8\u7ed3\u9f99|Electro Drift|p1b: Volcarona\n|-resisted|p1b: Volcarona\n|-damage|p1b: Volcarona|61/100\n|move|p2b: \u739b\u4fee\u00b7\u57fa\u5217\u83b1\u7279|Body Press|p1a: Miraidon\n|-damage|p1a: Miraidon|30/100\n|\n|-sideend|p1: Rg67|move: Light Screen\n|-fieldend|move: Electric Terrain\n|upkeep\n|turn|6\n|\n|t:|1746077204\n|move|p2b: \u739b\u4fee\u00b7\u57fa\u5217\u83b1\u7279|Protect|p2b: \u739b\u4fee\u00b7\u57fa\u5217\u83b1\u7279\n|-singleturn|p2b: \u739b\u4fee\u00b7\u57fa\u5217\u83b1\u7279|Protect\n|move|p1b: Volcarona|Giga Drain|p2a: \u7535\u5b50\u7ec8\u7ed3\u9f99\n|-damage|p2a: \u7535\u5b50\u7ec8\u7ed3\u9f99|0 fnt\n|-heal|p1b: Volcarona|84/100|[from] drain|[of] p2a: \u7535\u5b50\u7ec8\u7ed3\u9f99\n|faint|p2a: \u7535\u5b50\u7ec8\u7ed3\u9f99\n|move|p1a: Miraidon|Draco Meteor|p2b: \u739b\u4fee\u00b7\u57fa\u5217\u83b1\u7279\n|-activate|p2b: \u739b\u4fee\u00b7\u57fa\u5217\u83b1\u7279|move: Protect\n|\n|upkeep\n|\n|t:|1746077211\n|switch|p2a: \u7ef4\u4ec0\u6234\u5c14|Chi-Yu, L50|100/100\n|-ability|p2a: \u7ef4\u4ec0\u6234\u5c14|Beads of Ruin\n|turn|7\n|\n|t:|1746077226\n|move|p1b: Volcarona|Protect|p1b: Volcarona\n|-singleturn|p1b: Volcarona|Protect\n|move|p2a: \u7ef4\u4ec0\u6234\u5c14|Heat Wave|p1a: Miraidon|[spread] p1a\n|-activate|p1b: Volcarona|move: Protect\n|-resisted|p1a: Miraidon\n|-crit|p1a: Miraidon\n|-damage|p1a: Miraidon|0 fnt\n|faint|p1a: Miraidon\n|move|p2b: \u739b\u4fee\u00b7\u57fa\u5217\u83b1\u7279|Body Press|p1b: Volcarona\n|-activate|p1b: Volcarona|move: Protect\n|\n|upkeep\n|turn|8\n|\n|t:|1746077241\n|move|p2a: \u7ef4\u4ec0\u6234\u5c14|Heat Wave|p1b: Volcarona\n|-supereffective|p1b: Volcarona\n|-damage|p1b: Volcarona|0 fnt\n|faint|p1b: Volcarona\n|\n|win|Vulpisfoglia\n||Vulpisfoglia is ready for game 3.\n|inactive|Rg67 has 30 seconds to confirm battle start!\n|inactive|Rg67 has 20 seconds to confirm battle start!\n||Rg67 is ready for game 3.\n|uhtml|next|Next: <a href=\"/battle-gen9vgc2025regibo3-2354473133\"><strong>Game 3 of 3</strong></a>\n|l|\u2606Vulpisfoglia\n|player|p2|\n|l|\u2606Rg67\n|player|p1|\n", "uploadtime": 1746077590, "views": 7, "formatid": "gen9vgc2025regibo3", "rating": null, "private": 0, "password": null}