{"id": "gen9vgc2025regibo3-2354845209", "format": "[Gen 9] VGC 2025 Reg I (Bo3)", "players": ["izmatti", "mavvyvgc"], "log": "|j|\u2606izmatti\n|j|\u2606mavvyvgc\n|html|<table width=\"100%\"><tr><td align=\"left\">izmatti</td><td align=\"right\">mavvyvgc</tr><tr><td align=\"left\"><i class=\"fa fa-circle\"></i> <i class=\"fa fa-circle-o\"></i> </td><td align=\"right\"><i class=\"fa fa-circle-o\"></i> <i class=\"fa fa-circle-o\"></i> </tr></table>\n|uhtml|bestof|<h2><strong>Game 2</strong> of <a href=\"/game-bestof3-gen9vgc2025regibo3-2354842245\">a best-of-3</a></h2>\n|t:|1746124750\n|gametype|doubles\n|player|p1|izmatti|169|1136\n|player|p2|mavvyvgc|riley|1084\n|teamsize|p1|6\n|teamsize|p2|6\n|gen|9\n|tier|[Gen 9] VGC 2025 Reg I (Bo3)\n|rated|\n|rule|Species Clause: Limit one of each Pok\u00e9mon\n|rule|Item Clause: Limit 1 of each item\n|clearpoke\n|poke|p1|Miraidon, L50|\n|poke|p1|Iron Hands, L50|\n|poke|p1|Chi-Yu, L50|\n|poke|p1|Farigiraf, L50, F|\n|poke|p1|Whimsicott, L50, M|\n|poke|p1|Groudon, L50|\n|poke|p2|Calyrex-Shadow, L50|\n|poke|p2|Kyurem-White, L50|\n|poke|p2|Slowking, L50, M|\n|poke|p2|Tornadus, L50, M|\n|poke|p2|Rillaboom, L50, F|\n|poke|p2|Incineroar, L50, F|\n|teampreview|4\n|showteam|p1|Miraidon||ChoiceSpecs|HadronEngine|ElectroDrift,VoltSwitch,DracoMeteor,DazzlingGleam||||||50|,,,,,Fairy]Iron Hands||AssaultVest|QuarkDrive|FakeOut,WildCharge,DrainPunch,IcePunch||||||50|,,,,,Bug]Chi-Yu||FocusSash|BeadsofRuin|HeatWave,Snarl,Protect,Flamethrower||||||50|,,,,,Ghost]Farigiraf||ElectricSeed|ArmorTail|HelpingHand,TrickRoom,Imprison,Psychic|||F|||50|,,,,,Water]Whimsicott||CovertCloak|Prankster|Moonblast,Tailwind,Encore,LightScreen|||M|||50|,,,,,Dark]Groudon||ClearAmulet|Drought|HeatCrash,PrecipiceBlades,Protect,HelpingHand||||||50|,,,,,Fire\n|showteam|p2|Calyrex-Shadow||FocusSash|AsOneSpectrier|DarkPulse,AstralBarrage,NastyPlot,Protect||||||50|,,,,,Dark]Kyurem-White||NeverMeltIce|Turboblaze|Protect,Blizzard,DragonPulse,FusionFlare||||||50|,,,,,Ground]Slowking||RockyHelmet|Oblivious|Psychic,TrickRoom,ChillyReception,HelpingHand|||M|||50|,,,,,Ground]Tornadus||CovertCloak|Prankster|Tailwind,BleakwindStorm,Protect,Snowscape|||M|||50|,,,,,Dark]Rillaboom||GrassySeed|GrassySurge|DrumBeating,Uturn,GrassyGlide,FakeOut|||F|||50|,,,,,Grass]Incineroar||AssaultVest|Intimidate|FakeOut,KnockOff,FlareBlitz,Uturn|||F|||50|,,,,,Fire\n|\n|t:|1746124765\n|start\n|switch|p1a: Miraidon|Miraidon, L50|100/100\n|switch|p1b: Farigiraf|Farigiraf, L50, F|100/100\n|switch|p2a: Calyrex|Calyrex-Shadow, L50|100/100\n|switch|p2b: Rillaboom|Rillaboom, L50, F|100/100\n|-ability|p2a: Calyrex|As One\n|-ability|p2a: Calyrex|Unnerve\n|-fieldstart|move: Electric Terrain|[from] ability: Hadron Engine|[of] p1a: Miraidon\n|-enditem|p1b: Farigiraf|Electric Seed\n|-boost|p1b: Farigiraf|def|1|[from] item: Electric Seed\n|-fieldstart|move: Grassy Terrain|[from] ability: Grassy Surge|[of] p2b: Rillaboom\n|-enditem|p2b: Rillaboom|Grassy Seed\n|-boost|p2b: Rillaboom|def|1|[from] item: Grassy Seed\n|turn|1\n|\n|t:|1746124809\n|switch|p1b: Chi-Yu|Chi-Yu, L50|100/100\n|-ability|p1b: Chi-Yu|Beads of Ruin\n|-terastallize|p2a: Calyrex|Dark\n|-terastallize|p1a: Miraidon|Fairy\n|move|p2a: Calyrex|Dark Pulse|p1b: Chi-Yu\n|-resisted|p1b: Chi-Yu\n|-damage|p1b: Chi-Yu|70/100\n|move|p1a: Miraidon|Dazzling Gleam|p2a: Calyrex|[spread] p2a,p2b\n|-supereffective|p2a: Calyrex\n|-enditem|p2a: Calyrex|Focus Sash\n|-damage|p2a: Calyrex|1/100\n|-damage|p2b: Rillaboom|38/100\n|move|p2b: Rillaboom|Drum Beating|p1a: Miraidon\n|-damage|p1a: Miraidon|53/100\n|-unboost|p1a: Miraidon|spe|1\n|\n|-heal|p2a: Calyrex|7/100|[from] Grassy Terrain\n|-heal|p1b: Chi-Yu|77/100|[from] Grassy Terrain\n|-heal|p1a: Miraidon|59/100|[from] Grassy Terrain\n|-heal|p2b: Rillaboom|43/100|[from] Grassy Terrain\n|upkeep\n|turn|2\n|\n|t:|1746124839\n|switch|p1a: Farigiraf|Farigiraf, L50, F|100/100\n|move|p2b: Rillaboom|Grassy Glide||[still]\n|cant|p1a: Farigiraf|ability: Armor Tail|Grassy Glide|[of] p2b: Rillaboom\n|move|p2a: Calyrex|Astral Barrage|p1a: Farigiraf|[spread] p1b\n|-immune|p1a: Farigiraf\n|-resisted|p1b: Chi-Yu\n|-damage|p1b: Chi-Yu|44/100\n|move|p1b: Chi-Yu|Heat Wave|p2a: Calyrex|[spread] p2a,p2b\n|-supereffective|p2b: Rillaboom\n|-crit|p2b: Rillaboom\n|-damage|p2a: Calyrex|0 fnt\n|-damage|p2b: Rillaboom|0 fnt\n|faint|p2a: Calyrex\n|faint|p2b: Rillaboom\n|\n|-heal|p1b: Chi-Yu|50/100|[from] Grassy Terrain\n|upkeep\n|\n|t:|1746124857\n|switch|p2a: Kyurem|Kyurem-White, L50|100/100\n|switch|p2b: Tornadus|Tornadus, L50, M|100/100\n|-ability|p2a: Kyurem|Turboblaze\n|turn|3\n|\n|t:|1746124894\n|move|p1b: Chi-Yu|Protect|p1b: Chi-Yu\n|-singleturn|p1b: Chi-Yu|Protect\n|move|p2b: Tornadus|Snowscape|p2b: Tornadus\n|-weather|Snowscape\n|move|p2a: Kyurem|Blizzard|p1b: Chi-Yu|[spread] p1a\n|-activate|p1b: Chi-Yu|move: Protect\n|-damage|p1a: Farigiraf|41/100\n|move|p1a: Farigiraf|Trick Room|p1a: Farigiraf\n|-fieldstart|move: Trick Room|[of] p1a: Farigiraf\n|\n|-weather|Snowscape|[upkeep]\n|-heal|p1a: Farigiraf|47/100|[from] Grassy Terrain\n|-heal|p1b: Chi-Yu|57/100|[from] Grassy Terrain\n|upkeep\n|turn|4\n|\n|t:|1746124911\n|move|p1a: Farigiraf|Helping Hand|p1b: Chi-Yu\n|-singleturn|p1b: Chi-Yu|Helping Hand|[of] p1a: Farigiraf\n|move|p2a: Kyurem|Blizzard|p1a: Farigiraf|[spread] p1a,p1b\n|-resisted|p1b: Chi-Yu\n|-damage|p1a: Farigiraf|0 fnt\n|-damage|p1b: Chi-Yu|18/100\n|-status|p1b: Chi-Yu|frz\n|faint|p1a: Farigiraf\n|move|p2b: Tornadus|Bleakwind Storm|p1b: Chi-Yu\n|-damage|p1b: Chi-Yu|0 fnt\n|faint|p1b: Chi-Yu\n|\n|-weather|Snowscape|[upkeep]\n|upkeep\n|\n|t:|1746124922\n|switch|p1a: Groudon|Groudon, L50|100/100\n|switch|p1b: Miraidon|Miraidon, L50, tera:Fairy|59/100\n|-weather|SunnyDay|[from] ability: Drought|[of] p1a: Groudon\n|-fieldstart|move: Electric Terrain|[from] ability: Hadron Engine|[of] p1b: Miraidon\n|turn|5\n|\n|t:|1746124940\n|move|p2b: Tornadus|Snowscape|p2b: Tornadus\n|-weather|Snowscape\n|move|p1a: Groudon|Heat Crash|p2b: Tornadus\n|-damage|p2b: Tornadus|38/100\n|move|p2a: Kyurem|Blizzard|p1a: Groudon|[spread] p1a,p1b\n|-supereffective|p1a: Groudon\n|-damage|p1a: Groudon|0 fnt\n|-damage|p1b: Miraidon|7/100\n|faint|p1a: Groudon\n|move|p1b: Miraidon|Dazzling Gleam|p2b: Tornadus|[spread] p2a,p2b\n|-supereffective|p2a: Kyurem\n|-damage|p2a: Kyurem|1/100\n|-damage|p2b: Tornadus|0 fnt\n|faint|p2b: Tornadus\n|\n|-weather|Snowscape|[upkeep]\n|upkeep\n|turn|6\n|-message|izmatti forfeited.\n|\n|win|mavvyvgc\n|l|\u2606izmatti\n|player|p1|\n|j|\u2606izmatti\n|player|p1|izmatti|169|\n||izmatti is ready for game 3.\n||mavvyvgc is ready for game 3.\n|uhtml|next|Next: <a href=\"/battle-gen9vgc2025regibo3-2354847693\"><strong>Game 3 of 3</strong></a>\n|l|\u2606izmatti\n|player|p1|\n", "uploadtime": 1746125446, "views": 8, "formatid": "gen9vgc2025regibo3", "rating": null, "private": 0, "password": null}