{"id": "gen9vgc2025regibo3-2354287969", "format": "[Gen 9] VGC 2025 Reg I (Bo3)", "players": ["miraidons the goat", "d_malicious"], "log": "|j|\u2606miraidons the goat\n|j|\u2606d_malicious\n|html|<table width=\"100%\"><tr><td align=\"left\">miraidons the goat</td><td align=\"right\">d_malicious</tr><tr><td align=\"left\"><i class=\"fa fa-circle-o\"></i> <i class=\"fa fa-circle-o\"></i> </td><td align=\"right\"><i class=\"fa fa-circle-o\"></i> <i class=\"fa fa-circle-o\"></i> </tr></table>\n|uhtml|bestof|<h2><strong>Game 1</strong> of <a href=\"/game-bestof3-gen9vgc2025regibo3-2354287968\">a best-of-3</a></h2>\n|t:|1746053216\n|gametype|doubles\n|player|p1|miraidons the goat|lisia-masters|1165\n|player|p2|d_malicious|worker-gen4|1213\n|teamsize|p1|6\n|teamsize|p2|6\n|gen|9\n|tier|[Gen 9] VGC 2025 Reg I (Bo3)\n|rated|\n|rule|Species Clause: Limit one of each Pok\u00e9mon\n|rule|Item Clause: Limit 1 of each item\n|clearpoke\n|poke|p1|Calyrex-Shadow, L50|\n|poke|p1|Koraidon, L50|\n|poke|p1|Chi-Yu, L50|\n|poke|p1|Indeedee-F, L50, F|\n|poke|p1|Whimsicott, L50, M|\n|poke|p1|Ditto, L50|\n|poke|p2|Koraidon, L50|\n|poke|p2|Flutter Mane, L50|\n|poke|p2|Brute Bonnet, L50|\n|poke|p2|Chi-Yu, L50|\n|poke|p2|Ogerpon-Cornerstone, L50, F|\n|poke|p2|Lunala, L50|\n|teampreview|4\n|showteam|p1|Calyrex-Shadow||ChoiceSpecs|AsOneSpectrier|AstralBarrage,ExpandingForce,PollenPuff,Psyshock||||||50|,,,,,Dark]Koraidon||LifeOrb|OrichalcumPulse|CloseCombat,FlareBlitz,DragonClaw,Protect||||||50|,,,,,Fire]Chi-Yu||ChoiceScarf|BeadsofRuin|Snarl,DarkPulse,HeatWave,Overheat||||||50|,,,,,Fire]Indeedee-F||PsychicSeed|PsychicSurge|FollowMe,TrickRoom,HelpingHand,Psychic|||F|||50|,,,,,Steel]Whimsicott||CovertCloak|Prankster|Tailwind,Encore,Moonblast,SunnyDay|||M|||50|,,,,,Dark]Ditto||FocusSash|Imposter|Transform||||||50|,,,,,Ghost\n|showteam|p2|Koraidon||LifeOrb|OrichalcumPulse|CloseCombat,FlareBlitz,FlameCharge,Protect||||||50|,,,,,Fire]Flutter Mane||FocusSash|Protosynthesis|Moonblast,ShadowBall,IcyWind,Protect||||||50|,,,,,Normal]Brute Bonnet||CovertCloak|Protosynthesis|SeedBomb,SuckerPunch,Spore,RagePowder||||||50|,,,,,Water]Chi-Yu||ChoiceScarf|BeadsofRuin|HeatWave,Flamethrower,DarkPulse,Snarl||||||50|,,,,,Ghost]Ogerpon-Cornerstone||CornerstoneMask|Sturdy|SpikyShield,IvyCudgel,Taunt,FollowMe|||F|||50|,,,,,Rock]Lunala||PowerHerb|ShadowShield|MoongeistBeam,MeteorBeam,WideGuard,TrickRoom||||||50|,,,,,Water\n|\n|t:|1746053268\n|start\n|switch|p1a: cott|Whimsicott, L50, M, shiny|100/100\n|switch|p1b: better bike|Koraidon, L50|100/100\n|switch|p2a: Chi-Yu|Chi-Yu, L50|100/100\n|switch|p2b: Lunala|Lunala, L50|100/100\n|-ability|p2a: Chi-Yu|Beads of Ruin\n|-weather|SunnyDay|[from] ability: Orichalcum Pulse|[of] p1b: better bike\n|-activate|p1b: better bike|Orichalcum Pulse|[source]\n|turn|1\n|\n|t:|1746053301\n|move|p1a: cott|Tailwind|p1a: cott\n|-sidestart|p1: miraidons the goat|move: Tailwind\n|move|p1b: better bike|Close Combat|p2a: Chi-Yu\n|-supereffective|p2a: Chi-Yu\n|-crit|p2a: Chi-Yu\n|-damage|p2a: Chi-Yu|0 fnt\n|-unboost|p1b: better bike|def|1\n|-unboost|p1b: better bike|spd|1\n|faint|p2a: Chi-Yu\n|-damage|p1b: better bike|91/100|[from] item: Life Orb\n|move|p2b: Lunala|Moongeist Beam|p1b: better bike\n|-damage|p1b: better bike|23/100\n|\n|-weather|SunnyDay|[upkeep]\n|upkeep\n|\n|t:|1746053318\n|switch|p2a: Flutter Mane|Flutter Mane, L50|100/100\n|-activate|p2a: Flutter Mane|ability: Protosynthesis\n|-start|p2a: Flutter Mane|protosynthesisspe\n|turn|2\n|\n|t:|1746053340\n|move|p2a: Flutter Mane|Protect|p2a: Flutter Mane\n|-singleturn|p2a: Flutter Mane|Protect\n|move|p1b: better bike|Flare Blitz|p2a: Flutter Mane\n|-activate|p2a: Flutter Mane|move: Protect\n|move|p1a: cott|Moonblast|p2b: Lunala\n|-damage|p2b: Lunala|91/100\n|move|p2b: Lunala|Trick Room|p2b: Lunala\n|-fieldstart|move: Trick Room|[of] p2b: Lunala\n|\n|-weather|SunnyDay|[upkeep]\n|upkeep\n|turn|3\n|\n|t:|1746053362\n|switch|p2b: Koraidon|Koraidon, L50|100/100\n|-activate|p2b: Koraidon|ability: Orichalcum Pulse\n|move|p1b: better bike|Protect|p1b: better bike\n|-singleturn|p1b: better bike|Protect\n|move|p1a: cott|Encore||[still]\n|-fail|p1a: cott\n|move|p2a: Flutter Mane|Shadow Ball|p1b: better bike\n|-activate|p1b: better bike|move: Protect\n|\n|-weather|SunnyDay|[upkeep]\n|upkeep\n|turn|4\n|\n|t:|1746053388\n|-terastallize|p2b: Koraidon|Fire\n|move|p2b: Koraidon|Flame Charge|p1a: cott\n|-supereffective|p1a: cott\n|-damage|p1a: cott|0 fnt\n|-boost|p2b: Koraidon|spe|1\n|faint|p1a: cott\n|-damage|p2b: Koraidon|91/100|[from] item: Life Orb\n|move|p2a: Flutter Mane|Moonblast|p1b: better bike\n|-supereffective|p1b: better bike\n|-damage|p1b: better bike|0 fnt\n|faint|p1b: better bike\n|\n|-weather|SunnyDay|[upkeep]\n|-sideend|p1: miraidons the goat|move: Tailwind\n|upkeep\n|\n|t:|1746053402\n|switch|p1a: mental trauma|Calyrex-Shadow, L50|100/100\n|switch|p1b: copycat|Ditto, L50, shiny|100/100\n|-ability|p1a: mental trauma|As One\n|-ability|p1a: mental trauma|Unnerve\n|-transform|p1b: copycat|p2a: Flutter Mane|[from] ability: Imposter\n|turn|5\n|\n|t:|1746053431\n|move|p2b: Koraidon|Protect|p2b: Koraidon\n|-singleturn|p2b: Koraidon|Protect\n|move|p1b: copycat|Icy Wind|p2b: Koraidon|[spread] p2a\n|-activate|p2b: Koraidon|move: Protect\n|-damage|p2a: Flutter Mane|84/100\n|-unboost|p2a: Flutter Mane|spe|1\n|move|p2a: Flutter Mane|Shadow Ball|p1a: mental trauma\n|-supereffective|p1a: mental trauma\n|-damage|p1a: mental trauma|0 fnt\n|faint|p1a: mental trauma\n|\n|-weather|none\n|-end|p2a: Flutter Mane|Protosynthesis\n|upkeep\n|turn|6\n|\n|t:|1746053451\n|-end|p2a: Flutter Mane|Protosynthesis|[silent]\n|switch|p2a: Lunala|Lunala, L50|91/100\n|move|p1b: copycat|Moonblast|p2b: Koraidon\n|-resisted|p2b: Koraidon\n|-damage|p2b: Koraidon|68/100\n|-unboost|p2b: Koraidon|spa|1\n|move|p2b: Koraidon|Flame Charge|p1b: copycat\n|-damage|p1b: copycat|22/100\n|-boost|p2b: Koraidon|spe|1\n|-damage|p2b: Koraidon|58/100|[from] item: Life Orb\n|\n|-fieldend|move: Trick Room\n|upkeep\n|turn|7\n|-message|miraidons the goat forfeited.\n|\n|win|d_malicious\n||d_malicious is ready for game 2.\n", "uploadtime": 1746053465, "views": 13, "formatid": "gen9vgc2025regibo3", "rating": null, "private": 0, "password": null}