{"id": "gen9vgc2025regibo3-2355099384", "format": "[Gen 9] VGC 2025 Reg I (Bo3)", "players": ["Ssidebraves8", "sharkym02"], "log": "|j|\u2606Ssidebraves8\n|j|\u2606sharkym02\n|html|<table width=\"100%\"><tr><td align=\"left\">Ssidebraves8</td><td align=\"right\">sharkym02</tr><tr><td align=\"left\"><i class=\"fa fa-circle-o\"></i> <i class=\"fa fa-circle-o\"></i> </td><td align=\"right\"><i class=\"fa fa-circle-o\"></i> <i class=\"fa fa-circle\"></i> </tr></table>\n|uhtml|bestof|<h2><strong>Game 2</strong> of <a href=\"/game-bestof3-gen9vgc2025regibo3-2355096962\">a best-of-3</a></h2>\n|t:|1746152377\n|gametype|doubles\n|player|p1|Ssidebraves8|2|1176\n|player|p2|sharkym02|265|1168\n|teamsize|p1|6\n|teamsize|p2|6\n|gen|9\n|tier|[Gen 9] VGC 2025 Reg I (Bo3)\n|rated|\n|rule|Species Clause: Limit one of each Pok\u00e9mon\n|rule|Item Clause: Limit 1 of each item\n|clearpoke\n|poke|p1|Miraidon, L50|\n|poke|p1|Zamazenta-*, L50|\n|poke|p1|Zoroark-Hisui, L50, F|\n|poke|p1|Iron Hands, L50|\n|poke|p1|Grimmsnarl, L50, M|\n|poke|p1|Ditto, L50|\n|poke|p2|Zamazenta-*, L50|\n|poke|p2|Tornadus, L50, M|\n|poke|p2|Calyrex-Shadow, L50|\n|poke|p2|Rillaboom, L50, M|\n|poke|p2|Urshifu-*, L50, F|\n|poke|p2|Raging Bolt, L50|\n|teampreview|4\n|showteam|p1|Miraidon||ChoiceSpecs|HadronEngine|ElectroDrift,DazzlingGleam,VoltSwitch,DracoMeteor||||||50|,,,,,Fairy]Zamazenta-Crowned||RustedShield|DauntlessShield|BodyPress,WideGuard,Protect,behemothbash||||||50|,,,,,Dragon]Zoroark-Hisui||LifeOrb|Illusion|ShadowBall,Flamethrower,Protect,HelpingHand|||F|||50|,,,,,Fire]Iron Hands||AssaultVest|QuarkDrive|FakeOut,HeavySlam,LowKick,WildCharge||||||50|,,,,,Bug]Grimmsnarl||SitrusBerry|Prankster|FoulPlay,Protect,LightScreen,ThunderWave|||M|||50|,,,,,Dark]Ditto||FocusSash|Imposter|Transform||||||50|,,,,,Normal\n|showteam|p2|Zamazenta-Crowned||RustedShield|DauntlessShield|BodyPress,HeavySlam,WideGuard,Protect||||||50|,,,,,Dragon]Tornadus||CovertCloak|Prankster|BleakwindStorm,Tailwind,Taunt,RainDance|||M|||50|,,,,,Dark]Calyrex-Shadow||FocusSash|AsOneSpectrier|AstralBarrage,Psychic,NastyPlot,Protect||||||50|,,,,,Dark]Rillaboom||AssaultVest|GrassySurge|GrassyGlide,WoodHammer,KnockOff,FakeOut|||M|||50|,,,,,Fire]Urshifu-Rapid-Strike||ChoiceScarf|UnseenFist|SurgingStrikes,CloseCombat,Uturn,PoisonJab|||F|||50|,,,,,Water]Raging Bolt||Leftovers|Protosynthesis|Thunderclap,Thunderbolt,CalmMind,DracoMeteor||||||50|,,,,,Fairy\n|inactive|Battle timer is ON: inactive players will automatically lose when time's up. (requested by Ssidebraves8)\n|\n|t:|1746152387\n|start\n|switch|p1a: Miraidon|Miraidon, L50|100/100\n|switch|p1b: Grimmsnarl|Grimmsnarl, L50, M|100/100\n|switch|p2a: Zamazenta|Zamazenta-Crowned, L50|100/100\n|switch|p2b: Rillaboom|Rillaboom, L50, M|100/100\n|-fieldstart|move: Electric Terrain|[from] ability: Hadron Engine|[of] p1a: Miraidon\n|-ability|p2a: Zamazenta|Dauntless Shield|boost\n|-boost|p2a: Zamazenta|def|1\n|-fieldstart|move: Grassy Terrain|[from] ability: Grassy Surge|[of] p2b: Rillaboom\n|turn|1\n|inactive|Ssidebraves8 has 30 seconds left.\n|\n|t:|1746152413\n|switch|p1a: Zamazenta|Zamazenta-Crowned, L50|100/100\n|-ability|p1a: Zamazenta|Dauntless Shield|boost\n|-boost|p1a: Zamazenta|def|1\n|move|p1b: Grimmsnarl|Protect|p1b: Grimmsnarl\n|-singleturn|p1b: Grimmsnarl|Protect\n|move|p2b: Rillaboom|Fake Out|p1a: Zamazenta\n|-resisted|p1a: Zamazenta\n|-damage|p1a: Zamazenta|98/100\n|move|p2a: Zamazenta|Body Press|p1b: Grimmsnarl\n|-activate|p1b: Grimmsnarl|move: Protect\n|\n|-heal|p1a: Zamazenta|100/100|[from] Grassy Terrain\n|upkeep\n|turn|2\n|\n|t:|1746152437\n|move|p1b: Grimmsnarl|Thunder Wave|p2a: Zamazenta\n|-status|p2a: Zamazenta|par\n|move|p1a: Zamazenta|Body Press|p2a: Zamazenta\n|-supereffective|p2a: Zamazenta\n|-damage|p2a: Zamazenta|46/100 par\n|move|p2b: Rillaboom|Knock Off|p1b: Grimmsnarl\n|-resisted|p1b: Grimmsnarl\n|-damage|p1b: Grimmsnarl|93/100\n|-enditem|p1b: Grimmsnarl|Sitrus Berry|[from] move: Knock Off|[of] p2b: Rillaboom\n|cant|p2a: Zamazenta|par\n|\n|-heal|p2a: Zamazenta|52/100 par|[from] Grassy Terrain\n|-heal|p1b: Grimmsnarl|99/100|[from] Grassy Terrain\n|upkeep\n|turn|3\n|\n|t:|1746152457\n|move|p1b: Grimmsnarl|Thunder Wave|p2b: Rillaboom\n|-status|p2b: Rillaboom|par\n|move|p1a: Zamazenta|Body Press|p2b: Rillaboom\n|-damage|p2b: Rillaboom|36/100 par\n|cant|p2a: Zamazenta|par\n|move|p2b: Rillaboom|Wood Hammer|p1b: Grimmsnarl\n|-crit|p1b: Grimmsnarl\n|-damage|p1b: Grimmsnarl|0 fnt\n|faint|p1b: Grimmsnarl\n|-damage|p2b: Rillaboom|4/100 par|[from] Recoil\n|\n|-heal|p2a: Zamazenta|58/100 par|[from] Grassy Terrain\n|-heal|p2b: Rillaboom|10/100 par|[from] Grassy Terrain\n|upkeep\n|\n|t:|1746152479\n|switch|p1b: Miraidon|Miraidon, L50|100/100\n|-fieldstart|move: Electric Terrain|[from] ability: Hadron Engine|[of] p1b: Miraidon\n|turn|4\n|\n|t:|1746152487\n|switch|p2b: Raging Bolt|Raging Bolt, L50|100/100\n|cant|p2a: Zamazenta|par\n|move|p1b: Miraidon|Dazzling Gleam|p2b: Raging Bolt|[spread] p2a,p2b\n|-supereffective|p2b: Raging Bolt\n|-damage|p2a: Zamazenta|29/100 par\n|-damage|p2b: Raging Bolt|34/100\n|move|p1a: Zamazenta|Body Press|p2a: Zamazenta\n|-supereffective|p2a: Zamazenta\n|-damage|p2a: Zamazenta|0 fnt\n|faint|p2a: Zamazenta\n|\n|-heal|p2b: Raging Bolt|40/100|[from] item: Leftovers\n|upkeep\n|\n|t:|1746152489\n|switch|p2a: Rillaboom|Rillaboom, L50, M|10/100 par\n|-fieldstart|move: Grassy Terrain|[from] ability: Grassy Surge|[of] p2a: Rillaboom\n|turn|5\n|\n|t:|1746152511\n|switch|p1b: Ditto|Ditto, L50|100/100\n|-transform|p1b: Ditto|p2a: Rillaboom|[from] ability: Imposter\n|move|p2a: Rillaboom|Fake Out|p1b: Ditto\n|-damage|p1b: Ditto|85/100\n|move|p1a: Zamazenta|Body Press|p2b: Raging Bolt\n|-damage|p2b: Raging Bolt|0 fnt\n|faint|p2b: Raging Bolt\n|-end|p2b: Raging Bolt|Protosynthesis|[silent]\n|\n|-heal|p1b: Ditto|91/100|[from] Grassy Terrain\n|-heal|p2a: Rillaboom|16/100 par|[from] Grassy Terrain\n|upkeep\n|\n|t:|1746152519\n|switch|p2b: Calyrex|Calyrex-Shadow, L50|100/100\n|-ability|p2b: Calyrex|As One\n|-ability|p2b: Calyrex|Unnerve\n|turn|6\n|inactive|Ssidebraves8 has 30 seconds left.\n|\n|t:|1746152551\n|-terastallize|p1b: Ditto|Normal\n|move|p2b: Calyrex|Nasty Plot|p2b: Calyrex\n|-boost|p2b: Calyrex|spa|2\n|move|p1a: Zamazenta|Body Press|p2a: Rillaboom\n|-damage|p2a: Rillaboom|0 fnt\n|faint|p2a: Rillaboom\n|move|p1b: Ditto|Wood Hammer|p2b: Calyrex\n|-damage|p2b: Calyrex|7/100\n|-damage|p1b: Ditto|52/100|[from] Recoil\n|\n|-heal|p2b: Calyrex|13/100|[from] Grassy Terrain\n|-heal|p1b: Ditto|58/100|[from] Grassy Terrain\n|upkeep\n|turn|7\n|-message|sharkym02 forfeited.\n|\n|win|Ssidebraves8\n|l|\u2606sharkym02\n|player|p2|\n||sharkym02 is ready for game 3.\n||Ssidebraves8 is ready for game 3.\n|uhtml|next|Next: <a href=\"/battle-gen9vgc2025regibo3-2355100897\"><strong>Game 3 of 3</strong></a>\n|l|\u2606Ssidebraves8\n|player|p1|\n", "uploadtime": 1746152932, "views": 3, "formatid": "gen9vgc2025regibo3", "rating": null, "private": 0, "password": null}