{"id": "gen9vgc2025regibo3-2354338917", "format": "[Gen 9] VGC 2025 Reg I (Bo3)", "players": ["FIGHT ON STARMAN", "RegGsBiggestHater"], "log": "|j|\u2606FIGHT ON STARMAN\n|j|\u2606RegGsBiggestHater\n|html|<table width=\"100%\"><tr><td align=\"left\">FIGHT ON STARMAN</td><td align=\"right\">RegGsBiggestHater</tr><tr><td align=\"left\"><i class=\"fa fa-circle\"></i> <i class=\"fa fa-circle-o\"></i> </td><td align=\"right\"><i class=\"fa fa-circle-o\"></i> <i class=\"fa fa-circle-o\"></i> </tr></table>\n|uhtml|bestof|<h2><strong>Game 2</strong> of <a href=\"/game-bestof3-gen9vgc2025regibo3-2354336890\">a best-of-3</a></h2>\n|t:|1746059198\n|gametype|doubles\n|player|p1|FIGHT ON STARMAN|lucas|1149\n|player|p2|RegGsBiggestHater|byron|1109\n|teamsize|p1|6\n|teamsize|p2|6\n|gen|9\n|tier|[Gen 9] VGC 2025 Reg I (Bo3)\n|rated|\n|rule|Species Clause: Limit one of each Pok\u00e9mon\n|rule|Item Clause: Limit 1 of each item\n|clearpoke\n|poke|p1|Calyrex-Ice, L50|\n|poke|p1|Ho-Oh, L50|\n|poke|p1|Rillaboom, L50, F|\n|poke|p1|Samurott-Hisui, L50, F|\n|poke|p1|Landorus, L50, M|\n|poke|p1|Ogerpon-Cornerstone, L50, F|\n|poke|p2|Miraidon, L50|\n|poke|p2|Ho-Oh, L50|\n|poke|p2|Iron Hands, L50|\n|poke|p2|Farigiraf, L50, M|\n|poke|p2|Iron Treads, L50|\n|poke|p2|Urshifu-*, L50, F|\n|teampreview|4\n|showteam|p1|Calyrex-Ice||ClearAmulet|AsOneGlastrier|GlacialLance,CloseCombat,TrickRoom,Protect||||||50|,,,,,Water]Ho-Oh||CovertCloak|Regenerator|SacredFire,BraveBird,Tailwind,Protect||||||50|,,,,,Grass]Rillaboom||AssaultVest|GrassySurge|FakeOut,GrassyGlide,WoodHammer,Uturn|||F|||50|,,,,,Water]Samurott-Hisui||WhiteHerb|Sharpness|CeaselessEdge,AquaCutter,SacredSword,Protect|||F|||50|,,,,,Ghost]Landorus||LifeOrb|SheerForce|EarthPower,SludgeBomb,SandsearStorm,Protect|||M|||50|,,,,,Poison]Ogerpon-Cornerstone||CornerstoneMask|Sturdy|IvyCudgel,PowerWhip,SpikyShield,FollowMe|||F|||50|,,,,,Rock\n|showteam|p2|Miraidon||ChoiceSpecs|HadronEngine|ElectroDrift,DazzlingGleam,VoltSwitch,DracoMeteor||||||50|,,,,,Fairy]Ho-Oh||CovertCloak|Regenerator|SacredFire,Tailwind,Protect,BraveBird||||||50|,,,,,Grass]Iron Hands||AssaultVest|QuarkDrive|FakeOut,LowKick,DrainPunch,WildCharge||||||50|,,,,,Bug]Farigiraf||ElectricSeed|ArmorTail|TrickRoom,FoulPlay,HelpingHand,Psychic|||M|||50|,,,,,Water]Iron Treads||ChoiceBand|QuarkDrive|Earthquake,IronHead,HighHorsepower,KnockOff||||||50|,,,,,Ghost]Urshifu-Rapid-Strike||ChoiceScarf|UnseenFist|SurgingStrikes,CloseCombat,AquaJet,Uturn|||F|||50|,,,,,Water\n|inactive|Battle timer is ON: inactive players will automatically lose when time's up. (requested by FIGHT ON STARMAN)\n|\n|t:|1746059224\n|start\n|switch|p1a: Calyrex|Calyrex-Ice, L50|100/100\n|switch|p1b: Ogerpon|Ogerpon-Cornerstone, L50, F|100/100\n|switch|p2a: Ho-Oh|Ho-Oh, L50, shiny|100/100\n|switch|p2b: Iron Treads|Iron Treads, L50|100/100\n|-ability|p1a: Calyrex|As One\n|-ability|p1a: Calyrex|Unnerve\n|turn|1\n|inactive|FIGHT ON STARMAN has 30 seconds left.\n|inactive|FIGHT ON STARMAN has 20 seconds left.\n|\n|t:|1746059263\n|-terastallize|p1a: Calyrex|Water\n|move|p2a: Ho-Oh|Protect|p2a: Ho-Oh\n|-singleturn|p2a: Ho-Oh|Protect\n|move|p1b: Ogerpon|Ivy Cudgel|p2a: Ho-Oh|[anim] Ivy Cudgel Rock\n|-activate|p2a: Ho-Oh|move: Protect\n|move|p2b: Iron Treads|Iron Head|p1a: Calyrex\n|-resisted|p1a: Calyrex\n|-damage|p1a: Calyrex|84/100\n|cant|p1a: Calyrex|flinch\n|\n|upkeep\n|turn|2\n|inactive|FIGHT ON STARMAN has 30 seconds left.\n|inactive|RegGsBiggestHater has 30 seconds left.\n|inactive|RegGsBiggestHater has 20 seconds left.\n|inactive|RegGsBiggestHater has 15 seconds left.\n|\n|t:|1746059304\n|switch|p2a: Iron Hands|Iron Hands, L50|100/100\n|move|p1b: Ogerpon|Ivy Cudgel|p2a: Iron Hands|[anim] Ivy Cudgel Rock\n|-resisted|p2a: Iron Hands\n|-damage|p2a: Iron Hands|80/100\n|move|p2b: Iron Treads|Iron Head|p1b: Ogerpon\n|-supereffective|p1b: Ogerpon\n|-ability|p1b: Ogerpon|Sturdy\n|-damage|p1b: Ogerpon|1/100\n|move|p1a: Calyrex|Glacial Lance|p2a: Iron Hands|[spread] p2a,p2b\n|-crit|p2b: Iron Treads\n|-damage|p2a: Iron Hands|40/100\n|-damage|p2b: Iron Treads|26/100\n|\n|upkeep\n|turn|3\n|inactive|RegGsBiggestHater has 30 seconds left.\n|\n|t:|1746059330\n|switch|p1b: Rillaboom|Rillaboom, L50, F|100/100\n|-fieldstart|move: Grassy Terrain|[from] ability: Grassy Surge|[of] p1b: Rillaboom\n|move|p1a: Calyrex|Protect|p1a: Calyrex\n|-singleturn|p1a: Calyrex|Protect\n|move|p2b: Iron Treads|Iron Head|p1b: Rillaboom\n|-damage|p1b: Rillaboom|45/100\n|move|p2a: Iron Hands|Wild Charge|p1a: Calyrex\n|-activate|p1a: Calyrex|move: Protect\n|\n|-heal|p2b: Iron Treads|32/100|[from] Grassy Terrain\n|-heal|p1b: Rillaboom|51/100|[from] Grassy Terrain\n|-heal|p1a: Calyrex|89/100|[from] Grassy Terrain\n|-heal|p2a: Iron Hands|47/100|[from] Grassy Terrain\n|upkeep\n|turn|4\n|\n|t:|1746059351\n|-end|p2a: Iron Hands|Quark Drive|[silent]\n|switch|p2a: Ho-Oh|Ho-Oh, L50, shiny|100/100\n|move|p1b: Rillaboom|Fake Out|p2b: Iron Treads\n|-resisted|p2b: Iron Treads\n|-damage|p2b: Iron Treads|26/100\n|cant|p2b: Iron Treads|flinch\n|move|p1a: Calyrex|Glacial Lance|p2b: Iron Treads|[spread] p2a,p2b\n|-damage|p2a: Ho-Oh|48/100\n|-damage|p2b: Iron Treads|0 fnt\n|faint|p2b: Iron Treads\n|-end|p2b: Iron Treads|Quark Drive|[silent]\n|-ability|p1a: Calyrex|Chilling Neigh|boost\n|-boost|p1a: Calyrex|atk|1\n|\n|-heal|p1b: Rillaboom|57/100|[from] Grassy Terrain\n|-heal|p1a: Calyrex|95/100|[from] Grassy Terrain\n|upkeep\n|\n|t:|1746059358\n|switch|p2b: Miraidon|Miraidon, L50|100/100\n|-fieldstart|move: Electric Terrain|[from] ability: Hadron Engine|[of] p2b: Miraidon\n|turn|5\n|\n|t:|1746059373\n|switch|p1b: Ogerpon|Ogerpon-Cornerstone, L50, F|1/100\n|move|p1a: Calyrex|Protect|p1a: Calyrex\n|-singleturn|p1a: Calyrex|Protect\n|move|p2b: Miraidon|Volt Switch|p1a: Calyrex\n|-activate|p1a: Calyrex|move: Protect\n|move|p2a: Ho-Oh|Tailwind|p2a: Ho-Oh\n|-sidestart|p2: RegGsBiggestHater|move: Tailwind\n|\n|upkeep\n|turn|6\n|\n|t:|1746059385\n|move|p1b: Ogerpon|Follow Me|p1b: Ogerpon\n|-singleturn|p1b: Ogerpon|move: Follow Me\n|move|p2b: Miraidon|Volt Switch|p1b: Ogerpon\n|-resisted|p1b: Ogerpon\n|-damage|p1b: Ogerpon|0 fnt\n|faint|p1b: Ogerpon\n|\n|t:|1746059389\n|switch|p2b: Iron Hands|Iron Hands, L50|47/100|[from] Volt Switch\n|-activate|p2b: Iron Hands|ability: Quark Drive\n|-start|p2b: Iron Hands|quarkdriveatk\n|move|p2a: Ho-Oh|Brave Bird|p1a: Calyrex\n|-damage|p1a: Calyrex|59/100\n|-damage|p2a: Ho-Oh|37/100|[from] Recoil\n|move|p1a: Calyrex|Glacial Lance|p2a: Ho-Oh|[spread] p2a,p2b\n|-damage|p2a: Ho-Oh|0 fnt\n|-damage|p2b: Iron Hands|0 fnt\n|faint|p2a: Ho-Oh\n|faint|p2b: Iron Hands\n|-end|p2b: Iron Hands|Quark Drive|[silent]\n|-ability|p1a: Calyrex|Chilling Neigh|boost\n|-boost|p1a: Calyrex|atk|2\n|\n|upkeep\n|\n|t:|1746059394\n|switch|p1b: Rillaboom|Rillaboom, L50, F|57/100\n|switch|p2b: Miraidon|Miraidon, L50|100/100\n|-activate|p2b: Miraidon|ability: Hadron Engine\n|-fieldstart|move: Grassy Terrain|[from] ability: Grassy Surge|[of] p1b: Rillaboom\n|turn|7\n|\n|t:|1746059402\n|-terastallize|p2b: Miraidon|Fairy\n|move|p1b: Rillaboom|Fake Out|p2b: Miraidon\n|-damage|p2b: Miraidon|87/100\n|cant|p2b: Miraidon|flinch\n|move|p1a: Calyrex|Glacial Lance|p2b: Miraidon\n|-damage|p2b: Miraidon|0 fnt\n|faint|p2b: Miraidon\n|\n|win|FIGHT ON STARMAN\n|raw|FIGHT ON STARMAN's rating: 1149 &rarr; <strong>1171</strong><br />(+22 for winning)\n|raw|RegGsBiggestHater's rating: 1109 &rarr; <strong>1087</strong><br />(-22 for losing)\n|l|\u2606FIGHT ON STARMAN\n|player|p1|\n|l|\u2606RegGsBiggestHater\n|player|p2|\n", "uploadtime": 1746059453, "views": 8, "formatid": "gen9vgc2025regibo3", "rating": 1087, "private": 0, "password": null}