{"id": "gen9vgc2025regibo3-2354348525", "format": "[Gen 9] VGC 2025 Reg I (Bo3)", "players": ["HunterOnShowdown", "monkey stall"], "log": "|j|\u2606HunterOnShowdown\n|j|\u2606monkey stall\n|html|<table width=\"100%\"><tr><td align=\"left\">HunterOnShowdown</td><td align=\"right\">monkey stall</tr><tr><td align=\"left\"><i class=\"fa fa-circle-o\"></i> <i class=\"fa fa-circle-o\"></i> </td><td align=\"right\"><i class=\"fa fa-circle-o\"></i> <i class=\"fa fa-circle\"></i> </tr></table>\n|uhtml|bestof|<h2><strong>Game 2</strong> of <a href=\"/game-bestof3-gen9vgc2025regibo3-2354347649\">a best-of-3</a></h2>\n|t:|1746060365\n|gametype|doubles\n|player|p1|HunterOnShowdown|hilbert-masters2|1179\n|player|p2|monkey stall|burgh|1198\n|teamsize|p1|6\n|teamsize|p2|6\n|gen|9\n|tier|[Gen 9] VGC 2025 Reg I (Bo3)\n|rated|\n|rule|Species Clause: Limit one of each Pok\u00e9mon\n|rule|Item Clause: Limit 1 of each item\n|clearpoke\n|poke|p1|Reshiram, L50|\n|poke|p1|Terapagos, L50, M|\n|poke|p1|Whimsicott, L50, F|\n|poke|p1|Ogerpon-Wellspring, L50, F|\n|poke|p1|Incineroar, L50, F|\n|poke|p1|Urshifu-*, L50, M|\n|poke|p2|Calyrex-Shadow, L50|\n|poke|p2|Koraidon, L50|\n|poke|p2|Weezing-Galar, L50, M|\n|poke|p2|Smeargle, L50, F|\n|poke|p2|Indeedee-F, L50, F|\n|poke|p2|Chi-Yu, L50|\n|teampreview|4\n|showteam|p1|Reshiram||FlamePlate|Turboblaze|BlueFlare,DracoMeteor,EarthPower,Protect||||||50|,,,,,Fairy]Terapagos||Leftovers|TeraShift|Protect,TeraStarstorm,DarkPulse,CalmMind|||M|||50|,,,,,Stellar]Whimsicott||CovertCloak|Prankster|Tailwind,Moonblast,LightScreen,Encore|||F|||50|,,,,,Dark]Ogerpon-Wellspring||WellspringMask|WaterAbsorb|IvyCudgel,SpikyShield,HornLeech,FollowMe|||F|||50|,,,,,Water]Incineroar||AssaultVest|Intimidate|Uturn,FlareBlitz,KnockOff,FakeOut|||F|||50|,,,,,Bug]Urshifu-Rapid-Strike||MysticWater|UnseenFist|Detect,CloseCombat,SurgingStrikes,Taunt|||M|||50|,,,,,Water\n|showteam|p2|Calyrex-Shadow||LifeOrb|AsOneSpectrier|AstralBarrage,ExpandingForce,NastyPlot,Protect||||||50|,,,,,Normal]Koraidon||AbilityShield|OrichalcumPulse|CloseCombat,FlameCharge,FlareBlitz,Protect||||||50|,,,,,Fire]Weezing-Galar||MentalHerb|NeutralizingGas|PoisonGas,Protect,DazzlingGleam,ToxicSpikes|||M|||50|,,,,,Water]Smeargle||FocusSash|Moody|FakeOut,Spore,FollowMe,WideGuard|||F|||50|,,,,,Grass]Indeedee-F||PsychicSeed|PsychicSurge|AlluringVoice,TrickRoom,FollowMe,HelpingHand|||F|||50|,,,,,Grass]Chi-Yu||ChoiceScarf|BeadsofRuin|HeatWave,DarkPulse,Overheat,Snarl||||||50|,,,,,Fire\n|inactive|Battle timer is ON: inactive players will automatically lose when time's up. (requested by HunterOnShowdown)\n|\n|t:|1746060377\n|start\n|switch|p1a: Reshiram|Reshiram, L50|100/100\n|switch|p1b: Whimsicott|Whimsicott, L50, F|100/100\n|switch|p2a: Calyrex|Calyrex-Shadow, L50|100/100\n|switch|p2b: Indeedee|Indeedee-F, L50, F|100/100\n|-ability|p2a: Calyrex|As One\n|-ability|p2a: Calyrex|Unnerve\n|-ability|p1a: Reshiram|Turboblaze\n|-fieldstart|move: Psychic Terrain|[from] ability: Psychic Surge|[of] p2b: Indeedee\n|-enditem|p2b: Indeedee|Psychic Seed\n|-boost|p2b: Indeedee|spd|1|[from] item: Psychic Seed\n|turn|1\n|\n|t:|1746060400\n|move|p2b: Indeedee|Follow Me|p2b: Indeedee\n|-singleturn|p2b: Indeedee|move: Follow Me\n|move|p1b: Whimsicott|Light Screen|p1b: Whimsicott\n|-sidestart|p1: HunterOnShowdown|move: Light Screen\n|move|p2a: Calyrex|Nasty Plot|p2a: Calyrex\n|-boost|p2a: Calyrex|spa|2\n|move|p1a: Reshiram|Blue Flare|p2b: Indeedee\n|-damage|p2b: Indeedee|47/100\n|\n|upkeep\n|turn|2\n|\n|t:|1746060422\n|move|p2b: Indeedee|Follow Me|p2b: Indeedee\n|-singleturn|p2b: Indeedee|move: Follow Me\n|move|p1b: Whimsicott|Tailwind|p1b: Whimsicott\n|-sidestart|p1: HunterOnShowdown|move: Tailwind\n|move|p1a: Reshiram|Blue Flare|p2b: Indeedee\n|-damage|p2b: Indeedee|0 fnt\n|faint|p2b: Indeedee\n|move|p2a: Calyrex|Expanding Force|p1a: Reshiram|[spread] p1a,p1b\n|-crit|p1b: Whimsicott\n|-damage|p1a: Reshiram|10/100\n|-damage|p1b: Whimsicott|0 fnt\n|faint|p1b: Whimsicott\n|-ability|p2a: Calyrex|Grim Neigh|boost\n|-boost|p2a: Calyrex|spa|1\n|-damage|p2a: Calyrex|91/100|[from] item: Life Orb\n|\n|upkeep\n|\n|t:|1746060444\n|switch|p1b: Terapagos|Terapagos, L50, M|100/100\n|switch|p2b: Koraidon|Koraidon, L50|100/100\n|-activate|p1b: Terapagos|ability: Tera Shift\n|detailschange|p1b: Terapagos|Terapagos-Terastal, L50, M\n|-heal|p1b: Terapagos|100/100|[silent]\n|-weather|SunnyDay|[from] ability: Orichalcum Pulse|[of] p2b: Koraidon\n|-activate|p2b: Koraidon|Orichalcum Pulse|[source]\n|turn|3\n|\n|t:|1746060469\n|-terastallize|p2b: Koraidon|Fire\n|move|p2a: Calyrex|Protect|p2a: Calyrex\n|-singleturn|p2a: Calyrex|Protect\n|move|p1a: Reshiram|Draco Meteor|p2b: Koraidon\n|-damage|p2b: Koraidon|32/100\n|-unboost|p1a: Reshiram|spa|2\n|move|p1b: Terapagos|Calm Mind|p1b: Terapagos\n|-boost|p1b: Terapagos|spa|1\n|-boost|p1b: Terapagos|spd|1\n|move|p2b: Koraidon|Flame Charge|p1a: Reshiram\n|-resisted|p1a: Reshiram\n|-damage|p1a: Reshiram|0 fnt\n|-boost|p2b: Koraidon|spe|1\n|faint|p1a: Reshiram\n|\n|-weather|SunnyDay|[upkeep]\n|upkeep\n|\n|t:|1746060474\n|switch|p1a: Incineroar|Incineroar, L50, F|100/100\n|-ability|p1a: Incineroar|Intimidate|boost\n|-unboost|p2a: Calyrex|atk|1\n|-unboost|p2b: Koraidon|atk|1\n|turn|4\n|\n|t:|1746060491\n|-terastallize|p1b: Terapagos|Stellar\n|detailschange|p1b: Terapagos|Terapagos-Stellar, L50, M, tera:Stellar\n|-heal|p1b: Terapagos|100/100|[silent]\n|-ability|p1b: Terapagos|Teraform Zero\n|-weather|none\n|-fieldend|move: Psychic Terrain\n|move|p1a: Incineroar|Fake Out|p2b: Koraidon\n|-damage|p2b: Koraidon|21/100\n|cant|p2b: Koraidon|flinch\n|move|p1b: Terapagos|Tera Starstorm|p2a: Calyrex|[spread] p2a,p2b\n|-supereffective|p2b: Koraidon\n|-damage|p2a: Calyrex|34/100\n|-damage|p2b: Koraidon|0 fnt\n|faint|p2b: Koraidon\n|move|p2a: Calyrex|Expanding Force|p1b: Terapagos\n|-damage|p1b: Terapagos|55/100\n|-damage|p2a: Calyrex|24/100|[from] item: Life Orb\n|\n|-heal|p1b: Terapagos|61/100|[from] item: Leftovers\n|upkeep\n|\n|t:|1746060499\n|switch|p2b: Weezing|Weezing-Galar, L50, M|100/100\n|-ability|p2b: Weezing|Neutralizing Gas\n|turn|5\n|\n|t:|1746060506\n|move|p2a: Calyrex|Protect|p2a: Calyrex\n|-singleturn|p2a: Calyrex|Protect\n|move|p1b: Terapagos|Tera Starstorm|p2b: Weezing|[spread] p2b\n|-activate|p2a: Calyrex|move: Protect\n|-damage|p2b: Weezing|31/100\n|move|p1a: Incineroar|Knock Off|p2a: Calyrex\n|-activate|p2a: Calyrex|move: Protect\n|move|p2b: Weezing|Poison Gas|p1b: Terapagos|[spread] p1a,p1b\n|-status|p1a: Incineroar|psn\n|-status|p1b: Terapagos|psn\n|\n|-heal|p1b: Terapagos|67/100 psn|[from] item: Leftovers\n|-damage|p1b: Terapagos|55/100 psn|[from] psn\n|-damage|p1a: Incineroar|88/100 psn|[from] psn\n|-sideend|p1: HunterOnShowdown|move: Light Screen\n|-sideend|p1: HunterOnShowdown|move: Tailwind\n|upkeep\n|turn|6\n|\n|t:|1746060523\n|move|p2a: Calyrex|Protect||[still]\n|-fail|p2a: Calyrex\n|move|p1b: Terapagos|Protect|p1b: Terapagos\n|-singleturn|p1b: Terapagos|Protect\n|move|p2b: Weezing|Dazzling Gleam|p1a: Incineroar|[spread] p1a\n|-activate|p1b: Terapagos|move: Protect\n|-damage|p1a: Incineroar|79/100 psn\n|move|p1a: Incineroar|Knock Off|p2a: Calyrex\n|-supereffective|p2a: Calyrex\n|-damage|p2a: Calyrex|0 fnt\n|-enditem|p2a: Calyrex|Life Orb|[from] move: Knock Off|[of] p1a: Incineroar\n|faint|p2a: Calyrex\n|\n|-heal|p1b: Terapagos|61/100 psn|[from] item: Leftovers\n|-damage|p1b: Terapagos|49/100 psn|[from] psn\n|-damage|p1a: Incineroar|66/100 psn|[from] psn\n|upkeep\n|turn|7\n|\n|t:|1746060531\n|move|p1b: Terapagos|Tera Starstorm|p2b: Weezing\n|-damage|p2b: Weezing|0 fnt\n|faint|p2b: Weezing\n|-end|p2b: Weezing|ability: Neutralizing Gas\n|\n|win|HunterOnShowdown\n||HunterOnShowdown is ready for game 3.\n||monkey stall is ready for game 3.\n|uhtml|next|Next: <a href=\"/battle-gen9vgc2025regibo3-2354349979\"><strong>Game 3 of 3</strong></a>\n|l|\u2606HunterOnShowdown\n|player|p1|\n", "uploadtime": 1746060897, "views": 8, "formatid": "gen9vgc2025regibo3", "rating": null, "private": 0, "password": null}