{"id": "gen9vgc2025regibo3-2355047784", "format": "[Gen 9] VGC 2025 Reg I (Bo3)", "players": ["mathtass", "Marcheleto"], "log": "|j|\u2606mathtass\n|j|\u2606Marcheleto\n|html|<table width=\"100%\"><tr><td align=\"left\">mathtass</td><td align=\"right\">Marcheleto</tr><tr><td align=\"left\"><i class=\"fa fa-circle-o\"></i> <i class=\"fa fa-circle-o\"></i> </td><td align=\"right\"><i class=\"fa fa-circle-o\"></i> <i class=\"fa fa-circle-o\"></i> </tr></table>\n|uhtml|bestof|<h2><strong>Game 1</strong> of <a href=\"/game-bestof3-gen9vgc2025regibo3-2355047783\">a best-of-3</a></h2>\n|t:|1746146087\n|gametype|doubles\n|player|p1|mathtass|170|1104\n|player|p2|Marcheleto|101|1040\n|teamsize|p1|6\n|teamsize|p2|6\n|gen|9\n|tier|[Gen 9] VGC 2025 Reg I (Bo3)\n|rated|\n|rule|Species Clause: Limit one of each Pok\u00e9mon\n|rule|Item Clause: Limit 1 of each item\n|clearpoke\n|poke|p1|Miraidon, L50|\n|poke|p1|Calyrex-Ice, L50|\n|poke|p1|Ogerpon-Hearthflame, L50, F|\n|poke|p1|Iron Hands, L50|\n|poke|p1|Farigiraf, L50, M|\n|poke|p1|Urshifu-*, L50, F|\n|poke|p2|Calyrex-Shadow, L50|\n|poke|p2|Indeedee, L50, M|\n|poke|p2|Garchomp, L50, F|\n|poke|p2|Galvantula, L50, F|\n|poke|p2|Gengar, L50, F|\n|poke|p2|Incineroar, L50, F|\n|teampreview|4\n|showteam|p1|Miraidon||ChoiceSpecs|HadronEngine|ElectroDrift,VoltSwitch,DracoMeteor,DazzlingGleam||||||50|,,,,,Fairy]Calyrex-Ice||ClearAmulet|AsOneGlastrier|GlacialLance,HighHorsepower,TrickRoom,Protect||||||50|,,,,,Fire]Ogerpon-Hearthflame||HearthflameMask|MoldBreaker|IvyCudgel,FocusEnergy,FollowMe,SpikyShield|||F|||50|,,,,,Fire]Iron Hands||AssaultVest|QuarkDrive|DrainPunch,LowKick,HeavySlam,FakeOut||||||50|,,,,,Water]Farigiraf||ElectricSeed|ArmorTail|Psychic,TrickRoom,FoulPlay,HelpingHand|||M|||50|,,,,,Water]Urshifu-Rapid-Strike||MysticWater|UnseenFist|SurgingStrikes,AquaJet,Taunt,Detect|||F|||50|,,,,,Water\n|showteam|p2|Calyrex-Shadow||ChoiceScarf|AsOneSpectrier|BulletSeed,GigaImpact,SolarBeam,Snarl||||||50|,,,,,Ice]Indeedee||Leftovers|InnerFocus|Metronome,FakeOut,TrickRoom,BodySlam|||M|||50|,,,,,Psychic]Garchomp||AssaultVest|SandVeil|FireBlast,SunnyDay,Crunch,SandAttack|||F|||50|,,,,,Dragon]Galvantula||SitrusBerry|CompoundEyes|EnergyBall,StickyWeb,Thief,BugBite|||F|||50|,,,,,Bug]Gengar||ChoiceSpecs|CursedBody|Toxic,SludgeBomb,Thunderbolt,NightShade|||F|||50|,,,,,Electric]Incineroar||ChoiceBand|Intimidate|BlastBurn,HyperBeam,LowSweep,FurySwipes|||F|||50|,,,,,Flying\n|\n|t:|1746146110\n|start\n|switch|p1a: Miraidon|Miraidon, L50|100/100\n|switch|p1b: Iron Hands|Iron Hands, L50|100/100\n|switch|p2a: Indeedee|Indeedee, L50, M|100/100\n|switch|p2b: Incineroar|Incineroar, L50, F|100/100\n|-fieldstart|move: Electric Terrain|[from] ability: Hadron Engine|[of] p1a: Miraidon\n|-activate|p1b: Iron Hands|ability: Quark Drive\n|-start|p1b: Iron Hands|quarkdriveatk\n|-ability|p2b: Incineroar|Intimidate|boost\n|-unboost|p1a: Miraidon|atk|1\n|-unboost|p1b: Iron Hands|atk|1\n|turn|1\n|\n|t:|1746146146\n|switch|p1a: Farigiraf|Farigiraf, L50, M|100/100\n|-enditem|p1a: Farigiraf|Electric Seed\n|-boost|p1a: Farigiraf|def|1|[from] item: Electric Seed\n|move|p2a: Indeedee|Fake Out||[still]\n|cant|p1a: Farigiraf|ability: Armor Tail|Fake Out|[of] p2a: Indeedee\n|move|p2b: Incineroar|Blast Burn|p1b: Iron Hands\n|-damage|p1b: Iron Hands|73/100\n|-mustrecharge|p2b: Incineroar\n|move|p1b: Iron Hands|Drain Punch|p2b: Incineroar\n|-supereffective|p2b: Incineroar\n|-damage|p2b: Incineroar|16/100\n|-heal|p1b: Iron Hands|100/100|[from] drain|[of] p2b: Incineroar\n|\n|upkeep\n|turn|2\n|\n|t:|1746146188\n|cant|p2b: Incineroar|recharge\n|move|p1a: Farigiraf|Psychic|p2a: Indeedee\n|-resisted|p2a: Indeedee\n|-damage|p2a: Indeedee|81/100\n|move|p1b: Iron Hands|Drain Punch|p2b: Incineroar\n|-supereffective|p2b: Incineroar\n|-damage|p2b: Incineroar|0 fnt\n|faint|p2b: Incineroar\n|move|p2a: Indeedee|Trick Room|p2a: Indeedee\n|-fieldstart|move: Trick Room|[of] p2a: Indeedee\n|\n|-heal|p2a: Indeedee|87/100|[from] item: Leftovers\n|upkeep\n|\n|t:|1746146205\n|switch|p2b: Calyrex|Calyrex-Shadow, L50|100/100\n|-ability|p2b: Calyrex|As One\n|-ability|p2b: Calyrex|Unnerve\n|turn|3\n|\n|t:|1746146268\n|move|p1b: Iron Hands|Heavy Slam|p2b: Calyrex\n|-damage|p2b: Calyrex|53/100\n|move|p1a: Farigiraf|Foul Play|p2b: Calyrex\n|-supereffective|p2b: Calyrex\n|-damage|p2b: Calyrex|0 fnt\n|faint|p2b: Calyrex\n|move|p2a: Indeedee|Body Slam|p1b: Iron Hands\n|-damage|p1b: Iron Hands|87/100\n|\n|-heal|p2a: Indeedee|93/100|[from] item: Leftovers\n|upkeep\n|\n|t:|1746146281\n|switch|p2b: Galvantula|Galvantula, L50, F|100/100\n|turn|4\n|\n|t:|1746146322\n|-terastallize|p2a: Indeedee|Psychic\n|move|p1b: Iron Hands|Drain Punch|p2a: Indeedee\n|-resisted|p2a: Indeedee\n|-damage|p2a: Indeedee|59/100\n|-heal|p1b: Iron Hands|97/100|[from] drain|[of] p2a: Indeedee\n|move|p1a: Farigiraf|Foul Play|p2a: Indeedee\n|-supereffective|p2a: Indeedee\n|-damage|p2a: Indeedee|0 fnt\n|faint|p2a: Indeedee\n|move|p2b: Galvantula|Bug Bite|p1a: Farigiraf\n|-supereffective|p1a: Farigiraf\n|-damage|p1a: Farigiraf|81/100\n|\n|upkeep\n|turn|5\n|\n|t:|1746146346\n|move|p1b: Iron Hands|Drain Punch|p2b: Galvantula\n|-resisted|p2b: Galvantula\n|-damage|p2b: Galvantula|69/100\n|-heal|p1b: Iron Hands|100/100|[from] drain|[of] p2b: Galvantula\n|move|p1a: Farigiraf|Psychic|p2b: Galvantula\n|-damage|p2b: Galvantula|16/100\n|-enditem|p2b: Galvantula|Sitrus Berry|[eat]\n|-heal|p2b: Galvantula|41/100|[from] item: Sitrus Berry\n|move|p2b: Galvantula|Bug Bite|p1a: Farigiraf\n|-supereffective|p1a: Farigiraf\n|-damage|p1a: Farigiraf|62/100\n|\n|-fieldend|move: Electric Terrain\n|-end|p1b: Iron Hands|Quark Drive\n|upkeep\n|turn|6\n|\n|t:|1746146374\n|move|p1b: Iron Hands|Heavy Slam|p2b: Galvantula\n|-resisted|p2b: Galvantula\n|-damage|p2b: Galvantula|17/100\n|move|p1a: Farigiraf|Psychic|p2b: Galvantula\n|-damage|p2b: Galvantula|0 fnt\n|faint|p2b: Galvantula\n|\n|win|mathtass\n||mathtass is ready for game 2.\n|inactive|Marcheleto has 30 seconds to confirm battle start!\n|inactive|Marcheleto has 20 seconds to confirm battle start!\n|inactive|Marcheleto has 10 seconds to confirm battle start!\n|uhtml|next|Next: <a href=\"/battle-gen9vgc2025regibo3-2355050672\"><strong>Game 2 of 3</strong></a>\n|l|\u2606mathtass\n|player|p1|\n|l|\u2606Marcheleto\n|player|p2|\n", "uploadtime": 1746146645, "views": 20, "formatid": "gen9vgc2025regibo3", "rating": null, "private": 0, "password": null}