{"id": "gen9vgc2025regibo3-2353467718", "format": "[Gen 9] VGC 2025 Reg I (Bo3)", "players": ["i hate calyrex", "Casper427"], "log": "|j|\u2606i hate calyrex\n|j|\u2606Casper427\n|html|<table width=\"100%\"><tr><td align=\"left\">i hate calyrex</td><td align=\"right\">Casper427</tr><tr><td align=\"left\"><i class=\"fa fa-circle-o\"></i> <i class=\"fa fa-circle-o\"></i> </td><td align=\"right\"><i class=\"fa fa-circle-o\"></i> <i class=\"fa fa-circle\"></i> </tr></table>\n|uhtml|bestof|<h2><strong>Game 2</strong> of <a href=\"/game-bestof3-gen9vgc2025regibo3-2353465019\">a best-of-3</a></h2>\n|t:|1745958647\n|gametype|doubles\n|player|p1|i hate calyrex|clerk|1194\n|player|p2|Casper427|artist|1196\n|teamsize|p1|6\n|teamsize|p2|6\n|gen|9\n|tier|[Gen 9] VGC 2025 Reg I (Bo3)\n|rated|\n|rule|Species Clause: Limit one of each Pok\u00e9mon\n|rule|Item Clause: Limit 1 of each item\n|clearpoke\n|poke|p1|Terapagos, L50, M|\n|poke|p1|Koraidon, L50|\n|poke|p1|Incineroar, L50, M|\n|poke|p1|Flutter Mane, L50|\n|poke|p1|Raging Bolt, L50|\n|poke|p1|Ogerpon-Cornerstone, L50, F|\n|poke|p2|Miraidon, L50|\n|poke|p2|Lunala, L50|\n|poke|p2|Urshifu-*, L50, M|\n|poke|p2|Iron Hands, L50|\n|poke|p2|Whimsicott, L50, F|\n|poke|p2|Chi-Yu, L50|\n|teampreview|4\n|showteam|p1|Terapagos||Leftovers|TeraShift|TeraStarstorm,EarthPower,CalmMind,Protect|||M|||50|,,,,,Stellar]Koraidon||LifeOrb|OrichalcumPulse|CloseCombat,FlareBlitz,FlameCharge,Protect||||||50|,,,,,Fire]Incineroar||RockyHelmet|Intimidate|FakeOut,FlareBlitz,KnockOff,PartingShot|||M|||50|,,,,,Bug]Flutter Mane||FocusSash|Protosynthesis|Moonblast,ShadowBall,IcyWind,Protect||||||50|,,,,,Stellar]Raging Bolt||AssaultVest|Protosynthesis|Thunderbolt,Thunderclap,Snarl,DracoMeteor||||||50|,,,,,Electric]Ogerpon-Cornerstone||CornerstoneMask|Sturdy|IvyCudgel,PowerWhip,FollowMe,SpikyShield|||F|||50|,,,,,Rock\n|showteam|p2|Miraidon||LifeOrb|HadronEngine|DracoMeteor,ElectroDrift,VoltSwitch,Protect||||||50|,,,,,Electric]Lunala||ElectricSeed|ShadowShield|WideGuard,Moonblast,MoongeistBeam,TrickRoom||||||50|,,,,,Fairy]Urshifu-Rapid-Strike||FocusSash|UnseenFist|SurgingStrikes,CloseCombat,Detect,AquaJet|||M|||50|,,,,,Water]Iron Hands||AssaultVest|QuarkDrive|DrainPunch,LowKick,WildCharge,FakeOut||||||50|,,,,,Bug]Whimsicott||CovertCloak|Prankster|Moonblast,Tailwind,LightScreen,Encore|||F|||50|,,,,,Dark]Chi-Yu||ChoiceScarf|BeadsofRuin|Overheat,Snarl,DarkPulse,HeatWave||||||50|,,,,,Ghost\n|inactive|Battle timer is ON: inactive players will automatically lose when time's up. (requested by i hate calyrex)\n|\n|t:|1745958671\n|start\n|switch|p1a: Koraidon|Koraidon, L50|100/100\n|switch|p1b: Flutter Mane|Flutter Mane, L50|100/100\n|switch|p2a: Miraidon|Miraidon, L50|100/100\n|switch|p2b: Iron Hands|Iron Hands, L50|100/100\n|-weather|SunnyDay|[from] ability: Orichalcum Pulse|[of] p1a: Koraidon\n|-activate|p1b: Flutter Mane|ability: Protosynthesis\n|-start|p1b: Flutter Mane|protosynthesisspe\n|-activate|p1a: Koraidon|Orichalcum Pulse|[source]\n|-fieldstart|move: Electric Terrain|[from] ability: Hadron Engine|[of] p2a: Miraidon\n|-activate|p2b: Iron Hands|ability: Quark Drive\n|-start|p2b: Iron Hands|quarkdriveatk\n|turn|1\n|inactive|Casper427 has 30 seconds left.\n|inactive|Casper427 has 20 seconds left.\n|inactive|Casper427 has 15 seconds left.\n|inactive|Casper427 has 10 seconds left.\n|\n|t:|1745958717\n|-terastallize|p2a: Miraidon|Electric\n|move|p1b: Flutter Mane|Protect|p1b: Flutter Mane\n|-singleturn|p1b: Flutter Mane|Protect\n|move|p1a: Koraidon|Protect|p1a: Koraidon\n|-singleturn|p1a: Koraidon|Protect\n|move|p2b: Iron Hands|Fake Out|p1a: Koraidon\n|-activate|p1a: Koraidon|move: Protect\n|move|p2a: Miraidon|Volt Switch|p1b: Flutter Mane\n|-activate|p1b: Flutter Mane|move: Protect\n|\n|-weather|SunnyDay|[upkeep]\n|upkeep\n|turn|2\n|\n|t:|1745958740\n|move|p2a: Miraidon|Protect|p2a: Miraidon\n|-singleturn|p2a: Miraidon|Protect\n|move|p1b: Flutter Mane|Icy Wind|p2b: Iron Hands|[spread] p2b\n|-activate|p2a: Miraidon|move: Protect\n|-damage|p2b: Iron Hands|93/100\n|-unboost|p2b: Iron Hands|spe|1\n|move|p1a: Koraidon|Flare Blitz|p2a: Miraidon\n|-activate|p2a: Miraidon|move: Protect\n|move|p2b: Iron Hands|Low Kick|p1a: Koraidon\n|-damage|p1a: Koraidon|27/100\n|\n|-weather|SunnyDay|[upkeep]\n|upkeep\n|turn|3\n|inactive|Casper427 has 30 seconds left.\n|inactive|i hate calyrex has 30 seconds left.\n|inactive|Casper427 has 20 seconds left.\n|\n|t:|1745958777\n|switch|p2a: Urshifu|Urshifu-Rapid-Strike, L50, M|100/100\n|move|p1b: Flutter Mane|Moonblast|p2b: Iron Hands\n|-supereffective|p2b: Iron Hands\n|-damage|p2b: Iron Hands|42/100\n|-unboost|p2b: Iron Hands|spa|1\n|move|p1a: Koraidon|Close Combat|p2a: Urshifu\n|-crit|p2a: Urshifu\n|-enditem|p2a: Urshifu|Focus Sash\n|-damage|p2a: Urshifu|1/100\n|-unboost|p1a: Koraidon|def|1\n|-unboost|p1a: Koraidon|spd|1\n|-damage|p1a: Koraidon|17/100|[from] item: Life Orb\n|move|p2b: Iron Hands|Drain Punch|p1a: Koraidon\n|-damage|p1a: Koraidon|0 fnt\n|-heal|p2b: Iron Hands|49/100|[from] drain|[of] p1a: Koraidon\n|faint|p1a: Koraidon\n|\n|-weather|SunnyDay|[upkeep]\n|upkeep\n|\n|t:|1745958781\n|switch|p1a: Terapagos|Terapagos, L50, M|100/100\n|-activate|p1a: Terapagos|ability: Tera Shift\n|detailschange|p1a: Terapagos|Terapagos-Terastal, L50, M\n|-heal|p1a: Terapagos|100/100|[silent]\n|turn|4\n|inactive|Casper427 has 30 seconds left.\n|\n|t:|1745958809\n|move|p2a: Urshifu|Aqua Jet|p1a: Terapagos\n|-activate|p1a: Terapagos|ability: Tera Shell\n|-resisted|p1a: Terapagos\n|-damage|p1a: Terapagos|97/100\n|move|p1b: Flutter Mane|Moonblast|p2b: Iron Hands\n|-supereffective|p2b: Iron Hands\n|-damage|p2b: Iron Hands|0 fnt\n|faint|p2b: Iron Hands\n|-end|p2b: Iron Hands|Quark Drive|[silent]\n|move|p1a: Terapagos|Earth Power|p2a: Urshifu\n|-damage|p2a: Urshifu|0 fnt\n|faint|p2a: Urshifu\n|\n|-weather|SunnyDay|[upkeep]\n|-heal|p1a: Terapagos|100/100|[from] item: Leftovers\n|upkeep\n|\n|t:|1745958833\n|switch|p2a: Lunala|Lunala, L50|100/100\n|switch|p2b: Miraidon|Miraidon, L50, tera:Electric|100/100\n|-activate|p2b: Miraidon|ability: Hadron Engine\n|-enditem|p2a: Lunala|Electric Seed\n|-boost|p2a: Lunala|def|1|[from] item: Electric Seed\n|turn|5\n|inactive|Casper427 has 30 seconds left.\n|inactive|Casper427 has 20 seconds left.\n|\n|t:|1745958871\n|move|p1b: Flutter Mane|Protect|p1b: Flutter Mane\n|-singleturn|p1b: Flutter Mane|Protect\n|move|p2b: Miraidon|Protect|p2b: Miraidon\n|-singleturn|p2b: Miraidon|Protect\n|move|p2a: Lunala|Moonblast|p1a: Terapagos\n|-activate|p1a: Terapagos|ability: Tera Shell\n|-resisted|p1a: Terapagos\n|-damage|p1a: Terapagos|85/100\n|move|p1a: Terapagos|Earth Power|p2a: Lunala\n|-damage|p2a: Lunala|92/100\n|\n|-weather|none\n|-end|p1b: Flutter Mane|Protosynthesis\n|-heal|p1a: Terapagos|92/100|[from] item: Leftovers\n|-fieldend|move: Electric Terrain\n|upkeep\n|turn|6\n|inactive|Casper427 has 30 seconds left.\n|\n|t:|1745958898\n|-terastallize|p1b: Flutter Mane|Stellar\n|move|p2a: Lunala|Wide Guard|p2a: Lunala\n|-singleturn|p2a: Lunala|Wide Guard\n|move|p1b: Flutter Mane|Shadow Ball|p2a: Lunala\n|-supereffective|p2a: Lunala\n|-damage|p2a: Lunala|0 fnt\n|faint|p2a: Lunala\n|move|p2b: Miraidon|Electro Drift|p1a: Terapagos\n|-damage|p1a: Terapagos|1/100\n|-damage|p2b: Miraidon|91/100|[from] item: Life Orb\n|move|p1a: Terapagos|Earth Power|p2b: Miraidon\n|-supereffective|p2b: Miraidon\n|-damage|p2b: Miraidon|46/100\n|\n|-heal|p1a: Terapagos|7/100|[from] item: Leftovers\n|upkeep\n|turn|7\n|inactive|Casper427 has 30 seconds left.\n|inactive|Casper427 has 20 seconds left.\n|inactive|Casper427 has 15 seconds left.\n|inactive|Casper427 has 10 seconds left.\n|\n|t:|1745958945\n|move|p1b: Flutter Mane|Moonblast|p2b: Miraidon\n|-damage|p2b: Miraidon|0 fnt\n|faint|p2b: Miraidon\n|\n|win|i hate calyrex\n|inactive|i hate calyrex has 30 seconds to confirm battle start!\n|inactive|Casper427 has 30 seconds to confirm battle start!\n||Casper427 is ready for game 3.\n", "uploadtime": 1745958963, "views": 16, "formatid": "gen9vgc2025regibo3", "rating": null, "private": 0, "password": null}