{"id": "gen9vgc2025regibo3-2355008083", "format": "[Gen 9] VGC 2025 Reg I (Bo3)", "players": ["FIGHT ON STARMAN", "kimmy k"], "log": "|j|\u2606FIGHT ON STARMAN\n|j|\u2606kimmy k\n|html|<table width=\"100%\"><tr><td align=\"left\">FIGHT ON STARMAN</td><td align=\"right\">kimmy k</tr><tr><td align=\"left\"><i class=\"fa fa-circle\"></i> <i class=\"fa fa-circle-o\"></i> </td><td align=\"right\"><i class=\"fa fa-circle-o\"></i> <i class=\"fa fa-circle-o\"></i> </tr></table>\n|uhtml|bestof|<h2><strong>Game 2</strong> of <a href=\"/game-bestof3-gen9vgc2025regibo3-2355006886\">a best-of-3</a></h2>\n|t:|1746141431\n|gametype|doubles\n|player|p1|FIGHT ON STARMAN|lucas|1243\n|player|p2|kimmy k|preschooler|1366\n|teamsize|p1|6\n|teamsize|p2|6\n|gen|9\n|tier|[Gen 9] VGC 2025 Reg I (Bo3)\n|rated|\n|rule|Species Clause: Limit one of each Pok\u00e9mon\n|rule|Item Clause: Limit 1 of each item\n|clearpoke\n|poke|p1|Calyrex-Ice, L50|\n|poke|p1|Ho-Oh, L50|\n|poke|p1|Rillaboom, L50, M|\n|poke|p1|Kingambit, L50, F|\n|poke|p1|Landorus, L50, M|\n|poke|p1|Ogerpon-Cornerstone, L50, F|\n|poke|p2|Koraidon, L50|\n|poke|p2|Venusaur, L50, F|\n|poke|p2|Indeedee-F, L50, F|\n|poke|p2|Chi-Yu, L50|\n|poke|p2|Raging Bolt, L50|\n|poke|p2|Calyrex-Shadow, L50|\n|teampreview|4\n|showteam|p1|Calyrex-Ice||ClearAmulet|AsOneGlastrier|GlacialLance,CloseCombat,TrickRoom,Protect||||||50|,,,,,Water]Ho-Oh||CovertCloak|Regenerator|SacredFire,BraveBird,Tailwind,Protect||||||50|,,,,,Grass]Rillaboom||AssaultVest|GrassySurge|FakeOut,GrassyGlide,WoodHammer,Uturn|||M|||50|,,,,,Fire]Kingambit||BlackGlasses|Defiant|IronHead,KowtowCleave,SuckerPunch,Protect|||F|||50|,,,,,Water]Landorus||LifeOrb|SheerForce|EarthPower,SludgeBomb,SandsearStorm,Protect|||M|||50|,,,,,Poison]Ogerpon-Cornerstone||CornerstoneMask|Sturdy|IvyCudgel,PowerWhip,SpikyShield,FollowMe|||F|||50|,,,,,Rock\n|showteam|p2|Koraidon||ClearAmulet|OrichalcumPulse|CollisionCourse,FlareBlitz,FlameCharge,Protect||||||50|,,,,,Fire]Venusaur||FocusSash|Chlorophyll|GrassKnot,SludgeBomb,SleepPowder,Protect|||F|||50|,,,,,Ghost]Indeedee-F||PsychicSeed|PsychicSurge|Psychic,FollowMe,HelpingHand,TrickRoom|||F|||50|,,,,,Water]Chi-Yu||ChoiceScarf|BeadsofRuin|HeatWave,DarkPulse,Flamethrower,Snarl||||||50|,,,,,Fire]Raging Bolt||AssaultVest|Protosynthesis|DracoMeteor,Thunderbolt,Thunderclap,VoltSwitch||||||50|,,,,,Electric]Calyrex-Shadow||LifeOrb|AsOneSpectrier|AstralBarrage,ExpandingForce,Taunt,Protect||||||50|,,,,,Normal\n|inactive|Battle timer is ON: inactive players will automatically lose when time's up. (requested by kimmy k)\n|\n|t:|1746141452\n|start\n|switch|p1a: Ho-Oh|Ho-Oh, L50|100/100\n|switch|p1b: Ogerpon|Ogerpon-Cornerstone, L50, F|100/100\n|switch|p2a: Chi-Yu|Chi-Yu, L50|100/100\n|switch|p2b: Koraidon|Koraidon, L50|100/100\n|-ability|p2a: Chi-Yu|Beads of Ruin\n|-weather|SunnyDay|[from] ability: Orichalcum Pulse|[of] p2b: Koraidon\n|-activate|p2b: Koraidon|Orichalcum Pulse|[source]\n|turn|1\n|\n|t:|1746141477\n|move|p1b: Ogerpon|Follow Me|p1b: Ogerpon\n|-singleturn|p1b: Ogerpon|move: Follow Me\n|move|p2a: Chi-Yu|Heat Wave|p1a: Ho-Oh|[spread] p1a,p1b\n|-resisted|p1a: Ho-Oh\n|-damage|p1a: Ho-Oh|78/100\n|-ability|p1b: Ogerpon|Sturdy\n|-damage|p1b: Ogerpon|1/100\n|move|p2b: Koraidon|Flame Charge|p1b: Ogerpon\n|-damage|p1b: Ogerpon|0 fnt\n|-boost|p2b: Koraidon|spe|1\n|faint|p1b: Ogerpon\n|move|p1a: Ho-Oh|Tailwind|p1a: Ho-Oh\n|-sidestart|p1: FIGHT ON STARMAN|move: Tailwind\n|\n|-weather|SunnyDay|[upkeep]\n|upkeep\n|\n|t:|1746141481\n|switch|p1b: Landorus|Landorus, L50, M|100/100\n|turn|2\n|inactive|FIGHT ON STARMAN has 30 seconds left.\n|\n|t:|1746141508\n|move|p1b: Landorus|Protect|p1b: Landorus\n|-singleturn|p1b: Landorus|Protect\n|move|p2b: Koraidon|Protect|p2b: Koraidon\n|-singleturn|p2b: Koraidon|Protect\n|move|p2a: Chi-Yu|Heat Wave|p1b: Landorus|[spread] p1a\n|-activate|p1b: Landorus|move: Protect\n|-resisted|p1a: Ho-Oh\n|-damage|p1a: Ho-Oh|57/100\n|move|p1a: Ho-Oh|Brave Bird|p2b: Koraidon\n|-activate|p2b: Koraidon|move: Protect\n|\n|-weather|SunnyDay|[upkeep]\n|upkeep\n|turn|3\n|\n|t:|1746141526\n|move|p1b: Landorus|Sandsear Storm|p2a: Chi-Yu|[spread] p2a,p2b\n|-supereffective|p2a: Chi-Yu\n|-damage|p2a: Chi-Yu|0 fnt\n|-damage|p2b: Koraidon|24/100\n|faint|p2a: Chi-Yu\n|move|p2b: Koraidon|Flame Charge|p1b: Landorus\n|-damage|p1b: Landorus|57/100\n|-boost|p2b: Koraidon|spe|1\n|move|p1a: Ho-Oh|Brave Bird|p2b: Koraidon\n|-supereffective|p2b: Koraidon\n|-damage|p2b: Koraidon|0 fnt\n|faint|p2b: Koraidon\n|-damage|p1a: Ho-Oh|50/100|[from] Recoil\n|\n|-weather|SunnyDay|[upkeep]\n|upkeep\n|\n|t:|1746141534\n|switch|p2b: Calyrex|Calyrex-Shadow, L50|100/100\n|switch|p2a: Venusaur|Venusaur, L50, F|100/100\n|-ability|p2b: Calyrex|As One\n|-ability|p2b: Calyrex|Unnerve\n|turn|4\n|\n|t:|1746141551\n|switch|p1a: Kingambit|Kingambit, L50, F|100/100\n|move|p2a: Venusaur|Protect|p2a: Venusaur\n|-singleturn|p2a: Venusaur|Protect\n|move|p2b: Calyrex|Protect|p2b: Calyrex\n|-singleturn|p2b: Calyrex|Protect\n|move|p1b: Landorus|Sandsear Storm|p2a: Venusaur|[spread] \n|-activate|p2a: Venusaur|move: Protect\n|-activate|p2b: Calyrex|move: Protect\n|\n|-weather|SunnyDay|[upkeep]\n|-sideend|p1: FIGHT ON STARMAN|move: Tailwind\n|upkeep\n|turn|5\n|\n|t:|1746141570\n|switch|p1b: Ho-Oh|Ho-Oh, L50|83/100\n|-terastallize|p2b: Calyrex|Normal\n|move|p1a: Kingambit|Protect|p1a: Kingambit\n|-singleturn|p1a: Kingambit|Protect\n|move|p2a: Venusaur|Sleep Powder|p1a: Kingambit\n|-activate|p1a: Kingambit|move: Protect\n|move|p2b: Calyrex|Astral Barrage|p1b: Ho-Oh|[spread] p1b\n|-activate|p1a: Kingambit|move: Protect\n|-damage|p1b: Ho-Oh|46/100\n|-damage|p2b: Calyrex|91/100|[from] item: Life Orb\n|\n|-weather|none\n|upkeep\n|turn|6\n|inactive|FIGHT ON STARMAN has 30 seconds left.\n|inactive|kimmy k has 30 seconds left.\n|inactive|FIGHT ON STARMAN has 20 seconds left.\n|inactive|FIGHT ON STARMAN has 15 seconds left.\n|inactive|kimmy k has 20 seconds left.\n|inactive|FIGHT ON STARMAN has 10 seconds left.\n|inactive|FIGHT ON STARMAN has 5 seconds left.\n|\n|t:|1746141623\n|move|p1a: Kingambit|Sucker Punch|p2b: Calyrex\n|-damage|p2b: Calyrex|29/100\n|move|p2b: Calyrex|Astral Barrage|p1a: Kingambit|[spread] p1a,p1b\n|-resisted|p1a: Kingambit\n|-damage|p1a: Kingambit|67/100\n|-damage|p1b: Ho-Oh|9/100\n|-damage|p2b: Calyrex|20/100|[from] item: Life Orb\n|move|p2a: Venusaur|Sludge Bomb|p1b: Ho-Oh\n|-damage|p1b: Ho-Oh|0 fnt\n|faint|p1b: Ho-Oh\n|\n|upkeep\n|\n|t:|1746141633\n|switch|p1b: Landorus|Landorus, L50, M|57/100\n|turn|7\n|\n|t:|1746141653\n|move|p2b: Calyrex|Protect|p2b: Calyrex\n|-singleturn|p2b: Calyrex|Protect\n|move|p1a: Kingambit|Protect|p1a: Kingambit\n|-singleturn|p1a: Kingambit|Protect\n|move|p1b: Landorus|Sandsear Storm|p2b: Calyrex|[spread] p2a\n|-activate|p2b: Calyrex|move: Protect\n|-damage|p2a: Venusaur|25/100\n|move|p2a: Venusaur|Sleep Powder|p1b: Landorus|[miss]\n|-miss|p2a: Venusaur|p1b: Landorus\n|\n|upkeep\n|turn|8\n|\n|t:|1746141673\n|move|p2b: Calyrex|Protect||[still]\n|-fail|p2b: Calyrex\n|move|p1a: Kingambit|Sucker Punch||[still]\n|-fail|p1a: Kingambit\n|move|p1b: Landorus|Earth Power|p2a: Venusaur\n|-damage|p2a: Venusaur|0 fnt\n|faint|p2a: Venusaur\n|\n|upkeep\n|turn|9\n|\n|t:|1746141677\n|move|p1a: Kingambit|Sucker Punch|p2b: Calyrex\n|-damage|p2b: Calyrex|0 fnt\n|faint|p2b: Calyrex\n|\n|win|FIGHT ON STARMAN\n|raw|FIGHT ON STARMAN's rating: 1243 &rarr; <strong>1276</strong><br />(+33 for winning)\n|raw|kimmy k's rating: 1366 &rarr; <strong>1339</strong><br />(-27 for losing)\n|l|\u2606kimmy k\n|player|p2|\n", "uploadtime": 1746141682, "views": 9, "formatid": "gen9vgc2025regibo3", "rating": 1276, "private": 0, "password": null}