{"id": "gen9vgc2025regibo3-2354563525", "format": "[Gen 9] VGC 2025 Reg I (Bo3)", "players": ["plyingfress", "migolazo04"], "log": "|j|\u2606plyingfress\n|j|\u2606migolazo04\n|html|<table width=\"100%\"><tr><td align=\"left\">plyingfress</td><td align=\"right\">migolazo04</tr><tr><td align=\"left\"><i class=\"fa fa-circle\"></i> <i class=\"fa fa-circle-o\"></i> </td><td align=\"right\"><i class=\"fa fa-circle-o\"></i> <i class=\"fa fa-circle-o\"></i> </tr></table>\n|uhtml|bestof|<h2><strong>Game 2</strong> of <a href=\"/game-bestof3-gen9vgc2025regibo3-2354562391\">a best-of-3</a></h2>\n|t:|1746095111\n|gametype|doubles\n|player|p1|plyingfress|2|1141\n|player|p2|migolazo04|266|1048\n|teamsize|p1|6\n|teamsize|p2|6\n|gen|9\n|tier|[Gen 9] VGC 2025 Reg I (Bo3)\n|rated|\n|rule|Species Clause: Limit one of each Pok\u00e9mon\n|rule|Item Clause: Limit 1 of each item\n|clearpoke\n|poke|p1|Miraidon, L50|\n|poke|p1|Ho-Oh, L50|\n|poke|p1|Whimsicott, L50, M|\n|poke|p1|Farigiraf, L50, M|\n|poke|p1|Iron Hands, L50|\n|poke|p1|Ogerpon-Wellspring, L50, F|\n|poke|p2|Zamazenta-*, L50|\n|poke|p2|Calyrex-Shadow, L50|\n|poke|p2|Incineroar, L50, M|\n|poke|p2|Rillaboom, L50, F|\n|poke|p2|Urshifu-*, L50, M|\n|poke|p2|Tornadus, L50, M|\n|teampreview|4\n|showteam|p1|Miraidon||ChoiceSpecs|HadronEngine|ElectroDrift,VoltSwitch,DracoMeteor,DazzlingGleam||||||50|,,,,,Fairy]Ho-Oh||ClearAmulet|Regenerator|BraveBird,SacredFire,Recover,Protect||||||50|,,,,,Grass]Whimsicott||CovertCloak|Prankster|Moonblast,Tailwind,LightScreen,Encore|||M|||50|,,,,,Dark]Farigiraf||ElectricSeed|ArmorTail|Psychic,FoulPlay,TrickRoom,HelpingHand|||M|||50|,,,,,Dragon]Iron Hands||AssaultVest|QuarkDrive|DrainPunch,LowKick,FakeOut,HeavySlam||||||50|,,,,,Bug]Ogerpon-Wellspring||WellspringMask|WaterAbsorb|IvyCudgel,HornLeech,FollowMe,SpikyShield|||F|||50|,,,,,Water\n|showteam|p2|Zamazenta-Crowned||RustedShield|DauntlessShield|BodyPress,HeavySlam,WideGuard,Protect||||||50|,,,,,Dragon]Calyrex-Shadow||LifeOrb|AsOneSpectrier|AstralBarrage,Psychic,NastyPlot,Protect||||||50|,,,,,Dark]Incineroar||RockyHelmet|Intimidate|FakeOut,KnockOff,HelpingHand,PartingShot|||M|||50|,,,,,Bug]Rillaboom||AssaultVest|GrassySurge|FakeOut,WoodHammer,GrassyGlide,Uturn|||F|||50|,,,,,Water]Urshifu-Rapid-Strike||ChoiceScarf|UnseenFist|SurgingStrikes,CloseCombat,AquaJet,Uturn|||M|||50|,,,,,Water]Tornadus||CovertCloak|Prankster|BleakwindStorm,Taunt,RainDance,Tailwind|||M|||50|,,,,,Dark\n|\n|t:|1746095120\n|start\n|switch|p1a: Miraidon|Miraidon, L50|100/100\n|switch|p1b: Farigiraf|Farigiraf, L50, M|100/100\n|switch|p2a: Zamazenta|Zamazenta-Crowned, L50|100/100\n|switch|p2b: Calyrex|Calyrex-Shadow, L50|100/100\n|-ability|p2b: Calyrex|As One\n|-ability|p2b: Calyrex|Unnerve\n|-fieldstart|move: Electric Terrain|[from] ability: Hadron Engine|[of] p1a: Miraidon\n|-enditem|p1b: Farigiraf|Electric Seed\n|-boost|p1b: Farigiraf|def|1|[from] item: Electric Seed\n|-ability|p2a: Zamazenta|Dauntless Shield|boost\n|-boost|p2a: Zamazenta|def|1\n|turn|1\n|\n|t:|1746095142\n|switch|p2b: Rillaboom|Rillaboom, L50, F|100/100\n|-fieldstart|move: Grassy Terrain|[from] ability: Grassy Surge|[of] p2b: Rillaboom\n|switch|p1a: Whimsicott|Whimsicott, L50, M|100/100\n|-terastallize|p2a: Zamazenta|Dragon\n|move|p2a: Zamazenta|Body Press|p1a: Whimsicott\n|-resisted|p1a: Whimsicott\n|-crit|p1a: Whimsicott\n|-damage|p1a: Whimsicott|32/100\n|move|p1b: Farigiraf|Foul Play|p2b: Rillaboom\n|-damage|p2b: Rillaboom|72/100\n|\n|-heal|p1a: Whimsicott|38/100|[from] Grassy Terrain\n|-heal|p2b: Rillaboom|78/100|[from] Grassy Terrain\n|upkeep\n|turn|2\n|inactive|Battle timer is ON: inactive players will automatically lose when time's up. (requested by plyingfress)\n|\n|t:|1746095201\n|switch|p1a: Ho-Oh|Ho-Oh, L50|100/100\n|move|p2a: Zamazenta|Body Press|p1b: Farigiraf\n|-crit|p1b: Farigiraf\n|-damage|p1b: Farigiraf|19/100\n|move|p2b: Rillaboom|U-turn|p1b: Farigiraf\n|-supereffective|p1b: Farigiraf\n|-damage|p1b: Farigiraf|0 fnt\n|faint|p1b: Farigiraf\n|\n|t:|1746095211\n|switch|p2b: Incineroar|Incineroar, L50, M|100/100|[from] U-turn\n|-ability|p2b: Incineroar|Intimidate|boost\n|-fail|p1a: Ho-Oh|unboost|[from] item: Clear Amulet|[of] p1a: Ho-Oh\n|\n|upkeep\n|\n|t:|1746095224\n|switch|p1b: Whimsicott|Whimsicott, L50, M|38/100\n|turn|3\n|inactive|migolazo04 has 30 seconds left.\n|\n|t:|1746095252\n|move|p1b: Whimsicott|Encore|p2a: Zamazenta\n|-start|p2a: Zamazenta|Encore\n|move|p2a: Zamazenta|Body Press|p1b: Whimsicott\n|-resisted|p1b: Whimsicott\n|-damage|p1b: Whimsicott|0 fnt\n|faint|p1b: Whimsicott\n|move|p1a: Ho-Oh|Brave Bird|p2b: Incineroar\n|-damage|p2b: Incineroar|55/100\n|-damage|p1a: Ho-Oh|84/100|[from] item: Rocky Helmet|[of] p2b: Incineroar\n|-damage|p1a: Ho-Oh|70/100|[from] Recoil\n|move|p2b: Incineroar|Parting Shot|p1a: Ho-Oh\n|-fail|p1a: Ho-Oh|unboost|[from] item: Clear Amulet|[of] p1a: Ho-Oh\n|\n|-heal|p2b: Incineroar|61/100|[from] Grassy Terrain\n|upkeep\n|\n|t:|1746095259\n|switch|p1b: Miraidon|Miraidon, L50|100/100\n|-fieldstart|move: Electric Terrain|[from] ability: Hadron Engine|[of] p1b: Miraidon\n|turn|4\n|inactive|plyingfress has 30 seconds left.\n|inactive|migolazo04 has 30 seconds left.\n|\n|t:|1746095289\n|switch|p2b: Rillaboom|Rillaboom, L50, F|78/100\n|-fieldstart|move: Grassy Terrain|[from] ability: Grassy Surge|[of] p2b: Rillaboom\n|-terastallize|p1b: Miraidon|Fairy\n|move|p1b: Miraidon|Dazzling Gleam|p2a: Zamazenta|[spread] p2a,p2b\n|-supereffective|p2a: Zamazenta\n|-damage|p2a: Zamazenta|20/100\n|-damage|p2b: Rillaboom|44/100\n|move|p2a: Zamazenta|Body Press|p1b: Miraidon\n|-resisted|p1b: Miraidon\n|-damage|p1b: Miraidon|67/100\n|move|p1a: Ho-Oh|Brave Bird|p2b: Rillaboom\n|-supereffective|p2b: Rillaboom\n|-damage|p2b: Rillaboom|0 fnt\n|faint|p2b: Rillaboom\n|-damage|p1a: Ho-Oh|56/100|[from] Recoil\n|\n|-heal|p1b: Miraidon|73/100|[from] Grassy Terrain\n|-heal|p2a: Zamazenta|26/100|[from] Grassy Terrain\n|upkeep\n|inactive|migolazo04 has 30 seconds left.\n|\n|t:|1746095324\n|switch|p2b: Incineroar|Incineroar, L50, M|61/100\n|-ability|p2b: Incineroar|Intimidate|boost\n|-fail|p1a: Ho-Oh|unboost|[from] item: Clear Amulet|[of] p1a: Ho-Oh\n|-unboost|p1b: Miraidon|atk|1\n|turn|5\n|inactive|migolazo04 has 30 seconds left.\n|\n|t:|1746095351\n|move|p2b: Incineroar|Fake Out|p1b: Miraidon\n|-damage|p1b: Miraidon|62/100\n|cant|p1b: Miraidon|flinch\n|move|p2a: Zamazenta|Body Press|p1a: Ho-Oh\n|-resisted|p1a: Ho-Oh\n|-damage|p1a: Ho-Oh|26/100\n|move|p1a: Ho-Oh|Recover|p1a: Ho-Oh\n|-heal|p1a: Ho-Oh|76/100\n|\n|-heal|p1b: Miraidon|68/100|[from] Grassy Terrain\n|-heal|p2a: Zamazenta|32/100|[from] Grassy Terrain\n|-heal|p2b: Incineroar|67/100|[from] Grassy Terrain\n|-end|p2a: Zamazenta|Encore\n|upkeep\n|turn|6\n|inactive|migolazo04 has 30 seconds left.\n|inactive|migolazo04 has 20 seconds left.\n|inactive|migolazo04 has 15 seconds left.\n|inactive|migolazo04 has 10 seconds left.\n|\n|t:|1746095397\n|move|p2a: Zamazenta|Wide Guard|p2a: Zamazenta\n|-singleturn|p2a: Zamazenta|Wide Guard\n|move|p1b: Miraidon|Dazzling Gleam|p2b: Incineroar|[spread] \n|-activate|p2a: Zamazenta|move: Wide Guard\n|-activate|p2b: Incineroar|move: Wide Guard\n|move|p1a: Ho-Oh|Sacred Fire|p2a: Zamazenta\n|-resisted|p2a: Zamazenta\n|-damage|p2a: Zamazenta|22/100\n|move|p2b: Incineroar|Parting Shot|p1b: Miraidon\n|-unboost|p1b: Miraidon|atk|1\n|-unboost|p1b: Miraidon|spa|1\n|\n|t:|1746095409\n|switch|p2b: Calyrex|Calyrex-Shadow, L50|100/100|[from] Parting Shot\n|-ability|p2b: Calyrex|As One\n|-ability|p2b: Calyrex|Unnerve\n|\n|-heal|p1b: Miraidon|74/100|[from] Grassy Terrain\n|-heal|p2a: Zamazenta|28/100|[from] Grassy Terrain\n|upkeep\n|turn|7\n|inactive|migolazo04 has 30 seconds left.\n|inactive|migolazo04 has 20 seconds left.\n|\n|t:|1746095447\n|move|p2a: Zamazenta|Wide Guard|p2a: Zamazenta\n|-singleturn|p2a: Zamazenta|Wide Guard\n|move|p2b: Calyrex|Astral Barrage|p1b: Miraidon|[spread] p1a,p1b\n|-crit|p1b: Miraidon\n|-damage|p1a: Ho-Oh|36/100\n|-damage|p1b: Miraidon|0 fnt\n|faint|p1b: Miraidon\n|-ability|p2b: Calyrex|Grim Neigh|boost\n|-boost|p2b: Calyrex|spa|1\n|-damage|p2b: Calyrex|91/100|[from] item: Life Orb\n|move|p1a: Ho-Oh|Sacred Fire|p2b: Calyrex\n|-damage|p2b: Calyrex|33/100\n|-status|p2b: Calyrex|brn\n|\n|-heal|p2b: Calyrex|39/100 brn|[from] Grassy Terrain\n|-heal|p2a: Zamazenta|34/100|[from] Grassy Terrain\n|-damage|p2b: Calyrex|33/100 brn|[from] brn\n|upkeep\n|turn|8\n|-message|plyingfress forfeited.\n|\n|win|migolazo04\n|l|\u2606plyingfress\n|player|p1|\n||plyingfress is ready for game 3.\n|inactive|migolazo04 has 30 seconds to confirm battle start!\n||migolazo04 is ready for game 3.\n|uhtml|next|Next: <a href=\"/battle-gen9vgc2025regibo3-2354565517\"><strong>Game 3 of 3</strong></a>\n", "uploadtime": 1746095742, "views": 13, "formatid": "gen9vgc2025regibo3", "rating": null, "private": 0, "password": null}