{"id": "gen9vgc2025regibo3-2353435009", "format": "[Gen 9] VGC 2025 Reg I (Bo3)", "players": ["ultraclaw1", "Luna Rdomnai"], "log": "|j|\u2606ultraclaw1\n|j|\u2606Luna Rdomnai\n|html|<table width=\"100%\"><tr><td align=\"left\">ultraclaw1</td><td align=\"right\">Luna Rdomnai</tr><tr><td align=\"left\"><i class=\"fa fa-circle-o\"></i> <i class=\"fa fa-circle-o\"></i> </td><td align=\"right\"><i class=\"fa fa-circle-o\"></i> <i class=\"fa fa-circle-o\"></i> </tr></table>\n|uhtml|bestof|<h2><strong>Game 1</strong> of <a href=\"/game-bestof3-gen9vgc2025regibo3-2353435008\">a best-of-3</a></h2>\n|t:|1745955687\n|gametype|doubles\n|player|p1|ultraclaw1|steven|1086\n|player|p2|Luna Rdomnai|hilda|1052\n|teamsize|p1|6\n|teamsize|p2|6\n|gen|9\n|tier|[Gen 9] VGC 2025 Reg I (Bo3)\n|rated|\n|rule|Species Clause: Limit one of each Pok\u00e9mon\n|rule|Item Clause: Limit 1 of each item\n|clearpoke\n|poke|p1|Miraidon, L50|\n|poke|p1|Calyrex-Ice, L50|\n|poke|p1|Landorus, L50, M|\n|poke|p1|Iron Hands, L50|\n|poke|p1|Ogerpon-Hearthflame, L50, F|\n|poke|p1|Whimsicott, L50, F|\n|poke|p2|Urshifu-*, L50, F|\n|poke|p2|Zacian-*, L50|\n|poke|p2|Kyogre, L50|\n|poke|p2|Ogerpon-Cornerstone, L50, F|\n|poke|p2|Tornadus, L50, M|\n|poke|p2|Rillaboom, L50, F|\n|teampreview|4\n|showteam|p1|Miraidon||ChoiceSpecs|HadronEngine|ElectroDrift,DracoMeteor,VoltSwitch,DazzlingGleam||||||50|,,,,,Ghost]Calyrex-Ice||ClearAmulet|AsOneGlastrier|GlacialLance,Protect,HighHorsepower,TrickRoom||||||50|,,,,,Water]Landorus||LifeOrb|SheerForce|EarthPower,SludgeBomb,SandsearStorm,Protect|||M|||50|,,,,,Water]Iron Hands||AssaultVest|QuarkDrive|FakeOut,DrainPunch,HeavySlam,LowKick||||||50|,,,,,Water]Ogerpon-Hearthflame||HearthflameMask|MoldBreaker|IvyCudgel,WoodHammer,FollowMe,SpikyShield|||F|||50|,,,,,Fire]Whimsicott||CovertCloak|Prankster|Moonblast,Tailwind,LightScreen,Encore|||F|||50|,,,,,Dark\n|showteam|p2|Urshifu-Rapid-Strike||ChoiceScarf|UnseenFist|SurgingStrikes,Uturn,AquaJet,CloseCombat|||F|||50|,,,,,Water]Zacian-Crowned||RustedSword|IntrepidSword|behemothblade,PlayRough,Substitute,Protect||||||50|,,,,,Water]Kyogre||Leftovers|Drizzle|OriginPulse,IceBeam,CalmMind,Protect||||||50|,,,,,Grass]Ogerpon-Cornerstone||CornerstoneMask|Sturdy|IvyCudgel,FollowMe,PowerWhip,SpikyShield|||F|||50|,,,,,Rock]Tornadus||RockyHelmet|Prankster|BleakwindStorm,Tailwind,RainDance,Protect|||M|||50|,,,,,Dark]Rillaboom||AssaultVest|GrassySurge|Uturn,FakeOut,WoodHammer,GrassyGlide|||F|||50|,,,,,Fire\n|inactive|Battle timer is ON: inactive players will automatically lose when time's up. (requested by ultraclaw1)\n|inactive|Luna Rdomnai has 60 seconds left.\n|\n|t:|1745955744\n|start\n|switch|p1a: Calyrex|Calyrex-Ice, L50|100/100\n|switch|p1b: Ogerpon|Ogerpon-Hearthflame, L50, F|100/100\n|switch|p2a: Ogerpon|Ogerpon-Cornerstone, L50, F|100/100\n|switch|p2b: Kyogre|Kyogre, L50|100/100\n|-ability|p1a: Calyrex|As One\n|-ability|p1a: Calyrex|Unnerve\n|-ability|p1b: Ogerpon|Mold Breaker\n|-weather|RainDance|[from] ability: Drizzle|[of] p2b: Kyogre\n|turn|1\n|inactive|Luna Rdomnai has 30 seconds left.\n|inactive|Luna Rdomnai has 20 seconds left.\n|inactive|Luna Rdomnai has 15 seconds left.\n|inactive|Luna Rdomnai has 10 seconds left.\n|\n|t:|1745955792\n|move|p2b: Kyogre|Protect|p2b: Kyogre\n|-singleturn|p2b: Kyogre|Protect\n|move|p1a: Calyrex|Protect|p1a: Calyrex\n|-singleturn|p1a: Calyrex|Protect\n|move|p2a: Ogerpon|Ivy Cudgel|p1b: Ogerpon|[anim] Ivy Cudgel Rock\n|-supereffective|p1b: Ogerpon\n|-damage|p1b: Ogerpon|0 fnt\n|faint|p1b: Ogerpon\n|\n|-weather|RainDance|[upkeep]\n|upkeep\n|\n|t:|1745955807\n|switch|p1b: Iron Hands|Iron Hands, L50|100/100\n|turn|2\n|\n|t:|1745955824\n|-terastallize|p1a: Calyrex|Water\n|move|p2a: Ogerpon|Spiky Shield|p2a: Ogerpon\n|-singleturn|p2a: Ogerpon|move: Protect\n|move|p1b: Iron Hands|Fake Out|p2a: Ogerpon\n|-activate|p2a: Ogerpon|move: Protect\n|-damage|p1b: Iron Hands|88/100|[from] Spiky Shield|[of] p2a: Ogerpon\n|move|p2b: Kyogre|Origin Pulse|p1b: Iron Hands|[spread] p1a,p1b\n|-resisted|p1a: Calyrex\n|-damage|p1a: Calyrex|77/100\n|-damage|p1b: Iron Hands|52/100\n|move|p1a: Calyrex|Trick Room|p1a: Calyrex\n|-fieldstart|move: Trick Room|[of] p1a: Calyrex\n|\n|-weather|RainDance|[upkeep]\n|upkeep\n|turn|3\n|inactive|Luna Rdomnai has 30 seconds left.\n|\n|t:|1745955854\n|move|p1b: Iron Hands|Drain Punch|p2a: Ogerpon\n|-supereffective|p2a: Ogerpon\n|-ability|p2a: Ogerpon|Sturdy\n|-damage|p2a: Ogerpon|1/100\n|-heal|p1b: Iron Hands|84/100|[from] drain|[of] p2a: Ogerpon\n|move|p1a: Calyrex|Glacial Lance|p2a: Ogerpon|[spread] p2a,p2b\n|-supereffective|p2a: Ogerpon\n|-resisted|p2b: Kyogre\n|-damage|p2a: Ogerpon|0 fnt\n|-damage|p2b: Kyogre|78/100\n|faint|p2a: Ogerpon\n|-ability|p1a: Calyrex|Chilling Neigh|boost\n|-boost|p1a: Calyrex|atk|1\n|move|p2b: Kyogre|Origin Pulse|p1b: Iron Hands|[spread] p1b\n|-miss|p2b: Kyogre|p1a: Calyrex\n|-damage|p1b: Iron Hands|49/100\n|\n|-weather|RainDance|[upkeep]\n|-heal|p2b: Kyogre|84/100|[from] item: Leftovers\n|upkeep\n|inactive|Luna Rdomnai has 30 seconds left.\n|\n|t:|1745955881\n|switch|p2a: Zacian|Zacian-Crowned, L50|100/100\n|-ability|p2a: Zacian|Intrepid Sword|boost\n|-boost|p2a: Zacian|atk|1\n|turn|4\n|inactive|Luna Rdomnai has 30 seconds left.\n|inactive|Luna Rdomnai has 20 seconds left.\n|inactive|Luna Rdomnai has 15 seconds left.\n|inactive|Luna Rdomnai has 10 seconds left.\n|\n|t:|1745955926\n|-terastallize|p2a: Zacian|Water\n|move|p1b: Iron Hands|Low Kick|p2b: Kyogre\n|-damage|p2b: Kyogre|28/100\n|move|p1a: Calyrex|High Horsepower|p2a: Zacian\n|-damage|p2a: Zacian|37/100\n|move|p2b: Kyogre|Origin Pulse|p1a: Calyrex|[spread] p1a,p1b\n|-resisted|p1a: Calyrex\n|-damage|p1a: Calyrex|53/100\n|-damage|p1b: Iron Hands|12/100\n|move|p2a: Zacian|Substitute|p2a: Zacian\n|-start|p2a: Zacian|Substitute\n|-damage|p2a: Zacian|12/100\n|\n|-weather|RainDance|[upkeep]\n|-heal|p2b: Kyogre|34/100|[from] item: Leftovers\n|upkeep\n|turn|5\n|\n|t:|1745955947\n|move|p2b: Kyogre|Protect|p2b: Kyogre\n|-singleturn|p2b: Kyogre|Protect\n|move|p2a: Zacian|Protect|p2a: Zacian\n|-singleturn|p2a: Zacian|Protect\n|move|p1b: Iron Hands|Drain Punch|p2a: Zacian\n|-activate|p2a: Zacian|move: Protect\n|move|p1a: Calyrex|Glacial Lance|p2a: Zacian|[spread] \n|-activate|p2a: Zacian|move: Protect\n|-activate|p2b: Kyogre|move: Protect\n|\n|-weather|none\n|-heal|p2b: Kyogre|40/100|[from] item: Leftovers\n|upkeep\n|turn|6\n|inactive|ultraclaw1 has 30 seconds left.\n|inactive|Luna Rdomnai has 30 seconds left.\n|\n|t:|1745955979\n|move|p2b: Kyogre|Protect||[still]\n|-fail|p2b: Kyogre\n|move|p2a: Zacian|Protect||[still]\n|-fail|p2a: Zacian\n|move|p1b: Iron Hands|Drain Punch|p2a: Zacian\n|-end|p2a: Zacian|Substitute\n|-heal|p1b: Iron Hands|21/100|[from] drain|[of] p2a: Zacian\n|move|p1a: Calyrex|Glacial Lance|p2a: Zacian|[spread] p2a,p2b\n|-resisted|p2a: Zacian\n|-resisted|p2b: Kyogre\n|-damage|p2a: Zacian|0 fnt\n|-damage|p2b: Kyogre|2/100\n|faint|p2a: Zacian\n|-ability|p1a: Calyrex|Chilling Neigh|boost\n|-boost|p1a: Calyrex|atk|1\n|\n|-heal|p2b: Kyogre|8/100|[from] item: Leftovers\n|-fieldend|move: Trick Room\n|upkeep\n|\n|t:|1745955994\n|switch|p2a: Urshifu|Urshifu-Rapid-Strike, L50, F|100/100\n|turn|7\n|inactive|Luna Rdomnai has 30 seconds left.\n|\n|t:|1745956023\n|move|p2a: Urshifu|Close Combat|p1a: Calyrex\n|-damage|p1a: Calyrex|12/100\n|-unboost|p2a: Urshifu|def|1\n|-unboost|p2a: Urshifu|spd|1\n|move|p2b: Kyogre|Origin Pulse|p1b: Iron Hands|[spread] p1a\n|-miss|p2b: Kyogre|p1b: Iron Hands\n|-resisted|p1a: Calyrex\n|-damage|p1a: Calyrex|0 fnt\n|faint|p1a: Calyrex\n|move|p1b: Iron Hands|Low Kick|p2a: Urshifu\n|-damage|p2a: Urshifu|7/100\n|\n|-heal|p2b: Kyogre|14/100|[from] item: Leftovers\n|upkeep\n|\n|t:|1745956038\n|switch|p1a: Miraidon|Miraidon, L50|100/100\n|-fieldstart|move: Electric Terrain|[from] ability: Hadron Engine|[of] p1a: Miraidon\n|-activate|p1b: Iron Hands|ability: Quark Drive\n|-start|p1b: Iron Hands|quarkdriveatk\n|turn|8\n|\n|t:|1745956054\n|move|p2a: Urshifu|Close Combat|p1a: Miraidon\n|-damage|p1a: Miraidon|48/100\n|-unboost|p2a: Urshifu|def|1\n|-unboost|p2a: Urshifu|spd|1\n|move|p1a: Miraidon|Dazzling Gleam|p2b: Kyogre|[spread] p2a,p2b\n|-supereffective|p2a: Urshifu\n|-damage|p2a: Urshifu|0 fnt\n|-damage|p2b: Kyogre|0 fnt\n|faint|p2a: Urshifu\n|faint|p2b: Kyogre\n|\n|win|ultraclaw1\n||Luna Rdomnai is ready for game 2.\n|inactive|ultraclaw1 has 30 seconds to confirm battle start!\n", "uploadtime": 1745956065, "views": 6, "formatid": "gen9vgc2025regibo3", "rating": null, "private": 0, "password": null}