{"id": "gen9vgc2025regibo3-2353978019", "format": "[Gen 9] VGC 2025 Reg I (Bo3)", "players": ["RamlethalVGC", "vgubersun"], "log": "|j|\u2606RamlethalVGC\n|j|\u2606vgubersun\n|html|<table width=\"100%\"><tr><td align=\"left\">RamlethalVGC</td><td align=\"right\">vgubersun</tr><tr><td align=\"left\"><i class=\"fa fa-circle-o\"></i> <i class=\"fa fa-circle-o\"></i> </td><td align=\"right\"><i class=\"fa fa-circle-o\"></i> <i class=\"fa fa-circle\"></i> </tr></table>\n|uhtml|bestof|<h2><strong>Game 2</strong> of <a href=\"/game-bestof3-gen9vgc2025regibo3-2353976395\">a best-of-3</a></h2>\n|t:|1746024393\n|gametype|doubles\n|player|p1|RamlethalVGC|miku-ground|1361\n|player|p2|vgubersun|hilbert-wonderlauncher|1442\n|teamsize|p1|6\n|teamsize|p2|6\n|gen|9\n|tier|[Gen 9] VGC 2025 Reg I (Bo3)\n|rated|\n|rule|Species Clause: Limit one of each Pok\u00e9mon\n|rule|Item Clause: Limit 1 of each item\n|clearpoke\n|poke|p1|Landorus, L50, M|\n|poke|p1|Calyrex-Ice, L50|\n|poke|p1|Roaring Moon, L50|\n|poke|p1|Kyogre, L50|\n|poke|p1|Amoonguss, L50, F|\n|poke|p1|Urshifu-*, L50, M|\n|poke|p2|Tornadus, L50, M|\n|poke|p2|Farigiraf, L50, M|\n|poke|p2|Urshifu-*, L50, M|\n|poke|p2|Ursaluna, L50, M|\n|poke|p2|Lunala, L50|\n|poke|p2|Miraidon, L50|\n|teampreview|4\n|showteam|p1|Landorus||LifeOrb|SheerForce|EarthPower,SludgeBomb,SandsearStorm,Protect|||M|||50|,,,,,Water]Calyrex-Ice||ClearAmulet|AsOneGlastrier|GlacialLance,HighHorsepower,Protect,TrickRoom||||||50|,,,,,Fairy]Roaring Moon||BoosterEnergy|Protosynthesis|KnockOff,Acrobatics,Protect,Tailwind||||||50|,,,,,Flying]Kyogre||AssaultVest|Drizzle|WaterSpout,OriginPulse,IceBeam,Thunder||||||50|,,,,,Grass]Amoonguss||CovertCloak|Regenerator|RagePowder,Spore,PollenPuff,Protect|||F|||50|,,,,,Fairy]Urshifu-Rapid-Strike||ChoiceScarf|UnseenFist|SurgingStrikes,CloseCombat,Coaching,Uturn|||M|||50|,,,,,Ghost\n|showteam|p2|Tornadus||FocusSash|Prankster|Tailwind,BleakwindStorm,RainDance,Protect|||M|||50|,,,,,Ghost]Farigiraf||ElectricSeed|ArmorTail|TrickRoom,HelpingHand,FoulPlay,Psychic|||M|||50|,,,,,Ground]Urshifu-Rapid-Strike||ChoiceScarf|UnseenFist|SurgingStrikes,CloseCombat,AquaJet,Uturn|||M|||50|,,,,,Water]Ursaluna||FlameOrb|Guts|Facade,HeadlongRush,Earthquake,Protect|||M|||50|,,,,,Ghost]Lunala||SpellTag|ShadowShield|MoongeistBeam,Moonblast,WideGuard,TrickRoom||||||50|,,,,,Fairy]Miraidon||ChoiceSpecs|HadronEngine|ElectroDrift,DracoMeteor,VoltSwitch,DazzlingGleam||||||50|,,,,,Fairy\n|inactive|Battle timer is ON: inactive players will automatically lose when time's up. (requested by vgubersun)\n|\n|t:|1746024407\n|start\n|switch|p1a: Slayer|Roaring Moon, L50|100/100\n|switch|p1b: May|Kyogre, L50|100/100\n|switch|p2a: Miraidon|Miraidon, L50|100/100\n|switch|p2b: Ursaluna|Ursaluna, L50, M|100/100\n|-fieldstart|move: Electric Terrain|[from] ability: Hadron Engine|[of] p2a: Miraidon\n|-weather|RainDance|[from] ability: Drizzle|[of] p1b: May\n|-enditem|p1a: Slayer|Booster Energy\n|-activate|p1a: Slayer|ability: Protosynthesis|[fromitem]\n|-start|p1a: Slayer|protosynthesisspe\n|turn|1\n|\n|t:|1746024418\n|-terastallize|p1b: May|Grass\n|move|p2b: Ursaluna|Protect|p2b: Ursaluna\n|-singleturn|p2b: Ursaluna|Protect\n|move|p1a: Slayer|Tailwind|p1a: Slayer\n|-sidestart|p1: RamlethalVGC|move: Tailwind\n|move|p1b: May|Ice Beam|p2a: Miraidon\n|-supereffective|p2a: Miraidon\n|-damage|p2a: Miraidon|41/100\n|move|p2a: Miraidon|Volt Switch|p1b: May\n|-resisted|p1b: May\n|-damage|p1b: May|75/100\n|\n|t:|1746024435\n|switch|p2a: Lunala|Lunala, L50|100/100|[from] Volt Switch\n|\n|-weather|RainDance|[upkeep]\n|-status|p2b: Ursaluna|brn|[from] item: Flame Orb\n|upkeep\n|turn|2\n|\n|t:|1746024447\n|switch|p2b: Urshifu|Urshifu-Rapid-Strike, L50, M|100/100\n|-terastallize|p2a: Lunala|Fairy\n|move|p1a: Slayer|Knock Off|p2b: Urshifu\n|-resisted|p2b: Urshifu\n|-damage|p2b: Urshifu|79/100\n|-enditem|p2b: Urshifu|Choice Scarf|[from] move: Knock Off|[of] p1a: Slayer\n|move|p1b: May|Ice Beam|p2b: Urshifu\n|-resisted|p2b: Urshifu\n|-damage|p2b: Urshifu|56/100\n|-status|p2b: Urshifu|frz\n|move|p2a: Lunala|Trick Room|p2a: Lunala\n|-fieldstart|move: Trick Room|[of] p2a: Lunala\n|\n|-weather|RainDance|[upkeep]\n|upkeep\n|turn|3\n|\n|t:|1746024461\n|-end|p1a: Slayer|Protosynthesis|[silent]\n|switch|p1a: Baiken|Amoonguss, L50, F|100/100\n|move|p2a: Lunala|Moonblast|p1a: Baiken\n|-resisted|p1a: Baiken\n|-damage|p1a: Baiken|78/100\n|cant|p2b: Urshifu|frz\n|move|p1b: May|Origin Pulse|p2a: Lunala|[spread] p2a,p2b\n|-resisted|p2b: Urshifu\n|-damage|p2a: Lunala|79/100\n|-damage|p2b: Urshifu|8/100 frz\n|\n|-weather|RainDance|[upkeep]\n|upkeep\n|turn|4\n|\n|t:|1746024473\n|move|p1a: Baiken|Pollen Puff|p1b: May\n|-heal|p1b: May|100/100\n|move|p2a: Lunala|Moonblast|p1b: May\n|-damage|p1b: May|77/100\n|cant|p2b: Urshifu|frz\n|move|p1b: May|Origin Pulse|p2a: Lunala|[spread] p2a\n|-miss|p1b: May|p2b: Urshifu\n|-damage|p2a: Lunala|36/100\n|\n|-weather|RainDance|[upkeep]\n|-sideend|p1: RamlethalVGC|move: Tailwind\n|upkeep\n|turn|5\n|\n|t:|1746024492\n|move|p1a: Baiken|Rage Powder|p1a: Baiken\n|-singleturn|p1a: Baiken|move: Rage Powder\n|move|p2a: Lunala|Moongeist Beam|p1a: Baiken\n|-damage|p1a: Baiken|22/100\n|move|p1b: May|Origin Pulse|p2b: Urshifu|[spread] p2a,p2b\n|-resisted|p2b: Urshifu\n|-damage|p2a: Lunala|0 fnt\n|-damage|p2b: Urshifu|0 fnt\n|faint|p2a: Lunala\n|faint|p2b: Urshifu\n|\n|-weather|none\n|-fieldend|move: Electric Terrain\n|upkeep\n|\n|t:|1746024502\n|switch|p2a: Miraidon|Miraidon, L50|41/100\n|switch|p2b: Ursaluna|Ursaluna, L50, M|100/100 brn\n|-fieldstart|move: Electric Terrain|[from] ability: Hadron Engine|[of] p2a: Miraidon\n|turn|6\n|\n|t:|1746024522\n|move|p1a: Baiken|Rage Powder|p1a: Baiken\n|-singleturn|p1a: Baiken|move: Rage Powder\n|move|p2b: Ursaluna|Facade|p1a: Baiken\n|-damage|p1a: Baiken|0 fnt\n|faint|p1a: Baiken\n|move|p1b: May|Ice Beam|p2a: Miraidon\n|-supereffective|p2a: Miraidon\n|-damage|p2a: Miraidon|0 fnt\n|faint|p2a: Miraidon\n|\n|-damage|p2b: Ursaluna|94/100 brn|[from] brn\n|-fieldend|move: Trick Room\n|upkeep\n|\n|t:|1746024528\n|switch|p1a: Slayer|Roaring Moon, L50|100/100\n|turn|7\n|\n|t:|1746024536\n|move|p1a: Slayer|Knock Off|p2b: Ursaluna\n|-damage|p2b: Ursaluna|60/100 brn\n|-enditem|p2b: Ursaluna|Flame Orb|[from] move: Knock Off|[of] p1a: Slayer\n|move|p1b: May|Water Spout|p2b: Ursaluna\n|-supereffective|p2b: Ursaluna\n|-damage|p2b: Ursaluna|0 fnt\n|faint|p2b: Ursaluna\n|\n|win|RamlethalVGC\n||vgubersun is ready for game 3.\n||RamlethalVGC is ready for game 3.\n|uhtml|next|Next: <a href=\"/battle-gen9vgc2025regibo3-2353979759\"><strong>Game 3 of 3</strong></a>\n|l|\u2606vgubersun\n|player|p2|\n", "uploadtime": 1746024889, "views": 6, "formatid": "gen9vgc2025regibo3", "rating": null, "private": 0, "password": null}