{"id": "gen9vgc2025regibo3-2354420614", "format": "[Gen 9] VGC 2025 Reg I (Bo3)", "players": ["SpecialOnion", "GforGamer"], "log": "|j|\u2606SpecialOnion\n|j|\u2606GforGamer\n|html|<table width=\"100%\"><tr><td align=\"left\">SpecialOnion</td><td align=\"right\">GforGamer</tr><tr><td align=\"left\"><i class=\"fa fa-circle-o\"></i> <i class=\"fa fa-circle-o\"></i> </td><td align=\"right\"><i class=\"fa fa-circle-o\"></i> <i class=\"fa fa-circle-o\"></i> </tr></table>\n|uhtml|bestof|<h2><strong>Game 1</strong> of <a href=\"/game-bestof3-gen9vgc2025regibo3-2354420613\">a best-of-3</a></h2>\n|t:|1746069293\n|gametype|doubles\n|player|p1|SpecialOnion|1|1047\n|player|p2|GforGamer|palmer|1176\n|teamsize|p1|6\n|teamsize|p2|6\n|gen|9\n|tier|[Gen 9] VGC 2025 Reg I (Bo3)\n|rated|\n|rule|Species Clause: Limit one of each Pok\u00e9mon\n|rule|Item Clause: Limit 1 of each item\n|clearpoke\n|poke|p1|Amoonguss, L50, M|\n|poke|p1|Hydreigon, L50, F|\n|poke|p1|Incineroar, L50, M|\n|poke|p1|Koraidon, L50|\n|poke|p1|Flutter Mane, L50|\n|poke|p1|Iron Bundle, L50|\n|poke|p2|Calyrex-Shadow, L50|\n|poke|p2|Terapagos, L50, M|\n|poke|p2|Rillaboom, L50, F|\n|poke|p2|Incineroar, L50, M|\n|poke|p2|Urshifu-*, L50, M|\n|poke|p2|Ogerpon-Cornerstone, L50, F|\n|teampreview|4\n|showteam|p1|Amoonguss||RockyHelmet|Regenerator|PollenPuff,RagePowder,Spore,Protect|||M|||50|,,,,,Water]Hydreigon||LifeOrb|Levitate|DracoMeteor,Tailwind,DarkPulse,Protect|||F|||50|,,,,,Fairy]Incineroar||SafetyGoggles|Intimidate|FlareBlitz,KnockOff,PartingShot,FakeOut|||M|||50|,,,,,Ghost]Koraidon||ClearAmulet|OrichalcumPulse|CollisionCourse,DragonClaw,Uturn,FlareBlitz||||||50|,,,,,Fire]Flutter Mane||FocusSash|Protosynthesis|ShadowBall,DazzlingGleam,Protect,IcyWind||||||50|,,,,,Fairy]Iron Bundle||BoosterEnergy|QuarkDrive|IceBeam,HydroPump,Encore,Protect||||||50|,,,,,Ice\n|showteam|p2|Calyrex-Shadow||FocusSash|AsOneSpectrier|AstralBarrage,WillOWisp,Disable,Protect||||||50|,,,,,Ghost]Terapagos||Leftovers|TeraShift|TeraStarstorm,EarthPower,CalmMind,Protect|||M|||50|,,,,,Stellar]Rillaboom||AssaultVest|GrassySurge|WoodHammer,GrassyGlide,Uturn,FakeOut|||F|||50|,,,,,Fire]Incineroar||RockyHelmet|Intimidate|FakeOut,KnockOff,PartingShot,WillOWisp|||M|||50|,,,,,Bug]Urshifu-Rapid-Strike||ChoiceScarf|UnseenFist|SurgingStrikes,CloseCombat,AquaJet,Uturn|||M|||50|,,,,,Water]Ogerpon-Cornerstone||CornerstoneMask|Sturdy|IvyCudgel,PowerWhip,SpikyShield,FollowMe|||F|||50|,,,,,Rock\n|inactive|Battle timer is ON: inactive players will automatically lose when time's up. (requested by GforGamer)\n|c|\u2606GforGamer|glhf\n|\n|t:|1746069322\n|start\n|switch|p1a: Big Burger|Hydreigon, L50, F, shiny|100/100\n|switch|p1b: Smegma|Amoonguss, L50, M, shiny|100/100\n|switch|p2a: Shadow Jockey|Calyrex-Shadow, L50|100/100\n|switch|p2b: FLINT & STEEL|Incineroar, L50, M|100/100\n|-ability|p2a: Shadow Jockey|As One\n|-ability|p2a: Shadow Jockey|Unnerve\n|-ability|p2b: FLINT & STEEL|Intimidate|boost\n|-unboost|p1a: Big Burger|atk|1\n|-unboost|p1b: Smegma|atk|1\n|turn|1\n|c|\u2606SpecialOnion|gl\n|inactive|SpecialOnion has 30 seconds left.\n|\n|t:|1746069357\n|switch|p2a: The Stash|Ogerpon-Cornerstone, L50, F|100/100\n|move|p1a: Big Burger|Tailwind|p1a: Big Burger\n|-sidestart|p1: SpecialOnion|move: Tailwind\n|move|p1b: Smegma|Spore|p2a: The Stash\n|-immune|p2a: The Stash\n|move|p2b: FLINT & STEEL|Knock Off|p1b: Smegma\n|-damage|p1b: Smegma|62/100\n|-damage|p2b: FLINT & STEEL|84/100|[from] item: Rocky Helmet|[of] p1b: Smegma\n|-enditem|p1b: Smegma|Rocky Helmet|[from] move: Knock Off|[of] p2b: FLINT & STEEL\n|\n|upkeep\n|turn|2\n|inactive|SpecialOnion has 30 seconds left.\n|\n|t:|1746069389\n|move|p2a: The Stash|Follow Me|p2a: The Stash\n|-singleturn|p2a: The Stash|move: Follow Me\n|move|p1a: Big Burger|Dark Pulse|p2a: The Stash\n|-damage|p2a: The Stash|42/100\n|-damage|p1a: Big Burger|91/100|[from] item: Life Orb\n|move|p1b: Smegma|Spore|p2a: The Stash\n|-immune|p2a: The Stash\n|move|p2b: FLINT & STEEL|Parting Shot|p1a: Big Burger\n|-unboost|p1a: Big Burger|atk|1\n|-unboost|p1a: Big Burger|spa|1\n|\n|t:|1746069398\n|switch|p2b: Shadow Jockey|Calyrex-Shadow, L50|100/100|[from] Parting Shot\n|-ability|p2b: Shadow Jockey|As One\n|-ability|p2b: Shadow Jockey|Unnerve\n|\n|upkeep\n|turn|3\n|\n|t:|1746069415\n|move|p2b: Shadow Jockey|Protect|p2b: Shadow Jockey\n|-singleturn|p2b: Shadow Jockey|Protect\n|move|p2a: The Stash|Spiky Shield|p2a: The Stash\n|-singleturn|p2a: The Stash|move: Protect\n|move|p1a: Big Burger|Draco Meteor|p2a: The Stash\n|-activate|p2a: The Stash|move: Protect\n|move|p1b: Smegma|Spore|p2b: Shadow Jockey\n|-activate|p2b: Shadow Jockey|move: Protect\n|\n|upkeep\n|turn|4\n|\n|t:|1746069432\n|move|p1a: Big Burger|Protect|p1a: Big Burger\n|-singleturn|p1a: Big Burger|Protect\n|move|p1b: Smegma|Protect|p1b: Smegma\n|-singleturn|p1b: Smegma|Protect\n|move|p2a: The Stash|Follow Me|p2a: The Stash\n|-singleturn|p2a: The Stash|move: Follow Me\n|move|p2b: Shadow Jockey|Disable|p1b: Smegma\n|-activate|p1b: Smegma|move: Protect\n|\n|-sideend|p1: SpecialOnion|move: Tailwind\n|upkeep\n|turn|5\n|\n|t:|1746069453\n|move|p1b: Smegma|Rage Powder|p1b: Smegma\n|-singleturn|p1b: Smegma|move: Rage Powder\n|move|p2b: Shadow Jockey|Astral Barrage|p1b: Smegma|[spread] p1a,p1b\n|-resisted|p1a: Big Burger\n|-crit|p1a: Big Burger\n|-damage|p1a: Big Burger|50/100\n|-damage|p1b: Smegma|29/100\n|move|p2a: The Stash|Ivy Cudgel|p1a: Big Burger|[anim] Ivy Cudgel Rock\n|-damage|p1a: Big Burger|0 fnt\n|faint|p1a: Big Burger\n|\n|upkeep\n|\n|t:|1746069466\n|switch|p1a: Lizard Prodge|Koraidon, L50|100/100\n|-weather|SunnyDay|[from] ability: Orichalcum Pulse|[of] p1a: Lizard Prodge\n|-activate|p1a: Lizard Prodge|Orichalcum Pulse|[source]\n|turn|6\n|\n|t:|1746069481\n|move|p2a: The Stash|Follow Me|p2a: The Stash\n|-singleturn|p2a: The Stash|move: Follow Me\n|move|p2b: Shadow Jockey|Astral Barrage|p1a: Lizard Prodge|[spread] p1a,p1b\n|-damage|p1a: Lizard Prodge|54/100\n|-damage|p1b: Smegma|0 fnt\n|faint|p1b: Smegma\n|-ability|p2b: Shadow Jockey|Grim Neigh|boost\n|-boost|p2b: Shadow Jockey|spa|1\n|move|p1a: Lizard Prodge|U-turn|p2a: The Stash\n|-supereffective|p2a: The Stash\n|-damage|p2a: The Stash|0 fnt\n|faint|p2a: The Stash\n|\n|t:|1746069494\n|switch|p1a: Dawg|Incineroar, L50, M, shiny|100/100|[from] U-turn\n|-ability|p1a: Dawg|Intimidate|boost\n|-unboost|p2b: Shadow Jockey|atk|1\n|\n|-weather|SunnyDay|[upkeep]\n|upkeep\n|\n|t:|1746069504\n|switch|p2a: Full Set|Terapagos, L50, M|100/100\n|switch|p1b: Lizard Prodge|Koraidon, L50|54/100\n|-activate|p2a: Full Set|ability: Tera Shift\n|detailschange|p2a: Full Set|Terapagos-Terastal, L50, M\n|-heal|p2a: Full Set|100/100|[silent]\n|-activate|p1b: Lizard Prodge|ability: Orichalcum Pulse\n|turn|7\n|inactive|SpecialOnion has 30 seconds left.\n|inactive|SpecialOnion has 20 seconds left.\n|inactive|SpecialOnion has 15 seconds left.\n|inactive|SpecialOnion has 10 seconds left.\n|\n|t:|1746069552\n|-terastallize|p2a: Full Set|Stellar\n|detailschange|p2a: Full Set|Terapagos-Stellar, L50, M, tera:Stellar\n|-heal|p2a: Full Set|100/100|[silent]\n|-ability|p2a: Full Set|Teraform Zero\n|-weather|none\n|move|p2b: Shadow Jockey|Protect|p2b: Shadow Jockey\n|-singleturn|p2b: Shadow Jockey|Protect\n|move|p2a: Full Set|Protect|p2a: Full Set\n|-singleturn|p2a: Full Set|Protect\n|move|p1a: Dawg|Fake Out|p2a: Full Set\n|-activate|p2a: Full Set|move: Protect\n|move|p1b: Lizard Prodge|Dragon Claw|p2b: Shadow Jockey\n|-activate|p2b: Shadow Jockey|move: Protect\n|\n|upkeep\n|turn|8\n|\n|t:|1746069576\n|move|p2b: Shadow Jockey|Astral Barrage|p1b: Lizard Prodge|[spread] p1a,p1b\n|-resisted|p1a: Dawg\n|-damage|p1a: Dawg|71/100\n|-damage|p1b: Lizard Prodge|0 fnt\n|faint|p1b: Lizard Prodge\n|-ability|p2b: Shadow Jockey|Grim Neigh|boost\n|-boost|p2b: Shadow Jockey|spa|1\n|move|p2a: Full Set|Earth Power|p1a: Dawg\n|-supereffective|p1a: Dawg\n|-damage|p1a: Dawg|12/100\n|move|p1a: Dawg|Knock Off|p2b: Shadow Jockey\n|-supereffective|p2b: Shadow Jockey\n|-enditem|p2b: Shadow Jockey|Focus Sash\n|-damage|p2b: Shadow Jockey|1/100\n|\n|upkeep\n|turn|9\n|c|\u2606GforGamer|gg\n|\n|t:|1746069592\n|move|p2b: Shadow Jockey|Disable|p1a: Dawg\n|-start|p1a: Dawg|Disable|Knock Off\n|move|p2a: Full Set|Tera Starstorm|p1a: Dawg\n|-damage|p1a: Dawg|0 fnt\n|faint|p1a: Dawg\n|\n|win|GforGamer\n||SpecialOnion is ready for game 2.\n||GforGamer is ready for game 2.\n|uhtml|next|Next: <a href=\"/battle-gen9vgc2025regibo3-2354422940\"><strong>Game 2 of 3</strong></a>\n|l|\u2606SpecialOnion\n|player|p1|\n|l|\u2606GforGamer\n|player|p2|\n", "uploadtime": 1746069859, "views": 7, "formatid": "gen9vgc2025regibo3", "rating": null, "private": 0, "password": null}