{"id": "gen9vgc2025regibo3-2354554888", "format": "[Gen 9] VGC 2025 Reg I (Bo3)", "players": ["PokemonmasterN2009", "monouber shit"], "log": "|j|\u2606PokemonmasterN2009\n|j|\u2606monouber shit\n|html|<table width=\"100%\"><tr><td align=\"left\">PokemonmasterN2009</td><td align=\"right\">monouber shit</tr><tr><td align=\"left\"><i class=\"fa fa-circle-o\"></i> <i class=\"fa fa-circle-o\"></i> </td><td align=\"right\"><i class=\"fa fa-circle-o\"></i> <i class=\"fa fa-circle-o\"></i> </tr></table>\n|uhtml|bestof|<h2><strong>Game 1</strong> of <a href=\"/game-bestof3-gen9vgc2025regibo3-2354554887\">a best-of-3</a></h2>\n|t:|1746093516\n|gametype|doubles\n|player|p1|PokemonmasterN2009|steven|1207\n|player|p2|monouber shit|blue|1325\n|teamsize|p1|6\n|teamsize|p2|6\n|gen|9\n|tier|[Gen 9] VGC 2025 Reg I (Bo3)\n|rated|\n|rule|Species Clause: Limit one of each Pok\u00e9mon\n|rule|Item Clause: Limit 1 of each item\n|clearpoke\n|poke|p1|Calyrex-Ice, L50|\n|poke|p1|Smeargle, L50, M|\n|poke|p1|Farigiraf, L50, M|\n|poke|p1|Ursaluna, L50, M|\n|poke|p1|Miraidon, L50|\n|poke|p1|Iron Hands, L50|\n|poke|p2|Kyogre, L50|\n|poke|p2|Miraidon, L50|\n|poke|p2|Tornadus, L50, M|\n|poke|p2|Urshifu-*, L50, M|\n|poke|p2|Tsareena, L50, F|\n|poke|p2|Incineroar, L50, M|\n|teampreview|4\n|showteam|p1|Calyrex-Ice||ClearAmulet|AsOneGlastrier|TrickRoom,GlacialLance,HighHorsepower,Protect||||||50|,,,,,Fire]Smeargle||FocusSash|OwnTempo|Spore,FollowMe,WideGuard,Decorate|||M|||50|,,,,,Grass]Farigiraf||ElectricSeed|ArmorTail|Psychic,FoulPlay,TrickRoom,HelpingHand|||M|||50|,,,,,Water]Ursaluna||FlameOrb|Guts|Facade,HeadlongRush,Earthquake,Protect|||M|||50|,,,,,Ghost]Miraidon||ChoiceSpecs|HadronEngine|ElectroDrift,DracoMeteor,VoltSwitch,DazzlingGleam||||||50|,,,,,Fairy]Iron Hands||AssaultVest|QuarkDrive|DrainPunch,LowKick,WildCharge,FakeOut||||||50|,,,,,Water\n|showteam|p2|Kyogre||MysticWater|Drizzle|WaterSpout,OriginPulse,IceBeam,Protect||||||50|,,,,,Grass]Miraidon||ChoiceSpecs|HadronEngine|ElectroDrift,VoltSwitch,DracoMeteor,DazzlingGleam||||||50|,,,,,Fairy]Tornadus||CovertCloak|Prankster|BleakwindStorm,Tailwind,RainDance,Taunt|||M|||50|,,,,,Dark]Urshifu-Rapid-Strike||FocusSash|UnseenFist|SurgingStrikes,CloseCombat,AquaJet,Protect|||M|||50|,,,,,Ghost]Tsareena||AssaultVest|QueenlyMajesty|PowerWhip,KnockOff,TripleAxel,Uturn|||F|||50|,,,,,Flying]Incineroar||SitrusBerry|Intimidate|KnockOff,FakeOut,PartingShot,Taunt|||M|||50|,,,,,Ghost\n|inactive|Battle timer is ON: inactive players will automatically lose when time's up. (requested by PokemonmasterN2009)\n|inactive|PokemonmasterN2009 has 60 seconds left.\n|inactive|monouber shit has 60 seconds left.\n|\n|t:|1746093551\n|start\n|switch|p1a: Smeargle|Smeargle, L50, M, shiny|100/100\n|switch|p1b: Calyrex|Calyrex-Ice, L50|100/100\n|switch|p2a: Miraidon|Miraidon, L50|100/100\n|switch|p2b: Tornadus|Tornadus, L50, M|100/100\n|-ability|p1b: Calyrex|As One\n|-ability|p1b: Calyrex|Unnerve\n|-fieldstart|move: Electric Terrain|[from] ability: Hadron Engine|[of] p2a: Miraidon\n|turn|1\n|\n|t:|1746093560\n|move|p1a: Smeargle|Follow Me|p1a: Smeargle\n|-singleturn|p1a: Smeargle|move: Follow Me\n|move|p2b: Tornadus|Taunt|p1a: Smeargle\n|-start|p1a: Smeargle|move: Taunt\n|move|p2a: Miraidon|Volt Switch|p1a: Smeargle\n|-enditem|p1a: Smeargle|Focus Sash\n|-damage|p1a: Smeargle|1/100\n|\n|t:|1746093566\n|switch|p2a: Kyogre|Kyogre, L50|100/100|[from] Volt Switch\n|-weather|RainDance|[from] ability: Drizzle|[of] p2a: Kyogre\n|move|p1b: Calyrex|Trick Room|p1b: Calyrex\n|-fieldstart|move: Trick Room|[of] p1b: Calyrex\n|\n|-weather|RainDance|[upkeep]\n|upkeep\n|turn|2\n|\n|t:|1746093576\n|switch|p1a: mythicdreamr|Farigiraf, L50, M, shiny|100/100\n|-enditem|p1a: mythicdreamr|Electric Seed\n|-boost|p1a: mythicdreamr|def|1|[from] item: Electric Seed\n|switch|p2b: Urshifu|Urshifu-Rapid-Strike, L50, M|100/100\n|move|p1b: Calyrex|Glacial Lance|p2b: Urshifu|[spread] p2a,p2b\n|-resisted|p2a: Kyogre\n|-resisted|p2b: Urshifu\n|-damage|p2a: Kyogre|70/100\n|-damage|p2b: Urshifu|69/100\n|move|p2a: Kyogre|Water Spout|p1a: mythicdreamr|[spread] p1a,p1b\n|-damage|p1a: mythicdreamr|20/100\n|-damage|p1b: Calyrex|39/100\n|\n|-weather|RainDance|[upkeep]\n|upkeep\n|turn|3\n|\n|t:|1746093593\n|move|p1a: mythicdreamr|Helping Hand|p1b: Calyrex\n|-singleturn|p1b: Calyrex|Helping Hand|[of] p1a: mythicdreamr\n|move|p2b: Urshifu|Protect|p2b: Urshifu\n|-singleturn|p2b: Urshifu|Protect\n|move|p1b: Calyrex|Glacial Lance|p2b: Urshifu|[spread] p2a\n|-activate|p2b: Urshifu|move: Protect\n|-resisted|p2a: Kyogre\n|-damage|p2a: Kyogre|24/100\n|move|p2a: Kyogre|Origin Pulse|p1a: mythicdreamr|[spread] \n|-miss|p2a: Kyogre|p1a: mythicdreamr\n|-miss|p2a: Kyogre|p1b: Calyrex\n|\n|-weather|RainDance|[upkeep]\n|upkeep\n|turn|4\n|c|\u2606monouber shit|...\n|c|\u2606PokemonmasterN2009|....\n|inactive|monouber shit has 30 seconds left.\n|inactive|monouber shit has 20 seconds left.\n|\n|t:|1746093633\n|switch|p2b: Tornadus|Tornadus, L50, M|100/100\n|move|p2a: Kyogre|Protect|p2a: Kyogre\n|-singleturn|p2a: Kyogre|Protect\n|move|p1b: Calyrex|Glacial Lance|p2a: Kyogre|[spread] p2b\n|-activate|p2a: Kyogre|move: Protect\n|-supereffective|p2b: Tornadus\n|-crit|p2b: Tornadus\n|-damage|p2b: Tornadus|0 fnt\n|faint|p2b: Tornadus\n|-ability|p1b: Calyrex|Chilling Neigh|boost\n|-boost|p1b: Calyrex|atk|1\n|move|p1a: mythicdreamr|Psychic|p2a: Kyogre\n|-activate|p2a: Kyogre|move: Protect\n|\n|-weather|RainDance|[upkeep]\n|upkeep\n|\n|t:|1746093635\n|switch|p2b: Urshifu|Urshifu-Rapid-Strike, L50, M|69/100\n|turn|5\n|\n|t:|1746093648\n|switch|p1a: Smeargle|Smeargle, L50, M, shiny|1/100\n|move|p2a: Kyogre|Protect||[still]\n|-fail|p2a: Kyogre\n|move|p2b: Urshifu|Protect|p2b: Urshifu\n|-singleturn|p2b: Urshifu|Protect\n|move|p1b: Calyrex|Glacial Lance|p2b: Urshifu|[spread] p2a\n|-activate|p2b: Urshifu|move: Protect\n|-resisted|p2a: Kyogre\n|-damage|p2a: Kyogre|0 fnt\n|faint|p2a: Kyogre\n|-ability|p1b: Calyrex|Chilling Neigh|boost\n|-boost|p1b: Calyrex|atk|1\n|\n|-weather|none\n|-fieldend|move: Trick Room\n|-fieldend|move: Electric Terrain\n|upkeep\n|\n|t:|1746093650\n|switch|p2a: Miraidon|Miraidon, L50|100/100\n|-fieldstart|move: Electric Terrain|[from] ability: Hadron Engine|[of] p2a: Miraidon\n|turn|6\n|\n|t:|1746093667\n|move|p1a: Smeargle|Follow Me|p1a: Smeargle\n|-singleturn|p1a: Smeargle|move: Follow Me\n|move|p2a: Miraidon|Dazzling Gleam|p1b: Calyrex|[spread] p1a,p1b\n|-damage|p1a: Smeargle|0 fnt\n|-damage|p1b: Calyrex|11/100\n|faint|p1a: Smeargle\n|move|p2b: Urshifu|Surging Strikes|p1b: Calyrex\n|-crit|p1b: Calyrex\n|-damage|p1b: Calyrex|0 fnt\n|faint|p1b: Calyrex\n|-hitcount|p1: Calyrex|1\n|\n|upkeep\n|\n|t:|1746093672\n|switch|p1a: Ursaluna|Ursaluna, L50, M, shiny|100/100\n|switch|p1b: mythicdreamr|Farigiraf, L50, M, shiny|20/100\n|turn|7\n|\n|t:|1746093681\n|-terastallize|p2a: Miraidon|Fairy\n|-terastallize|p1a: Ursaluna|Ghost\n|move|p2a: Miraidon|Dazzling Gleam|p1b: mythicdreamr|[spread] p1a,p1b\n|-damage|p1a: Ursaluna|44/100\n|-damage|p1b: mythicdreamr|0 fnt\n|faint|p1b: mythicdreamr\n|move|p2b: Urshifu|Surging Strikes|p1a: Ursaluna\n|-crit|p1a: Ursaluna\n|-damage|p1a: Ursaluna|28/100\n|-crit|p1a: Ursaluna\n|-damage|p1a: Ursaluna|12/100\n|-crit|p1a: Ursaluna\n|-damage|p1a: Ursaluna|0 fnt\n|faint|p1a: Ursaluna\n|-hitcount|p1: Ursaluna|3\n|\n|win|monouber shit\n||monouber shit is ready for game 2.\n||PokemonmasterN2009 is ready for game 2.\n|uhtml|next|Next: <a href=\"/battle-gen9vgc2025regibo3-2354555775\"><strong>Game 2 of 3</strong></a>\n|l|\u2606PokemonmasterN2009\n|player|p1|\n|l|\u2606monouber shit\n|player|p2|\n", "uploadtime": 1746094024, "views": 12, "formatid": "gen9vgc2025regibo3", "rating": null, "private": 0, "password": null}