{"id": "gen9vgc2025regibo3-2354360343", "format": "[Gen 9] VGC 2025 Reg I (Bo3)", "players": ["galaxymaster008", "HAVEATYOU"], "log": "|j|\u2606galaxymaster008\n|j|\u2606HAVEATYOU\n|html|<table width=\"100%\"><tr><td align=\"left\">galaxymaster008</td><td align=\"right\">HAVEATYOU</tr><tr><td align=\"left\"><i class=\"fa fa-circle-o\"></i> <i class=\"fa fa-circle-o\"></i> </td><td align=\"right\"><i class=\"fa fa-circle-o\"></i> <i class=\"fa fa-circle-o\"></i> </tr></table>\n|uhtml|bestof|<h2><strong>Game 1</strong> of <a href=\"/game-bestof3-gen9vgc2025regibo3-2354360342\">a best-of-3</a></h2>\n|t:|1746061806\n|gametype|doubles\n|player|p1|galaxymaster008|rocketgrunt|\n|player|p2|HAVEATYOU|hilbert|\n|teamsize|p1|6\n|teamsize|p2|6\n|gen|9\n|tier|[Gen 9] VGC 2025 Reg I (Bo3)\n|rule|Species Clause: Limit one of each Pok\u00e9mon\n|rule|Item Clause: Limit 1 of each item\n|clearpoke\n|poke|p1|Necrozma-Dusk-Mane, L50|\n|poke|p1|Hatterene, L50, F|\n|poke|p1|Torkoal, L50, F|\n|poke|p1|Garganacl, L50, F|\n|poke|p1|Swampert, L50, F|\n|poke|p1|Appletun, L50, M|\n|poke|p2|Terapagos, L50, M|\n|poke|p2|Kingambit, L50, F|\n|poke|p2|Talonflame, L50, M|\n|poke|p2|Iron Hands, L50|\n|poke|p2|Miraidon, L50|\n|poke|p2|Ogerpon-Wellspring, L50, F|\n|teampreview|4\n|showteam|p1|Necrozma-Dusk-Mane||IronBall|PrismArmor|SunsteelStrike,SwordsDance,PhotonGeyser,Fling||||||50|,,,,,Psychic]Hatterene||WeaknessPolicy|MagicBounce|TrickRoom,CalmMind,BatonPass,DrainingKiss|||F|||50|,,,,,Normal]Torkoal|||Drought|Eruption,Protect,WillOWisp,EarthPower|||F|||50|,,,,,Fire]Garganacl||Leftovers|PurifyingSalt|SaltCure,Protect,Recover,ZenHeadbutt|||F|||50|,,,,,Psychic]Swampert||AssaultVest|Torrent|Avalanche,Liquidation,HighHorsepower,Outrage|||F|||50|,,,,,Water]Appletun||AguavBerry|Ripen|AppleAcid,Recover,DracoMeteor,Growth|||M|||50|,,,,,Grass\n|showteam|p2|Terapagos||PowerHerb|TeraShift|MeteorBeam,TeraStarstorm,CalmMind,Protect|||M|||50|,,,,,Stellar]Kingambit||FocusSash|Defiant|KowtowCleave,SuckerPunch,BrickBreak,Protect|||F|||50|,,,,,Ghost]Talonflame||SharpBeak|GaleWings|Tailwind,BraveBird,FlareBlitz,Protect|||M|||50|,,,,,Steel]Iron Hands||AssaultVest|QuarkDrive|FakeOut,DrainPunch,CloseCombat,Earthquake||||||50|,,,,,Fighting]Miraidon||LifeOrb|HadronEngine|VoltSwitch,Protect,DazzlingGleam,DracoMeteor||||||50|,,,,,Fairy]Ogerpon-Wellspring||WellspringMask|WaterAbsorb|FollowMe,IvyCudgel,SpikyShield,HelpingHand|||F|||50|,,,,,Water\n|inactive|Battle timer is ON: inactive players will automatically lose when time's up. (requested by HAVEATYOU)\n|\n|t:|1746061824\n|start\n|switch|p1a: Hatterene|Hatterene, L50, F|100/100\n|switch|p1b: Torkoal|Torkoal, L50, F|100/100\n|switch|p2a: Talonflame|Talonflame, L50, M|100/100\n|switch|p2b: Miraidon|Miraidon, L50|100/100\n|-fieldstart|move: Electric Terrain|[from] ability: Hadron Engine|[of] p2b: Miraidon\n|-weather|SunnyDay|[from] ability: Drought|[of] p1b: Torkoal\n|turn|1\n|inactive|galaxymaster008 has 30 seconds left.\n|inactive|HAVEATYOU has 30 seconds left.\n|\n|t:|1746061854\n|move|p2a: Talonflame|Brave Bird|p1a: Hatterene\n|-damage|p1a: Hatterene|58/100\n|-damage|p2a: Talonflame|87/100|[from] Recoil\n|move|p2b: Miraidon|Draco Meteor|p1b: Torkoal\n|-damage|p1b: Torkoal|0 fnt\n|-unboost|p2b: Miraidon|spa|2\n|faint|p1b: Torkoal\n|-damage|p2b: Miraidon|91/100|[from] item: Life Orb\n|move|p1a: Hatterene|Trick Room|p1a: Hatterene\n|-fieldstart|move: Trick Room|[of] p1a: Hatterene\n|\n|-weather|SunnyDay|[upkeep]\n|upkeep\n|\n|t:|1746061868\n|switch|p1b: Swampert|Swampert, L50, F|100/100\n|turn|2\n|\n|t:|1746061888\n|switch|p2b: Ogerpon|Ogerpon-Wellspring, L50, F|100/100\n|move|p1a: Hatterene|Draining Kiss|p2b: Ogerpon\n|-damage|p2b: Ogerpon|80/100\n|-heal|p1a: Hatterene|76/100|[from] drain|[of] p2b: Ogerpon\n|move|p1b: Swampert|Liquidation|p2a: Talonflame\n|-supereffective|p2a: Talonflame\n|-damage|p2a: Talonflame|22/100\n|-unboost|p2a: Talonflame|def|1\n|move|p2a: Talonflame|Brave Bird|p1b: Swampert\n|-damage|p1b: Swampert|55/100\n|-damage|p2a: Talonflame|4/100|[from] Recoil\n|\n|-weather|SunnyDay|[upkeep]\n|upkeep\n|turn|3\n|inactive|galaxymaster008 has 30 seconds left.\n|inactive|HAVEATYOU has 30 seconds left.\n|\n|t:|1746061917\n|move|p2b: Ogerpon|Follow Me|p2b: Ogerpon\n|-singleturn|p2b: Ogerpon|move: Follow Me\n|move|p1a: Hatterene|Draining Kiss|p2b: Ogerpon\n|-damage|p2b: Ogerpon|60/100\n|-heal|p1a: Hatterene|93/100|[from] drain|[of] p2b: Ogerpon\n|move|p1b: Swampert|Outrage|p2b: Ogerpon\n|-damage|p2b: Ogerpon|17/100\n|move|p2a: Talonflame|Brave Bird|p1b: Swampert\n|-damage|p1b: Swampert|13/100\n|-damage|p2a: Talonflame|0 fnt|[from] Recoil\n|faint|p2a: Talonflame\n|\n|-weather|SunnyDay|[upkeep]\n|upkeep\n|\n|t:|1746061934\n|switch|p2a: Iron Hands|Iron Hands, L50|100/100\n|-activate|p2a: Iron Hands|ability: Quark Drive\n|-start|p2a: Iron Hands|quarkdriveatk\n|turn|4\n|\n|t:|1746061950\n|move|p2a: Iron Hands|Fake Out|p1b: Swampert\n|-damage|p1b: Swampert|0 fnt\n|faint|p1b: Swampert\n|move|p1a: Hatterene|Draining Kiss|p2a: Iron Hands\n|-supereffective|p2a: Iron Hands\n|-damage|p2a: Iron Hands|73/100\n|-heal|p1a: Hatterene|100/100|[from] drain|[of] p2a: Iron Hands\n|move|p2b: Ogerpon|Ivy Cudgel|p1a: Hatterene|[anim] Ivy Cudgel Water\n|-damage|p1a: Hatterene|77/100\n|\n|-weather|SunnyDay|[upkeep]\n|upkeep\n|\n|t:|1746061956\n|switch|p1b: Garganacl|Garganacl, L50, F|100/100\n|turn|5\n|\n|t:|1746061976\n|-terastallize|p1b: Garganacl|Psychic\n|-terastallize|p2a: Iron Hands|Fighting\n|move|p2b: Ogerpon|Spiky Shield|p2b: Ogerpon\n|-singleturn|p2b: Ogerpon|move: Protect\n|move|p1a: Hatterene|Draining Kiss|p2a: Iron Hands\n|-supereffective|p2a: Iron Hands\n|-damage|p2a: Iron Hands|43/100\n|-heal|p1a: Hatterene|100/100|[from] drain|[of] p2a: Iron Hands\n|move|p1b: Garganacl|Zen Headbutt|p2a: Iron Hands\n|-supereffective|p2a: Iron Hands\n|-damage|p2a: Iron Hands|13/100\n|cant|p2a: Iron Hands|flinch\n|\n|-weather|none\n|-fieldend|move: Trick Room\n|-fieldend|move: Electric Terrain\n|-end|p2a: Iron Hands|Quark Drive\n|upkeep\n|turn|6\n|inactive|HAVEATYOU has 30 seconds left.\n|\n|t:|1746062008\n|move|p1b: Garganacl|Protect|p1b: Garganacl\n|-singleturn|p1b: Garganacl|Protect\n|move|p2b: Ogerpon|Ivy Cudgel|p1b: Garganacl|[anim] Ivy Cudgel Water\n|-activate|p1b: Garganacl|move: Protect\n|move|p2a: Iron Hands|Close Combat|p1b: Garganacl\n|-activate|p1b: Garganacl|move: Protect\n|move|p1a: Hatterene|Calm Mind|p1a: Hatterene\n|-boost|p1a: Hatterene|spa|1\n|-boost|p1a: Hatterene|spd|1\n|\n|upkeep\n|turn|7\n|\n|t:|1746062030\n|move|p2b: Ogerpon|Ivy Cudgel|p1b: Garganacl|[anim] Ivy Cudgel Water\n|-damage|p1b: Garganacl|74/100\n|move|p2a: Iron Hands|Earthquake|p1a: Hatterene|[spread] p2b,p1a,p1b\n|-resisted|p2b: Ogerpon\n|-damage|p2b: Ogerpon|3/100\n|-damage|p1a: Hatterene|72/100\n|-damage|p1b: Garganacl|59/100\n|move|p1b: Garganacl|Zen Headbutt|p2a: Iron Hands\n|-supereffective|p2a: Iron Hands\n|-damage|p2a: Iron Hands|0 fnt\n|faint|p2a: Iron Hands\n|-end|p2a: Iron Hands|Quark Drive|[silent]\n|move|p1a: Hatterene|Trick Room|p1a: Hatterene\n|-fieldstart|move: Trick Room|[of] p1a: Hatterene\n|\n|-heal|p1b: Garganacl|65/100|[from] item: Leftovers\n|upkeep\n|\n|t:|1746062042\n|switch|p2a: Miraidon|Miraidon, L50|91/100\n|-fieldstart|move: Electric Terrain|[from] ability: Hadron Engine|[of] p2a: Miraidon\n|turn|8\n|\n|t:|1746062053\n|move|p2b: Ogerpon|Helping Hand|p2a: Miraidon\n|-singleturn|p2a: Miraidon|Helping Hand|[of] p2b: Ogerpon\n|move|p1a: Hatterene|Draining Kiss|p2a: Miraidon\n|-supereffective|p2a: Miraidon\n|-damage|p2a: Miraidon|33/100\n|-heal|p1a: Hatterene|100/100|[from] drain|[of] p2a: Miraidon\n|move|p1b: Garganacl|Zen Headbutt|p2b: Ogerpon\n|-damage|p2b: Ogerpon|0 fnt\n|faint|p2b: Ogerpon\n|move|p2a: Miraidon|Volt Switch|p1b: Garganacl\n|-damage|p1b: Garganacl|0 fnt\n|faint|p1b: Garganacl\n|-damage|p2a: Miraidon|23/100|[from] item: Life Orb\n|\n|upkeep\n|turn|9\n|inactive|galaxymaster008 has 30 seconds left.\n|inactive|HAVEATYOU has 30 seconds left.\n|\n|t:|1746062082\n|move|p1a: Hatterene|Draining Kiss|p2a: Miraidon\n|-supereffective|p2a: Miraidon\n|-damage|p2a: Miraidon|0 fnt\n|faint|p2a: Miraidon\n|\n|win|galaxymaster008\n||HAVEATYOU is ready for game 2.\n|l|\u2606galaxymaster008\n|player|p1|\n|inactive|galaxymaster008 has 30 seconds to confirm battle start!\n|l|\u2606HAVEATYOU\n|player|p2|\n|inactive|galaxymaster008 has 20 seconds to confirm battle start!\n", "uploadtime": 1746062462, "views": 8, "formatid": "gen9vgc2025regibo3", "rating": null, "private": 0, "password": null}