{"id": "gen9vgc2025regibo3-2353447632", "format": "[Gen 9] VGC 2025 Reg I (Bo3)", "players": ["miniat", "wodeaima"], "log": "|j|\u2606miniat\n|j|\u2606wodeaima\n|html|<table width=\"100%\"><tr><td align=\"left\">miniat</td><td align=\"right\">wodeaima</tr><tr><td align=\"left\"><i class=\"fa fa-circle-o\"></i> <i class=\"fa fa-circle-o\"></i> </td><td align=\"right\"><i class=\"fa fa-circle-o\"></i> <i class=\"fa fa-circle\"></i> </tr></table>\n|uhtml|bestof|<h2><strong>Game 2</strong> of <a href=\"/game-bestof3-gen9vgc2025regibo3-2353445204\">a best-of-3</a></h2>\n|t:|1745956802\n|gametype|doubles\n|player|p1|miniat|cress|1277\n|player|p2|wodeaima|102|1202\n|teamsize|p1|6\n|teamsize|p2|6\n|gen|9\n|tier|[Gen 9] VGC 2025 Reg I (Bo3)\n|rated|\n|rule|Species Clause: Limit one of each Pok\u00e9mon\n|rule|Item Clause: Limit 1 of each item\n|clearpoke\n|poke|p1|Lunala, L50|\n|poke|p1|Groudon, L50|\n|poke|p1|Jumpluff, L50, M|\n|poke|p1|Indeedee-F, L50, F|\n|poke|p1|Ogerpon-Hearthflame, L50, F|\n|poke|p1|Walking Wake, L50|\n|poke|p2|Zamazenta-*, L50|\n|poke|p2|Calyrex-Shadow, L50|\n|poke|p2|Rillaboom, L50, F|\n|poke|p2|Chien-Pao, L50|\n|poke|p2|Raging Bolt, L50|\n|poke|p2|Urshifu-*, L50, F|\n|teampreview|4\n|showteam|p1|Lunala||PowerHerb|ShadowShield|MeteorBeam,ExpandingForce,TrickRoom,MoongeistBeam||||||50|,,,,,Water]Groudon||ClearAmulet|Drought|HighHorsepower,PrecipiceBlades,HeatCrash,Protect||||||50|,,,,,Fire]Jumpluff||CovertCloak|Chlorophyll|Tailwind,Encore,SleepPowder,RagePowder|||M|||50|,,,,,Dark]Indeedee-F||PsychicSeed|PsychicSurge|TrickRoom,FollowMe,HelpingHand,AlluringVoice|||F|||50|,,,,,Fairy]Ogerpon-Hearthflame||HearthflameMask|MoldBreaker|IvyCudgel,FollowMe,WoodHammer,SpikyShield|||F|||50|,,,,,Fire]Walking Wake||LifeOrb|Protosynthesis|HydroSteam,DracoMeteor,Protect,Snarl||||||50|,,,,,Fairy\n|showteam|p2|Zamazenta-Crowned||RustedShield|DauntlessShield|WideGuard,HeavySlam,BodyPress,Protect||||||50|,,,,,Dragon]Calyrex-Shadow||FocusSash|AsOneSpectrier|AstralBarrage,Encore,Psychic,Protect||||||50|,,,,,Ghost]Rillaboom||AssaultVest|GrassySurge|FakeOut,Uturn,WoodHammer,GrassyGlide|||F|||50|,,,,,Fire]Chien-Pao||CovertCloak|SwordofRuin|IcicleCrash,Taunt,SuckerPunch,Protect||||||50|,,,,,Poison]Raging Bolt||LifeOrb|Protosynthesis|Thunderbolt,Thunderclap,DracoMeteor,Protect||||||50|,,,,,Electric]Urshifu-Rapid-Strike||ChoiceScarf|UnseenFist|SurgingStrikes,CloseCombat,Uturn,AquaJet|||F|||50|,,,,,Ghost\n|\n|t:|1745956830\n|start\n|switch|p1a: Groudon|Groudon, L50|100/100\n|switch|p1b: Jumpluff|Jumpluff, L50, M|100/100\n|switch|p2a: Chien-Pao|Chien-Pao, L50|100/100\n|switch|p2b: Zamazenta|Zamazenta-Crowned, L50|100/100\n|-ability|p2a: Chien-Pao|Sword of Ruin\n|-ability|p2b: Zamazenta|Dauntless Shield|boost\n|-boost|p2b: Zamazenta|def|1\n|-weather|SunnyDay|[from] ability: Drought|[of] p1a: Groudon\n|turn|1\n|\n|t:|1745956847\n|move|p1b: Jumpluff|Sleep Powder|p2a: Chien-Pao\n|-status|p2a: Chien-Pao|slp|[from] move: Sleep Powder\n|cant|p2a: Chien-Pao|slp\n|move|p2b: Zamazenta|Body Press|p1a: Groudon\n|-damage|p1a: Groudon|36/100\n|move|p1a: Groudon|High Horsepower|p2b: Zamazenta\n|-supereffective|p2b: Zamazenta\n|-damage|p2b: Zamazenta|40/100\n|\n|-weather|SunnyDay|[upkeep]\n|upkeep\n|turn|2\n|\n|t:|1745956862\n|move|p2b: Zamazenta|Protect|p2b: Zamazenta\n|-singleturn|p2b: Zamazenta|Protect\n|move|p1b: Jumpluff|Sleep Powder|p2b: Zamazenta\n|-activate|p2b: Zamazenta|move: Protect\n|-curestatus|p2a: Chien-Pao|slp|[msg]\n|move|p2a: Chien-Pao|Taunt|p1b: Jumpluff\n|-start|p1b: Jumpluff|move: Taunt\n|move|p1a: Groudon|Precipice Blades|p2b: Zamazenta|[spread] p2a\n|-activate|p2b: Zamazenta|move: Protect\n|-damage|p2a: Chien-Pao|20/100\n|\n|-weather|SunnyDay|[upkeep]\n|upkeep\n|turn|3\n|\n|t:|1745956892\n|switch|p1b: Indeedee|Indeedee-F, L50, F|100/100\n|-fieldstart|move: Psychic Terrain|[from] ability: Psychic Surge|[of] p1b: Indeedee\n|-enditem|p1b: Indeedee|Psychic Seed\n|-boost|p1b: Indeedee|spd|1|[from] item: Psychic Seed\n|move|p1a: Groudon|Protect|p1a: Groudon\n|-singleturn|p1a: Groudon|Protect\n|move|p2a: Chien-Pao|Icicle Crash|p1b: Indeedee\n|-damage|p1b: Indeedee|31/100\n|move|p2b: Zamazenta|Body Press|p1b: Indeedee\n|-damage|p1b: Indeedee|0 fnt\n|faint|p1b: Indeedee\n|\n|-weather|SunnyDay|[upkeep]\n|upkeep\n|\n|t:|1745956904\n|switch|p1b: Jumpluff|Jumpluff, L50, M|100/100\n|turn|4\n|\n|t:|1745956971\n|move|p2b: Zamazenta|Wide Guard|p2b: Zamazenta\n|-singleturn|p2b: Zamazenta|Wide Guard\n|move|p1b: Jumpluff|Tailwind|p1b: Jumpluff\n|-sidestart|p1: miniat|move: Tailwind\n|move|p1a: Groudon|Precipice Blades|p2b: Zamazenta|[spread] \n|-activate|p2a: Chien-Pao|move: Wide Guard\n|-activate|p2b: Zamazenta|move: Wide Guard\n|move|p2a: Chien-Pao|Icicle Crash|p1a: Groudon\n|-supereffective|p1a: Groudon\n|-damage|p1a: Groudon|0 fnt\n|faint|p1a: Groudon\n|\n|-weather|SunnyDay|[upkeep]\n|upkeep\n|\n|t:|1745956974\n|switch|p1a: Walking Wake|Walking Wake, L50|100/100\n|-activate|p1a: Walking Wake|ability: Protosynthesis\n|-start|p1a: Walking Wake|protosynthesisspe\n|turn|5\n|\n|t:|1745957006\n|move|p2a: Chien-Pao|Protect|p2a: Chien-Pao\n|-singleturn|p2a: Chien-Pao|Protect\n|move|p2b: Zamazenta|Protect||[still]\n|-fail|p2b: Zamazenta\n|move|p1b: Jumpluff|Encore|p2b: Zamazenta\n|-start|p2b: Zamazenta|Encore\n|move|p1a: Walking Wake|Hydro Steam|p2a: Chien-Pao\n|-activate|p2a: Chien-Pao|move: Protect\n|\n|-weather|none\n|-end|p1a: Walking Wake|Protosynthesis\n|upkeep\n|turn|6\n|\n|t:|1745957032\n|move|p2b: Zamazenta|Protect|p2b: Zamazenta\n|-singleturn|p2b: Zamazenta|Protect\n|move|p1b: Jumpluff|Sleep Powder|p2a: Chien-Pao\n|-status|p2a: Chien-Pao|slp|[from] move: Sleep Powder\n|move|p1a: Walking Wake|Hydro Steam|p2a: Chien-Pao\n|-damage|p2a: Chien-Pao|0 fnt\n|faint|p2a: Chien-Pao\n|-damage|p1a: Walking Wake|91/100|[from] item: Life Orb\n|\n|upkeep\n|\n|t:|1745957052\n|switch|p2a: Calyrex|Calyrex-Shadow, L50|100/100\n|-ability|p2a: Calyrex|As One\n|-ability|p2a: Calyrex|Unnerve\n|turn|7\n|\n|t:|1745957076\n|switch|p2b: Raging Bolt|Raging Bolt, L50|100/100\n|move|p2a: Calyrex|Protect|p2a: Calyrex\n|-singleturn|p2a: Calyrex|Protect\n|move|p1b: Jumpluff|Sleep Powder|p2a: Calyrex\n|-activate|p2a: Calyrex|move: Protect\n|move|p1a: Walking Wake|Hydro Steam|p2a: Calyrex\n|-activate|p2a: Calyrex|move: Protect\n|\n|-sideend|p1: miniat|move: Tailwind\n|-fieldend|move: Psychic Terrain\n|upkeep\n|turn|8\n|\n|t:|1745957119\n|-terastallize|p1b: Jumpluff|Dark\n|-terastallize|p2b: Raging Bolt|Electric\n|move|p1a: Walking Wake|Protect|p1a: Walking Wake\n|-singleturn|p1a: Walking Wake|Protect\n|move|p2a: Calyrex|Astral Barrage|p1b: Jumpluff|[spread] p1b\n|-activate|p1a: Walking Wake|move: Protect\n|-resisted|p1b: Jumpluff\n|-damage|p1b: Jumpluff|71/100\n|move|p1b: Jumpluff|Tailwind|p1b: Jumpluff\n|-sidestart|p1: miniat|move: Tailwind\n|move|p2b: Raging Bolt|Draco Meteor|p1a: Walking Wake\n|-activate|p1a: Walking Wake|move: Protect\n|\n|upkeep\n|turn|9\n|\n|t:|1745957144\n|move|p2b: Raging Bolt|Thunderclap|p1a: Walking Wake\n|-damage|p1a: Walking Wake|4/100\n|-damage|p2b: Raging Bolt|91/100|[from] item: Life Orb\n|move|p1b: Jumpluff|Sleep Powder|p2b: Raging Bolt|[miss]\n|-miss|p1b: Jumpluff|p2b: Raging Bolt\n|move|p1a: Walking Wake|Snarl|p2a: Calyrex|[spread] p2a,p2b\n|-supereffective|p2a: Calyrex\n|-damage|p2a: Calyrex|24/100\n|-damage|p2b: Raging Bolt|71/100\n|-unboost|p2a: Calyrex|spa|1\n|-unboost|p2b: Raging Bolt|spa|1\n|-damage|p1a: Walking Wake|0 fnt|[from] item: Life Orb\n|faint|p1a: Walking Wake\n|-end|p1a: Walking Wake|Protosynthesis|[silent]\n|move|p2a: Calyrex|Astral Barrage|p1b: Jumpluff\n|-resisted|p1b: Jumpluff\n|-damage|p1b: Jumpluff|44/100\n|\n|upkeep\n|turn|10\n|-message|miniat forfeited.\n|\n|win|wodeaima\n|raw|miniat's rating: 1277 &rarr; <strong>1247</strong><br />(-30 for losing)\n|raw|wodeaima's rating: 1202 &rarr; <strong>1232</strong><br />(+30 for winning)\n|l|\u2606miniat\n|player|p1|\n", "uploadtime": 1745957276, "views": 25, "formatid": "gen9vgc2025regibo3", "rating": 1232, "private": 0, "password": null}