{"id": "gen9vgc2025regibo3-2354154559", "format": "[Gen 9] VGC 2025 Reg I (Bo3)", "players": ["Cosmic1227", "navicorrin"], "log": "|j|\u2606Cosmic1227\n|j|\u2606navicorrin\n|html|<table width=\"100%\"><tr><td align=\"left\">Cosmic1227</td><td align=\"right\">navicorrin</tr><tr><td align=\"left\"><i class=\"fa fa-circle-o\"></i> <i class=\"fa fa-circle-o\"></i> </td><td align=\"right\"><i class=\"fa fa-circle-o\"></i> <i class=\"fa fa-circle-o\"></i> </tr></table>\n|uhtml|bestof|<h2><strong>Game 1</strong> of <a href=\"/game-bestof3-gen9vgc2025regibo3-2354154555\">a best-of-3</a></h2>\n|t:|1746039582\n|gametype|doubles\n|player|p1|Cosmic1227|cynthia-gen4|1062\n|player|p2|navicorrin|rosa|1055\n|teamsize|p1|6\n|teamsize|p2|6\n|gen|9\n|tier|[Gen 9] VGC 2025 Reg I (Bo3)\n|rated|\n|rule|Species Clause: Limit one of each Pok\u00e9mon\n|rule|Item Clause: Limit 1 of each item\n|clearpoke\n|poke|p1|Miraidon, L50|\n|poke|p1|Lunala, L50|\n|poke|p1|Whimsicott, L50, M|\n|poke|p1|Chi-Yu, L50|\n|poke|p1|Urshifu-*, L50, F|\n|poke|p1|Iron Hands, L50|\n|poke|p2|Amoonguss, L50, M|\n|poke|p2|Rillaboom, L50, F|\n|poke|p2|Toxapex, L50, M|\n|poke|p2|Kyogre, L50|\n|poke|p2|Zamazenta-*, L50|\n|poke|p2|Snorlax, L50, M|\n|teampreview|4\n|showteam|p1|Miraidon||ChoiceSpecs|HadronEngine|ElectroDrift,VoltSwitch,DracoMeteor,DazzlingGleam||||||50|,,,,,Fairy]Lunala||ElectricSeed|ShadowShield|MoongeistBeam,Moonblast,WideGuard,TrickRoom||||||50|,,,,,Fairy]Whimsicott||CovertCloak|Prankster|Moonblast,Tailwind,LightScreen,Encore|||M|||50|,,,,,Dark]Chi-Yu||ChoiceScarf|BeadsofRuin|Overheat,DarkPulse,Snarl,HeatWave||||||50|,,,,,Ghost]Urshifu-Rapid-Strike||FocusSash|UnseenFist|SurgingStrikes,CloseCombat,AquaJet,Protect|||F|||50|,,,,,Stellar]Iron Hands||AssaultVest|QuarkDrive|DrainPunch,HeavySlam,LowKick,FakeOut||||||50|,,,,,Bug\n|showteam|p2|Amoonguss||RockyHelmet|Regenerator|PollenPuff,RagePowder,Protect,Spore|||M|||50|,,,,,Dragon]Rillaboom||AssaultVest|GrassySurge|GrassyGlide,Uturn,FakeOut,WoodHammer|||F|||50|,,,,,Water]Toxapex||CovertCloak|Regenerator|Infestation,BanefulBunker,Recover,Toxic|||M|||50|,,,,,Dark]Kyogre||MysticWater|Drizzle|WaterSpout,OriginPulse,Thunder,IceBeam||||||50|,,,,,Grass]Zamazenta-Crowned||RustedShield|DauntlessShield|WideGuard,Protect,BodyPress,behemothbash||||||50|,,,,,Water]Snorlax||AguavBerry|Gluttony|Crunch,Yawn,Protect,DoubleEdge|||M|||50|,,,,,Fairy\n|inactive|Battle timer is ON: inactive players will automatically lose when time's up. (requested by navicorrin)\n|\n|t:|1746039617\n|start\n|switch|p1a: Fire fish|Chi-Yu, L50|100/100\n|switch|p1b: Big boi|Iron Hands, L50, shiny|100/100\n|switch|p2a: Wrathful Orobas|Amoonguss, L50, M, shiny|100/100\n|switch|p2b: TerritorialRotbart|Rillaboom, L50, F, shiny|100/100\n|-ability|p1a: Fire fish|Beads of Ruin\n|-fieldstart|move: Grassy Terrain|[from] ability: Grassy Surge|[of] p2b: TerritorialRotbart\n|turn|1\n|\n|t:|1746039639\n|move|p2b: TerritorialRotbart|Fake Out|p1a: Fire fish\n|-damage|p1a: Fire fish|76/100\n|move|p1b: Big boi|Fake Out|p2a: Wrathful Orobas\n|-damage|p2a: Wrathful Orobas|86/100\n|-damage|p1b: Big boi|84/100|[from] item: Rocky Helmet|[of] p2a: Wrathful Orobas\n|cant|p1a: Fire fish|flinch\n|cant|p2a: Wrathful Orobas|flinch\n|\n|-heal|p1a: Fire fish|82/100|[from] Grassy Terrain\n|-heal|p2a: Wrathful Orobas|92/100|[from] Grassy Terrain\n|-heal|p1b: Big boi|90/100|[from] Grassy Terrain\n|upkeep\n|turn|2\n|\n|t:|1746039662\n|-terastallize|p2a: Wrathful Orobas|Dragon\n|move|p2b: TerritorialRotbart|Grassy Glide|p1b: Big boi\n|-damage|p1b: Big boi|65/100\n|move|p1a: Fire fish|Heat Wave|p2b: TerritorialRotbart|[spread] p2a,p2b\n|-resisted|p2a: Wrathful Orobas\n|-supereffective|p2b: TerritorialRotbart\n|-damage|p2a: Wrathful Orobas|69/100\n|-damage|p2b: TerritorialRotbart|33/100\n|move|p2a: Wrathful Orobas|Spore|p1a: Fire fish\n|-status|p1a: Fire fish|slp|[from] move: Spore\n|move|p1b: Big boi|Drain Punch|p2b: TerritorialRotbart\n|-damage|p2b: TerritorialRotbart|0 fnt\n|-heal|p1b: Big boi|79/100|[from] drain|[of] p2b: TerritorialRotbart\n|faint|p2b: TerritorialRotbart\n|\n|-heal|p1a: Fire fish|88/100 slp|[from] Grassy Terrain\n|-heal|p2a: Wrathful Orobas|75/100|[from] Grassy Terrain\n|-heal|p1b: Big boi|85/100|[from] Grassy Terrain\n|upkeep\n|\n|t:|1746039682\n|switch|p2b: Vengeful Daulton|Kyogre, L50|100/100\n|-weather|RainDance|[from] ability: Drizzle|[of] p2b: Vengeful Daulton\n|turn|3\n|\n|t:|1746039705\n|switch|p1a: Pokemon deleter|Miraidon, L50|100/100\n|-fieldstart|move: Electric Terrain|[from] ability: Hadron Engine|[of] p1a: Pokemon deleter\n|-activate|p1b: Big boi|ability: Quark Drive\n|-start|p1b: Big boi|quarkdriveatk\n|move|p2b: Vengeful Daulton|Water Spout|p1a: Pokemon deleter|[spread] p1a,p1b\n|-resisted|p1a: Pokemon deleter\n|-damage|p1a: Pokemon deleter|48/100\n|-damage|p1b: Big boi|30/100\n|move|p2a: Wrathful Orobas|Spore|p1b: Big boi\n|-activate|p1b: Big boi|move: Electric Terrain\n|move|p1b: Big boi|Low Kick|p2b: Vengeful Daulton\n|-damage|p2b: Vengeful Daulton|0 fnt\n|faint|p2b: Vengeful Daulton\n|\n|-weather|RainDance|[upkeep]\n|upkeep\n|\n|t:|1746039722\n|switch|p2b: Faithful Lancelot|Zamazenta-Crowned, L50|100/100\n|-ability|p2b: Faithful Lancelot|Dauntless Shield|boost\n|-boost|p2b: Faithful Lancelot|def|1\n|turn|4\n|\n|t:|1746039742\n|switch|p1a: Emo|Lunala, L50|100/100\n|-enditem|p1a: Emo|Electric Seed\n|-boost|p1a: Emo|def|1|[from] item: Electric Seed\n|move|p2a: Wrathful Orobas|Rage Powder|p2a: Wrathful Orobas\n|-singleturn|p2a: Wrathful Orobas|move: Rage Powder\n|move|p2b: Faithful Lancelot|Body Press|p1b: Big boi\n|-damage|p1b: Big boi|0 fnt\n|faint|p1b: Big boi\n|-end|p1b: Big boi|Quark Drive|[silent]\n|\n|-weather|RainDance|[upkeep]\n|upkeep\n|\n|t:|1746039748\n|switch|p1b: Fire fish|Chi-Yu, L50|88/100 slp\n|-ability|p1b: Fire fish|Beads of Ruin\n|turn|5\n|\n|t:|1746039758\n|move|p2a: Wrathful Orobas|Rage Powder|p2a: Wrathful Orobas\n|-singleturn|p2a: Wrathful Orobas|move: Rage Powder\n|cant|p1b: Fire fish|slp\n|move|p2b: Faithful Lancelot|Body Press|p1b: Fire fish\n|-supereffective|p1b: Fire fish\n|-damage|p1b: Fire fish|0 fnt\n|faint|p1b: Fire fish\n|move|p1a: Emo|Moonblast|p2a: Wrathful Orobas\n|-supereffective|p2a: Wrathful Orobas\n|-damage|p2a: Wrathful Orobas|23/100\n|-unboost|p2a: Wrathful Orobas|spa|1\n|\n|-weather|RainDance|[upkeep]\n|upkeep\n|\n|t:|1746039771\n|switch|p1b: Pokemon deleter|Miraidon, L50|48/100\n|-activate|p1b: Pokemon deleter|ability: Hadron Engine\n|turn|6\n|\n|t:|1746039781\n|-terastallize|p1b: Pokemon deleter|Fairy\n|move|p2a: Wrathful Orobas|Rage Powder|p2a: Wrathful Orobas\n|-singleturn|p2a: Wrathful Orobas|move: Rage Powder\n|move|p1b: Pokemon deleter|Dazzling Gleam|p2b: Faithful Lancelot|[spread] p2a,p2b\n|-supereffective|p2a: Wrathful Orobas\n|-damage|p2a: Wrathful Orobas|0 fnt\n|-damage|p2b: Faithful Lancelot|58/100\n|faint|p2a: Wrathful Orobas\n|move|p2b: Faithful Lancelot|Body Press|p1b: Pokemon deleter\n|-resisted|p1b: Pokemon deleter\n|-damage|p1b: Pokemon deleter|17/100\n|move|p1a: Emo|Moonblast|p2b: Faithful Lancelot\n|-damage|p2b: Faithful Lancelot|36/100\n|\n|-weather|RainDance|[upkeep]\n|upkeep\n|turn|7\n|\n|t:|1746039799\n|move|p2b: Faithful Lancelot|Protect|p2b: Faithful Lancelot\n|-singleturn|p2b: Faithful Lancelot|Protect\n|move|p1b: Pokemon deleter|Dazzling Gleam|p2b: Faithful Lancelot\n|-activate|p2b: Faithful Lancelot|move: Protect\n|move|p1a: Emo|Moongeist Beam|p2b: Faithful Lancelot\n|-activate|p2b: Faithful Lancelot|move: Protect\n|\n|-weather|none\n|-fieldend|move: Electric Terrain\n|upkeep\n|turn|8\n|\n|t:|1746039812\n|move|p1b: Pokemon deleter|Dazzling Gleam|p2b: Faithful Lancelot\n|-damage|p2b: Faithful Lancelot|0 fnt\n|faint|p2b: Faithful Lancelot\n|\n|win|Cosmic1227\n||Cosmic1227 is ready for game 2.\n||navicorrin is ready for game 2.\n|uhtml|next|Next: <a href=\"/battle-gen9vgc2025regibo3-2354157044\"><strong>Game 2 of 3</strong></a>\n|l|\u2606navicorrin\n|player|p2|\n|l|\u2606Cosmic1227\n|player|p1|\n", "uploadtime": 1746040206, "views": 7, "formatid": "gen9vgc2025regibo3", "rating": null, "private": 0, "password": null}