{"id": "gen9vgc2025regibo3-2353684063", "format": "[Gen 9] VGC 2025 Reg I (Bo3)", "players": ["Wangopedia", "Iranupagoat"], "log": "|j|\u2606Wangopedia\n|j|\u2606Iranupagoat\n|html|<table width=\"100%\"><tr><td align=\"left\">Wangopedia</td><td align=\"right\">Iranupagoat</tr><tr><td align=\"left\"><i class=\"fa fa-circle-o\"></i> <i class=\"fa fa-circle-o\"></i> </td><td align=\"right\"><i class=\"fa fa-circle-o\"></i> <i class=\"fa fa-circle\"></i> </tr></table>\n|uhtml|bestof|<h2><strong>Game 2</strong> of <a href=\"/game-bestof3-gen9vgc2025regibo3-2353680954\">a best-of-3</a></h2>\n|t:|1745983250\n|gametype|doubles\n|player|p1|Wangopedia|169|1065\n|player|p2|Iranupagoat|1|1026\n|teamsize|p1|6\n|teamsize|p2|6\n|gen|9\n|tier|[Gen 9] VGC 2025 Reg I (Bo3)\n|rated|\n|rule|Species Clause: Limit one of each Pok\u00e9mon\n|rule|Item Clause: Limit 1 of each item\n|clearpoke\n|poke|p1|Solgaleo, L50|\n|poke|p1|Rillaboom, L50, M|\n|poke|p1|Arcanine, L50, M|\n|poke|p1|Kyogre, L50|\n|poke|p1|Murkrow, L50, M|\n|poke|p1|Clefairy, L50, F|\n|poke|p2|Kyogre, L50|\n|poke|p2|Overqwil, L50, M|\n|poke|p2|Basculegion, L50, M|\n|poke|p2|Archaludon, L50, M|\n|poke|p2|Scrafty, L50, M|\n|poke|p2|Calyrex-Shadow, L50|\n|teampreview|4\n|showteam|p1|Solgaleo||MentalHerb|FullMetalBody|Protect,TrickRoom,WideGuard,SunsteelStrike||||||50|,,,,,Dragon]Rillaboom||AssaultVest|GrassySurge|FakeOut,KnockOff,BrickBreak,GrassyGlide|||M|||50|,,,,,Fire]Arcanine||WideLens|Intimidate|Snarl,Protect,HeatWave,WillOWisp|||M|||50|,,,,,Grass]Kyogre||SafetyGoggles|Drizzle|Protect,IceBeam,Thunderbolt,OriginPulse||||||50|,,,,,Grass]Murkrow||FocusSash|Prankster|Haze,Protect,Tailwind,AirSlash|||M|||50|,,,,,Grass]Clefairy||Eviolite|FriendGuard|Protect,LifeDew,FollowMe,Moonblast|||F|||50|,,,,,Ground\n|showteam|p2|Kyogre||ChoiceScarf|Drizzle|WaterSpout,OriginPulse,IceBeam,Thunder||||||50|,,,,,Grass]Overqwil||LifeOrb|SwiftSwim|BarbBarrage,ToxicSpikes,Protect,Liquidation|||M|||50|,,,,,Dark]Basculegion||WeaknessPolicy|SwiftSwim|WaveCrash,LastRespects,AquaJet,Protect|||M|||50|,,,,,Water]Archaludon||CovertCloak|Stamina|ElectroShot,BodyPress,DracoMeteor,FlashCannon|||M|||50|,,,,,Fairy]Scrafty||AssaultVest|Intimidate|CloseCombat,FakeOut,BeatUp,KnockOff|||M|||50|,,,,,Steel]Calyrex-Shadow||SafetyGoggles|AsOneSpectrier|AstralBarrage,Psychic,DrainingKiss,Protect||||||50|,,,,,Steel\n|inactive|Battle timer is ON: inactive players will automatically lose when time's up. (requested by Iranupagoat)\n|inactive|Wangopedia has 60 seconds left.\n|\n|t:|1745983299\n|start\n|switch|p1a: Solgaleo|Solgaleo, L50|100/100\n|switch|p1b: Arcanine|Arcanine, L50, M|100/100\n|switch|p2a: Scrafty|Scrafty, L50, M|100/100\n|switch|p2b: Calyrex|Calyrex-Shadow, L50|100/100\n|-ability|p2b: Calyrex|As One\n|-ability|p2b: Calyrex|Unnerve\n|-ability|p1b: Arcanine|Intimidate|boost\n|-unboost|p2a: Scrafty|atk|1\n|-unboost|p2b: Calyrex|atk|1\n|-ability|p2a: Scrafty|Intimidate|boost\n|-fail|p1a: Solgaleo|unboost|[from] ability: Full Metal Body|[of] p1a: Solgaleo\n|-unboost|p1b: Arcanine|atk|1\n|turn|1\n|inactive|Iranupagoat has 30 seconds left.\n|\n|t:|1745983325\n|move|p1a: Solgaleo|Wide Guard|p1a: Solgaleo\n|-singleturn|p1a: Solgaleo|Wide Guard\n|move|p2a: Scrafty|Fake Out|p1a: Solgaleo\n|-resisted|p1a: Solgaleo\n|-damage|p1a: Solgaleo|98/100\n|move|p2b: Calyrex|Astral Barrage|p1a: Solgaleo|[spread] \n|-activate|p1a: Solgaleo|move: Wide Guard\n|-activate|p1b: Arcanine|move: Wide Guard\n|move|p1b: Arcanine|Snarl|p2a: Scrafty|[spread] p2a,p2b\n|-resisted|p2a: Scrafty\n|-supereffective|p2b: Calyrex\n|-crit|p2b: Calyrex\n|-damage|p2a: Scrafty|99/100\n|-damage|p2b: Calyrex|43/100\n|-unboost|p2a: Scrafty|spa|1\n|-unboost|p2b: Calyrex|spa|1\n|\n|upkeep\n|turn|2\n|\n|t:|1745983346\n|switch|p2b: Kyogre|Kyogre, L50|100/100\n|-weather|RainDance|[from] ability: Drizzle|[of] p2b: Kyogre\n|move|p1a: Solgaleo|Wide Guard|p1a: Solgaleo\n|-singleturn|p1a: Solgaleo|Wide Guard\n|move|p1b: Arcanine|Snarl|p2b: Kyogre|[spread] p2a,p2b\n|-resisted|p2a: Scrafty\n|-damage|p2a: Scrafty|98/100\n|-damage|p2b: Kyogre|93/100\n|-unboost|p2a: Scrafty|spa|1\n|-unboost|p2b: Kyogre|spa|1\n|move|p2a: Scrafty|Knock Off|p1a: Solgaleo\n|-supereffective|p1a: Solgaleo\n|-damage|p1a: Solgaleo|63/100\n|-enditem|p1a: Solgaleo|Mental Herb|[from] move: Knock Off|[of] p2a: Scrafty\n|\n|-weather|RainDance|[upkeep]\n|upkeep\n|turn|3\n|inactive|Wangopedia has 30 seconds left.\n|inactive|Wangopedia has 20 seconds left.\n|\n|t:|1745983383\n|switch|p1a: Kyogre|Kyogre, L50|100/100\n|switch|p2a: Calyrex|Calyrex-Shadow, L50|43/100\n|-ability|p2a: Calyrex|As One\n|-ability|p2a: Calyrex|Unnerve\n|move|p2b: Kyogre|Thunder|p1a: Kyogre\n|-supereffective|p1a: Kyogre\n|-damage|p1a: Kyogre|66/100\n|move|p1b: Arcanine|Will-O-Wisp|p2a: Calyrex\n|-status|p2a: Calyrex|brn\n|\n|-weather|RainDance|[upkeep]\n|-damage|p2a: Calyrex|38/100 brn|[from] brn\n|upkeep\n|turn|4\n|\n|t:|1745983402\n|move|p1a: Kyogre|Protect|p1a: Kyogre\n|-singleturn|p1a: Kyogre|Protect\n|move|p2b: Kyogre|Thunder|p1a: Kyogre\n|-activate|p1a: Kyogre|move: Protect\n|move|p2a: Calyrex|Astral Barrage|p1b: Arcanine|[spread] p1b\n|-activate|p1a: Kyogre|move: Protect\n|-damage|p1b: Arcanine|52/100\n|move|p1b: Arcanine|Snarl|p2a: Calyrex|[spread] p2a,p2b\n|-supereffective|p2a: Calyrex\n|-damage|p2a: Calyrex|1/100 brn\n|-damage|p2b: Kyogre|85/100\n|-unboost|p2a: Calyrex|spa|1\n|-unboost|p2b: Kyogre|spa|1\n|\n|-weather|RainDance|[upkeep]\n|-damage|p2a: Calyrex|0 fnt|[from] brn\n|faint|p2a: Calyrex\n|upkeep\n|\n|t:|1745983420\n|switch|p2a: Scrafty|Scrafty, L50, M|98/100\n|-ability|p2a: Scrafty|Intimidate|boost\n|-unboost|p1a: Kyogre|atk|1\n|-unboost|p1b: Arcanine|atk|1\n|turn|5\n|\n|t:|1745983436\n|switch|p2b: Basculegion|Basculegion, L50, M|100/100\n|switch|p1a: Solgaleo|Solgaleo, L50|63/100\n|move|p2a: Scrafty|Fake Out|p1b: Arcanine\n|-damage|p1b: Arcanine|40/100\n|cant|p1b: Arcanine|flinch\n|\n|-weather|RainDance|[upkeep]\n|upkeep\n|turn|6\n|inactive|Wangopedia has 30 seconds left.\n|inactive|Iranupagoat has 30 seconds left.\n|inactive|Wangopedia has 20 seconds left.\n|inactive|Iranupagoat has 20 seconds left.\n|inactive|Wangopedia has 15 seconds left.\n|inactive|Iranupagoat has 15 seconds left.\n|inactive|Iranupagoat has 10 seconds left.\n|\n|t:|1745983483\n|switch|p1b: Clefairy|Clefairy, L50, F|100/100\n|move|p1a: Solgaleo|Protect|p1a: Solgaleo\n|-singleturn|p1a: Solgaleo|Protect\n|move|p2b: Basculegion|Last Respects|p1b: Clefairy\n|-damage|p1b: Clefairy|56/100\n|move|p2a: Scrafty|Knock Off|p1a: Solgaleo\n|-activate|p1a: Solgaleo|move: Protect\n|\n|-weather|none\n|upkeep\n|turn|7\n|inactive|Wangopedia has 30 seconds left.\n|\n|t:|1745983511\n|switch|p1a: Arcanine|Arcanine, L50, M|40/100\n|-ability|p1a: Arcanine|Intimidate|boost\n|-unboost|p2a: Scrafty|atk|1\n|-unboost|p2b: Basculegion|atk|1\n|switch|p2a: Kyogre|Kyogre, L50|85/100\n|-weather|RainDance|[from] ability: Drizzle|[of] p2a: Kyogre\n|move|p2b: Basculegion|Last Respects|p1a: Arcanine\n|-crit|p1a: Arcanine\n|-damage|p1a: Arcanine|0 fnt\n|faint|p1a: Arcanine\n|move|p1b: Clefairy|Moonblast|p2a: Kyogre\n|-damage|p2a: Kyogre|67/100\n|-unboost|p2a: Kyogre|spa|1\n|\n|-weather|RainDance|[upkeep]\n|upkeep\n|\n|t:|1745983526\n|switch|p1a: Solgaleo|Solgaleo, L50|63/100\n|turn|8\n|\n|t:|1745983543\n|switch|p2a: Scrafty|Scrafty, L50, M|98/100\n|-ability|p2a: Scrafty|Intimidate|boost\n|-fail|p1a: Solgaleo|unboost|[from] ability: Full Metal Body|[of] p1a: Solgaleo\n|-unboost|p1b: Clefairy|atk|1\n|move|p1b: Clefairy|Follow Me|p1b: Clefairy\n|-singleturn|p1b: Clefairy|move: Follow Me\n|move|p2b: Basculegion|Last Respects|p1b: Clefairy\n|-damage|p1b: Clefairy|29/100\n|move|p1a: Solgaleo|Trick Room|p1a: Solgaleo\n|-fieldstart|move: Trick Room|[of] p1a: Solgaleo\n|\n|-weather|RainDance|[upkeep]\n|upkeep\n|turn|9\n|inactive|Wangopedia has 30 seconds left.\n|inactive|Iranupagoat has 30 seconds left.\n|\n|t:|1745983572\n|switch|p1a: Kyogre|Kyogre, L50|66/100\n|move|p2a: Scrafty|Fake Out|p1a: Kyogre\n|-damage|p1a: Kyogre|59/100\n|move|p1b: Clefairy|Life Dew|p1b: Clefairy|[spread] p1a,p1b\n|-heal|p1a: Kyogre|84/100\n|-heal|p1b: Clefairy|54/100\n|move|p2b: Basculegion|Wave Crash|p1b: Clefairy\n|-damage|p1b: Clefairy|0 fnt\n|faint|p1b: Clefairy\n|-damage|p2b: Basculegion|85/100|[from] Recoil\n|\n|-weather|RainDance|[upkeep]\n|upkeep\n|\n|t:|1745983585\n|switch|p1b: Solgaleo|Solgaleo, L50|63/100\n|turn|10\n|inactive|Iranupagoat has 30 seconds left.\n|inactive|Iranupagoat has 20 seconds left.\n|inactive|Iranupagoat has 15 seconds left.\n|inactive|Iranupagoat has 10 seconds left.\n|\n|t:|1745983631\n|switch|p2b: Kyogre|Kyogre, L50|67/100\n|move|p1b: Solgaleo|Protect|p1b: Solgaleo\n|-singleturn|p1b: Solgaleo|Protect\n|move|p2a: Scrafty|Knock Off|p1b: Solgaleo\n|-activate|p1b: Solgaleo|move: Protect\n|move|p1a: Kyogre|Thunderbolt|p2b: Kyogre\n|-supereffective|p2b: Kyogre\n|-damage|p2b: Kyogre|25/100\n|\n|-weather|RainDance|[upkeep]\n|upkeep\n|turn|11\n|\n|t:|1745983656\n|-terastallize|p1b: Solgaleo|Dragon\n|-terastallize|p2b: Kyogre|Grass\n|move|p2a: Scrafty|Knock Off|p1b: Solgaleo\n|-damage|p1b: Solgaleo|46/100\n|move|p1a: Kyogre|Thunderbolt|p2b: Kyogre\n|-resisted|p2b: Kyogre\n|-damage|p2b: Kyogre|14/100\n|move|p1b: Solgaleo|Sunsteel Strike|p2a: Scrafty\n|-damage|p2a: Scrafty|55/100\n|move|p2b: Kyogre|Thunder|p1a: Kyogre\n|-supereffective|p1a: Kyogre\n|-damage|p1a: Kyogre|31/100\n|\n|-weather|none\n|upkeep\n|turn|12\n|inactive|Wangopedia has 30 seconds left.\n|inactive|Iranupagoat has 30 seconds left.\n|inactive|Wangopedia has 20 seconds left.\n|inactive|Iranupagoat has 20 seconds left.\n|\n|t:|1745983698\n|switch|p2b: Basculegion|Basculegion, L50, M|85/100\n|move|p1a: Kyogre|Protect|p1a: Kyogre\n|-singleturn|p1a: Kyogre|Protect\n|move|p2a: Scrafty|Knock Off|p1a: Kyogre\n|-activate|p1a: Kyogre|move: Protect\n|move|p1b: Solgaleo|Sunsteel Strike|p2b: Basculegion\n|-resisted|p2b: Basculegion\n|-damage|p2b: Basculegion|56/100\n|\n|-fieldend|move: Trick Room\n|upkeep\n|turn|13\n|inactive|Wangopedia has 30 seconds left.\n|\n|t:|1745983727\n|switch|p2a: Kyogre|Kyogre, L50, tera:Grass|14/100\n|-weather|RainDance|[from] ability: Drizzle|[of] p2a: Kyogre\n|move|p2b: Basculegion|Last Respects|p1a: Kyogre\n|-damage|p1a: Kyogre|0 fnt\n|faint|p1a: Kyogre\n|move|p1b: Solgaleo|Sunsteel Strike|p2a: Kyogre\n|-damage|p2a: Kyogre|0 fnt\n|faint|p2a: Kyogre\n|\n|-weather|RainDance|[upkeep]\n|upkeep\n|\n|t:|1745983737\n|switch|p2a: Scrafty|Scrafty, L50, M|55/100\n|-ability|p2a: Scrafty|Intimidate|boost\n|-fail|p1b: Solgaleo|unboost|[from] ability: Full Metal Body|[of] p1b: Solgaleo\n|turn|14\n|inactive|Wangopedia has 30 seconds left.\n|inactive|Iranupagoat has 30 seconds left.\n|\n|t:|1745983770\n|move|p2b: Basculegion|Last Respects|p1b: Solgaleo\n|-crit|p1b: Solgaleo\n|-damage|p1b: Solgaleo|0 fnt\n|faint|p1b: Solgaleo\n|\n|win|Iranupagoat\n|raw|Wangopedia's rating: 1065 &rarr; <strong>1043</strong><br />(-22 for losing)\n|raw|Iranupagoat's rating: 1026 &rarr; <strong>1066</strong><br />(+40 for winning)\n|l|\u2606Iranupagoat\n|player|p2|\n|l|\u2606Wangopedia\n|player|p1|\n|j|\u2606Iranupagoat\n|player|p2|Iranupagoat|1|\n|l|\u2606Iranupagoat\n|player|p2|\n", "uploadtime": 1745984102, "views": 6, "formatid": "gen9vgc2025regibo3", "rating": 1043, "private": 0, "password": null}