{"id": "gen9vgc2025regibo3-2354446495", "format": "[Gen 9] VGC 2025 Reg I (Bo3)", "players": ["Swami", "Becccccca"], "log": "|j|\u2606Swami\n|j|\u2606Becccccca\n|html|<table width=\"100%\"><tr><td align=\"left\">Swami</td><td align=\"right\">Becccccca</tr><tr><td align=\"left\"><i class=\"fa fa-circle-o\"></i> <i class=\"fa fa-circle-o\"></i> </td><td align=\"right\"><i class=\"fa fa-circle-o\"></i> <i class=\"fa fa-circle\"></i> </tr></table>\n|uhtml|bestof|<h2><strong>Game 2</strong> of <a href=\"/game-bestof3-gen9vgc2025regibo3-2354444684\">a best-of-3</a></h2>\n|t:|1746072865\n|gametype|doubles\n|player|p1|Swami|cynthia-gen4|1323\n|player|p2|Becccccca|caitlin|1322\n|teamsize|p1|6\n|teamsize|p2|6\n|gen|9\n|tier|[Gen 9] VGC 2025 Reg I (Bo3)\n|rated|\n|rule|Species Clause: Limit one of each Pok\u00e9mon\n|rule|Item Clause: Limit 1 of each item\n|clearpoke\n|poke|p1|Koraidon, L50|\n|poke|p1|Ho-Oh, L50|\n|poke|p1|Flutter Mane, L50|\n|poke|p1|Incineroar, L50, M|\n|poke|p1|Raging Bolt, L50|\n|poke|p1|Iron Treads, L50|\n|poke|p2|Calyrex-Shadow, L50|\n|poke|p2|Whimsicott, L50, M|\n|poke|p2|Raging Bolt, L50|\n|poke|p2|Koraidon, L50|\n|poke|p2|Chien-Pao, L50|\n|poke|p2|Brute Bonnet, L50|\n|teampreview|4\n|showteam|p1|Koraidon||LifeOrb|OrichalcumPulse|FlameCharge,FlareBlitz,CloseCombat,Protect||||||50|,,,,,Fire]Ho-Oh||ClearAmulet|Regenerator|SacredFire,BraveBird,Tailwind,Protect||||||50|,,,,,Grass]Flutter Mane||FocusSash|Protosynthesis|Moonblast,IcyWind,ShadowBall,Protect||||||50|,,,,,Normal]Incineroar||SafetyGoggles|Intimidate|FakeOut,FlareBlitz,KnockOff,PartingShot|||M|||50|,,,,,Water]Raging Bolt||AssaultVest|Protosynthesis|Thunderclap,VoltSwitch,DracoMeteor,Thunderbolt||||||50|,,,,,Electric]Iron Treads||ExpertBelt|QuarkDrive|HighHorsepower,IronHead,SteelRoller,Protect||||||50|,,,,,Stellar\n|showteam|p2|Calyrex-Shadow||FocusSash|AsOneSpectrier|AstralBarrage,Psychic,Encore,Protect||||||50|,,,,,Ghost]Whimsicott||CovertCloak|Prankster|Moonblast,CottonSpore,SunnyDay,Tailwind|||M|||50|,,,,,Dark]Raging Bolt||AssaultVest|Protosynthesis|Electroweb,DragonPulse,Snarl,Thunderclap||||||50|,,,,,Fairy]Koraidon||ClearAmulet|OrichalcumPulse|FlareBlitz,CollisionCourse,FlameCharge,Protect||||||50|,,,,,Fire]Chien-Pao||LifeOrb|SwordofRuin|IceSpinner,ThroatChop,SuckerPunch,Protect||||||50|,,,,,Ghost]Brute Bonnet||RockyHelmet|Protosynthesis|SeedBomb,SuckerPunch,Spore,RagePowder||||||50|,,,,,Ghost\n|inactive|Battle timer is ON: inactive players will automatically lose when time's up. (requested by Swami)\n|inactive|Swami has 60 seconds left.\n|\n|t:|1746072906\n|start\n|switch|p1a: Ho-Oh|Ho-Oh, L50|100/100\n|switch|p1b: Iron Treads|Iron Treads, L50|100/100\n|switch|p2a: Calyrex|Calyrex-Shadow, L50|100/100\n|switch|p2b: Koraidon|Koraidon, L50|100/100\n|-ability|p2a: Calyrex|As One\n|-ability|p2a: Calyrex|Unnerve\n|-weather|SunnyDay|[from] ability: Orichalcum Pulse|[of] p2b: Koraidon\n|-activate|p2b: Koraidon|Orichalcum Pulse|[source]\n|turn|1\n|inactive|Swami has 30 seconds left.\n|\n|t:|1746072932\n|move|p1b: Iron Treads|Protect|p1b: Iron Treads\n|-singleturn|p1b: Iron Treads|Protect\n|move|p2a: Calyrex|Astral Barrage|p1b: Iron Treads|[spread] p1a\n|-activate|p1b: Iron Treads|move: Protect\n|-damage|p1a: Ho-Oh|68/100\n|move|p2b: Koraidon|Flame Charge|p1a: Ho-Oh\n|-resisted|p1a: Ho-Oh\n|-damage|p1a: Ho-Oh|52/100\n|-boost|p2b: Koraidon|spe|1\n|move|p1a: Ho-Oh|Tailwind|p1a: Ho-Oh\n|-sidestart|p1: Swami|move: Tailwind\n|\n|-weather|SunnyDay|[upkeep]\n|upkeep\n|turn|2\n|\n|t:|1746072957\n|move|p2b: Koraidon|Protect|p2b: Koraidon\n|-singleturn|p2b: Koraidon|Protect\n|move|p1b: Iron Treads|High Horsepower|p2b: Koraidon\n|-activate|p2b: Koraidon|move: Protect\n|move|p1a: Ho-Oh|Sacred Fire|p2a: Calyrex\n|-enditem|p2a: Calyrex|Focus Sash\n|-damage|p2a: Calyrex|1/100\n|move|p2a: Calyrex|Astral Barrage|p1b: Iron Treads|[spread] p1a,p1b\n|-damage|p1a: Ho-Oh|21/100\n|-damage|p1b: Iron Treads|16/100\n|\n|-weather|SunnyDay|[upkeep]\n|upkeep\n|turn|3\n|inactive|Becccccca has 30 seconds left.\n|inactive|Becccccca has 20 seconds left.\n|inactive|Becccccca has 15 seconds left.\n|\n|t:|1746073001\n|move|p2a: Calyrex|Protect|p2a: Calyrex\n|-singleturn|p2a: Calyrex|Protect\n|move|p1b: Iron Treads|High Horsepower|p2b: Koraidon\n|-damage|p2b: Koraidon|63/100\n|move|p2b: Koraidon|Flame Charge|p1b: Iron Treads\n|-supereffective|p1b: Iron Treads\n|-damage|p1b: Iron Treads|0 fnt\n|-boost|p2b: Koraidon|spe|1\n|faint|p1b: Iron Treads\n|-end|p1b: Iron Treads|Quark Drive|[silent]\n|move|p1a: Ho-Oh|Brave Bird|p2b: Koraidon\n|-supereffective|p2b: Koraidon\n|-damage|p2b: Koraidon|0 fnt\n|faint|p2b: Koraidon\n|-damage|p1a: Ho-Oh|2/100|[from] Recoil\n|\n|-weather|SunnyDay|[upkeep]\n|upkeep\n|\n|t:|1746073020\n|switch|p2b: Raging Bolt|Raging Bolt, L50|100/100\n|switch|p1b: Koraidon|Koraidon, L50|100/100\n|-activate|p1b: Koraidon|ability: Orichalcum Pulse\n|-activate|p2b: Raging Bolt|ability: Protosynthesis\n|-start|p2b: Raging Bolt|protosynthesisspa\n|turn|4\n|\n|t:|1746073038\n|switch|p1a: Incineroar|Incineroar, L50, M|100/100\n|-ability|p1a: Incineroar|Intimidate|boost\n|-unboost|p2a: Calyrex|atk|1\n|-unboost|p2b: Raging Bolt|atk|1\n|switch|p2a: Chien-Pao|Chien-Pao, L50|100/100\n|-ability|p2a: Chien-Pao|Sword of Ruin\n|move|p1b: Koraidon|Flame Charge|p2a: Chien-Pao\n|-supereffective|p2a: Chien-Pao\n|-damage|p2a: Chien-Pao|0 fnt\n|-boost|p1b: Koraidon|spe|1\n|faint|p2a: Chien-Pao\n|-damage|p1b: Koraidon|91/100|[from] item: Life Orb\n|move|p2b: Raging Bolt|Electroweb|p1b: Koraidon|[spread] p1a,p1b\n|-resisted|p1b: Koraidon\n|-damage|p1a: Incineroar|76/100\n|-damage|p1b: Koraidon|78/100\n|-unboost|p1a: Incineroar|spe|1\n|-unboost|p1b: Koraidon|spe|1\n|\n|-weather|SunnyDay|[upkeep]\n|-sideend|p1: Swami|move: Tailwind\n|upkeep\n|\n|t:|1746073057\n|switch|p2a: Calyrex|Calyrex-Shadow, L50|1/100\n|-ability|p2a: Calyrex|As One\n|-ability|p2a: Calyrex|Unnerve\n|turn|5\n|\n|t:|1746073070\n|move|p2a: Calyrex|Protect|p2a: Calyrex\n|-singleturn|p2a: Calyrex|Protect\n|move|p1b: Koraidon|Close Combat|p2b: Raging Bolt\n|-damage|p2b: Raging Bolt|3/100\n|-unboost|p1b: Koraidon|def|1\n|-unboost|p1b: Koraidon|spd|1\n|-damage|p1b: Koraidon|69/100|[from] item: Life Orb\n|move|p2b: Raging Bolt|Dragon Pulse|p1a: Incineroar\n|-damage|p1a: Incineroar|22/100\n|move|p1a: Incineroar|Knock Off|p2a: Calyrex\n|-activate|p2a: Calyrex|move: Protect\n|\n|-weather|none\n|-end|p2b: Raging Bolt|Protosynthesis\n|upkeep\n|turn|6\n|inactive|Swami has 30 seconds left.\n|inactive|Swami has 20 seconds left.\n|inactive|Swami has 15 seconds left.\n|inactive|Swami has 10 seconds left.\n|\n|t:|1746073116\n|switch|p1a: Ho-Oh|Ho-Oh, L50|36/100\n|-terastallize|p2a: Calyrex|Ghost\n|move|p1b: Koraidon|Protect|p1b: Koraidon\n|-singleturn|p1b: Koraidon|Protect\n|move|p2b: Raging Bolt|Thunderclap||[still]\n|-fail|p2b: Raging Bolt\n|move|p2a: Calyrex|Astral Barrage|p1a: Ho-Oh|[spread] p1a\n|-activate|p1b: Koraidon|move: Protect\n|-damage|p1a: Ho-Oh|0 fnt\n|faint|p1a: Ho-Oh\n|-ability|p2a: Calyrex|Grim Neigh|boost\n|-boost|p2a: Calyrex|spa|1\n|\n|upkeep\n|\n|t:|1746073122\n|switch|p1a: Incineroar|Incineroar, L50, M|22/100\n|-ability|p1a: Incineroar|Intimidate|boost\n|-unboost|p2a: Calyrex|atk|1\n|-unboost|p2b: Raging Bolt|atk|1\n|turn|7\n|\n|t:|1746073143\n|move|p1a: Incineroar|Fake Out|p2b: Raging Bolt\n|-damage|p2b: Raging Bolt|0 fnt\n|faint|p2b: Raging Bolt\n|-end|p2b: Raging Bolt|Protosynthesis|[silent]\n|move|p2a: Calyrex|Astral Barrage|p1a: Incineroar|[spread] p1a,p1b\n|-resisted|p1a: Incineroar\n|-damage|p1a: Incineroar|0 fnt\n|-damage|p1b: Koraidon|0 fnt\n|faint|p1a: Incineroar\n|faint|p1b: Koraidon\n|\n|win|Becccccca\n|raw|Swami's rating: 1323 &rarr; <strong>1303</strong><br />(-20 for losing)\n|raw|Becccccca's rating: 1322 &rarr; <strong>1342</strong><br />(+20 for winning)\n|l|\u2606Swami\n|player|p1|\n", "uploadtime": 1746073153, "views": 23, "formatid": "gen9vgc2025regibo3", "rating": 1303, "private": 0, "password": null}