{"id": "gen9vgc2025regibo3-2354838969", "format": "[Gen 9] VGC 2025 Reg I (Bo3)", "players": ["Schroombert", "Lacossg"], "log": "|j|\u2606Schroombert\n|j|\u2606Lacossg\n|html|<table width=\"100%\"><tr><td align=\"left\">Schroombert</td><td align=\"right\">Lacossg</tr><tr><td align=\"left\"><i class=\"fa fa-circle-o\"></i> <i class=\"fa fa-circle-o\"></i> </td><td align=\"right\"><i class=\"fa fa-circle-o\"></i> <i class=\"fa fa-circle-o\"></i> </tr></table>\n|uhtml|bestof|<h2><strong>Game 1</strong> of <a href=\"/game-bestof3-gen9vgc2025regibo3-2354838968\">a best-of-3</a></h2>\n|t:|1746124199\n|gametype|doubles\n|player|p1|Schroombert|rancher|1489\n|player|p2|Lacossg|265|1388\n|teamsize|p1|6\n|teamsize|p2|6\n|gen|9\n|tier|[Gen 9] VGC 2025 Reg I (Bo3)\n|rated|\n|rule|Species Clause: Limit one of each Pok\u00e9mon\n|rule|Item Clause: Limit 1 of each item\n|clearpoke\n|poke|p1|Calyrex-Shadow, L50|\n|poke|p1|Koraidon, L50|\n|poke|p1|Raging Bolt, L50|\n|poke|p1|Brute Bonnet, L50|\n|poke|p1|Flutter Mane, L50|\n|poke|p1|Incineroar, L50, M|\n|poke|p2|Calyrex-Shadow, L50|\n|poke|p2|Tyranitar, L50, F|\n|poke|p2|Excadrill, L50, M|\n|poke|p2|Indeedee-F, L50, F|\n|poke|p2|Raging Bolt, L50|\n|poke|p2|Zamazenta-*, L50|\n|teampreview|4\n|showteam|p1|Calyrex-Shadow||FocusSash|AsOneSpectrier|AstralBarrage,Psyshock,Encore,Protect||||||50|,,,,,Ghost]Koraidon||ClearAmulet|OrichalcumPulse|FlareBlitz,CollisionCourse,FlameCharge,Protect||||||50|,,,,,Fire]Raging Bolt||AssaultVest|Protosynthesis|Snarl,DracoMeteor,Thunderclap,Electroweb||||||50|,,,,,Electric]Brute Bonnet||CovertCloak|Protosynthesis|SuckerPunch,SeedBomb,RagePowder,Spore||||||50|,,,,,Water]Flutter Mane||BoosterEnergy|Protosynthesis|Moonblast,ShadowBall,IcyWind,Protect||||||50|,,,,,Fairy]Incineroar||SafetyGoggles|Intimidate|FlareBlitz,KnockOff,PartingShot,FakeOut|||M|||50|,,,,,Ghost\n|showteam|p2|Calyrex-Shadow||LifeOrb|AsOneSpectrier|AstralBarrage,ExpandingForce,Encore,Protect||||||50|,,,,,Normal]Tyranitar||FocusSash|SandStream|KnockOff,RockSlide,Taunt,Snarl|||F|||50|,,,,,Grass]Excadrill||ClearAmulet|SandRush|HighHorsepower,HelpingHand,IronHead,Protect|||M|||50|,,,,,Ground]Indeedee-F||RockyHelmet|PsychicSurge|Imprison,Psychic,TrickRoom,FollowMe|||F|||50|,,,,,Water]Raging Bolt||AssaultVest|Protosynthesis|Thunderclap,Electroweb,DracoMeteor,Snarl||||||50|,,,,,Fairy]Zamazenta-Crowned||RustedShield|DauntlessShield|BodyPress,Imprison,WideGuard,Protect||||||50|,,,,,Dragon\n|inactive|Battle timer is ON: inactive players will automatically lose when time's up. (requested by Schroombert)\n|inactive|Schroombert has 60 seconds left.\n|\n|t:|1746124241\n|start\n|switch|p1a: Brute Bonnet|Brute Bonnet, L50, shiny|100/100\n|switch|p1b: Flutter Mane|Flutter Mane, L50, shiny|100/100\n|switch|p2a: Raging Bolt|Raging Bolt, L50|100/100\n|switch|p2b: Tyranitar|Tyranitar, L50, F|100/100\n|-weather|Sandstorm|[from] ability: Sand Stream|[of] p2b: Tyranitar\n|-enditem|p1b: Flutter Mane|Booster Energy\n|-activate|p1b: Flutter Mane|ability: Protosynthesis|[fromitem]\n|-start|p1b: Flutter Mane|protosynthesisspe\n|turn|1\n|\n|t:|1746124262\n|-terastallize|p2b: Tyranitar|Grass\n|move|p1b: Flutter Mane|Icy Wind|p2b: Tyranitar|[spread] p2a\n|-miss|p1b: Flutter Mane|p2b: Tyranitar\n|-supereffective|p2a: Raging Bolt\n|-crit|p2a: Raging Bolt\n|-damage|p2a: Raging Bolt|78/100\n|-unboost|p2a: Raging Bolt|spe|1\n|move|p2b: Tyranitar|Rock Slide|p1b: Flutter Mane|[spread] p1a,p1b\n|-damage|p1a: Brute Bonnet|82/100\n|-damage|p1b: Flutter Mane|40/100\n|move|p1a: Brute Bonnet|Spore|p2a: Raging Bolt\n|-status|p2a: Raging Bolt|slp|[from] move: Spore\n|cant|p2a: Raging Bolt|slp\n|\n|-weather|Sandstorm|[upkeep]\n|-damage|p1b: Flutter Mane|34/100|[from] Sandstorm\n|-damage|p2b: Tyranitar|94/100|[from] Sandstorm\n|-damage|p1a: Brute Bonnet|76/100|[from] Sandstorm\n|-damage|p2a: Raging Bolt|72/100 slp|[from] Sandstorm\n|upkeep\n|turn|2\n|\n|t:|1746124282\n|-end|p1a: Brute Bonnet|Protosynthesis|[silent]\n|switch|p1a: Koraidon|Koraidon, L50|100/100\n|-weather|SunnyDay|[from] ability: Orichalcum Pulse|[of] p1a: Koraidon\n|-activate|p2a: Raging Bolt|ability: Protosynthesis\n|-start|p2a: Raging Bolt|protosynthesisspa\n|-activate|p1a: Koraidon|Orichalcum Pulse|[source]\n|move|p1b: Flutter Mane|Moonblast|p2a: Raging Bolt\n|-supereffective|p2a: Raging Bolt\n|-damage|p2a: Raging Bolt|20/100 slp\n|-unboost|p2a: Raging Bolt|spa|1\n|move|p2b: Tyranitar|Rock Slide|p1a: Koraidon|[spread] p1a,p1b\n|-resisted|p1a: Koraidon\n|-damage|p1a: Koraidon|88/100\n|-damage|p1b: Flutter Mane|0 fnt\n|faint|p1b: Flutter Mane\n|-end|p1b: Flutter Mane|Protosynthesis|[silent]\n|cant|p2a: Raging Bolt|slp\n|\n|-weather|SunnyDay|[upkeep]\n|upkeep\n|\n|t:|1746124293\n|switch|p1b: Calyrex|Calyrex-Shadow, L50|100/100\n|-ability|p1b: Calyrex|As One\n|-ability|p1b: Calyrex|Unnerve\n|turn|3\n|inactive|Lacossg has 30 seconds left.\n|\n|t:|1746124320\n|switch|p2b: Zamazenta|Zamazenta-Crowned, L50|100/100\n|-ability|p2b: Zamazenta|Dauntless Shield|boost\n|-boost|p2b: Zamazenta|def|1\n|cant|p2a: Raging Bolt|slp\n|move|p1b: Calyrex|Astral Barrage|p2b: Zamazenta|[spread] p2a,p2b\n|-damage|p2a: Raging Bolt|0 fnt\n|-damage|p2b: Zamazenta|62/100\n|faint|p2a: Raging Bolt\n|-end|p2a: Raging Bolt|Protosynthesis|[silent]\n|-ability|p1b: Calyrex|Grim Neigh|boost\n|-boost|p1b: Calyrex|spa|1\n|move|p1a: Koraidon|Flame Charge|p2b: Zamazenta\n|-supereffective|p2b: Zamazenta\n|-damage|p2b: Zamazenta|34/100\n|-boost|p1a: Koraidon|spe|1\n|\n|-weather|SunnyDay|[upkeep]\n|upkeep\n|\n|t:|1746124338\n|switch|p2a: Calyrex|Calyrex-Shadow, L50|100/100\n|-ability|p2a: Calyrex|As One\n|-ability|p2a: Calyrex|Unnerve\n|turn|4\n|\n|t:|1746124347\n|switch|p2b: Tyranitar|Tyranitar, L50, F, tera:Grass|94/100\n|-weather|Sandstorm|[from] ability: Sand Stream|[of] p2b: Tyranitar\n|-terastallize|p1a: Koraidon|Fire\n|move|p1a: Koraidon|Flare Blitz|p2a: Calyrex\n|-damage|p2a: Calyrex|27/100\n|-damage|p1a: Koraidon|66/100|[from] Recoil\n|move|p1b: Calyrex|Psyshock|p2b: Tyranitar\n|-damage|p2b: Tyranitar|24/100\n|move|p2a: Calyrex|Astral Barrage|p1b: Calyrex|[spread] p1a,p1b\n|-supereffective|p1b: Calyrex\n|-damage|p1a: Koraidon|14/100\n|-enditem|p1b: Calyrex|Focus Sash\n|-damage|p1b: Calyrex|1/100\n|-damage|p2a: Calyrex|18/100|[from] item: Life Orb\n|\n|-weather|Sandstorm|[upkeep]\n|-damage|p1a: Koraidon|8/100|[from] Sandstorm\n|-damage|p1b: Calyrex|0 fnt|[from] Sandstorm\n|-damage|p2a: Calyrex|12/100|[from] Sandstorm\n|-damage|p2b: Tyranitar|18/100|[from] Sandstorm\n|faint|p1b: Calyrex\n|upkeep\n|\n|t:|1746124359\n|switch|p1b: Brute Bonnet|Brute Bonnet, L50, shiny|76/100\n|turn|5\n|\n|t:|1746124377\n|switch|p2b: Zamazenta|Zamazenta-Crowned, L50|34/100\n|move|p1b: Brute Bonnet|Sucker Punch||[still]\n|-fail|p1b: Brute Bonnet\n|move|p1a: Koraidon|Collision Course|p2b: Zamazenta\n|-supereffective|p2b: Zamazenta\n|-damage|p2b: Zamazenta|0 fnt\n|faint|p2b: Zamazenta\n|move|p2a: Calyrex|Encore|p1a: Koraidon\n|-start|p1a: Koraidon|Encore\n|\n|-weather|Sandstorm|[upkeep]\n|-damage|p1a: Koraidon|2/100|[from] Sandstorm\n|-damage|p2a: Calyrex|6/100|[from] Sandstorm\n|-damage|p1b: Brute Bonnet|70/100|[from] Sandstorm\n|upkeep\n|\n|t:|1746124389\n|switch|p2b: Tyranitar|Tyranitar, L50, F, tera:Grass|18/100\n|turn|6\n|\n|t:|1746124405\n|move|p1b: Brute Bonnet|Sucker Punch|p2a: Calyrex\n|-supereffective|p2a: Calyrex\n|-damage|p2a: Calyrex|0 fnt\n|faint|p2a: Calyrex\n|move|p1a: Koraidon|Collision Course|p2b: Tyranitar\n|-damage|p2b: Tyranitar|0 fnt\n|faint|p2b: Tyranitar\n|\n|win|Schroombert\n||Schroombert is ready for game 2.\n||Lacossg is ready for game 2.\n|uhtml|next|Next: <a href=\"/battle-gen9vgc2025regibo3-2354841377\"><strong>Game 2 of 3</strong></a>\n|l|\u2606Schroombert\n|player|p1|\n", "uploadtime": 1746124878, "views": 6, "formatid": "gen9vgc2025regibo3", "rating": null, "private": 0, "password": null}