{"id": "gen9vgc2025regibo3-2353741290", "format": "[Gen 9] VGC 2025 Reg I (Bo3)", "players": ["psychor&r", "stanhoff"], "log": "|j|\u2606psychor&r\n|j|\u2606stanhoff\n|html|<table width=\"100%\"><tr><td align=\"left\">psychor&amp;r</td><td align=\"right\">stanhoff</tr><tr><td align=\"left\"><i class=\"fa fa-circle-o\"></i> <i class=\"fa fa-circle-o\"></i> </td><td align=\"right\"><i class=\"fa fa-circle-o\"></i> <i class=\"fa fa-circle-o\"></i> </tr></table>\n|uhtml|bestof|<h2><strong>Game 1</strong> of <a href=\"/game-bestof3-gen9vgc2025regibo3-2353741289\">a best-of-3</a></h2>\n|t:|1745991967\n|gametype|doubles\n|player|p1|psychor&r|101|1157\n|player|p2|stanhoff|falkner|1269\n|teamsize|p1|6\n|teamsize|p2|6\n|gen|9\n|tier|[Gen 9] VGC 2025 Reg I (Bo3)\n|rated|\n|rule|Species Clause: Limit one of each Pok\u00e9mon\n|rule|Item Clause: Limit 1 of each item\n|clearpoke\n|poke|p1|Miraidon, L50|\n|poke|p1|Calyrex-Ice, L50|\n|poke|p1|Iron Hands, L50|\n|poke|p1|Incineroar, L50, F|\n|poke|p1|Farigiraf, L50, M|\n|poke|p1|Iron Valiant, L50|\n|poke|p2|Calyrex-Shadow, L50|\n|poke|p2|Miraidon, L50|\n|poke|p2|Indeedee-F, L50, F|\n|poke|p2|Brute Bonnet, L50|\n|poke|p2|Iron Bundle, L50|\n|poke|p2|Sneasler, L50, M|\n|teampreview|4\n|showteam|p1|Miraidon||ChoiceSpecs|HadronEngine|ElectroDrift,DazzlingGleam,VoltSwitch,DracoMeteor||||||50|,,,,,Fairy]Calyrex-Ice||ClearAmulet|AsOneGlastrier|GlacialLance,HighHorsepower,TrickRoom,Protect||||||50|,,,,,Fire]Iron Hands||AssaultVest|QuarkDrive|FakeOut,WildCharge,DrainPunch,LowKick||||||50|,,,,,Water]Incineroar||RockyHelmet|Intimidate|FakeOut,KnockOff,WillOWisp,PartingShot|||F|||50|,,,,,Bug]Farigiraf||ElectricSeed|ArmorTail|Psychic,FoulPlay,TrickRoom,HelpingHand|||M|||50|,,,,,Water]Iron Valiant||BoosterEnergy|QuarkDrive|SpiritBreak,Coaching,Encore,Protect||||||50|,,,,,Ghost\n|showteam|p2|Calyrex-Shadow||FocusSash|AsOneSpectrier|AstralBarrage,ExpandingForce,Disable,Protect||||||50|,,,,,Ghost]Miraidon||LifeOrb|HadronEngine|ElectroDrift,DracoMeteor,DazzlingGleam,Protect||||||50|,,,,,Fairy]Indeedee-F||PsychicSeed|PsychicSurge|FollowMe,AlluringVoice,TrickRoom,Imprison|||F|||50|,,,,,Fairy]Brute Bonnet||CovertCloak|Protosynthesis|Spore,SuckerPunch,SeedBomb,RagePowder||||||50|,,,,,Water]Iron Bundle||KingsRock|QuarkDrive|IcyWind,FreezeDry,Fling,Protect||||||50|,,,,,Grass]Sneasler||ElectricSeed|Unburden|FakeOut,Taunt,CloseCombat,Protect|||M|||50|,,,,,Dark\n|inactive|Battle timer is ON: inactive players will automatically lose when time's up. (requested by stanhoff)\n|inactive|psychor&r has 60 seconds left.\n|inactive|stanhoff has 60 seconds left.\n|\n|t:|1745992011\n|start\n|switch|p1a: Calyrex|Calyrex-Ice, L50|100/100\n|switch|p1b: Incineroar|Incineroar, L50, F|100/100\n|switch|p2a: Calyrex|Calyrex-Shadow, L50|100/100\n|switch|p2b: Brute Bonnet|Brute Bonnet, L50|100/100\n|-ability|p2a: Calyrex|As One\n|-ability|p2a: Calyrex|Unnerve\n|-ability|p1a: Calyrex|As One\n|-ability|p1a: Calyrex|Unnerve\n|-ability|p1b: Incineroar|Intimidate|boost\n|-unboost|p2a: Calyrex|atk|1\n|-unboost|p2b: Brute Bonnet|atk|1\n|turn|1\n|\n|t:|1745992032\n|-terastallize|p2b: Brute Bonnet|Water\n|move|p2a: Calyrex|Protect|p2a: Calyrex\n|-singleturn|p2a: Calyrex|Protect\n|move|p1a: Calyrex|Glacial Lance|p2b: Brute Bonnet|[spread] p2b\n|-activate|p2a: Calyrex|move: Protect\n|-resisted|p2b: Brute Bonnet\n|-damage|p2b: Brute Bonnet|84/100\n|move|p1b: Incineroar|Knock Off|p2b: Brute Bonnet\n|-damage|p2b: Brute Bonnet|59/100\n|-enditem|p2b: Brute Bonnet|Covert Cloak|[from] move: Knock Off|[of] p1b: Incineroar\n|move|p2b: Brute Bonnet|Spore|p1a: Calyrex\n|-status|p1a: Calyrex|slp|[from] move: Spore\n|\n|upkeep\n|turn|2\n|\n|t:|1745992051\n|switch|p1a: Iron Hands|Iron Hands, L50|100/100\n|move|p2b: Brute Bonnet|Rage Powder|p2b: Brute Bonnet\n|-singleturn|p2b: Brute Bonnet|move: Rage Powder\n|move|p2a: Calyrex|Astral Barrage|p1a: Iron Hands|[spread] p1a,p1b\n|-resisted|p1b: Incineroar\n|-damage|p1a: Iron Hands|71/100\n|-damage|p1b: Incineroar|76/100\n|move|p1b: Incineroar|Knock Off|p2b: Brute Bonnet\n|-damage|p2b: Brute Bonnet|41/100\n|\n|upkeep\n|turn|3\n|\n|t:|1745992067\n|move|p1a: Iron Hands|Fake Out|p2b: Brute Bonnet\n|-damage|p2b: Brute Bonnet|32/100\n|move|p2a: Calyrex|Disable|p1b: Incineroar\n|-start|p1b: Incineroar|Disable|Knock Off\n|cant|p1b: Incineroar|Disable|Knock Off\n|cant|p2b: Brute Bonnet|flinch\n|\n|upkeep\n|turn|4\n|\n|t:|1745992078\n|-end|p1a: Iron Hands|Quark Drive|[silent]\n|switch|p1a: Calyrex|Calyrex-Ice, L50|100/100 slp\n|-ability|p1a: Calyrex|As One\n|-ability|p1a: Calyrex|Unnerve\n|move|p2b: Brute Bonnet|Rage Powder|p2b: Brute Bonnet\n|-singleturn|p2b: Brute Bonnet|move: Rage Powder\n|move|p2a: Calyrex|Expanding Force|p1a: Calyrex\n|-resisted|p1a: Calyrex\n|-damage|p1a: Calyrex|84/100 slp\n|move|p1b: Incineroar|Parting Shot|p2b: Brute Bonnet\n|-unboost|p2b: Brute Bonnet|atk|1\n|-unboost|p2b: Brute Bonnet|spa|1\n|\n|t:|1745992089\n|switch|p1b: Miraidon|Miraidon, L50|100/100|[from] Parting Shot\n|-fieldstart|move: Electric Terrain|[from] ability: Hadron Engine|[of] p1b: Miraidon\n|\n|upkeep\n|turn|5\n|\n|t:|1745992109\n|-end|p2b: Brute Bonnet|Protosynthesis|[silent]\n|switch|p2b: Miraidon|Miraidon, L50|100/100\n|-activate|p2b: Miraidon|ability: Hadron Engine\n|-terastallize|p1a: Calyrex|Fire\n|move|p2a: Calyrex|Astral Barrage|p1a: Calyrex|[spread] p1a,p1b\n|-damage|p1a: Calyrex|46/100 slp\n|-damage|p1b: Miraidon|57/100\n|move|p1b: Miraidon|Volt Switch|p2a: Calyrex\n|-damage|p2a: Calyrex|12/100\n|\n|t:|1745992121\n|switch|p1b: Incineroar|Incineroar, L50, F|76/100|[from] Volt Switch\n|-ability|p1b: Incineroar|Intimidate|boost\n|-unboost|p2a: Calyrex|atk|1\n|-unboost|p2b: Miraidon|atk|1\n|cant|p1a: Calyrex|slp\n|\n|upkeep\n|turn|6\n|\n|t:|1745992134\n|move|p1b: Incineroar|Fake Out|p2b: Miraidon\n|-damage|p2b: Miraidon|89/100\n|move|p2a: Calyrex|Astral Barrage|p1a: Calyrex|[spread] p1a,p1b\n|-resisted|p1b: Incineroar\n|-crit|p1b: Incineroar\n|-damage|p1a: Calyrex|5/100 slp\n|-damage|p1b: Incineroar|36/100\n|cant|p2b: Miraidon|flinch\n|-curestatus|p1a: Calyrex|slp|[msg]\n|move|p1a: Calyrex|Trick Room|p1a: Calyrex\n|-fieldstart|move: Trick Room|[of] p1a: Calyrex\n|\n|upkeep\n|turn|7\n|\n|t:|1745992147\n|move|p2b: Miraidon|Protect|p2b: Miraidon\n|-singleturn|p2b: Miraidon|Protect\n|move|p1b: Incineroar|Parting Shot|p2b: Miraidon\n|-activate|p2b: Miraidon|move: Protect\n|move|p1a: Calyrex|Glacial Lance|p2b: Miraidon|[spread] p2a\n|-activate|p2b: Miraidon|move: Protect\n|-damage|p2a: Calyrex|0 fnt\n|faint|p2a: Calyrex\n|-ability|p1a: Calyrex|Chilling Neigh|boost\n|-boost|p1a: Calyrex|atk|1\n|\n|upkeep\n|\n|t:|1745992155\n|switch|p2a: Brute Bonnet|Brute Bonnet, L50, tera:Water|32/100\n|turn|8\n|\n|t:|1745992166\n|switch|p1b: Miraidon|Miraidon, L50|57/100\n|-activate|p1b: Miraidon|ability: Hadron Engine\n|move|p2a: Brute Bonnet|Sucker Punch|p1a: Calyrex\n|-damage|p1a: Calyrex|0 fnt\n|faint|p1a: Calyrex\n|move|p2b: Miraidon|Dazzling Gleam|p1b: Miraidon\n|-supereffective|p1b: Miraidon\n|-damage|p1b: Miraidon|0 fnt\n|faint|p1b: Miraidon\n|-damage|p2b: Miraidon|79/100|[from] item: Life Orb\n|\n|-fieldend|move: Electric Terrain\n|upkeep\n|\n|t:|1745992175\n|switch|p1a: Incineroar|Incineroar, L50, F|36/100\n|switch|p1b: Iron Hands|Iron Hands, L50|71/100\n|-ability|p1a: Incineroar|Intimidate|boost\n|-unboost|p2a: Brute Bonnet|atk|1\n|-unboost|p2b: Miraidon|atk|1\n|turn|9\n|inactive|stanhoff has 30 seconds left.\n|\n|t:|1745992202\n|switch|p2b: Iron Bundle|Iron Bundle, L50|100/100\n|move|p1a: Incineroar|Fake Out|p2a: Brute Bonnet\n|-damage|p2a: Brute Bonnet|25/100\n|cant|p2a: Brute Bonnet|flinch\n|move|p1b: Iron Hands|Low Kick|p2b: Iron Bundle\n|-supereffective|p2b: Iron Bundle\n|-damage|p2b: Iron Bundle|44/100\n|\n|upkeep\n|turn|10\n|\n|t:|1745992214\n|move|p2b: Iron Bundle|Protect|p2b: Iron Bundle\n|-singleturn|p2b: Iron Bundle|Protect\n|move|p1b: Iron Hands|Drain Punch|p2b: Iron Bundle\n|-activate|p2b: Iron Bundle|move: Protect\n|move|p2a: Brute Bonnet|Spore|p1b: Iron Hands\n|-status|p1b: Iron Hands|slp|[from] move: Spore\n|move|p1a: Incineroar|Knock Off|p2a: Brute Bonnet\n|-damage|p2a: Brute Bonnet|10/100\n|\n|-fieldend|move: Trick Room\n|upkeep\n|turn|11\n|-message|psychor&r forfeited.\n|\n|win|stanhoff\n|l|\u2606psychor&r\n|player|p1|\n||psychor&r is ready for game 2.\n||stanhoff is ready for game 2.\n|uhtml|next|Next: <a href=\"/battle-gen9vgc2025regibo3-2353742793\"><strong>Game 2 of 3</strong></a>\n", "uploadtime": 1745992560, "views": 20, "formatid": "gen9vgc2025regibo3", "rating": null, "private": 0, "password": null}