{"id": "gen9vgc2025regibo3-2353966771", "format": "[Gen 9] VGC 2025 Reg I (Bo3)", "players": ["Sizzle2466", "double o dumbass"], "log": "|j|\u2606Sizzle2466\n|j|\u2606double o dumbass\n|html|<table width=\"100%\"><tr><td align=\"left\">Sizzle2466</td><td align=\"right\">double o dumbass</tr><tr><td align=\"left\"><i class=\"fa fa-circle-o\"></i> <i class=\"fa fa-circle-o\"></i> </td><td align=\"right\"><i class=\"fa fa-circle-o\"></i> <i class=\"fa fa-circle-o\"></i> </tr></table>\n|uhtml|bestof|<h2><strong>Game 1</strong> of <a href=\"/game-bestof3-gen9vgc2025regibo3-2353966770\">a best-of-3</a></h2>\n|t:|1746023387\n|gametype|doubles\n|player|p1|Sizzle2466|265|1239\n|player|p2|double o dumbass|will|1184\n|teamsize|p1|6\n|teamsize|p2|6\n|gen|9\n|tier|[Gen 9] VGC 2025 Reg I (Bo3)\n|rated|\n|rule|Species Clause: Limit one of each Pok\u00e9mon\n|rule|Item Clause: Limit 1 of each item\n|clearpoke\n|poke|p1|Groudon, L50|\n|poke|p1|Lunala, L50|\n|poke|p1|Incineroar, L50, M|\n|poke|p1|Rillaboom, L50, M|\n|poke|p1|Flutter Mane, L50|\n|poke|p1|Ogerpon-Cornerstone, L50, F|\n|poke|p2|Grimmsnarl, L50, M|\n|poke|p2|Calyrex-Shadow, L50|\n|poke|p2|Zamazenta-*, L50|\n|poke|p2|Primarina, L50, F|\n|poke|p2|Rillaboom, L50, M|\n|poke|p2|Urshifu-*, L50, M|\n|teampreview|4\n|showteam|p1|Groudon||ClearAmulet|Drought|PrecipiceBlades,HeatCrash,HighHorsepower,Protect||||||50|,,,,,Fire]Lunala||Leftovers|ShadowShield|Moonblast,MoongeistBeam,WideGuard,TrickRoom||||||50|,,,,,Fairy]Incineroar||RockyHelmet|Intimidate|FakeOut,FlareBlitz,KnockOff,Uturn|||M|||50|,,,,,Grass]Rillaboom||AssaultVest|GrassySurge|FakeOut,WoodHammer,GrassyGlide,Uturn|||M|||50|,,,,,Fire]Flutter Mane||FocusSash|Protosynthesis|Moonblast,ShadowBall,IcyWind,Protect||||||50|,,,,,Normal]Ogerpon-Cornerstone||CornerstoneMask|Sturdy|IvyCudgel,HornLeech,FollowMe,SpikyShield|||F|||50|,,,,,Rock\n|showteam|p2|Grimmsnarl||LightClay|Prankster|Reflect,LightScreen,SpiritBreak,ThunderWave|||M|||50|,,,,,Ghost]Calyrex-Shadow||LifeOrb|AsOneSpectrier|AstralBarrage,Psychic,NastyPlot,Protect||||||50|,,,,,Dark]Zamazenta-Crowned||RustedShield|DauntlessShield|BodyPress,HeavySlam,WideGuard,Protect||||||50|,,,,,Dragon]Primarina||AssaultVest|LiquidVoice|Moonblast,ShadowBall,HyperVoice,IcyWind|||F|||50|,,,,,Grass]Rillaboom||ChoiceBand|GrassySurge|WoodHammer,GrassyGlide,HighHorsepower,Uturn|||M|||50|,,,,,Grass]Urshifu||FocusSash|UnseenFist|WickedBlow,SuckerPunch,CloseCombat,Detect|||M|||50|,,,,,Dark\n|inactive|Battle timer is ON: inactive players will automatically lose when time's up. (requested by double o dumbass)\n|inactive|double o dumbass has 60 seconds left.\n|\n|t:|1746023440\n|start\n|switch|p1a: Lunala|Lunala, L50|100/100\n|switch|p1b: Incineroar|Incineroar, L50, M|100/100\n|switch|p2a: Zamazenta|Zamazenta-Crowned, L50|100/100\n|switch|p2b: Calyrex|Calyrex-Shadow, L50|100/100\n|-ability|p2b: Calyrex|As One\n|-ability|p2b: Calyrex|Unnerve\n|-ability|p2a: Zamazenta|Dauntless Shield|boost\n|-boost|p2a: Zamazenta|def|1\n|-ability|p1b: Incineroar|Intimidate|boost\n|-unboost|p2a: Zamazenta|atk|1\n|-unboost|p2b: Calyrex|atk|1\n|turn|1\n|\n|t:|1746023457\n|-terastallize|p1a: Lunala|Fairy\n|move|p2b: Calyrex|Protect|p2b: Calyrex\n|-singleturn|p2b: Calyrex|Protect\n|move|p1b: Incineroar|Fake Out|p2a: Zamazenta\n|-resisted|p2a: Zamazenta\n|-damage|p2a: Zamazenta|98/100\n|cant|p2a: Zamazenta|flinch\n|move|p1a: Lunala|Trick Room|p1a: Lunala\n|-fieldstart|move: Trick Room|[of] p1a: Lunala\n|\n|upkeep\n|turn|2\n|\n|t:|1746023471\n|switch|p2b: Primarina|Primarina, L50, F|100/100\n|move|p1b: Incineroar|Knock Off|p2b: Primarina\n|-resisted|p2b: Primarina\n|-damage|p2b: Primarina|77/100\n|-enditem|p2b: Primarina|Assault Vest|[from] move: Knock Off|[of] p1b: Incineroar\n|move|p1a: Lunala|Moongeist Beam|p2a: Zamazenta\n|-damage|p2a: Zamazenta|60/100\n|move|p2a: Zamazenta|Body Press|p1b: Incineroar\n|-supereffective|p1b: Incineroar\n|-damage|p1b: Incineroar|0 fnt\n|-damage|p2a: Zamazenta|43/100|[from] item: Rocky Helmet|[of] p1b: Incineroar\n|faint|p1b: Incineroar\n|\n|upkeep\n|\n|t:|1746023485\n|switch|p1b: Groudon|Groudon, L50|100/100\n|-weather|SunnyDay|[from] ability: Drought|[of] p1b: Groudon\n|turn|3\n|\n|t:|1746023496\n|move|p2a: Zamazenta|Wide Guard|p2a: Zamazenta\n|-singleturn|p2a: Zamazenta|Wide Guard\n|move|p2b: Primarina|Moonblast|p1a: Lunala\n|-crit|p1a: Lunala\n|-damage|p1a: Lunala|75/100\n|move|p1b: Groudon|Precipice Blades|p2a: Zamazenta|[spread] \n|-activate|p2a: Zamazenta|move: Wide Guard\n|-activate|p2b: Primarina|move: Wide Guard\n|move|p1a: Lunala|Moongeist Beam|p2a: Zamazenta\n|-damage|p2a: Zamazenta|2/100\n|\n|-weather|SunnyDay|[upkeep]\n|-heal|p1a: Lunala|81/100|[from] item: Leftovers\n|upkeep\n|turn|4\n|\n|t:|1746023518\n|move|p2b: Primarina|Moonblast|p1a: Lunala\n|-damage|p1a: Lunala|51/100\n|move|p1b: Groudon|High Horsepower|p2b: Primarina\n|-damage|p2b: Primarina|12/100\n|move|p1a: Lunala|Moongeist Beam|p2b: Primarina\n|-damage|p2b: Primarina|0 fnt\n|faint|p2b: Primarina\n|move|p2a: Zamazenta|Heavy Slam|p1a: Lunala\n|-supereffective|p1a: Lunala\n|-damage|p1a: Lunala|1/100\n|\n|-weather|SunnyDay|[upkeep]\n|-heal|p1a: Lunala|7/100|[from] item: Leftovers\n|upkeep\n|inactive|double o dumbass has 30 seconds left.\n|\n|t:|1746023550\n|switch|p2b: Urshifu|Urshifu, L50, M|100/100\n|turn|5\n|\n|t:|1746023563\n|switch|p1a: Rillaboom|Rillaboom, L50, M|100/100\n|-fieldstart|move: Grassy Terrain|[from] ability: Grassy Surge|[of] p1a: Rillaboom\n|move|p2a: Zamazenta|Protect|p2a: Zamazenta\n|-singleturn|p2a: Zamazenta|Protect\n|move|p2b: Urshifu|Sucker Punch||[still]\n|-fail|p2b: Urshifu\n|move|p1b: Groudon|Precipice Blades|p2b: Urshifu|[spread] p2b\n|-activate|p2a: Zamazenta|move: Protect\n|-damage|p2b: Urshifu|45/100\n|\n|-weather|SunnyDay|[upkeep]\n|-heal|p2b: Urshifu|52/100|[from] Grassy Terrain\n|-heal|p2a: Zamazenta|8/100|[from] Grassy Terrain\n|-fieldend|move: Trick Room\n|upkeep\n|turn|6\n|\n|t:|1746023585\n|move|p1a: Rillaboom|Fake Out|p2a: Zamazenta\n|-resisted|p2a: Zamazenta\n|-damage|p2a: Zamazenta|5/100\n|cant|p2a: Zamazenta|flinch\n|move|p2b: Urshifu|Wicked Blow|p1b: Groudon\n|-crit|p1b: Groudon\n|-damage|p1b: Groudon|56/100\n|move|p1b: Groudon|Precipice Blades|p2a: Zamazenta|[spread] p2a,p2b\n|-supereffective|p2a: Zamazenta\n|-damage|p2a: Zamazenta|0 fnt\n|-damage|p2b: Urshifu|0 fnt\n|faint|p2a: Zamazenta\n|faint|p2b: Urshifu\n|\n|-weather|SunnyDay|[upkeep]\n|-heal|p1b: Groudon|62/100|[from] Grassy Terrain\n|upkeep\n|\n|t:|1746023592\n|switch|p2b: Calyrex|Calyrex-Shadow, L50|100/100\n|-ability|p2b: Calyrex|As One\n|-ability|p2b: Calyrex|Unnerve\n|turn|7\n|\n|t:|1746023604\n|move|p1b: Groudon|Protect|p1b: Groudon\n|-singleturn|p1b: Groudon|Protect\n|move|p2b: Calyrex|Astral Barrage|p1a: Rillaboom|[spread] p1a\n|-activate|p1b: Groudon|move: Protect\n|-damage|p1a: Rillaboom|54/100\n|-damage|p2b: Calyrex|91/100|[from] item: Life Orb\n|move|p1a: Rillaboom|Wood Hammer|p2b: Calyrex\n|-damage|p2b: Calyrex|0 fnt\n|faint|p2b: Calyrex\n|-damage|p1a: Rillaboom|24/100|[from] Recoil\n|\n|win|Sizzle2466\n||double o dumbass is ready for game 2.\n|inactive|Sizzle2466 has 30 seconds to confirm battle start!\n||Sizzle2466 is ready for game 2.\n|uhtml|next|Next: <a href=\"/battle-gen9vgc2025regibo3-2353969356\"><strong>Game 2 of 3</strong></a>\n|l|\u2606double o dumbass\n|player|p2|\n|l|\u2606Sizzle2466\n|player|p1|\n", "uploadtime": 1746023922, "views": 22, "formatid": "gen9vgc2025regibo3", "rating": null, "private": 0, "password": null}