{"id": "gen9vgc2025regibo3-2354143752", "format": "[Gen 9] VGC 2025 Reg I (Bo3)", "players": ["Richiskz", "sephfr"], "log": "|j|\u2606Richiskz\n|j|\u2606sephfr\n|html|<table width=\"100%\"><tr><td align=\"left\">Richiskz</td><td align=\"right\">sephfr</tr><tr><td align=\"left\"><i class=\"fa fa-circle-o\"></i> <i class=\"fa fa-circle-o\"></i> </td><td align=\"right\"><i class=\"fa fa-circle-o\"></i> <i class=\"fa fa-circle-o\"></i> </tr></table>\n|uhtml|bestof|<h2><strong>Game 1</strong> of <a href=\"/game-bestof3-gen9vgc2025regibo3-2354143751\">a best-of-3</a></h2>\n|t:|1746038619\n|gametype|doubles\n|player|p1|Richiskz|marshal|1086\n|player|p2|sephfr|lance|1090\n|teamsize|p1|6\n|teamsize|p2|6\n|gen|9\n|tier|[Gen 9] VGC 2025 Reg I (Bo3)\n|rated|\n|rule|Species Clause: Limit one of each Pok\u00e9mon\n|rule|Item Clause: Limit 1 of each item\n|clearpoke\n|poke|p1|Glimmora, L50, F|\n|poke|p1|Garganacl, L50, F|\n|poke|p1|Calyrex-Shadow, L50|\n|poke|p1|Urshifu-*, L50, M|\n|poke|p1|Tornadus, L50, M|\n|poke|p1|Miraidon, L50|\n|poke|p2|Terapagos, L50, M|\n|poke|p2|Rillaboom, L50, M|\n|poke|p2|Incineroar, L50, F|\n|poke|p2|Zacian-*, L50|\n|poke|p2|Urshifu-*, L50, F|\n|poke|p2|Flutter Mane, L50|\n|teampreview|4\n|showteam|p1|Glimmora||FocusSash|ToxicDebris|MortalSpin,SludgeBomb,Spikes,SpikyShield|||F|||50|,,,,,Ghost]Garganacl||Leftovers|Sturdy|SaltCure,StealthRock,WideGuard,Protect|||F|||50|,,,,,Water]Calyrex-Shadow||LifeOrb|AsOneSpectrier|AstralBarrage,Psychic,LeafStorm,Protect||||||50|,,,,,Normal]Urshifu-Rapid-Strike||MysticWater|UnseenFist|SurgingStrikes,CloseCombat,AquaJet,Detect|||M|||50|,,,,,Stellar]Tornadus||CovertCloak|Prankster|Tailwind,BleakwindStorm,RainDance,Protect|||M|||50|,,,,,Flying]Miraidon||ChoiceSpecs|HadronEngine|ElectroDrift,DracoMeteor,DazzlingGleam,Discharge||||||50|,,,,,Fairy\n|showteam|p2|Terapagos||Leftovers|TeraShift|TeraStarstorm,CalmMind,EarthPower,Protect|||M|||50|,,,,,Stellar]Rillaboom||AssaultVest|GrassySurge|FakeOut,WoodHammer,GrassyGlide,Uturn|||M|||50|,,,,,Fire]Incineroar||RockyHelmet|Intimidate|FakeOut,KnockOff,PartingShot,WillOWisp|||F|||50|,,,,,Ghost]Zacian-Crowned||RustedSword|IntrepidSword|behemothblade,PlayRough,SacredSword,Protect||||||50|,,,,,Water]Urshifu-Rapid-Strike||SplashPlate|UnseenFist|SurgingStrikes,CloseCombat,AquaJet,Detect|||F|||50|,,,,,Water]Flutter Mane||BoosterEnergy|Protosynthesis|Moonblast,IcyWind,ThunderWave,Protect||||||50|,,,,,Fairy\n|inactive|Battle timer is ON: inactive players will automatically lose when time's up. (requested by Richiskz)\n|\n|t:|1746038628\n|start\n|switch|p1a: Glimmora|Glimmora, L50, F|100/100\n|switch|p1b: Garganacl|Garganacl, L50, F|100/100\n|switch|p2a: Flutter Mane|Flutter Mane, L50|100/100\n|switch|p2b: Terapagos|Terapagos, L50, M|100/100\n|-activate|p2b: Terapagos|ability: Tera Shift\n|detailschange|p2b: Terapagos|Terapagos-Terastal, L50, M\n|-heal|p2b: Terapagos|100/100|[silent]\n|-enditem|p2a: Flutter Mane|Booster Energy\n|-activate|p2a: Flutter Mane|ability: Protosynthesis|[fromitem]\n|-start|p2a: Flutter Mane|protosynthesisspe\n|turn|1\n|\n|t:|1746038645\n|move|p2a: Flutter Mane|Moonblast|p1b: Garganacl\n|-damage|p1b: Garganacl|65/100\n|move|p1a: Glimmora|Mortal Spin|p2b: Terapagos|[spread] p2a,p2b\n|-activate|p2b: Terapagos|ability: Tera Shell\n|-resisted|p2b: Terapagos\n|-damage|p2a: Flutter Mane|93/100\n|-damage|p2b: Terapagos|99/100\n|-status|p2a: Flutter Mane|psn\n|-status|p2b: Terapagos|psn\n|move|p2b: Terapagos|Calm Mind|p2b: Terapagos\n|-boost|p2b: Terapagos|spa|1\n|-boost|p2b: Terapagos|spd|1\n|move|p1b: Garganacl|Salt Cure|p2b: Terapagos\n|-damage|p2b: Terapagos|90/100 psn\n|-start|p2b: Terapagos|Salt Cure\n|\n|-heal|p2b: Terapagos|96/100 psn|[from] item: Leftovers\n|-heal|p1b: Garganacl|71/100|[from] item: Leftovers\n|-damage|p2a: Flutter Mane|81/100 psn|[from] psn\n|-damage|p2b: Terapagos|83/100 psn|[from] psn\n|-damage|p2b: Terapagos|71/100 psn|[from] Salt Cure\n|upkeep\n|turn|2\n|\n|t:|1746038669\n|move|p2a: Flutter Mane|Icy Wind|p1a: Glimmora|[spread] p1a,p1b\n|-damage|p1a: Glimmora|85/100\n|-damage|p1b: Garganacl|60/100\n|-unboost|p1a: Glimmora|spe|1\n|-unboost|p1b: Garganacl|spe|1\n|move|p2b: Terapagos|Earth Power|p1a: Glimmora\n|-supereffective|p1a: Glimmora\n|-damage|p1a: Glimmora|0 fnt\n|faint|p1a: Glimmora\n|move|p1b: Garganacl|Stealth Rock|p2a: Flutter Mane\n|-sidestart|p2: sephfr|move: Stealth Rock\n|\n|-heal|p2b: Terapagos|77/100 psn|[from] item: Leftovers\n|-heal|p1b: Garganacl|66/100|[from] item: Leftovers\n|-damage|p2a: Flutter Mane|69/100 psn|[from] psn\n|-damage|p2b: Terapagos|65/100 psn|[from] psn\n|-damage|p2b: Terapagos|52/100 psn|[from] Salt Cure\n|upkeep\n|\n|t:|1746038684\n|switch|p1a: Calyrex|Calyrex-Shadow, L50|100/100\n|-ability|p1a: Calyrex|As One\n|-ability|p1a: Calyrex|Unnerve\n|turn|3\n|\n|t:|1746038703\n|move|p1a: Calyrex|Protect|p1a: Calyrex\n|-singleturn|p1a: Calyrex|Protect\n|move|p2a: Flutter Mane|Thunder Wave|p1a: Calyrex\n|-activate|p1a: Calyrex|move: Protect\n|move|p2b: Terapagos|Earth Power|p1a: Calyrex\n|-activate|p1a: Calyrex|move: Protect\n|move|p1b: Garganacl|Salt Cure|p2a: Flutter Mane\n|-damage|p2a: Flutter Mane|50/100 psn\n|-start|p2a: Flutter Mane|Salt Cure\n|\n|-heal|p2b: Terapagos|58/100 psn|[from] item: Leftovers\n|-heal|p1b: Garganacl|72/100|[from] item: Leftovers\n|-damage|p2a: Flutter Mane|37/100 psn|[from] psn\n|-damage|p2b: Terapagos|46/100 psn|[from] psn\n|-damage|p2a: Flutter Mane|25/100 psn|[from] Salt Cure\n|-damage|p2b: Terapagos|33/100 psn|[from] Salt Cure\n|upkeep\n|turn|4\n|\n|t:|1746038725\n|move|p1b: Garganacl|Wide Guard|p1b: Garganacl\n|-singleturn|p1b: Garganacl|Wide Guard\n|move|p2a: Flutter Mane|Thunder Wave|p1a: Calyrex\n|-status|p1a: Calyrex|par\n|move|p1a: Calyrex|Psychic|p2b: Terapagos\n|-damage|p2b: Terapagos|0 fnt\n|faint|p2b: Terapagos\n|-ability|p1a: Calyrex|Grim Neigh|boost\n|-boost|p1a: Calyrex|spa|1\n|-damage|p1a: Calyrex|91/100 par|[from] item: Life Orb\n|\n|-heal|p1b: Garganacl|78/100|[from] item: Leftovers\n|-damage|p2a: Flutter Mane|13/100 psn|[from] psn\n|-damage|p2a: Flutter Mane|1/100 psn|[from] Salt Cure\n|upkeep\n|\n|t:|1746038730\n|switch|p2b: Rillaboom|Rillaboom, L50, M|100/100\n|-damage|p2b: Rillaboom|88/100|[from] Stealth Rock\n|-fieldstart|move: Grassy Terrain|[from] ability: Grassy Surge|[of] p2b: Rillaboom\n|turn|5\n|\n|t:|1746038748\n|move|p2a: Flutter Mane|Moonblast|p1a: Calyrex\n|-damage|p1a: Calyrex|46/100 par\n|-unboost|p1a: Calyrex|spa|1\n|move|p2b: Rillaboom|Wood Hammer|p1a: Calyrex\n|-damage|p1a: Calyrex|0 fnt\n|faint|p1a: Calyrex\n|-damage|p2b: Rillaboom|76/100|[from] Recoil\n|move|p1b: Garganacl|Salt Cure|p2b: Rillaboom\n|-damage|p2b: Rillaboom|62/100\n|-start|p2b: Rillaboom|Salt Cure\n|\n|-heal|p2a: Flutter Mane|7/100 psn|[from] Grassy Terrain\n|-heal|p2b: Rillaboom|68/100|[from] Grassy Terrain\n|-heal|p1b: Garganacl|84/100|[from] Grassy Terrain\n|-heal|p1b: Garganacl|89/100|[from] item: Leftovers\n|-damage|p2a: Flutter Mane|0 fnt|[from] psn\n|faint|p2a: Flutter Mane\n|-end|p2a: Flutter Mane|Protosynthesis|[silent]\n|-damage|p2b: Rillaboom|56/100|[from] Salt Cure\n|upkeep\n|\n|t:|1746038766\n|switch|p1a: Miraidon|Miraidon, L50|100/100\n|switch|p2a: Urshifu|Urshifu-Rapid-Strike, L50, F|100/100\n|-fieldstart|move: Electric Terrain|[from] ability: Hadron Engine|[of] p1a: Miraidon\n|-damage|p2a: Urshifu|94/100|[from] Stealth Rock\n|turn|6\n|\n|t:|1746038783\n|move|p1a: Miraidon|Electro Drift|p2a: Urshifu\n|-supereffective|p2a: Urshifu\n|-damage|p2a: Urshifu|0 fnt\n|faint|p2a: Urshifu\n|move|p2b: Rillaboom|Wood Hammer|p1a: Miraidon\n|-resisted|p1a: Miraidon\n|-damage|p1a: Miraidon|68/100\n|-damage|p2b: Rillaboom|47/100|[from] Recoil\n|move|p1b: Garganacl|Salt Cure|p2b: Rillaboom\n|-damage|p2b: Rillaboom|35/100\n|\n|-heal|p1b: Garganacl|95/100|[from] item: Leftovers\n|-damage|p2b: Rillaboom|23/100|[from] Salt Cure\n|upkeep\n|turn|7\n|-message|sephfr forfeited.\n|\n|win|Richiskz\n|l|\u2606sephfr\n|player|p2|\n||Richiskz is ready for game 2.\n|l|\u2606Richiskz\n|player|p1|\n|inactive|sephfr has 30 seconds to confirm battle start!\n|inactive|sephfr has 20 seconds to confirm battle start!\n|inactive|sephfr has 10 seconds to confirm battle start!\n|uhtml|next|Next: <a href=\"/battle-gen9vgc2025regibo3-2354146102\"><strong>Game 2 of 3</strong></a>\n", "uploadtime": 1746039096, "views": 6, "formatid": "gen9vgc2025regibo3", "rating": null, "private": 0, "password": null}