{"id": "gen9vgc2025regibo3-2355125568", "format": "[Gen 9] VGC 2025 Reg I (Bo3)", "players": ["horizonbattle", "jalo3705"], "log": "|j|\u2606horizonbattle\n|j|\u2606jalo3705\n|html|<table width=\"100%\"><tr><td align=\"left\">horizonbattle</td><td align=\"right\">jalo3705</tr><tr><td align=\"left\"><i class=\"fa fa-circle\"></i> <i class=\"fa fa-circle-o\"></i> </td><td align=\"right\"><i class=\"fa fa-circle-o\"></i> <i class=\"fa fa-circle-o\"></i> </tr></table>\n|uhtml|bestof|<h2><strong>Game 2</strong> of <a href=\"/game-bestof3-gen9vgc2025regibo3-2355123045\">a best-of-3</a></h2>\n|t:|1746155713\n|gametype|doubles\n|player|p1|horizonbattle|170|1206\n|player|p2|jalo3705|101|1142\n|teamsize|p1|6\n|teamsize|p2|6\n|gen|9\n|tier|[Gen 9] VGC 2025 Reg I (Bo3)\n|rated|\n|rule|Species Clause: Limit one of each Pok\u00e9mon\n|rule|Item Clause: Limit 1 of each item\n|clearpoke\n|poke|p1|Calyrex-Shadow, L50|\n|poke|p1|Rillaboom, L50, F|\n|poke|p1|Incineroar, L50, M|\n|poke|p1|Urshifu-*, L50, F|\n|poke|p1|Amoonguss, L50, M|\n|poke|p1|Terapagos, L50, M|\n|poke|p2|Zekrom, L50|\n|poke|p2|Reshiram, L50|\n|poke|p2|Rillaboom, L50, M|\n|poke|p2|Incineroar, L50, F|\n|poke|p2|Corviknight, L50, F|\n|poke|p2|Farigiraf, L50, M|\n|teampreview|4\n|showteam|p1|Calyrex-Shadow||FocusSash|AsOneSpectrier|AstralBarrage,Encore,Disable,Protect||||||50|,,,,,Ghost]Rillaboom||AssaultVest|GrassySurge|DrumBeating,GrassyGlide,Uturn,FakeOut|||F|||50|,,,,,Fire]Incineroar||SafetyGoggles|Intimidate|KnockOff,WillOWisp,PartingShot,FakeOut|||M|||50|,,,,,Bug]Urshifu-Rapid-Strike||ChoiceScarf|UnseenFist|SurgingStrikes,CloseCombat,RockTomb,Uturn|||F|||50|,,,,,Water]Amoonguss||RockyHelmet|Regenerator|Spore,RagePowder,SludgeBomb,Protect|||M|||50|,,,,,Water]Terapagos||Leftovers|TeraShift|TeraStarstorm,EarthPower,CalmMind,Protect|||M|||50|,,,,,Stellar\n|showteam|p2|Zekrom||ClearAmulet|Teravolt|FusionBolt,DragonClaw,DragonDance,Protect||||||50|,,,,,Fairy]Reshiram||ChoiceScarf|Turboblaze|FusionFlare,ShadowBall,DracoMeteor,HeatWave||||||50|,,,,,Fairy]Rillaboom||AssaultVest|GrassySurge|WoodHammer,FakeOut,HighHorsepower,GrassyGlide|||M|||50|,,,,,Fire]Incineroar||SitrusBerry|Intimidate|FlareBlitz,KnockOff,FakeOut,PartingShot|||F|||50|,,,,,Grass]Corviknight||CovertCloak|MirrorArmor|Taunt,BulkUp,BraveBird,Roost|||F|||50|,,,,,Dragon]Farigiraf||GrassySeed|ArmorTail|TrickRoom,Imprison,DazzlingGleam,HelpingHand|||M|||50|,,,,,Fairy\n|inactive|Battle timer is ON: inactive players will automatically lose when time's up. (requested by horizonbattle)\n|inactive|jalo3705 has 60 seconds left.\n|\n|t:|1746155749\n|start\n|switch|p1a: Terapagos|Terapagos, L50, M|100/100\n|switch|p1b: Tree Among Shrubs|Amoonguss, L50, M|100/100\n|switch|p2a: Reshiram|Reshiram, L50|100/100\n|switch|p2b: Zekrom|Zekrom, L50|100/100\n|-activate|p1a: Terapagos|ability: Tera Shift\n|detailschange|p1a: Terapagos|Terapagos-Terastal, L50, M\n|-heal|p1a: Terapagos|100/100|[silent]\n|-ability|p2a: Reshiram|Turboblaze\n|-ability|p2b: Zekrom|Teravolt\n|turn|1\n|\n|t:|1746155770\n|move|p2a: Reshiram|Fusion Flare|p1b: Tree Among Shrubs\n|-supereffective|p1b: Tree Among Shrubs\n|-damage|p1b: Tree Among Shrubs|10/100\n|move|p2b: Zekrom|Fusion Bolt|p1b: Tree Among Shrubs\n|-resisted|p1b: Tree Among Shrubs\n|-damage|p1b: Tree Among Shrubs|0 fnt\n|faint|p1b: Tree Among Shrubs\n|move|p1a: Terapagos|Calm Mind|p1a: Terapagos\n|-boost|p1a: Terapagos|spa|1\n|-boost|p1a: Terapagos|spd|1\n|\n|upkeep\n|\n|t:|1746155782\n|switch|p1b: Incineroar|Incineroar, L50, M|100/100\n|-ability|p1b: Incineroar|Intimidate|boost\n|-unboost|p2a: Reshiram|atk|1\n|-fail|p2b: Zekrom|unboost|[from] item: Clear Amulet|[of] p2b: Zekrom\n|turn|2\n|\n|t:|1746155792\n|move|p2a: Reshiram|Fusion Flare|p1a: Terapagos\n|-damage|p1a: Terapagos|69/100\n|move|p2b: Zekrom|Fusion Bolt|p1a: Terapagos\n|-damage|p1a: Terapagos|0 fnt\n|faint|p1a: Terapagos\n|move|p1b: Incineroar|Will-O-Wisp|p2b: Zekrom\n|-status|p2b: Zekrom|brn\n|\n|-damage|p2b: Zekrom|94/100 brn|[from] brn\n|upkeep\n|\n|t:|1746155803\n|switch|p1a: Calyrex|Calyrex-Shadow, L50|100/100\n|-ability|p1a: Calyrex|As One\n|-ability|p1a: Calyrex|Unnerve\n|turn|3\n|\n|t:|1746155823\n|switch|p2a: Incineroar|Incineroar, L50, F|100/100\n|-ability|p2a: Incineroar|Intimidate|boost\n|-unboost|p1a: Calyrex|atk|1\n|-unboost|p1b: Incineroar|atk|1\n|-terastallize|p1a: Calyrex|Ghost\n|move|p1a: Calyrex|Astral Barrage|p2b: Zekrom|[spread] p2a,p2b\n|-resisted|p2a: Incineroar\n|-damage|p2a: Incineroar|72/100\n|-damage|p2b: Zekrom|22/100 brn\n|move|p2b: Zekrom|Dragon Claw|p1a: Calyrex\n|-damage|p1a: Calyrex|71/100\n|move|p1b: Incineroar|Knock Off|p2b: Zekrom\n|-damage|p2b: Zekrom|0 fnt\n|-enditem|p2b: Zekrom|Clear Amulet|[from] move: Knock Off|[of] p1b: Incineroar\n|faint|p2b: Zekrom\n|\n|upkeep\n|\n|t:|1746155841\n|switch|p2b: Reshiram|Reshiram, L50|100/100\n|-ability|p2b: Reshiram|Turboblaze\n|turn|4\n|\n|t:|1746155846\n|move|p1a: Calyrex|Protect|p1a: Calyrex\n|-singleturn|p1a: Calyrex|Protect\n|move|p2a: Incineroar|Fake Out|p1b: Incineroar\n|-damage|p1b: Incineroar|93/100\n|move|p2b: Reshiram|Shadow Ball|p1a: Calyrex\n|-activate|p1a: Calyrex|move: Protect\n|cant|p1b: Incineroar|flinch\n|\n|upkeep\n|turn|5\n|\n|t:|1746155859\n|move|p1a: Calyrex|Protect||[still]\n|-fail|p1a: Calyrex\n|move|p2b: Reshiram|Shadow Ball|p1a: Calyrex\n|-supereffective|p1a: Calyrex\n|-damage|p1a: Calyrex|7/100\n|move|p1b: Incineroar|Knock Off|p2b: Reshiram\n|-damage|p2b: Reshiram|74/100\n|-enditem|p2b: Reshiram|Choice Scarf|[from] move: Knock Off|[of] p1b: Incineroar\n|move|p2a: Incineroar|Parting Shot|p1a: Calyrex\n|-unboost|p1a: Calyrex|atk|1\n|-unboost|p1a: Calyrex|spa|1\n|\n|t:|1746155862\n|switch|p2a: Rillaboom|Rillaboom, L50, M|100/100|[from] Parting Shot\n|-fieldstart|move: Grassy Terrain|[from] ability: Grassy Surge|[of] p2a: Rillaboom\n|\n|-heal|p1a: Calyrex|13/100|[from] Grassy Terrain\n|-heal|p2b: Reshiram|80/100|[from] Grassy Terrain\n|-heal|p1b: Incineroar|99/100|[from] Grassy Terrain\n|upkeep\n|turn|6\n|\n|t:|1746155883\n|move|p1a: Calyrex|Protect|p1a: Calyrex\n|-singleturn|p1a: Calyrex|Protect\n|move|p2a: Rillaboom|Grassy Glide|p1a: Calyrex\n|-activate|p1a: Calyrex|move: Protect\n|move|p2b: Reshiram|Draco Meteor|p1b: Incineroar\n|-damage|p1b: Incineroar|33/100\n|-unboost|p2b: Reshiram|spa|2\n|move|p1b: Incineroar|Will-O-Wisp|p2b: Reshiram\n|-immune|p2b: Reshiram\n|\n|-heal|p1a: Calyrex|19/100|[from] Grassy Terrain\n|-heal|p2b: Reshiram|86/100|[from] Grassy Terrain\n|-heal|p1b: Incineroar|39/100|[from] Grassy Terrain\n|upkeep\n|turn|7\n|\n|t:|1746155892\n|switch|p2b: Incineroar|Incineroar, L50, F|72/100\n|-ability|p2b: Incineroar|Intimidate|boost\n|-unboost|p1a: Calyrex|atk|1\n|-unboost|p1b: Incineroar|atk|1\n|move|p2a: Rillaboom|Grassy Glide|p1a: Calyrex\n|-damage|p1a: Calyrex|0 fnt\n|faint|p1a: Calyrex\n|move|p1b: Incineroar|Parting Shot|p2a: Rillaboom\n|-unboost|p2a: Rillaboom|atk|1\n|-unboost|p2a: Rillaboom|spa|1\n|\n|-heal|p1b: Incineroar|45/100|[from] Grassy Terrain\n|-heal|p2b: Incineroar|78/100|[from] Grassy Terrain\n|upkeep\n|turn|8\n|-message|horizonbattle forfeited.\n|\n|win|jalo3705\n||horizonbattle is ready for game 3.\n||jalo3705 is ready for game 3.\n|uhtml|next|Next: <a href=\"/battle-gen9vgc2025regibo3-2355127030\"><strong>Game 3 of 3</strong></a>\n|l|\u2606horizonbattle\n|player|p1|\n", "uploadtime": 1746156211, "views": 3, "formatid": "gen9vgc2025regibo3", "rating": null, "private": 0, "password": null}