{"id": "gen9vgc2025regibo3-2354160644", "format": "[Gen 9] VGC 2025 Reg I (Bo3)", "players": ["navicorrin", "Moitamo"], "log": "|j|\u2606navicorrin\n|j|\u2606Moitamo\n|html|<table width=\"100%\"><tr><td align=\"left\">navicorrin</td><td align=\"right\">Moitamo</tr><tr><td align=\"left\"><i class=\"fa fa-circle-o\"></i> <i class=\"fa fa-circle-o\"></i> </td><td align=\"right\"><i class=\"fa fa-circle-o\"></i> <i class=\"fa fa-circle-o\"></i> </tr></table>\n|uhtml|bestof|<h2><strong>Game 1</strong> of <a href=\"/game-bestof3-gen9vgc2025regibo3-2354160643\">a best-of-3</a></h2>\n|t:|1746040153\n|gametype|doubles\n|player|p1|navicorrin|rosa|1037\n|player|p2|Moitamo|266|1135\n|teamsize|p1|6\n|teamsize|p2|6\n|gen|9\n|tier|[Gen 9] VGC 2025 Reg I (Bo3)\n|rated|\n|rule|Species Clause: Limit one of each Pok\u00e9mon\n|rule|Item Clause: Limit 1 of each item\n|clearpoke\n|poke|p1|Ursaluna, L50, M|\n|poke|p1|Mimikyu, L50, F|\n|poke|p1|Calyrex-Ice, L50|\n|poke|p1|Chi-Yu, L50|\n|poke|p1|Tinkaton, L50, F|\n|poke|p1|Lunala, L50|\n|poke|p2|Cresselia, L50, F|\n|poke|p2|Zamazenta-*, L50|\n|poke|p2|Rillaboom, L50, F|\n|poke|p2|Terapagos, L50, M|\n|poke|p2|Pelipper, L50, M|\n|poke|p2|Urshifu-*, L50, M|\n|teampreview|4\n|showteam|p1|Ursaluna||FlameOrb|Guts|HeadlongRush,Facade,Protect,PlayRough|||M|||50|,,,,,Fairy]Mimikyu||MentalHerb|Disguise|Protect,TrickRoom,Curse,Taunt|||F|||50|,,,,,Dark]Calyrex-Ice||ClearAmulet|AsOneGlastrier|GlacialLance,CloseCombat,TrickRoom,Protect||||||50|,,,,,Water]Chi-Yu||FocusSash|BeadsofRuin|HeatWave,DarkPulse,Protect,Overheat||||||50|,,,,,Ghost]Tinkaton||AssaultVest|MoldBreaker|Feint,FakeOut,GigatonHammer,PlayRough|||F|||50|,,,,,Fairy]Lunala||Leftovers|ShadowShield|Psychic,WideGuard,MoongeistBeam,Protect||||||50|,,,,,Dark\n|showteam|p2|Cresselia||SafetyGoggles|Levitate|TrickRoom,LunarBlessing,Thunderbolt,HelpingHand|||F|||50|,,,,,Electric]Zamazenta-Crowned||RustedShield|DauntlessShield|BodyPress,behemothbash,Protect,IronDefense||||||50|,,,,,Grass]Rillaboom||AssaultVest|GrassySurge|WoodHammer,GrassyGlide,Uturn,FakeOut|||F|||50|,,,,,Fire]Terapagos||Leftovers|TeraShift|TeraStarstorm,CalmMind,Protect,EarthPower|||M|||50|,,,,,Stellar]Pelipper||FocusSash|Drizzle|WeatherBall,Tailwind,WideGuard,Protect|||M|||50|,,,,,Ghost]Urshifu-Rapid-Strike||ChoiceScarf|UnseenFist|AquaJet,SurgingStrikes,CloseCombat,Uturn|||M|||50|,,,,,Poison\n|inactive|Battle timer is ON: inactive players will automatically lose when time's up. (requested by navicorrin)\n|\n|t:|1746040179\n|start\n|switch|p1a: Mimikyu|Mimikyu, L50, F, shiny|100/100\n|switch|p1b: Ursaluna|Ursaluna, L50, M|100/100\n|switch|p2a: Zamazenta|Zamazenta-Crowned, L50, shiny|100/100\n|switch|p2b: Terapagos|Terapagos, L50, M|100/100\n|-activate|p2b: Terapagos|ability: Tera Shift\n|detailschange|p2b: Terapagos|Terapagos-Terastal, L50, M\n|-heal|p2b: Terapagos|100/100|[silent]\n|-ability|p2a: Zamazenta|Dauntless Shield|boost\n|-boost|p2a: Zamazenta|def|1\n|turn|1\n|\n|t:|1746040193\n|move|p1b: Ursaluna|Protect|p1b: Ursaluna\n|-singleturn|p1b: Ursaluna|Protect\n|move|p2a: Zamazenta|Iron Defense|p2a: Zamazenta\n|-boost|p2a: Zamazenta|def|2\n|move|p2b: Terapagos|Earth Power|p1a: Mimikyu\n|-activate|p1a: Mimikyu|ability: Disguise\n|-damage|p1a: Mimikyu|100/100\n|detailschange|p1a: Mimikyu|Mimikyu-Busted, L50, F, shiny\n|-damage|p1a: Mimikyu|88/100|[from] pokemon: Mimikyu-Busted\n|move|p1a: Mimikyu|Trick Room|p1a: Mimikyu\n|-fieldstart|move: Trick Room|[of] p1a: Mimikyu\n|\n|-status|p1b: Ursaluna|brn|[from] item: Flame Orb\n|upkeep\n|turn|2\n|\n|t:|1746040213\n|move|p2b: Terapagos|Protect|p2b: Terapagos\n|-singleturn|p2b: Terapagos|Protect\n|move|p2a: Zamazenta|Protect|p2a: Zamazenta\n|-singleturn|p2a: Zamazenta|Protect\n|move|p1b: Ursaluna|Headlong Rush|p2a: Zamazenta\n|-activate|p2a: Zamazenta|move: Protect\n|move|p1a: Mimikyu|Curse|p2a: Zamazenta\n|-start|p2a: Zamazenta|Curse|[of] p1a: Mimikyu\n|-damage|p1a: Mimikyu|38/100\n|\n|-damage|p1b: Ursaluna|95/100 brn|[from] brn\n|-damage|p2a: Zamazenta|75/100|[from] Curse\n|upkeep\n|turn|3\n|\n|t:|1746040230\n|move|p1b: Ursaluna|Headlong Rush|p2a: Zamazenta\n|-supereffective|p2a: Zamazenta\n|-damage|p2a: Zamazenta|18/100\n|-unboost|p1b: Ursaluna|def|1\n|-unboost|p1b: Ursaluna|spd|1\n|move|p1a: Mimikyu|Curse|p2b: Terapagos\n|-start|p2b: Terapagos|Curse|[of] p1a: Mimikyu\n|-damage|p1a: Mimikyu|0 fnt\n|faint|p1a: Mimikyu\n|move|p2b: Terapagos|Earth Power|p1b: Ursaluna\n|-damage|p1b: Ursaluna|61/100 brn\n|move|p2a: Zamazenta|Body Press|p1b: Ursaluna\n|-supereffective|p1b: Ursaluna\n|-damage|p1b: Ursaluna|0 fnt\n|faint|p1b: Ursaluna\n|\n|-damage|p2b: Terapagos|76/100|[from] Curse\n|-damage|p2a: Zamazenta|0 fnt|[from] Curse\n|faint|p2a: Zamazenta\n|upkeep\n|\n|t:|1746040246\n|switch|p1b: Lunala|Lunala, L50, shiny|100/100\n|switch|p1a: Chi-Yu|Chi-Yu, L50|100/100\n|switch|p2a: Cresselia|Cresselia, L50, F, shiny|100/100\n|-ability|p1a: Chi-Yu|Beads of Ruin\n|turn|4\n|\n|t:|1746040264\n|move|p1b: Lunala|Psychic|p2b: Terapagos\n|-damage|p2b: Terapagos|22/100\n|move|p2a: Cresselia|Lunar Blessing|p2a: Cresselia|[spread] p2a,p2b\n|-heal|p2b: Terapagos|47/100\n|move|p2b: Terapagos|Calm Mind|p2b: Terapagos\n|-boost|p2b: Terapagos|spa|1\n|-boost|p2b: Terapagos|spd|1\n|move|p1a: Chi-Yu|Heat Wave|p2a: Cresselia|[spread] p2a,p2b\n|-crit|p2b: Terapagos\n|-damage|p2a: Cresselia|69/100\n|-damage|p2b: Terapagos|0 fnt\n|faint|p2b: Terapagos\n|\n|upkeep\n|\n|t:|1746040273\n|switch|p2b: Pelipper|Pelipper, L50, M|100/100\n|-weather|RainDance|[from] ability: Drizzle|[of] p2b: Pelipper\n|turn|5\n|\n|t:|1746040285\n|move|p1b: Lunala|Moongeist Beam|p2b: Pelipper\n|-enditem|p2b: Pelipper|Focus Sash\n|-damage|p2b: Pelipper|1/100\n|move|p2a: Cresselia|Lunar Blessing|p2a: Cresselia|[spread] p2a,p2b\n|-heal|p2a: Cresselia|94/100\n|-heal|p2b: Pelipper|26/100\n|move|p2b: Pelipper|Tailwind|p2b: Pelipper\n|-sidestart|p2: Moitamo|move: Tailwind\n|move|p1a: Chi-Yu|Dark Pulse|p2a: Cresselia\n|-supereffective|p2a: Cresselia\n|-damage|p2a: Cresselia|23/100\n|\n|-weather|RainDance|[upkeep]\n|-fieldend|move: Trick Room\n|upkeep\n|turn|6\n|\n|t:|1746040301\n|move|p2b: Pelipper|Weather Ball|p1a: Chi-Yu\n|-supereffective|p1a: Chi-Yu\n|-crit|p1a: Chi-Yu\n|-enditem|p1a: Chi-Yu|Focus Sash\n|-damage|p1a: Chi-Yu|1/100\n|move|p2a: Cresselia|Thunderbolt|p1a: Chi-Yu\n|-damage|p1a: Chi-Yu|0 fnt\n|faint|p1a: Chi-Yu\n|move|p1b: Lunala|Moongeist Beam|p2b: Pelipper\n|-damage|p2b: Pelipper|0 fnt\n|faint|p2b: Pelipper\n|\n|-weather|RainDance|[upkeep]\n|upkeep\n|turn|7\n|\n|t:|1746040315\n|-terastallize|p2a: Cresselia|Electric\n|move|p2a: Cresselia|Thunderbolt|p1b: Lunala\n|-damage|p1b: Lunala|91/100\n|move|p1b: Lunala|Moongeist Beam|p2a: Cresselia\n|-damage|p2a: Cresselia|0 fnt\n|faint|p2a: Cresselia\n|\n|win|navicorrin\n||navicorrin is ready for game 2.\n|inactive|Moitamo has 30 seconds to confirm battle start!\n|inactive|Moitamo has 20 seconds to confirm battle start!\n|inactive|Moitamo has 10 seconds to confirm battle start!\n|uhtml|next|Next: <a href=\"/battle-gen9vgc2025regibo3-2354162791\"><strong>Game 2 of 3</strong></a>\n|l|\u2606Moitamo\n|player|p2|\n|l|\u2606navicorrin\n|player|p1|\n", "uploadtime": 1746040622, "views": 6, "formatid": "gen9vgc2025regibo3", "rating": null, "private": 0, "password": null}