{"id": "gen9vgc2025regibo3-2353640470", "format": "[Gen 9] VGC 2025 Reg I (Bo3)", "players": ["MetaknightXIII", "01Sleipnir"], "log": "|j|\u2606MetaknightXIII\n|j|\u260601Sleipnir\n|html|<table width=\"100%\"><tr><td align=\"left\">MetaknightXIII</td><td align=\"right\">01Sleipnir</tr><tr><td align=\"left\"><i class=\"fa fa-circle-o\"></i> <i class=\"fa fa-circle-o\"></i> </td><td align=\"right\"><i class=\"fa fa-circle-o\"></i> <i class=\"fa fa-circle-o\"></i> </tr></table>\n|uhtml|bestof|<h2><strong>Game 1</strong> of <a href=\"/game-bestof3-gen9vgc2025regibo3-2353640469\">a best-of-3</a></h2>\n|t:|1745977837\n|gametype|doubles\n|player|p1|MetaknightXIII|veteran|1094\n|player|p2|01Sleipnir|giovanni|1159\n|teamsize|p1|6\n|teamsize|p2|6\n|gen|9\n|tier|[Gen 9] VGC 2025 Reg I (Bo3)\n|rated|\n|rule|Species Clause: Limit one of each Pok\u00e9mon\n|rule|Item Clause: Limit 1 of each item\n|clearpoke\n|poke|p1|Kyogre, L50|\n|poke|p1|Zacian-*, L50|\n|poke|p1|Thundurus-Therian, L50, M|\n|poke|p1|Farigiraf, L50, F|\n|poke|p1|Incineroar, L50, F|\n|poke|p1|Ogerpon-Wellspring, L50, F|\n|poke|p2|Terapagos, L50, M|\n|poke|p2|Incineroar, L50, M|\n|poke|p2|Rillaboom, L50, F|\n|poke|p2|Rayquaza, L50|\n|poke|p2|Flutter Mane, L50|\n|poke|p2|Amoonguss, L50, F|\n|teampreview|4\n|showteam|p1|Kyogre||Leftovers|Drizzle|WaterSpout,OriginPulse,IceBeam,Protect||||||50|,,,,,Grass]Zacian-Crowned||RustedSword|IntrepidSword|behemothblade,CloseCombat,TeraBlast,Protect||||||50|,,,,,Ground]Thundurus-Therian||ChoiceSpecs|VoltAbsorb|WildboltStorm,VoltSwitch,DarkPulse,WeatherBall|||M|||50|,,,,,Electric]Farigiraf||SafetyGoggles|ArmorTail|Psychic,HelpingHand,TrickRoom,Imprison|||F|||50|,,,,,Water]Incineroar||AssaultVest|Intimidate|FakeOut,KnockOff,Snarl,Uturn|||F|||50|,,,,,Bug]Ogerpon-Wellspring||WellspringMask|WaterAbsorb|IvyCudgel,HornLeech,FollowMe,SpikyShield|||F|||50|,,,,,Water\n|showteam|p2|Terapagos||Leftovers|TeraShift|TeraStarstorm,DarkPulse,CalmMind,Substitute|||M|||50|,,,,,Stellar]Incineroar||SafetyGoggles|Intimidate|FakeOut,PartingShot,WillOWisp,KnockOff|||M|||50|,,,,,Ghost]Rillaboom||AssaultVest|GrassySurge|FakeOut,HighHorsepower,WoodHammer,Uturn|||F|||50|,,,,,Grass]Rayquaza||LifeOrb|AirLock|DragonAscent,DracoMeteor,ExtremeSpeed,Protect||||||50|,,,,,Fairy]Flutter Mane||FocusSash|Protosynthesis|Moonblast,ShadowBall,ThunderWave,Protect||||||50|,,,,,Ghost]Amoonguss||SitrusBerry|Regenerator|RagePowder,Spore,SludgeBomb,PollenPuff|||F|||50|,,,,,Water\n|\n|t:|1745977872\n|start\n|switch|p1a: Kyogre|Kyogre, L50|100/100\n|switch|p1b: Thundurus|Thundurus-Therian, L50, M|100/100\n|switch|p2a: Terapagos|Terapagos, L50, M|100/100\n|switch|p2b: Incineroar|Incineroar, L50, M|100/100\n|-activate|p2a: Terapagos|ability: Tera Shift\n|detailschange|p2a: Terapagos|Terapagos-Terastal, L50, M\n|-heal|p2a: Terapagos|100/100|[silent]\n|-weather|RainDance|[from] ability: Drizzle|[of] p1a: Kyogre\n|-ability|p2b: Incineroar|Intimidate|boost\n|-unboost|p1a: Kyogre|atk|1\n|-unboost|p1b: Thundurus|atk|1\n|turn|1\n|\n|t:|1745977893\n|switch|p1b: Farigiraf|Farigiraf, L50, F|100/100\n|move|p2b: Incineroar|Fake Out||[still]\n|cant|p1b: Farigiraf|ability: Armor Tail|Fake Out|[of] p2b: Incineroar\n|move|p1a: Kyogre|Water Spout|p2b: Incineroar|[spread] p2a,p2b\n|-activate|p2a: Terapagos|ability: Tera Shell\n|-resisted|p2a: Terapagos\n|-supereffective|p2b: Incineroar\n|-damage|p2a: Terapagos|59/100\n|-damage|p2b: Incineroar|0 fnt\n|faint|p2b: Incineroar\n|move|p2a: Terapagos|Calm Mind|p2a: Terapagos\n|-boost|p2a: Terapagos|spa|1\n|-boost|p2a: Terapagos|spd|1\n|\n|-weather|RainDance|[upkeep]\n|-heal|p2a: Terapagos|65/100|[from] item: Leftovers\n|upkeep\n|\n|t:|1745977915\n|switch|p2b: Flutter Mane|Flutter Mane, L50|100/100\n|turn|2\n|\n|t:|1745977929\n|switch|p1a: Thundurus|Thundurus-Therian, L50, M|100/100\n|-terastallize|p2a: Terapagos|Stellar\n|detailschange|p2a: Terapagos|Terapagos-Stellar, L50, M, tera:Stellar\n|-heal|p2a: Terapagos|74/100|[silent]\n|-ability|p2a: Terapagos|Teraform Zero\n|-weather|none\n|move|p2b: Flutter Mane|Moonblast|p1a: Thundurus\n|-damage|p1a: Thundurus|32/100\n|move|p2a: Terapagos|Tera Starstorm|p1b: Farigiraf|[spread] p1a,p1b\n|-damage|p1a: Thundurus|0 fnt\n|-damage|p1b: Farigiraf|47/100\n|faint|p1a: Thundurus\n|move|p1b: Farigiraf|Psychic|p2b: Flutter Mane\n|-damage|p2b: Flutter Mane|60/100\n|\n|-heal|p2a: Terapagos|80/100|[from] item: Leftovers\n|upkeep\n|\n|t:|1745977943\n|switch|p1a: Zacian|Zacian-Crowned, L50|100/100\n|-ability|p1a: Zacian|Intrepid Sword|boost\n|-boost|p1a: Zacian|atk|1\n|turn|3\n|\n|t:|1745977965\n|move|p1b: Farigiraf|Helping Hand|p1a: Zacian\n|-singleturn|p1a: Zacian|Helping Hand|[of] p1b: Farigiraf\n|move|p1a: Zacian|Behemoth Blade|p2b: Flutter Mane\n|-supereffective|p2b: Flutter Mane\n|-damage|p2b: Flutter Mane|0 fnt\n|faint|p2b: Flutter Mane\n|-end|p2b: Flutter Mane|Protosynthesis|[silent]\n|move|p2a: Terapagos|Tera Starstorm|p1b: Farigiraf|[spread] p1a,p1b\n|-damage|p1a: Zacian|42/100\n|-damage|p1b: Farigiraf|0 fnt\n|faint|p1b: Farigiraf\n|\n|-heal|p2a: Terapagos|86/100|[from] item: Leftovers\n|upkeep\n|\n|t:|1745977980\n|switch|p2b: Rayquaza|Rayquaza, L50|100/100\n|switch|p1b: Kyogre|Kyogre, L50|100/100\n|-ability|p2b: Rayquaza|Air Lock\n|-weather|RainDance|[from] ability: Drizzle|[of] p1b: Kyogre\n|turn|4\n|\n|t:|1745977998\n|move|p2b: Rayquaza|Protect|p2b: Rayquaza\n|-singleturn|p2b: Rayquaza|Protect\n|move|p1a: Zacian|Close Combat|p2a: Terapagos\n|-supereffective|p2a: Terapagos\n|-damage|p2a: Terapagos|0 fnt\n|-unboost|p1a: Zacian|def|1\n|-unboost|p1a: Zacian|spd|1\n|faint|p2a: Terapagos\n|move|p1b: Kyogre|Ice Beam|p2b: Rayquaza\n|-activate|p2b: Rayquaza|move: Protect\n|\n|-weather|RainDance|[upkeep]\n|upkeep\n|turn|5\n|\n|t:|1745978012\n|move|p1a: Zacian|Behemoth Blade|p2b: Rayquaza\n|-damage|p2b: Rayquaza|4/100\n|move|p2b: Rayquaza|Dragon Ascent|p1b: Kyogre\n|-damage|p1b: Kyogre|6/100\n|-unboost|p2b: Rayquaza|def|1\n|-unboost|p2b: Rayquaza|spd|1\n|-damage|p2b: Rayquaza|0 fnt|[from] item: Life Orb\n|faint|p2b: Rayquaza\n|\n|win|MetaknightXIII\n||MetaknightXIII is ready for game 2.\n|inactive|01Sleipnir has 30 seconds to confirm battle start!\n||01Sleipnir is ready for game 2.\n|uhtml|next|Next: <a href=\"/battle-gen9vgc2025regibo3-2353642064\"><strong>Game 2 of 3</strong></a>\n|l|\u2606MetaknightXIII\n|player|p1|\n", "uploadtime": 1745978297, "views": 6, "formatid": "gen9vgc2025regibo3", "rating": null, "private": 0, "password": null}