{"id": "gen9vgc2025regibo3-2354918251", "format": "[Gen 9] VGC 2025 Reg I (Bo3)", "players": ["BisceglieVG", "noice_cue_crew30"], "log": "|j|\u2606BisceglieVG\n|j|\u2606noice_cue_crew30\n|html|<table width=\"100%\"><tr><td align=\"left\">BisceglieVG</td><td align=\"right\">noice_cue_crew30</tr><tr><td align=\"left\"><i class=\"fa fa-circle-o\"></i> <i class=\"fa fa-circle-o\"></i> </td><td align=\"right\"><i class=\"fa fa-circle-o\"></i> <i class=\"fa fa-circle-o\"></i> </tr></table>\n|uhtml|bestof|<h2><strong>Game 1</strong> of <a href=\"/game-bestof3-gen9vgc2025regibo3-2354918250\">a best-of-3</a></h2>\n|t:|1746131635\n|gametype|doubles\n|player|p1|BisceglieVG|elesa|1519\n|player|p2|noice_cue_crew30|101|1442\n|teamsize|p1|6\n|teamsize|p2|6\n|gen|9\n|tier|[Gen 9] VGC 2025 Reg I (Bo3)\n|rated|\n|rule|Species Clause: Limit one of each Pok\u00e9mon\n|rule|Item Clause: Limit 1 of each item\n|clearpoke\n|poke|p1|Koraidon, L50|\n|poke|p1|Lunala, L50|\n|poke|p1|Chi-Yu, L50|\n|poke|p1|Ursaluna, L50, M|\n|poke|p1|Brute Bonnet, L50|\n|poke|p1|Flutter Mane, L50|\n|poke|p2|Zamazenta-*, L50|\n|poke|p2|Miraidon, L50|\n|poke|p2|Volcarona, L50, F|\n|poke|p2|Grimmsnarl, L50, M|\n|poke|p2|Chien-Pao, L50|\n|poke|p2|Iron Hands, L50|\n|teampreview|4\n|showteam|p1|Koraidon||LifeOrb|OrichalcumPulse|FlareBlitz,FlameCharge,CloseCombat,Protect||||||50|,,,,,Fire]Lunala||PowerHerb|ShadowShield|MoongeistBeam,MeteorBeam,WideGuard,TrickRoom||||||50|,,,,,Water]Chi-Yu||ChoiceScarf|BeadsofRuin|Overheat,HeatWave,DarkPulse,Snarl||||||50|,,,,,Ghost]Ursaluna||FlameOrb|Guts|Facade,Earthquake,HeadlongRush,Protect|||M|||50|,,,,,Water]Brute Bonnet||CovertCloak|Protosynthesis|SeedBomb,SuckerPunch,Spore,RagePowder||||||50|,,,,,Water]Flutter Mane||FocusSash|Protosynthesis|Moonblast,IcyWind,ShadowBall,Protect||||||50|,,,,,Normal\n|showteam|p2|Zamazenta-Crowned||RustedShield|DauntlessShield|HeavySlam,BodyPress,WideGuard,Protect||||||50|,,,,,Dragon]Miraidon||ChoiceSpecs|HadronEngine|ElectroDrift,VoltSwitch,DracoMeteor,DazzlingGleam||||||50|,,,,,Fairy]Volcarona||Leftovers|FlameBody|FieryDance,GigaDrain,QuiverDance,Protect|||F|||50|,,,,,Grass]Grimmsnarl||LightClay|Prankster|Reflect,LightScreen,ThunderWave,FoulPlay|||M|||50|,,,,,Ghost]Chien-Pao||FocusSash|SwordofRuin|IcicleCrash,SuckerPunch,ThroatChop,Protect||||||50|,,,,,Stellar]Iron Hands||AssaultVest|QuarkDrive|FakeOut,WildCharge,LowKick,DrainPunch||||||50|,,,,,Bug\n|\n|t:|1746131654\n|start\n|switch|p1a: Koraidon|Koraidon, L50|100/100\n|switch|p1b: Brute Bonnet|Brute Bonnet, L50|100/100\n|switch|p2a: Grimmsnarl|Grimmsnarl, L50, M|100/100\n|switch|p2b: Miraidon|Miraidon, L50|100/100\n|-fieldstart|move: Electric Terrain|[from] ability: Hadron Engine|[of] p2b: Miraidon\n|-weather|SunnyDay|[from] ability: Orichalcum Pulse|[of] p1a: Koraidon\n|-activate|p1b: Brute Bonnet|ability: Protosynthesis\n|-start|p1b: Brute Bonnet|protosynthesisdef\n|-activate|p1a: Koraidon|Orichalcum Pulse|[source]\n|turn|1\n|\n|t:|1746131704\n|-terastallize|p1a: Koraidon|Fire\n|move|p1b: Brute Bonnet|Rage Powder|p1b: Brute Bonnet\n|-singleturn|p1b: Brute Bonnet|move: Rage Powder\n|move|p2a: Grimmsnarl|Reflect|p2a: Grimmsnarl\n|-sidestart|p2: noice_cue_crew30|Reflect\n|move|p1a: Koraidon|Flare Blitz|p2a: Grimmsnarl\n|-damage|p2a: Grimmsnarl|0 fnt\n|faint|p2a: Grimmsnarl\n|-damage|p1a: Koraidon|62/100|[from] Recoil\n|-damage|p1a: Koraidon|53/100|[from] item: Life Orb\n|move|p2b: Miraidon|Dazzling Gleam|p1b: Brute Bonnet|[spread] p1a,p1b\n|-resisted|p1a: Koraidon\n|-supereffective|p1b: Brute Bonnet\n|-damage|p1a: Koraidon|32/100\n|-damage|p1b: Brute Bonnet|34/100\n|\n|-weather|SunnyDay|[upkeep]\n|upkeep\n|\n|t:|1746131728\n|switch|p2a: Zamazenta|Zamazenta-Crowned, L50|100/100\n|-ability|p2a: Zamazenta|Dauntless Shield|boost\n|-boost|p2a: Zamazenta|def|1\n|turn|2\n|\n|t:|1746131740\n|switch|p2b: Chien-Pao|Chien-Pao, L50|100/100\n|-ability|p2b: Chien-Pao|Sword of Ruin\n|-terastallize|p2a: Zamazenta|Dragon\n|move|p1b: Brute Bonnet|Sucker Punch||[still]\n|-fail|p1b: Brute Bonnet\n|move|p1a: Koraidon|Close Combat|p2a: Zamazenta\n|-damage|p2a: Zamazenta|62/100\n|-unboost|p1a: Koraidon|def|1\n|-unboost|p1a: Koraidon|spd|1\n|-damage|p1a: Koraidon|23/100|[from] item: Life Orb\n|move|p2a: Zamazenta|Body Press|p1a: Koraidon\n|-damage|p1a: Koraidon|0 fnt\n|faint|p1a: Koraidon\n|\n|-weather|SunnyDay|[upkeep]\n|upkeep\n|\n|t:|1746131766\n|switch|p1a: Flutter Mane|Flutter Mane, L50|100/100\n|-activate|p1a: Flutter Mane|ability: Protosynthesis\n|-start|p1a: Flutter Mane|protosynthesisspe\n|turn|3\n|\n|t:|1746131780\n|-end|p1b: Brute Bonnet|Protosynthesis|[silent]\n|switch|p1b: Chi-Yu|Chi-Yu, L50|100/100\n|-ability|p1b: Chi-Yu|Beads of Ruin\n|move|p1a: Flutter Mane|Moonblast|p2a: Zamazenta\n|-supereffective|p2a: Zamazenta\n|-damage|p2a: Zamazenta|0 fnt\n|faint|p2a: Zamazenta\n|move|p2b: Chien-Pao|Throat Chop|p1a: Flutter Mane\n|-enditem|p1a: Flutter Mane|Focus Sash\n|-damage|p1a: Flutter Mane|1/100\n|-start|p1a: Flutter Mane|Throat Chop|[silent]\n|\n|-weather|SunnyDay|[upkeep]\n|upkeep\n|\n|t:|1746131786\n|switch|p2a: Miraidon|Miraidon, L50|100/100\n|-activate|p2a: Miraidon|ability: Hadron Engine\n|turn|4\n|\n|t:|1746131796\n|move|p1a: Flutter Mane|Protect|p1a: Flutter Mane\n|-singleturn|p1a: Flutter Mane|Protect\n|move|p2b: Chien-Pao|Sucker Punch||[still]\n|-fail|p2b: Chien-Pao\n|move|p1b: Chi-Yu|Heat Wave|p2a: Miraidon|[spread] p2a,p2b\n|-resisted|p2a: Miraidon\n|-supereffective|p2b: Chien-Pao\n|-crit|p2b: Chien-Pao\n|-damage|p2a: Miraidon|65/100\n|-enditem|p2b: Chien-Pao|Focus Sash\n|-damage|p2b: Chien-Pao|1/100\n|-status|p2a: Miraidon|brn\n|move|p2a: Miraidon|Electro Drift|p1b: Chi-Yu\n|-damage|p1b: Chi-Yu|0 fnt\n|faint|p1b: Chi-Yu\n|\n|-weather|SunnyDay|[upkeep]\n|-damage|p2a: Miraidon|58/100 brn|[from] brn\n|-end|p1a: Flutter Mane|Throat Chop|[silent]\n|upkeep\n|\n|t:|1746131804\n|switch|p1b: Brute Bonnet|Brute Bonnet, L50|34/100\n|-activate|p1b: Brute Bonnet|ability: Protosynthesis\n|-start|p1b: Brute Bonnet|protosynthesisdef\n|turn|5\n|\n|t:|1746131824\n|move|p1a: Flutter Mane|Moonblast|p2a: Miraidon\n|-supereffective|p2a: Miraidon\n|-damage|p2a: Miraidon|0 fnt\n|faint|p2a: Miraidon\n|move|p2b: Chien-Pao|Icicle Crash|p1b: Brute Bonnet\n|-supereffective|p1b: Brute Bonnet\n|-damage|p1b: Brute Bonnet|0 fnt\n|faint|p1b: Brute Bonnet\n|-end|p1b: Brute Bonnet|Protosynthesis|[silent]\n|\n|-weather|none\n|-end|p1a: Flutter Mane|Protosynthesis\n|-fieldend|move: Electric Terrain\n|upkeep\n|turn|6\n|\n|t:|1746131834\n|move|p1a: Flutter Mane|Protect|p1a: Flutter Mane\n|-singleturn|p1a: Flutter Mane|Protect\n|move|p2b: Chien-Pao|Protect||[still]\n|-fail|p2b: Chien-Pao\n|\n|upkeep\n|turn|7\n|\n|t:|1746131840\n|move|p1a: Flutter Mane|Protect||[still]\n|-fail|p1a: Flutter Mane\n|move|p2b: Chien-Pao|Sucker Punch||[still]\n|-fail|p2b: Chien-Pao\n|\n|upkeep\n|turn|8\n|\n|t:|1746131849\n|move|p1a: Flutter Mane|Protect|p1a: Flutter Mane\n|-singleturn|p1a: Flutter Mane|Protect\n|move|p2b: Chien-Pao|Sucker Punch||[still]\n|-fail|p2b: Chien-Pao\n|\n|-sideend|p2: noice_cue_crew30|Reflect\n|upkeep\n|turn|9\n|\n|t:|1746131856\n|move|p1a: Flutter Mane|Protect||[still]\n|-fail|p1a: Flutter Mane\n|move|p2b: Chien-Pao|Sucker Punch||[still]\n|-fail|p2b: Chien-Pao\n|\n|upkeep\n|turn|10\n|\n|t:|1746131861\n|move|p1a: Flutter Mane|Protect|p1a: Flutter Mane\n|-singleturn|p1a: Flutter Mane|Protect\n|move|p2b: Chien-Pao|Sucker Punch||[still]\n|-fail|p2b: Chien-Pao\n|\n|upkeep\n|turn|11\n|\n|t:|1746131866\n|move|p1a: Flutter Mane|Protect||[still]\n|-fail|p1a: Flutter Mane\n|move|p2b: Chien-Pao|Throat Chop|p1a: Flutter Mane\n|-damage|p1a: Flutter Mane|0 fnt\n|faint|p1a: Flutter Mane\n|-end|p1a: Flutter Mane|Protosynthesis|[silent]\n|\n|win|noice_cue_crew30\n||BisceglieVG is ready for game 2.\n||noice_cue_crew30 is ready for game 2.\n|uhtml|next|Next: <a href=\"/battle-gen9vgc2025regibo3-2354920575\"><strong>Game 2 of 3</strong></a>\n", "uploadtime": 1746132217, "views": 5, "formatid": "gen9vgc2025regibo3", "rating": null, "private": 0, "password": null}