{"id": "gen9vgc2025regibo3-2353489600", "format": "[Gen 9] VGC 2025 Reg I (Bo3)", "players": ["Viewset", "pon seis nueve"], "log": "|j|\u2606Viewset\n|j|\u2606pon seis nueve\n|html|<table width=\"100%\"><tr><td align=\"left\">Viewset</td><td align=\"right\">pon seis nueve</tr><tr><td align=\"left\"><i class=\"fa fa-circle-o\"></i> <i class=\"fa fa-circle-o\"></i> </td><td align=\"right\"><i class=\"fa fa-circle-o\"></i> <i class=\"fa fa-circle-o\"></i> </tr></table>\n|uhtml|bestof|<h2><strong>Game 1</strong> of <a href=\"/game-bestof3-gen9vgc2025regibo3-2353489597\">a best-of-3</a></h2>\n|t:|1745960780\n|gametype|doubles\n|player|p1|Viewset|ghetsis-gen5bw|1071\n|player|p2|pon seis nueve|marlon|1054\n|teamsize|p1|6\n|teamsize|p2|6\n|gen|9\n|tier|[Gen 9] VGC 2025 Reg I (Bo3)\n|rated|\n|rule|Species Clause: Limit one of each Pok\u00e9mon\n|rule|Item Clause: Limit 1 of each item\n|clearpoke\n|poke|p1|Iron Jugulis, L50|\n|poke|p1|Terapagos, L50, M|\n|poke|p1|Sableye, L50, M|\n|poke|p1|Landorus-Therian, L50, M|\n|poke|p1|Armarouge, L50, F|\n|poke|p1|Eternatus, L50|\n|poke|p2|Zamazenta-*, L50|\n|poke|p2|Calyrex-Shadow, L50|\n|poke|p2|Tornadus, L50, M|\n|poke|p2|Urshifu-*, L50, F|\n|poke|p2|Rillaboom, L50, M|\n|poke|p2|Chien-Pao, L50|\n|teampreview|4\n|showteam|p1|Iron Jugulis||BoosterEnergy|QuarkDrive|Tailwind,Snarl,Hurricane,FlashCannon||||||50|,,,,,Steel]Terapagos||ChoiceSpecs|TeraShift|TeraStarstorm,EarthPower,DragonPulse,Protect|||M|||50|,,,,,Stellar]Sableye||FocusSash|Prankster|WillOWisp,Quash,Taunt,FoulPlay|||M|||50|,,,,,Ghost]Landorus-Therian||ChoiceScarf|Intimidate|Earthquake,RockSlide,Uturn,TeraBlast|||M|||50|,,,,,Flying]Armarouge||WeaknessPolicy|FlashFire|ArmorCannon,ExpandingForce,WideGuard,Protect|||F|||50|,,,,,Grass]Eternatus||BlackSludge|Pressure|DynamaxCannon,SludgeBomb,Recover,Protect||||||50|,,,,,Poison\n|showteam|p2|Zamazenta-Crowned||RustedShield|DauntlessShield|BodyPress,HeavySlam,WideGuard,Protect||||||50|,,,,,Ghost]Calyrex-Shadow||FocusSash|AsOneSpectrier|AstralBarrage,Psychic,Encore,Protect||||||50|,,,,,Ghost]Tornadus||RockyHelmet|Prankster|BleakwindStorm,Tailwind,RainDance,Protect|||M|||50|,,,,,Dark]Urshifu-Rapid-Strike||MysticWater|UnseenFist|SurgingStrikes,CloseCombat,AquaJet,Detect|||F|||50|,,,,,Water]Rillaboom||AssaultVest|GrassySurge|WoodHammer,GrassyGlide,Uturn,FakeOut|||M|||50|,,,,,Fire]Chien-Pao||LifeOrb|SwordofRuin|SuckerPunch,IcicleCrash,ThroatChop,Protect||||||50|,,,,,Stellar\n|\n|t:|1745960808\n|start\n|switch|p1a: Sableye|Sableye, L50, M, shiny|100/100\n|switch|p1b: Terapagos|Terapagos, L50, M|100/100\n|switch|p2a: Zamazenta|Zamazenta-Crowned, L50|100/100\n|switch|p2b: Chien-Pao|Chien-Pao, L50|100/100\n|-activate|p1b: Terapagos|ability: Tera Shift\n|detailschange|p1b: Terapagos|Terapagos-Terastal, L50, M\n|-heal|p1b: Terapagos|100/100|[silent]\n|-ability|p2b: Chien-Pao|Sword of Ruin\n|-ability|p2a: Zamazenta|Dauntless Shield|boost\n|-boost|p2a: Zamazenta|def|1\n|turn|1\n|\n|t:|1745960833\n|-terastallize|p1b: Terapagos|Stellar\n|detailschange|p1b: Terapagos|Terapagos-Stellar, L50, M, tera:Stellar\n|-heal|p1b: Terapagos|100/100|[silent]\n|move|p2a: Zamazenta|Protect|p2a: Zamazenta\n|-singleturn|p2a: Zamazenta|Protect\n|move|p1a: Sableye|Taunt|p2a: Zamazenta\n|-activate|p2a: Zamazenta|move: Protect\n|move|p2b: Chien-Pao|Throat Chop|p1a: Sableye\n|-crit|p1a: Sableye\n|-enditem|p1a: Sableye|Focus Sash\n|-damage|p1a: Sableye|1/100\n|-start|p1a: Sableye|Throat Chop|[silent]\n|-damage|p2b: Chien-Pao|91/100|[from] item: Life Orb\n|move|p1b: Terapagos|Tera Starstorm|p2b: Chien-Pao|[spread] p2b\n|-activate|p2a: Zamazenta|move: Protect\n|-damage|p2b: Chien-Pao|0 fnt\n|faint|p2b: Chien-Pao\n|\n|upkeep\n|\n|t:|1745960851\n|switch|p2b: Urshifu|Urshifu-Rapid-Strike, L50, F|100/100\n|turn|2\n|\n|t:|1745960871\n|move|p2b: Urshifu|Aqua Jet|p1a: Sableye\n|-damage|p1a: Sableye|0 fnt\n|faint|p1a: Sableye\n|move|p2a: Zamazenta|Body Press|p1b: Terapagos\n|-supereffective|p1b: Terapagos\n|-damage|p1b: Terapagos|3/100\n|move|p1b: Terapagos|Tera Starstorm|p2a: Zamazenta|[spread] p2a,p2b\n|-damage|p2a: Zamazenta|47/100\n|-damage|p2b: Urshifu|29/100\n|\n|upkeep\n|\n|t:|1745960884\n|switch|p1a: Armarouge|Armarouge, L50, F, shiny|100/100\n|turn|3\n|\n|t:|1745960893\n|switch|p1b: Eternatus|Eternatus, L50|100/100\n|-ability|p1b: Eternatus|Pressure\n|move|p1a: Armarouge|Protect|p1a: Armarouge\n|-singleturn|p1a: Armarouge|Protect\n|move|p2a: Zamazenta|Wide Guard|p2a: Zamazenta\n|-singleturn|p2a: Zamazenta|Wide Guard\n|move|p2b: Urshifu|Aqua Jet|p1b: Eternatus\n|-resisted|p1b: Eternatus\n|-damage|p1b: Eternatus|91/100\n|\n|-heal|p1b: Eternatus|97/100|[from] item: Black Sludge\n|upkeep\n|turn|4\n|\n|t:|1745960938\n|-terastallize|p2b: Urshifu|Water\n|move|p2a: Zamazenta|Protect||[still]\n|-fail|p2a: Zamazenta\n|move|p1b: Eternatus|Dynamax Cannon|p2b: Urshifu\n|-damage|p2b: Urshifu|0 fnt\n|faint|p2b: Urshifu\n|move|p1a: Armarouge|Armor Cannon|p2a: Zamazenta\n|-supereffective|p2a: Zamazenta\n|-damage|p2a: Zamazenta|0 fnt\n|-unboost|p1a: Armarouge|def|1\n|-unboost|p1a: Armarouge|spd|1\n|faint|p2a: Zamazenta\n|\n|-heal|p1b: Eternatus|100/100|[from] item: Black Sludge\n|upkeep\n|\n|t:|1745960944\n|switch|p2a: Calyrex|Calyrex-Shadow, L50|100/100\n|-ability|p2a: Calyrex|As One\n|-ability|p2a: Calyrex|Unnerve\n|turn|5\n|\n|t:|1745960961\n|move|p2a: Calyrex|Astral Barrage|p1b: Eternatus|[spread] p1a,p1b\n|-supereffective|p1a: Armarouge\n|-damage|p1a: Armarouge|0 fnt\n|-damage|p1b: Eternatus|69/100\n|faint|p1a: Armarouge\n|-ability|p2a: Calyrex|Grim Neigh|boost\n|-boost|p2a: Calyrex|spa|1\n|move|p1b: Eternatus|Dynamax Cannon|p2a: Calyrex\n|-damage|p2a: Calyrex|52/100\n|\n|-heal|p1b: Eternatus|75/100|[from] item: Black Sludge\n|upkeep\n|\n|t:|1745960972\n|switch|p1a: Terapagos|Terapagos-Stellar, L50, M, tera:Stellar|3/100\n|turn|6\n|\n|t:|1745960979\n|move|p2a: Calyrex|Psychic|p1a: Terapagos\n|-damage|p1a: Terapagos|0 fnt\n|faint|p1a: Terapagos\n|-ability|p2a: Calyrex|Grim Neigh|boost\n|-boost|p2a: Calyrex|spa|1\n|move|p1b: Eternatus|Dynamax Cannon|p2a: Calyrex\n|-damage|p2a: Calyrex|3/100\n|\n|-heal|p1b: Eternatus|81/100|[from] item: Black Sludge\n|upkeep\n|turn|7\n|\n|t:|1745960991\n|move|p2a: Calyrex|Psychic|p1b: Eternatus\n|-supereffective|p1b: Eternatus\n|-damage|p1b: Eternatus|0 fnt\n|faint|p1b: Eternatus\n|\n|win|pon seis nueve\n||pon seis nueve is ready for game 2.\n||Viewset is ready for game 2.\n|uhtml|next|Next: <a href=\"/battle-gen9vgc2025regibo3-2353491772\"><strong>Game 2 of 3</strong></a>\n|l|\u2606Viewset\n|player|p1|\n", "uploadtime": 1745961217, "views": 25, "formatid": "gen9vgc2025regibo3", "rating": null, "private": 0, "password": null}