{"id": "gen9vgc2025regibo3-2354460567", "format": "[Gen 9] VGC 2025 Reg I (Bo3)", "players": ["McDubbieEnthusiast", "Jakobtc"], "log": "|j|\u2606McDubbieEnthusiast\n|j|\u2606Jakobtc\n|html|<table width=\"100%\"><tr><td align=\"left\">McDubbieEnthusiast</td><td align=\"right\">Jakobtc</tr><tr><td align=\"left\"><i class=\"fa fa-circle-o\"></i> <i class=\"fa fa-circle-o\"></i> </td><td align=\"right\"><i class=\"fa fa-circle-o\"></i> <i class=\"fa fa-circle-o\"></i> </tr></table>\n|uhtml|bestof|<h2><strong>Game 1</strong> of <a href=\"/game-bestof3-gen9vgc2025regibo3-2354460566\">a best-of-3</a></h2>\n|t:|1746075059\n|gametype|doubles\n|player|p1|McDubbieEnthusiast|kimonogirl|1223\n|player|p2|Jakobtc|riley|1261\n|teamsize|p1|6\n|teamsize|p2|6\n|gen|9\n|tier|[Gen 9] VGC 2025 Reg I (Bo3)\n|rated|\n|rule|Species Clause: Limit one of each Pok\u00e9mon\n|rule|Item Clause: Limit 1 of each item\n|clearpoke\n|poke|p1|Calyrex-Ice, L50|\n|poke|p1|Lunala, L50|\n|poke|p1|Indeedee-F, L50, F|\n|poke|p1|Ursaluna, L50, M|\n|poke|p1|Smeargle, L50, M|\n|poke|p1|Zapdos-Galar, L50|\n|poke|p2|Calyrex-Shadow, L50|\n|poke|p2|Zacian-*, L50|\n|poke|p2|Incineroar, L50, F|\n|poke|p2|Rillaboom, L50, F|\n|poke|p2|Urshifu-*, L50, M|\n|poke|p2|Tornadus, L50, M|\n|teampreview|4\n|showteam|p1|Calyrex-Ice||NeverMeltIce|AsOneGlastrier|GlacialLance,CloseCombat,TrickRoom,Protect||||||50|,,,,,Fire]Lunala||PowerHerb|ShadowShield|MoongeistBeam,Moonblast,MeteorBeam,TrickRoom||||||50|,,,,,Fairy]Indeedee-F||PsychicSeed|PsychicSurge|Psychic,TrickRoom,FollowMe,HealPulse|||F|||50|,,,,,Water]Ursaluna||FlameOrb|Guts|Facade,HeadlongRush,Earthquake,Protect|||M|||50|,,,,,Bug]Smeargle||FocusSash|OwnTempo|FakeOut,Spore,FollowMe,Decorate|||M|||50|,,,,,Grass]Zapdos-Galar||PowerBracer|Defiant|BraveBird,ThunderousKick,QuickGuard,Coaching||||||50|,,,,,Grass\n|showteam|p2|Calyrex-Shadow||FocusSash|AsOneSpectrier|AstralBarrage,Psychic,Taunt,Protect||||||50|,,,,,Stellar]Zacian-Crowned||RustedSword|IntrepidSword|behemothblade,PlayRough,SacredSword,Protect||||||50|,,,,,Water]Incineroar||SafetyGoggles|Intimidate|FakeOut,KnockOff,HelpingHand,PartingShot|||F|||50|,,,,,Bug]Rillaboom||AssaultVest|GrassySurge|FakeOut,GrassyGlide,WoodHammer,Uturn|||F|||50|,,,,,Fire]Urshifu-Rapid-Strike||ChoiceScarf|UnseenFist|SurgingStrikes,CloseCombat,AquaJet,Uturn|||M|||50|,,,,,Water]Tornadus||CovertCloak|Prankster|BleakwindStorm,Tailwind,RainDance,Protect|||M|||50|,,,,,Dark\n|inactive|Battle timer is ON: inactive players will automatically lose when time's up. (requested by McDubbieEnthusiast)\n|\n|t:|1746075098\n|start\n|switch|p1a: Calyrex|Calyrex-Ice, L50|100/100\n|switch|p1b: Indeedee|Indeedee-F, L50, F|100/100\n|switch|p2a: Severus|Calyrex-Shadow, L50|100/100\n|switch|p2b: WOOOOOOO|Zacian-Crowned, L50|100/100\n|-ability|p2a: Severus|As One\n|-ability|p2a: Severus|Unnerve\n|-ability|p1a: Calyrex|As One\n|-ability|p1a: Calyrex|Unnerve\n|-ability|p2b: WOOOOOOO|Intrepid Sword|boost\n|-boost|p2b: WOOOOOOO|atk|1\n|-fieldstart|move: Psychic Terrain|[from] ability: Psychic Surge|[of] p1b: Indeedee\n|-enditem|p1b: Indeedee|Psychic Seed\n|-boost|p1b: Indeedee|spd|1|[from] item: Psychic Seed\n|turn|1\n|inactive|McDubbieEnthusiast has 30 seconds left.\n|inactive|Jakobtc has 30 seconds left.\n|inactive|McDubbieEnthusiast has 20 seconds left.\n|\n|t:|1746075135\n|-terastallize|p2b: WOOOOOOO|Water\n|-terastallize|p1a: Calyrex|Fire\n|move|p2a: Severus|Taunt|p1b: Indeedee\n|-start|p1b: Indeedee|move: Taunt\n|move|p2b: WOOOOOOO|Sacred Sword|p1a: Calyrex\n|-damage|p1a: Calyrex|67/100\n|move|p1b: Indeedee|Psychic|p2a: Severus\n|-resisted|p2a: Severus\n|-damage|p2a: Severus|81/100\n|move|p1a: Calyrex|Trick Room|p1a: Calyrex\n|-fieldstart|move: Trick Room|[of] p1a: Calyrex\n|\n|upkeep\n|turn|2\n|\n|t:|1746075154\n|switch|p1b: THICCTHICCLY|Ursaluna, L50, M|100/100\n|switch|p2a: My Cat|Incineroar, L50, F|100/100\n|-ability|p2a: My Cat|Intimidate|boost\n|-unboost|p1a: Calyrex|atk|1\n|-unboost|p1b: THICCTHICCLY|atk|1\n|move|p1a: Calyrex|Protect|p1a: Calyrex\n|-singleturn|p1a: Calyrex|Protect\n|move|p2b: WOOOOOOO|Sacred Sword|p1a: Calyrex\n|-activate|p1a: Calyrex|move: Protect\n|\n|-status|p1b: THICCTHICCLY|brn|[from] item: Flame Orb\n|upkeep\n|turn|3\n|inactive|Jakobtc has 30 seconds left.\n|inactive|McDubbieEnthusiast has 30 seconds left.\n|inactive|McDubbieEnthusiast has 20 seconds left.\n|inactive|McDubbieEnthusiast has 15 seconds left.\n|\n|t:|1746075199\n|move|p1b: THICCTHICCLY|Facade|p2b: WOOOOOOO\n|-damage|p2b: WOOOOOOO|21/100\n|move|p2a: My Cat|Parting Shot|p1a: Calyrex\n|-unboost|p1a: Calyrex|atk|1\n|-unboost|p1a: Calyrex|spa|1\n|\n|t:|1746075208\n|switch|p2a: Monke|Rillaboom, L50, F|100/100|[from] Parting Shot\n|-fieldstart|move: Grassy Terrain|[from] ability: Grassy Surge|[of] p2a: Monke\n|move|p1a: Calyrex|Glacial Lance|p2a: Monke|[spread] p2a,p2b\n|-supereffective|p2a: Monke\n|-resisted|p2b: WOOOOOOO\n|-damage|p2a: Monke|34/100\n|-damage|p2b: WOOOOOOO|6/100\n|move|p2b: WOOOOOOO|Sacred Sword|p1b: THICCTHICCLY\n|-supereffective|p1b: THICCTHICCLY\n|-damage|p1b: THICCTHICCLY|27/100 brn\n|\n|-heal|p1b: THICCTHICCLY|33/100 brn|[from] Grassy Terrain\n|-heal|p1a: Calyrex|72/100|[from] Grassy Terrain\n|-heal|p2a: Monke|40/100|[from] Grassy Terrain\n|-heal|p2b: WOOOOOOO|12/100|[from] Grassy Terrain\n|-damage|p1b: THICCTHICCLY|27/100 brn|[from] brn\n|upkeep\n|turn|4\n|inactive|Jakobtc has 30 seconds left.\n|\n|t:|1746075239\n|switch|p1b: Indeedee|Indeedee-F, L50, F|100/100\n|-fieldstart|move: Psychic Terrain|[from] ability: Psychic Surge|[of] p1b: Indeedee\n|switch|p2a: My Cat|Incineroar, L50, F|100/100\n|-ability|p2a: My Cat|Intimidate|boost\n|-unboost|p1a: Calyrex|atk|1\n|-unboost|p1b: Indeedee|atk|1\n|move|p2b: WOOOOOOO|Protect|p2b: WOOOOOOO\n|-singleturn|p2b: WOOOOOOO|Protect\n|move|p1a: Calyrex|Glacial Lance|p2b: WOOOOOOO|[spread] p2a\n|-activate|p2b: WOOOOOOO|move: Protect\n|-resisted|p2a: My Cat\n|-damage|p2a: My Cat|91/100\n|\n|upkeep\n|turn|5\n|inactive|McDubbieEnthusiast has 30 seconds left.\n|\n|t:|1746075270\n|switch|p2b: Severus|Calyrex-Shadow, L50|81/100\n|-ability|p2b: Severus|As One\n|-ability|p2b: Severus|Unnerve\n|move|p2a: My Cat|Knock Off|p1a: Calyrex\n|-damage|p1a: Calyrex|48/100\n|-enditem|p1a: Calyrex|Never-Melt Ice|[from] move: Knock Off|[of] p2a: My Cat\n|move|p1a: Calyrex|Trick Room|p1a: Calyrex\n|-fieldend|move: Trick Room\n|move|p1b: Indeedee|Trick Room|p1b: Indeedee\n|-fieldstart|move: Trick Room|[of] p1b: Indeedee\n|\n|upkeep\n|turn|6\n|inactive|Jakobtc has 30 seconds left.\n|inactive|Jakobtc has 20 seconds left.\n|inactive|Jakobtc has 15 seconds left.\n|\n|t:|1746075310\n|switch|p1a: THICCTHICCLY|Ursaluna, L50, M|27/100 brn\n|move|p1b: Indeedee|Follow Me|p1b: Indeedee\n|-singleturn|p1b: Indeedee|move: Follow Me\n|move|p2a: My Cat|Knock Off|p1b: Indeedee\n|-supereffective|p1b: Indeedee\n|-damage|p1b: Indeedee|49/100\n|move|p2b: Severus|Astral Barrage|p1a: THICCTHICCLY|[spread] \n|-immune|p1a: THICCTHICCLY\n|-immune|p1b: Indeedee\n|\n|-damage|p1a: THICCTHICCLY|21/100 brn|[from] brn\n|upkeep\n|turn|7\n|inactive|Jakobtc has 30 seconds left.\n|inactive|McDubbieEnthusiast has 30 seconds left.\n|\n|t:|1746075348\n|switch|p2a: WOOOOOOO|Zacian-Crowned, L50, tera:Water|12/100\n|move|p1a: THICCTHICCLY|Facade|p2a: WOOOOOOO\n|-damage|p2a: WOOOOOOO|0 fnt\n|faint|p2a: WOOOOOOO\n|move|p1b: Indeedee|Heal Pulse|p1a: THICCTHICCLY\n|-heal|p1a: THICCTHICCLY|71/100 brn\n|move|p2b: Severus|Taunt|p1b: Indeedee\n|-start|p1b: Indeedee|move: Taunt\n|\n|-damage|p1a: THICCTHICCLY|66/100 brn|[from] brn\n|upkeep\n|\n|t:|1746075361\n|switch|p2a: Monke|Rillaboom, L50, F|40/100\n|-fieldstart|move: Grassy Terrain|[from] ability: Grassy Surge|[of] p2a: Monke\n|turn|8\n|\n|t:|1746075385\n|switch|p1b: Zapdos|Zapdos-Galar, L50|100/100\n|move|p1a: THICCTHICCLY|Protect|p1a: THICCTHICCLY\n|-singleturn|p1a: THICCTHICCLY|Protect\n|move|p2a: Monke|U-turn|p1b: Zapdos\n|-resisted|p1b: Zapdos\n|-damage|p1b: Zapdos|95/100\n|\n|t:|1746075391\n|switch|p2a: My Cat|Incineroar, L50, F|91/100|[from] U-turn\n|-ability|p2a: My Cat|Intimidate|boost\n|-unboost|p1a: THICCTHICCLY|atk|1\n|-unboost|p1b: Zapdos|atk|1\n|-ability|p1b: Zapdos|Defiant|boost\n|-boost|p1b: Zapdos|atk|2\n|move|p2b: Severus|Astral Barrage|p1b: Zapdos|[spread] p1b\n|-activate|p1a: THICCTHICCLY|move: Protect\n|-damage|p1b: Zapdos|40/100\n|\n|-heal|p1a: THICCTHICCLY|71/100 brn|[from] Grassy Terrain\n|-heal|p2a: My Cat|97/100|[from] Grassy Terrain\n|-heal|p2b: Severus|87/100|[from] Grassy Terrain\n|-damage|p1a: THICCTHICCLY|66/100 brn|[from] brn\n|upkeep\n|turn|9\n|inactive|McDubbieEnthusiast has 30 seconds left.\n|inactive|Jakobtc has 30 seconds left.\n|inactive|Jakobtc has 20 seconds left.\n|inactive|Jakobtc has 15 seconds left.\n|inactive|Jakobtc has 10 seconds left.\n|\n|t:|1746075438\n|switch|p1a: Indeedee|Indeedee-F, L50, F|49/100\n|-fieldstart|move: Psychic Terrain|[from] ability: Psychic Surge|[of] p1a: Indeedee\n|move|p1b: Zapdos|Thunderous Kick|p2a: My Cat\n|-supereffective|p2a: My Cat\n|-damage|p2a: My Cat|0 fnt\n|faint|p2a: My Cat\n|move|p2b: Severus|Psychic|p1b: Zapdos\n|-supereffective|p1b: Zapdos\n|-damage|p1b: Zapdos|0 fnt\n|faint|p1b: Zapdos\n|-ability|p2b: Severus|Grim Neigh|boost\n|-boost|p2b: Severus|spa|1\n|\n|-fieldend|move: Trick Room\n|upkeep\n|\n|t:|1746075455\n|switch|p1b: THICCTHICCLY|Ursaluna, L50, M|66/100 brn\n|switch|p2a: Monke|Rillaboom, L50, F|40/100\n|-fieldstart|move: Grassy Terrain|[from] ability: Grassy Surge|[of] p2a: Monke\n|turn|10\n|inactive|Jakobtc has 30 seconds left.\n|inactive|Jakobtc has 20 seconds left.\n|\n|t:|1746075494\n|move|p2a: Monke|Fake Out|p1b: THICCTHICCLY\n|-damage|p1b: THICCTHICCLY|56/100 brn\n|move|p1a: Indeedee|Follow Me|p1a: Indeedee\n|-singleturn|p1a: Indeedee|move: Follow Me\n|move|p2b: Severus|Taunt|p1a: Indeedee\n|-start|p1a: Indeedee|move: Taunt\n|cant|p1b: THICCTHICCLY|flinch\n|\n|-heal|p2b: Severus|94/100|[from] Grassy Terrain\n|-heal|p2a: Monke|46/100|[from] Grassy Terrain\n|-heal|p1a: Indeedee|55/100|[from] Grassy Terrain\n|-heal|p1b: THICCTHICCLY|62/100 brn|[from] Grassy Terrain\n|-damage|p1b: THICCTHICCLY|56/100 brn|[from] brn\n|upkeep\n|turn|11\n|\n|t:|1746075511\n|switch|p1a: Calyrex|Calyrex-Ice, L50, tera:Fire|48/100\n|-ability|p1a: Calyrex|As One\n|-ability|p1a: Calyrex|Unnerve\n|move|p1b: THICCTHICCLY|Protect|p1b: THICCTHICCLY\n|-singleturn|p1b: THICCTHICCLY|Protect\n|move|p2b: Severus|Astral Barrage|p1a: Calyrex|[spread] p1a\n|-activate|p1b: THICCTHICCLY|move: Protect\n|-damage|p1a: Calyrex|0 fnt\n|faint|p1a: Calyrex\n|-ability|p2b: Severus|Grim Neigh|boost\n|-boost|p2b: Severus|spa|1\n|move|p2a: Monke|Wood Hammer|p1b: THICCTHICCLY\n|-activate|p1b: THICCTHICCLY|move: Protect\n|\n|-heal|p2b: Severus|99/100|[from] Grassy Terrain\n|-heal|p2a: Monke|52/100|[from] Grassy Terrain\n|-heal|p1b: THICCTHICCLY|62/100 brn|[from] Grassy Terrain\n|-damage|p1b: THICCTHICCLY|56/100 brn|[from] brn\n|upkeep\n|\n|t:|1746075514\n|switch|p1a: Indeedee|Indeedee-F, L50, F|55/100\n|-fieldstart|move: Psychic Terrain|[from] ability: Psychic Surge|[of] p1a: Indeedee\n|turn|12\n|\n|t:|1746075536\n|move|p1a: Indeedee|Follow Me|p1a: Indeedee\n|-singleturn|p1a: Indeedee|move: Follow Me\n|move|p2b: Severus|Psychic|p1a: Indeedee\n|-resisted|p1a: Indeedee\n|-damage|p1a: Indeedee|0 fnt\n|faint|p1a: Indeedee\n|-ability|p2b: Severus|Grim Neigh|boost\n|-boost|p2b: Severus|spa|1\n|move|p2a: Monke|Wood Hammer|p1b: THICCTHICCLY\n|-supereffective|p1b: THICCTHICCLY\n|-damage|p1b: THICCTHICCLY|0 fnt\n|faint|p1b: THICCTHICCLY\n|-damage|p2a: Monke|31/100|[from] Recoil\n|\n|win|Jakobtc\n||McDubbieEnthusiast is ready for game 2.\n|inactive|Jakobtc has 30 seconds to confirm battle start!\n", "uploadtime": 1746075549, "views": 12, "formatid": "gen9vgc2025regibo3", "rating": null, "private": 0, "password": null}