{"id": "gen9vgc2025regibo3-2354243992", "format": "[Gen 9] VGC 2025 Reg I (Bo3)", "players": ["asdfjklqwert", "FloH314"], "log": "|j|\u2606asdfjklqwert\n|j|\u2606FloH314\n|html|<table width=\"100%\"><tr><td align=\"left\">asdfjklqwert</td><td align=\"right\">FloH314</tr><tr><td align=\"left\"><i class=\"fa fa-circle-o\"></i> <i class=\"fa fa-circle-o\"></i> </td><td align=\"right\"><i class=\"fa fa-circle-o\"></i> <i class=\"fa fa-circle-o\"></i> </tr></table>\n|uhtml|bestof|<h2><strong>Game 1</strong> of <a href=\"/game-bestof3-gen9vgc2025regibo3-2354243990\">a best-of-3</a></h2>\n|t:|1746048425\n|gametype|doubles\n|player|p1|asdfjklqwert|winona|1149\n|player|p2|FloH314|102|1154\n|teamsize|p1|6\n|teamsize|p2|6\n|gen|9\n|tier|[Gen 9] VGC 2025 Reg I (Bo3)\n|rated|\n|rule|Species Clause: Limit one of each Pok\u00e9mon\n|rule|Item Clause: Limit 1 of each item\n|clearpoke\n|poke|p1|Groudon, L50|\n|poke|p1|Reshiram, L50|\n|poke|p1|Sableye, L50, F|\n|poke|p1|Tornadus, L50, M|\n|poke|p1|Urshifu-*, L50, F|\n|poke|p1|Flutter Mane, L50|\n|poke|p2|Excadrill, L50, F|\n|poke|p2|Necrozma-Dawn-Wings, L50|\n|poke|p2|Tyranitar, L50, F|\n|poke|p2|Indeedee-F, L50, F|\n|poke|p2|Cresselia, L50, F|\n|poke|p2|Calyrex-Ice, L50|\n|teampreview|4\n|showteam|p1|Groudon||ClearAmulet|Drought|HeatCrash,PrecipiceBlades,Protect,Substitute||||||50|,,,,,Fire]Reshiram||ChoiceSpecs|Turboblaze|DracoMeteor,BlueFlare,HeatWave,FocusBlast||||||50|,,,,,Fire]Sableye||FocusSash|Prankster|Gravity,FoulPlay,FakeOut,SkillSwap|||F|||50|,,,,,Normal]Tornadus||CovertCloak|Prankster|Tailwind,BleakwindStorm,Taunt,SunnyDay|||M|||50|,,,,,Dark]Urshifu||BlackGlasses|UnseenFist|SuckerPunch,WickedBlow,CloseCombat,Detect|||F|||50|,,,,,Dark]Flutter Mane||LifeOrb|Protosynthesis|DazzlingGleam,Moonblast,Protect,IcyWind||||||50|,,,,,Fairy\n|showteam|p2|Excadrill||AssaultVest|SandForce|IronHead,HighHorsepower,Earthquake,RockSlide|||F|||50|,,,,,Water]Necrozma-Dawn-Wings||PsychicSeed|PrismArmor|TrickRoom,PowerGem,ExpandingForce,MoongeistBeam||||||50|,,,,,Rock]Tyranitar||IronBall|SandStream|Fling,Protect,RockSlide,KnockOff|||F|||50|,,,,,Dark]Indeedee-F||SafetyGoggles|PsychicSurge|HelpingHand,TrickRoom,FollowMe,DazzlingGleam|||F|||50|,,,,,Fairy]Cresselia||MentalHerb|Levitate|TrickRoom,HelpingHand,LunarBlessing,Moonblast|||F|||50|,,,,,Dark]Calyrex-Ice||ClearAmulet|AsOneGlastrier|Protect,GlacialLance,HighHorsepower,TrickRoom||||||50|,,,,,Water\n|inactive|Battle timer is ON: inactive players will automatically lose when time's up. (requested by FloH314)\n|\n|t:|1746048452\n|start\n|switch|p1a: Reshiram|Reshiram, L50|100/100\n|switch|p1b: Flutter Mane|Flutter Mane, L50|100/100\n|switch|p2a: Indeedee|Indeedee-F, L50, F|100/100\n|switch|p2b: Necrozma|Necrozma-Dawn-Wings, L50|100/100\n|-ability|p1a: Reshiram|Turboblaze\n|-fieldstart|move: Psychic Terrain|[from] ability: Psychic Surge|[of] p2a: Indeedee\n|-enditem|p2b: Necrozma|Psychic Seed\n|-boost|p2b: Necrozma|spd|1|[from] item: Psychic Seed\n|turn|1\n|inactive|FloH314 has 30 seconds left.\n|inactive|asdfjklqwert has 30 seconds left.\n|inactive|FloH314 has 20 seconds left.\n|\n|t:|1746048491\n|-terastallize|p1a: Reshiram|Fire\n|-terastallize|p2b: Necrozma|Rock\n|move|p1b: Flutter Mane|Dazzling Gleam|p2b: Necrozma|[spread] p2a,p2b\n|-damage|p2a: Indeedee|65/100\n|-damage|p2b: Necrozma|81/100\n|-damage|p1b: Flutter Mane|91/100|[from] item: Life Orb\n|move|p1a: Reshiram|Heat Wave|p2b: Necrozma|[spread] p2a,p2b\n|-resisted|p2b: Necrozma\n|-damage|p2a: Indeedee|0 fnt\n|-damage|p2b: Necrozma|61/100\n|faint|p2a: Indeedee\n|move|p2b: Necrozma|Power Gem|p1a: Reshiram\n|-supereffective|p1a: Reshiram\n|-damage|p1a: Reshiram|1/100\n|\n|upkeep\n|\n|t:|1746048503\n|switch|p2a: Tyranitar|Tyranitar, L50, F|100/100\n|-weather|Sandstorm|[from] ability: Sand Stream|[of] p2a: Tyranitar\n|turn|2\n|\n|t:|1746048517\n|switch|p1a: Groudon|Groudon, L50|100/100\n|-weather|SunnyDay|[from] ability: Drought|[of] p1a: Groudon\n|-activate|p1b: Flutter Mane|ability: Protosynthesis\n|-start|p1b: Flutter Mane|protosynthesisspe\n|move|p1b: Flutter Mane|Protect|p1b: Flutter Mane\n|-singleturn|p1b: Flutter Mane|Protect\n|move|p2a: Tyranitar|Protect|p2a: Tyranitar\n|-singleturn|p2a: Tyranitar|Protect\n|move|p2b: Necrozma|Trick Room|p2b: Necrozma\n|-fieldstart|move: Trick Room|[of] p2b: Necrozma\n|\n|-weather|SunnyDay|[upkeep]\n|upkeep\n|turn|3\n|\n|t:|1746048539\n|-end|p1b: Flutter Mane|Protosynthesis|[silent]\n|switch|p1b: Sableye|Sableye, L50, F|100/100\n|move|p1a: Groudon|Protect|p1a: Groudon\n|-singleturn|p1a: Groudon|Protect\n|move|p2a: Tyranitar|Knock Off|p1b: Sableye\n|-damage|p1b: Sableye|45/100\n|-enditem|p1b: Sableye|Focus Sash|[from] move: Knock Off|[of] p2a: Tyranitar\n|move|p2b: Necrozma|Expanding Force|p1b: Sableye|[spread] \n|-activate|p1a: Groudon|move: Protect\n|-immune|p1b: Sableye\n|\n|-weather|SunnyDay|[upkeep]\n|upkeep\n|turn|4\n|inactive|FloH314 has 30 seconds left.\n|\n|t:|1746048566\n|move|p1b: Sableye|Fake Out|p2b: Necrozma\n|-activate|p2b: Necrozma|move: Psychic Terrain\n|move|p2a: Tyranitar|Knock Off|p1a: Groudon\n|-damage|p1a: Groudon|60/100\n|-enditem|p1a: Groudon|Clear Amulet|[from] move: Knock Off|[of] p2a: Tyranitar\n|move|p2b: Necrozma|Expanding Force|p1b: Sableye|[spread] p1a\n|-immune|p1b: Sableye\n|-damage|p1a: Groudon|0 fnt\n|faint|p1a: Groudon\n|\n|-weather|SunnyDay|[upkeep]\n|upkeep\n|\n|t:|1746048579\n|switch|p1a: Flutter Mane|Flutter Mane, L50|91/100\n|-activate|p1a: Flutter Mane|ability: Protosynthesis\n|-start|p1a: Flutter Mane|protosynthesisspe\n|turn|5\n|\n|t:|1746048591\n|move|p1a: Flutter Mane|Protect|p1a: Flutter Mane\n|-singleturn|p1a: Flutter Mane|Protect\n|move|p1b: Sableye|Gravity|p1b: Sableye\n|-fieldstart|move: Gravity\n|move|p2a: Tyranitar|Knock Off|p1a: Flutter Mane\n|-activate|p1a: Flutter Mane|move: Protect\n|move|p2b: Necrozma|Power Gem|p1b: Sableye\n|-damage|p1b: Sableye|0 fnt\n|faint|p1b: Sableye\n|\n|-weather|SunnyDay|[upkeep]\n|-fieldend|move: Psychic Terrain\n|upkeep\n|\n|t:|1746048600\n|switch|p1b: Reshiram|Reshiram, L50, tera:Fire|1/100\n|-ability|p1b: Reshiram|Turboblaze\n|turn|6\n|\n|t:|1746048615\n|move|p2a: Tyranitar|Protect|p2a: Tyranitar\n|-singleturn|p2a: Tyranitar|Protect\n|move|p1a: Flutter Mane|Protect|p1a: Flutter Mane\n|-singleturn|p1a: Flutter Mane|Protect\n|move|p2b: Necrozma|Expanding Force|p1a: Flutter Mane\n|-activate|p1a: Flutter Mane|move: Protect\n|move|p1b: Reshiram|Heat Wave|p2a: Tyranitar|[spread] p2b\n|-activate|p2a: Tyranitar|move: Protect\n|-resisted|p2b: Necrozma\n|-damage|p2b: Necrozma|30/100\n|\n|-weather|none\n|-end|p1a: Flutter Mane|Protosynthesis\n|-fieldend|move: Trick Room\n|upkeep\n|turn|7\n|\n|t:|1746048633\n|switch|p2a: Calyrex|Calyrex-Ice, L50|100/100\n|-ability|p2a: Calyrex|As One\n|-ability|p2a: Calyrex|Unnerve\n|move|p1a: Flutter Mane|Dazzling Gleam|p2b: Necrozma|[spread] p2a,p2b\n|-damage|p2a: Calyrex|77/100\n|-damage|p2b: Necrozma|13/100\n|-damage|p1a: Flutter Mane|81/100|[from] item: Life Orb\n|move|p1b: Reshiram|Heat Wave|p2b: Necrozma|[spread] p2a,p2b\n|-supereffective|p2a: Calyrex\n|-resisted|p2b: Necrozma\n|-damage|p2a: Calyrex|0 fnt\n|-damage|p2b: Necrozma|0 fnt\n|faint|p2a: Calyrex\n|faint|p2b: Necrozma\n|\n|upkeep\n|\n|t:|1746048648\n|switch|p2b: Tyranitar|Tyranitar, L50, F|100/100\n|-weather|Sandstorm|[from] ability: Sand Stream|[of] p2b: Tyranitar\n|turn|8\n|\n|t:|1746048654\n|move|p2b: Tyranitar|Protect|p2b: Tyranitar\n|-singleturn|p2b: Tyranitar|Protect\n|move|p1a: Flutter Mane|Moonblast|p2b: Tyranitar\n|-activate|p2b: Tyranitar|move: Protect\n|move|p1b: Reshiram|Heat Wave|p2b: Tyranitar\n|-activate|p2b: Tyranitar|move: Protect\n|\n|-weather|Sandstorm|[upkeep]\n|-damage|p1a: Flutter Mane|75/100|[from] Sandstorm\n|-damage|p1b: Reshiram|0 fnt|[from] Sandstorm\n|faint|p1b: Reshiram\n|upkeep\n|turn|9\n|\n|t:|1746048666\n|move|p1a: Flutter Mane|Moonblast|p2b: Tyranitar\n|-supereffective|p2b: Tyranitar\n|-damage|p2b: Tyranitar|36/100\n|-damage|p1a: Flutter Mane|66/100|[from] item: Life Orb\n|move|p2b: Tyranitar|Fling|p1a: Flutter Mane\n|-damage|p1a: Flutter Mane|0 fnt\n|-enditem|p2b: Tyranitar|Iron Ball|[from] move: Fling\n|faint|p1a: Flutter Mane\n|-end|p1a: Flutter Mane|Protosynthesis|[silent]\n|\n|win|FloH314\n||asdfjklqwert is ready for game 2.\n||FloH314 is ready for game 2.\n|uhtml|next|Next: <a href=\"/battle-gen9vgc2025regibo3-2354246402\"><strong>Game 2 of 3</strong></a>\n|l|\u2606FloH314\n|player|p2|\n", "uploadtime": 1746048946, "views": 6, "formatid": "gen9vgc2025regibo3", "rating": null, "private": 0, "password": null}