{"id": "gen9vgc2025regibo3-2354563408", "format": "[Gen 9] VGC 2025 Reg I (Bo3)", "players": ["Jun local", "Mithos888999"], "log": "|j|\u2606Jun local\n|j|\u2606Mithos888999\n|html|<table width=\"100%\"><tr><td align=\"left\">Jun local</td><td align=\"right\">Mithos888999</tr><tr><td align=\"left\"><i class=\"fa fa-circle-o\"></i> <i class=\"fa fa-circle-o\"></i> </td><td align=\"right\"><i class=\"fa fa-circle-o\"></i> <i class=\"fa fa-circle-o\"></i> </tr></table>\n|uhtml|bestof|<h2><strong>Game 1</strong> of <a href=\"/game-bestof3-gen9vgc2025regibo3-2354563407\">a best-of-3</a></h2>\n|t:|1746095087\n|gametype|doubles\n|player|p1|Jun local|burglar|1115\n|player|p2|Mithos888999|zinzolin|1159\n|teamsize|p1|6\n|teamsize|p2|6\n|gen|9\n|tier|[Gen 9] VGC 2025 Reg I (Bo3)\n|rated|\n|rule|Species Clause: Limit one of each Pok\u00e9mon\n|rule|Item Clause: Limit 1 of each item\n|clearpoke\n|poke|p1|Kyogre, L50|\n|poke|p1|Calyrex-Ice, L50|\n|poke|p1|Regieleki, L50|\n|poke|p1|Landorus, L50, M|\n|poke|p1|Ogerpon-Cornerstone, L50, F|\n|poke|p1|Rillaboom, L50, F|\n|poke|p2|Calyrex-Ice, L50|\n|poke|p2|Miraidon, L50|\n|poke|p2|Iron Hands, L50|\n|poke|p2|Whimsicott, L50, M|\n|poke|p2|Ogerpon-Hearthflame, L50, F|\n|poke|p2|Farigiraf, L50, M|\n|teampreview|4\n|showteam|p1|Kyogre||MysticWater|Drizzle|WaterSpout,OriginPulse,HydroPump,Protect||||||50|,,,,,Grass]Calyrex-Ice||ClearAmulet|AsOneGlastrier|GlacialLance,TrickRoom,Imprison,Protect||||||50|,,,,,Water]Regieleki||FocusSash|Transistor|Thunderbolt,Electroweb,VoltSwitch,Protect||||||50|,,,,,Electric]Landorus||LifeOrb|SheerForce|EarthPower,SandsearStorm,SludgeBomb,Protect|||M|||50|,,,,,Water]Ogerpon-Cornerstone||CornerstoneMask|Sturdy|IvyCudgel,FollowMe,SpikyShield,Encore|||F|||50|,,,,,Rock]Rillaboom||AssaultVest|GrassySurge|GrassyGlide,WoodHammer,FakeOut,Uturn|||F|||50|,,,,,Fire\n|showteam|p2|Calyrex-Ice||ClearAmulet|AsOneGlastrier|GlacialLance,HighHorsepower,Protect,TrickRoom||||||50|,,,,,Fire]Miraidon||ChoiceSpecs|HadronEngine|VoltSwitch,DazzlingGleam,ElectroDrift,DracoMeteor||||||50|,,,,,Fairy]Iron Hands||AssaultVest|QuarkDrive|FakeOut,WildCharge,LowKick,DrainPunch||||||50|,,,,,Bug]Whimsicott||CovertCloak|Prankster|Tailwind,Encore,LightScreen,Moonblast|||M|||50|,,,,,Dark]Ogerpon-Hearthflame||HearthflameMask|MoldBreaker|IvyCudgel,FollowMe,SpikyShield,WoodHammer|||F|||50|,,,,,Fire]Farigiraf||ElectricSeed|ArmorTail|FoulPlay,PsychicNoise,TrickRoom,HelpingHand|||M|||50|,,,,,Water\n|\n|t:|1746095149\n|start\n|switch|p1a: Calyrex|Calyrex-Ice, L50|100/100\n|switch|p1b: Ogerpon|Ogerpon-Cornerstone, L50, F|100/100\n|switch|p2a: Calyrex|Calyrex-Ice, L50|100/100\n|switch|p2b: Miraidon|Miraidon, L50|100/100\n|-ability|p1a: Calyrex|As One\n|-ability|p1a: Calyrex|Unnerve\n|-ability|p2a: Calyrex|As One\n|-ability|p2a: Calyrex|Unnerve\n|-fieldstart|move: Electric Terrain|[from] ability: Hadron Engine|[of] p2b: Miraidon\n|turn|1\n|\n|t:|1746095177\n|switch|p1b: Rillaboom|Rillaboom, L50, F|100/100\n|-fieldstart|move: Grassy Terrain|[from] ability: Grassy Surge|[of] p1b: Rillaboom\n|switch|p2a: Farigiraf|Farigiraf, L50, M|100/100\n|-terastallize|p2b: Miraidon|Fairy\n|move|p2b: Miraidon|Dazzling Gleam|p1a: Calyrex|[spread] p1a,p1b\n|-crit|p1a: Calyrex\n|-damage|p1a: Calyrex|51/100\n|-damage|p1b: Rillaboom|65/100\n|move|p1a: Calyrex|Imprison|p1a: Calyrex\n|-start|p1a: Calyrex|move: Imprison\n|\n|-heal|p1b: Rillaboom|71/100|[from] Grassy Terrain\n|-heal|p1a: Calyrex|57/100|[from] Grassy Terrain\n|upkeep\n|turn|2\n|\n|t:|1746095220\n|move|p2a: Farigiraf|Helping Hand|p2b: Miraidon\n|-singleturn|p2b: Miraidon|Helping Hand|[of] p2a: Farigiraf\n|move|p2b: Miraidon|Dazzling Gleam|p1a: Calyrex|[spread] p1a,p1b\n|-damage|p1a: Calyrex|3/100\n|-damage|p1b: Rillaboom|17/100\n|move|p1b: Rillaboom|U-turn|p2a: Farigiraf\n|-supereffective|p2a: Farigiraf\n|-damage|p2a: Farigiraf|65/100\n|\n|t:|1746095233\n|switch|p1b: Ogerpon|Ogerpon-Cornerstone, L50, F|100/100|[from] U-turn\n|move|p1a: Calyrex|Glacial Lance|p2a: Farigiraf|[spread] p2a,p2b\n|-damage|p2a: Farigiraf|20/100\n|-damage|p2b: Miraidon|42/100\n|\n|-heal|p2b: Miraidon|48/100|[from] Grassy Terrain\n|-heal|p1a: Calyrex|9/100|[from] Grassy Terrain\n|-heal|p2a: Farigiraf|26/100|[from] Grassy Terrain\n|upkeep\n|turn|3\n|\n|t:|1746095250\n|move|p1a: Calyrex|Protect|p1a: Calyrex\n|-singleturn|p1a: Calyrex|Protect\n|move|p2b: Miraidon|Dazzling Gleam|p1a: Calyrex|[spread] p1b\n|-activate|p1a: Calyrex|move: Protect\n|-damage|p1b: Ogerpon|38/100\n|move|p1b: Ogerpon|Ivy Cudgel|p2b: Miraidon|[anim] Ivy Cudgel Rock\n|-damage|p2b: Miraidon|0 fnt\n|faint|p2b: Miraidon\n|move|p2a: Farigiraf|Foul Play|p1b: Ogerpon\n|-damage|p1b: Ogerpon|5/100\n|\n|-heal|p1b: Ogerpon|11/100|[from] Grassy Terrain\n|-heal|p1a: Calyrex|15/100|[from] Grassy Terrain\n|-heal|p2a: Farigiraf|32/100|[from] Grassy Terrain\n|upkeep\n|\n|t:|1746095266\n|switch|p2b: Iron Hands|Iron Hands, L50|100/100\n|turn|4\n|\n|t:|1746095286\n|move|p1b: Ogerpon|Ivy Cudgel|p2a: Farigiraf|[anim] Ivy Cudgel Rock\n|-damage|p2a: Farigiraf|0 fnt\n|faint|p2a: Farigiraf\n|move|p1a: Calyrex|Glacial Lance|p2b: Iron Hands\n|-damage|p2b: Iron Hands|46/100\n|move|p2b: Iron Hands|Drain Punch|p1a: Calyrex\n|-damage|p1a: Calyrex|0 fnt\n|-heal|p2b: Iron Hands|52/100|[from] drain|[of] p1a: Calyrex\n|faint|p1a: Calyrex\n|\n|-heal|p1b: Ogerpon|16/100|[from] Grassy Terrain\n|-heal|p2b: Iron Hands|58/100|[from] Grassy Terrain\n|upkeep\n|\n|t:|1746095307\n|switch|p1a: Landorus|Landorus, L50, M|100/100\n|switch|p2a: Calyrex|Calyrex-Ice, L50|100/100\n|-ability|p2a: Calyrex|As One\n|-ability|p2a: Calyrex|Unnerve\n|turn|5\n|\n|t:|1746095320\n|-terastallize|p1a: Landorus|Water\n|move|p1b: Ogerpon|Ivy Cudgel|p2a: Calyrex|[anim] Ivy Cudgel Rock\n|-supereffective|p2a: Calyrex\n|-damage|p2a: Calyrex|22/100\n|move|p1a: Landorus|Earth Power|p2b: Iron Hands\n|-supereffective|p2b: Iron Hands\n|-damage|p2b: Iron Hands|0 fnt\n|faint|p2b: Iron Hands\n|-end|p2b: Iron Hands|Quark Drive|[silent]\n|move|p2a: Calyrex|Trick Room|p2a: Calyrex\n|-fieldstart|move: Trick Room|[of] p2a: Calyrex\n|\n|-heal|p2a: Calyrex|28/100|[from] Grassy Terrain\n|-heal|p1b: Ogerpon|22/100|[from] Grassy Terrain\n|-fieldend|move: Grassy Terrain\n|upkeep\n|turn|6\n|-message|Mithos888999 forfeited.\n|\n|win|Jun local\n|l|\u2606Mithos888999\n|player|p2|\n||Mithos888999 is ready for game 2.\n|inactive|Jun local has 30 seconds to confirm battle start!\n||Jun local is ready for game 2.\n|uhtml|next|Next: <a href=\"/battle-gen9vgc2025regibo3-2354564850\"><strong>Game 2 of 3</strong></a>\n", "uploadtime": 1746095336, "views": 7, "formatid": "gen9vgc2025regibo3", "rating": null, "private": 0, "password": null}