{"id": "gen9vgc2025regibo3-2353471686", "format": "[Gen 9] VGC 2025 Reg I (Bo3)", "players": ["cafeycigarro", "Playest"], "log": "|j|\u2606cafeycigarro\n|j|\u2606Playest\n|html|<table width=\"100%\"><tr><td align=\"left\">cafeycigarro</td><td align=\"right\">Playest</tr><tr><td align=\"left\"><i class=\"fa fa-circle-o\"></i> <i class=\"fa fa-circle-o\"></i> </td><td align=\"right\"><i class=\"fa fa-circle-o\"></i> <i class=\"fa fa-circle-o\"></i> </tr></table>\n|uhtml|bestof|<h2><strong>Game 1</strong> of <a href=\"/game-bestof3-gen9vgc2025regibo3-2353471685\">a best-of-3</a></h2>\n|t:|1745959025\n|gametype|doubles\n|player|p1|cafeycigarro|youngn|1219\n|player|p2|Playest|infielder|1292\n|teamsize|p1|6\n|teamsize|p2|6\n|gen|9\n|tier|[Gen 9] VGC 2025 Reg I (Bo3)\n|rated|\n|rule|Species Clause: Limit one of each Pok\u00e9mon\n|rule|Item Clause: Limit 1 of each item\n|clearpoke\n|poke|p1|Miraidon, L50|\n|poke|p1|Koraidon, L50|\n|poke|p1|Flutter Mane, L50|\n|poke|p1|Raging Bolt, L50|\n|poke|p1|Incineroar, L50, F|\n|poke|p1|Ogerpon-Cornerstone, L50, F|\n|poke|p2|Calyrex-Shadow, L50|\n|poke|p2|Miraidon, L50|\n|poke|p2|Urshifu-*, L50, F|\n|poke|p2|Tornadus, L50, M|\n|poke|p2|Chi-Yu, L50|\n|poke|p2|Snorlax, L50, F|\n|teampreview|4\n|showteam|p1|Miraidon||ChoiceSpecs|HadronEngine|ElectroDrift,VoltSwitch,DazzlingGleam,DracoMeteor||||||50|,,,,,Fairy]Koraidon||LifeOrb|OrichalcumPulse|CloseCombat,FlareBlitz,FlameCharge,Protect||||||50|,,,,,Fire]Flutter Mane||FocusSash|Protosynthesis|Moonblast,ShadowBall,IcyWind,Protect||||||50|,,,,,Stellar]Raging Bolt||AssaultVest|Protosynthesis|RisingVoltage,DracoMeteor,Thunderclap,Electroweb||||||50|,,,,,Electric]Incineroar||RockyHelmet|Intimidate|FlareBlitz,KnockOff,Uturn,FakeOut|||F|||50|,,,,,Ghost]Ogerpon-Cornerstone||CornerstoneMask|Sturdy|IvyCudgel,PowerWhip,FollowMe,SpikyShield|||F|||50|,,,,,Rock\n|showteam|p2|Calyrex-Shadow||FocusSash|AsOneSpectrier|Protect,Psychic,Taunt,AstralBarrage||||||50|,,,,,Normal]Miraidon||ChoiceSpecs|HadronEngine|ElectroDrift,DracoMeteor,DazzlingGleam,Snarl||||||50|,,,,,Fairy]Urshifu-Rapid-Strike||MysticWater|UnseenFist|Detect,AquaJet,CloseCombat,SurgingStrikes|||F|||50|,,,,,Water]Tornadus||CovertCloak|Prankster|Protect,Tailwind,RainDance,BleakwindStorm|||M|||50|,,,,,Dark]Chi-Yu||ChoiceScarf|BeadsofRuin|HeatWave,Snarl,DarkPulse,Overheat||||||50|,,,,,Ghost]Snorlax||Leftovers|ThickFat|Protect,Yawn,HelpingHand,BodySlam|||F|||50|,,,,,Water\n|inactive|Battle timer is ON: inactive players will automatically lose when time's up. (requested by Playest)\n|inactive|cafeycigarro also wants the timer to be on.\n|inactive|cafeycigarro has 60 seconds left.\n|\n|t:|1745959069\n|start\n|switch|p1a: Koraidon|Koraidon, L50|100/100\n|switch|p1b: Incineroar|Incineroar, L50, F|100/100\n|switch|p2a: Tornadus|Tornadus, L50, M|100/100\n|switch|p2b: Chi-Yu|Chi-Yu, L50|100/100\n|-ability|p2b: Chi-Yu|Beads of Ruin\n|-weather|SunnyDay|[from] ability: Orichalcum Pulse|[of] p1a: Koraidon\n|-activate|p1a: Koraidon|Orichalcum Pulse|[source]\n|-ability|p1b: Incineroar|Intimidate|boost\n|-unboost|p2a: Tornadus|atk|1\n|-unboost|p2b: Chi-Yu|atk|1\n|turn|1\n|inactive|cafeycigarro has 30 seconds left.\n|inactive|Playest has 30 seconds left.\n|inactive|cafeycigarro has 20 seconds left.\n|inactive|Playest has 20 seconds left.\n|inactive|cafeycigarro has 15 seconds left.\n|\n|t:|1745959109\n|switch|p1a: Miraidon|Miraidon, L50|100/100\n|-fieldstart|move: Electric Terrain|[from] ability: Hadron Engine|[of] p1a: Miraidon\n|move|p2a: Tornadus|Protect|p2a: Tornadus\n|-singleturn|p2a: Tornadus|Protect\n|move|p2b: Chi-Yu|Overheat|p1a: Miraidon\n|-resisted|p1a: Miraidon\n|-damage|p1a: Miraidon|43/100\n|-unboost|p2b: Chi-Yu|spa|2\n|move|p1b: Incineroar|Knock Off|p2b: Chi-Yu\n|-resisted|p2b: Chi-Yu\n|-damage|p2b: Chi-Yu|68/100\n|-enditem|p2b: Chi-Yu|Choice Scarf|[from] move: Knock Off|[of] p1b: Incineroar\n|\n|-weather|SunnyDay|[upkeep]\n|upkeep\n|turn|2\n|inactive|Playest has 30 seconds left.\n|\n|t:|1745959141\n|switch|p2a: Miraidon|Miraidon, L50|100/100\n|-activate|p2a: Miraidon|ability: Hadron Engine\n|move|p1a: Miraidon|Volt Switch|p2a: Miraidon\n|-resisted|p2a: Miraidon\n|-damage|p2a: Miraidon|67/100\n|\n|t:|1745959152\n|switch|p1a: Raging Bolt|Raging Bolt, L50|100/100|[from] Volt Switch\n|-activate|p1a: Raging Bolt|ability: Protosynthesis\n|-start|p1a: Raging Bolt|protosynthesisspa\n|move|p2b: Chi-Yu|Dark Pulse|p1a: Raging Bolt\n|-damage|p1a: Raging Bolt|84/100\n|move|p1b: Incineroar|U-turn|p2b: Chi-Yu\n|-damage|p2b: Chi-Yu|39/100\n|\n|t:|1745959162\n|switch|p1b: Koraidon|Koraidon, L50|100/100|[from] U-turn\n|-activate|p1b: Koraidon|ability: Orichalcum Pulse\n|\n|-weather|SunnyDay|[upkeep]\n|upkeep\n|turn|3\n|inactive|cafeycigarro has 30 seconds left.\n|\n|t:|1745959189\n|-terastallize|p2a: Miraidon|Fairy\n|move|p1b: Koraidon|Protect|p1b: Koraidon\n|-singleturn|p1b: Koraidon|Protect\n|move|p2a: Miraidon|Dazzling Gleam|p1a: Raging Bolt|[spread] p1a\n|-activate|p1b: Koraidon|move: Protect\n|-supereffective|p1a: Raging Bolt\n|-damage|p1a: Raging Bolt|0 fnt\n|faint|p1a: Raging Bolt\n|-end|p1a: Raging Bolt|Protosynthesis|[silent]\n|move|p2b: Chi-Yu|Heat Wave|p1b: Koraidon\n|-activate|p1b: Koraidon|move: Protect\n|\n|-weather|SunnyDay|[upkeep]\n|upkeep\n|\n|t:|1745959198\n|switch|p1a: Incineroar|Incineroar, L50, F|100/100\n|-ability|p1a: Incineroar|Intimidate|boost\n|-unboost|p2a: Miraidon|atk|1\n|-unboost|p2b: Chi-Yu|atk|1\n|turn|4\n|\n|t:|1745959213\n|switch|p2a: Calyrex|Calyrex-Shadow, L50|100/100\n|-ability|p2a: Calyrex|As One\n|-ability|p2a: Calyrex|Unnerve\n|-terastallize|p1b: Koraidon|Fire\n|move|p1a: Incineroar|Fake Out|p2a: Calyrex\n|-immune|p2a: Calyrex\n|move|p1b: Koraidon|Flame Charge|p2a: Calyrex\n|-damage|p2a: Calyrex|11/100\n|-boost|p1b: Koraidon|spe|1\n|-damage|p1b: Koraidon|91/100|[from] item: Life Orb\n|move|p2b: Chi-Yu|Dark Pulse|p1b: Koraidon\n|-damage|p1b: Koraidon|62/100\n|\n|-weather|SunnyDay|[upkeep]\n|upkeep\n|turn|5\n|\n|t:|1745959235\n|move|p2a: Calyrex|Protect|p2a: Calyrex\n|-singleturn|p2a: Calyrex|Protect\n|move|p1b: Koraidon|Flame Charge|p2a: Calyrex\n|-activate|p2a: Calyrex|move: Protect\n|move|p2b: Chi-Yu|Dark Pulse|p1b: Koraidon\n|-damage|p1b: Koraidon|29/100\n|move|p1a: Incineroar|U-turn|p2b: Chi-Yu\n|-damage|p2b: Chi-Yu|10/100\n|\n|t:|1745959244\n|switch|p1a: Miraidon|Miraidon, L50|43/100|[from] U-turn\n|-activate|p1a: Miraidon|ability: Hadron Engine\n|\n|-weather|none\n|-fieldend|move: Electric Terrain\n|upkeep\n|turn|6\n|\n|t:|1745959260\n|move|p1b: Koraidon|Flame Charge|p2a: Calyrex\n|-damage|p2a: Calyrex|0 fnt\n|-boost|p1b: Koraidon|spe|1\n|faint|p2a: Calyrex\n|-damage|p1b: Koraidon|19/100|[from] item: Life Orb\n|move|p1a: Miraidon|Dazzling Gleam|p2b: Chi-Yu\n|-damage|p2b: Chi-Yu|0 fnt\n|faint|p2b: Chi-Yu\n|\n|upkeep\n|\n|t:|1745959270\n|switch|p2a: Tornadus|Tornadus, L50, M|100/100\n|switch|p2b: Miraidon|Miraidon, L50, tera:Fairy|67/100\n|-fieldstart|move: Electric Terrain|[from] ability: Hadron Engine|[of] p2b: Miraidon\n|turn|7\n|\n|t:|1745959292\n|switch|p1a: Incineroar|Incineroar, L50, F|100/100\n|-ability|p1a: Incineroar|Intimidate|boost\n|-unboost|p2a: Tornadus|atk|1\n|-unboost|p2b: Miraidon|atk|1\n|move|p1b: Koraidon|Protect|p1b: Koraidon\n|-singleturn|p1b: Koraidon|Protect\n|move|p2a: Tornadus|Tailwind|p2a: Tornadus\n|-sidestart|p2: Playest|move: Tailwind\n|move|p2b: Miraidon|Dazzling Gleam|p1b: Koraidon|[spread] p1a\n|-activate|p1b: Koraidon|move: Protect\n|-damage|p1a: Incineroar|31/100\n|\n|upkeep\n|turn|8\n|inactive|cafeycigarro has 30 seconds left.\n|\n|t:|1745959324\n|move|p1a: Incineroar|Fake Out|p2b: Miraidon\n|-damage|p2b: Miraidon|57/100\n|move|p2a: Tornadus|Rain Dance|p2a: Tornadus\n|-weather|RainDance\n|move|p1b: Koraidon|Close Combat|p2b: Miraidon\n|-resisted|p2b: Miraidon\n|-damage|p2b: Miraidon|13/100\n|-unboost|p1b: Koraidon|def|1\n|-unboost|p1b: Koraidon|spd|1\n|-damage|p1b: Koraidon|10/100|[from] item: Life Orb\n|cant|p2b: Miraidon|flinch\n|\n|-weather|RainDance|[upkeep]\n|upkeep\n|turn|9\n|c|\u2606Playest|this is a really fun game\n|\n|t:|1745959347\n|move|p1b: Koraidon|Protect|p1b: Koraidon\n|-singleturn|p1b: Koraidon|Protect\n|move|p2b: Miraidon|Dazzling Gleam|p1a: Incineroar|[spread] p1a\n|-activate|p1b: Koraidon|move: Protect\n|-damage|p1a: Incineroar|0 fnt\n|faint|p1a: Incineroar\n|move|p2a: Tornadus|Bleakwind Storm|p1b: Koraidon\n|-activate|p1b: Koraidon|move: Protect\n|\n|-weather|RainDance|[upkeep]\n|upkeep\n|\n|t:|1745959351\n|switch|p1a: Miraidon|Miraidon, L50|43/100\n|-activate|p1a: Miraidon|ability: Hadron Engine\n|turn|10\n|c|\u2606cafeycigarro|it is\n|\n|t:|1745959362\n|move|p1b: Koraidon|Flame Charge|p2b: Miraidon\n|-damage|p2b: Miraidon|0 fnt\n|-boost|p1b: Koraidon|spe|1\n|faint|p2b: Miraidon\n|-damage|p1b: Koraidon|0 fnt|[from] item: Life Orb\n|faint|p1b: Koraidon\n|move|p2a: Tornadus|Bleakwind Storm|p1a: Miraidon\n|-resisted|p1a: Miraidon\n|-damage|p1a: Miraidon|23/100\n|-unboost|p1a: Miraidon|spe|1\n|move|p1a: Miraidon|Dazzling Gleam|p2a: Tornadus\n|-damage|p2a: Tornadus|23/100\n|\n|-weather|RainDance|[upkeep]\n|-sideend|p2: Playest|move: Tailwind\n|upkeep\n|turn|11\n|\n|t:|1745959384\n|move|p2a: Tornadus|Bleakwind Storm|p1a: Miraidon\n|-resisted|p1a: Miraidon\n|-damage|p1a: Miraidon|4/100\n|move|p1a: Miraidon|Dazzling Gleam|p2a: Tornadus\n|-damage|p2a: Tornadus|0 fnt\n|faint|p2a: Tornadus\n|\n|win|cafeycigarro\n||cafeycigarro is ready for game 2.\n|c|\u2606Playest|damn you torn!\n|inactive|Playest has 30 seconds to confirm battle start!\n||Playest is ready for game 2.\n|uhtml|next|Next: <a href=\"/battle-gen9vgc2025regibo3-2353475485\"><strong>Game 2 of 3</strong></a>\n|l|\u2606cafeycigarro\n|player|p1|\n", "uploadtime": 1745959649, "views": 9, "formatid": "gen9vgc2025regibo3", "rating": null, "private": 0, "password": null}