{"id": "gen9vgc2025regibo3-2354305521", "format": "[Gen 9] VGC 2025 Reg I (Bo3)", "players": ["Resok", "mavvyvgc"], "log": "|j|\u2606Resok\n|j|\u2606mavvyvgc\n|html|<table width=\"100%\"><tr><td align=\"left\">Resok</td><td align=\"right\">mavvyvgc</tr><tr><td align=\"left\"><i class=\"fa fa-circle\"></i> <i class=\"fa fa-circle-o\"></i> </td><td align=\"right\"><i class=\"fa fa-circle-o\"></i> <i class=\"fa fa-circle\"></i> </tr></table>\n|uhtml|bestof|<h2><strong>Game 3</strong> of <a href=\"/game-bestof3-gen9vgc2025regibo3-2354300109\">a best-of-3</a></h2>\n|t:|1746055255\n|gametype|doubles\n|player|p1|Resok|169|1085\n|player|p2|mavvyvgc|riley|1037\n|teamsize|p1|6\n|teamsize|p2|6\n|gen|9\n|tier|[Gen 9] VGC 2025 Reg I (Bo3)\n|rated|\n|rule|Species Clause: Limit one of each Pok\u00e9mon\n|rule|Item Clause: Limit 1 of each item\n|clearpoke\n|poke|p1|Koraidon, L50|\n|poke|p1|Calyrex-Shadow, L50|\n|poke|p1|Raging Bolt, L50|\n|poke|p1|Indeedee-F, L50, F|\n|poke|p1|Whimsicott, L50, F|\n|poke|p1|Chi-Yu, L50|\n|poke|p2|Calyrex-Shadow, L50|\n|poke|p2|Kyurem-White, L50|\n|poke|p2|Slowking, L50, F|\n|poke|p2|Tornadus, L50, M|\n|poke|p2|Rillaboom, L50, F|\n|poke|p2|Incineroar, L50, M|\n|teampreview|4\n|showteam|p1|Koraidon||LifeOrb|OrichalcumPulse|CloseCombat,FlareBlitz,FlameCharge,Protect||||||50|,,,,,Fire]Calyrex-Shadow||FocusSash|AsOneSpectrier|AstralBarrage,Psychic,Protect,DrainingKiss||||||50|,,,,,Fairy]Raging Bolt||AssaultVest|Protosynthesis|WeatherBall,Thunderbolt,Thunderclap,DragonPulse||||||50|,,,,,Fairy]Indeedee-F||SafetyGoggles|PsychicSurge|FollowMe,DazzlingGleam,TrickRoom,Imprison|||F|||50|,,,,,Water]Whimsicott||CovertCloak|Prankster|Tailwind,DazzlingGleam,SunnyDay,LightScreen|||F|||50|,,,,,Dark]Chi-Yu||ChoiceScarf|BeadsofRuin|Overheat,HeatWave,Snarl,DarkPulse||||||50|,,,,,Ghost\n|showteam|p2|Calyrex-Shadow||FocusSash|AsOneSpectrier|DarkPulse,AstralBarrage,NastyPlot,Protect||||||50|,,,,,Dark]Kyurem-White||ChoiceSpecs|Turboblaze|EarthPower,Blizzard,DragonPulse,FusionFlare||||||50|,,,,,Ground]Slowking||RockyHelmet|Oblivious|Psychic,TrickRoom,ChillyReception,HydroPump|||F|||50|,,,,,Water]Tornadus||CovertCloak|Prankster|Tailwind,BleakwindStorm,Protect,Snowscape|||M|||50|,,,,,Dark]Rillaboom||GrassySeed|GrassySurge|DrumBeating,Uturn,GrassyGlide,FakeOut|||F|||50|,,,,,Grass]Incineroar||AssaultVest|Intimidate|FakeOut,KnockOff,FlareBlitz,Uturn|||M|||50|,,,,,Fire\n|\n|t:|1746055280\n|start\n|switch|p1a: Whimsicott|Whimsicott, L50, F|100/100\n|switch|p1b: Chi-Yu|Chi-Yu, L50|100/100\n|switch|p2a: Kyurem|Kyurem-White, L50|100/100\n|switch|p2b: Incineroar|Incineroar, L50, M|100/100\n|-ability|p1b: Chi-Yu|Beads of Ruin\n|-ability|p2a: Kyurem|Turboblaze\n|-ability|p2b: Incineroar|Intimidate|boost\n|-unboost|p1a: Whimsicott|atk|1\n|-unboost|p1b: Chi-Yu|atk|1\n|turn|1\n|\n|t:|1746055314\n|-terastallize|p1b: Chi-Yu|Ghost\n|-terastallize|p2a: Kyurem|Ground\n|move|p2b: Incineroar|Fake Out|p1b: Chi-Yu\n|-immune|p1b: Chi-Yu\n|move|p1a: Whimsicott|Tailwind|p1a: Whimsicott\n|-sidestart|p1: Resok|move: Tailwind\n|move|p1b: Chi-Yu|Snarl|p2a: Kyurem|[spread] p2a,p2b\n|-crit|p2a: Kyurem\n|-resisted|p2b: Incineroar\n|-damage|p2a: Kyurem|65/100\n|-damage|p2b: Incineroar|91/100\n|-unboost|p2a: Kyurem|spa|1\n|-unboost|p2b: Incineroar|spa|1\n|move|p2a: Kyurem|Earth Power|p1b: Chi-Yu\n|-damage|p1b: Chi-Yu|31/100\n|\n|upkeep\n|turn|2\n|inactive|Battle timer is ON: inactive players will automatically lose when time's up. (requested by mavvyvgc)\n|inactive|Resok has 60 seconds left.\n|inactive|Resok has 30 seconds left.\n|inactive|Resok has 20 seconds left.\n|inactive|Resok has 15 seconds left.\n|inactive|Resok has 10 seconds left.\n|inactive|Resok has 5 seconds left.\n|\n|t:|1746055470\n|move|p1a: Whimsicott|Tailwind||[still]\n|-fail|p1a: Whimsicott\n|move|p1b: Chi-Yu|Snarl|p2a: Kyurem|[spread] p2a,p2b\n|-resisted|p2b: Incineroar\n|-damage|p2a: Kyurem|41/100\n|-damage|p2b: Incineroar|82/100\n|-unboost|p2a: Kyurem|spa|1\n|-unboost|p2b: Incineroar|spa|1\n|move|p2a: Kyurem|Earth Power|p1a: Whimsicott\n|-resisted|p1a: Whimsicott\n|-damage|p1a: Whimsicott|64/100\n|move|p2b: Incineroar|Knock Off|p1b: Chi-Yu\n|-supereffective|p1b: Chi-Yu\n|-damage|p1b: Chi-Yu|0 fnt\n|-enditem|p1b: Chi-Yu|Choice Scarf|[from] move: Knock Off|[of] p2b: Incineroar\n|faint|p1b: Chi-Yu\n|\n|upkeep\n|inactive|Resok has 30 seconds left.\n|inactive|Resok has 20 seconds left.\n|inactive|Resok has 15 seconds left.\n|inactive|Resok has 10 seconds left.\n|inactive|Resok has 5 seconds left.\n|\n|t:|1746055525\n|switch|p1b: Koraidon|Koraidon, L50|100/100\n|-weather|SunnyDay|[from] ability: Orichalcum Pulse|[of] p1b: Koraidon\n|-activate|p1b: Koraidon|Orichalcum Pulse|[source]\n|turn|3\n|inactive|Resok has 30 seconds left.\n|inactive|Resok has 20 seconds left.\n|inactive|Resok has 15 seconds left.\n|inactive|Resok has 10 seconds left.\n|inactive|Resok has 5 seconds left.\n|\n|t:|1746055580\n|switch|p2a: Rillaboom|Rillaboom, L50, F|100/100\n|-fieldstart|move: Grassy Terrain|[from] ability: Grassy Surge|[of] p2a: Rillaboom\n|-enditem|p2a: Rillaboom|Grassy Seed\n|-boost|p2a: Rillaboom|def|1|[from] item: Grassy Seed\n|move|p1a: Whimsicott|Tailwind||[still]\n|-fail|p1a: Whimsicott\n|move|p1b: Koraidon|Close Combat|p2a: Rillaboom\n|-damage|p2a: Rillaboom|40/100\n|-unboost|p1b: Koraidon|def|1\n|-unboost|p1b: Koraidon|spd|1\n|-damage|p1b: Koraidon|91/100|[from] item: Life Orb\n|move|p2b: Incineroar|Knock Off|p1b: Koraidon\n|-resisted|p1b: Koraidon\n|-damage|p1b: Koraidon|66/100\n|-enditem|p1b: Koraidon|Life Orb|[from] move: Knock Off|[of] p2b: Incineroar\n|\n|-weather|SunnyDay|[upkeep]\n|-heal|p1b: Koraidon|72/100|[from] Grassy Terrain\n|-heal|p1a: Whimsicott|70/100|[from] Grassy Terrain\n|-heal|p2a: Rillaboom|46/100|[from] Grassy Terrain\n|-heal|p2b: Incineroar|88/100|[from] Grassy Terrain\n|upkeep\n|turn|4\n|inactive|Resok has 30 seconds left.\n|inactive|mavvyvgc has 30 seconds left.\n|inactive|Resok has 20 seconds left.\n|inactive|mavvyvgc has 20 seconds left.\n|inactive|Resok has 15 seconds left.\n|inactive|Resok has 10 seconds left.\n|inactive|Resok has 5 seconds left.\n|\n|t:|1746055635\n|move|p2a: Rillaboom|Fake Out|p1b: Koraidon\n|-damage|p1b: Koraidon|55/100\n|move|p1a: Whimsicott|Tailwind||[still]\n|-fail|p1a: Whimsicott\n|cant|p1b: Koraidon|flinch\n|move|p2b: Incineroar|U-turn|p1b: Koraidon\n|-resisted|p1b: Koraidon\n|-damage|p1b: Koraidon|42/100\n|\n|t:|1746055644\n|switch|p2b: Calyrex|Calyrex-Shadow, L50|100/100|[from] U-turn\n|-ability|p2b: Calyrex|As One\n|-ability|p2b: Calyrex|Unnerve\n|\n|-weather|SunnyDay|[upkeep]\n|-heal|p1b: Koraidon|48/100|[from] Grassy Terrain\n|-heal|p1a: Whimsicott|76/100|[from] Grassy Terrain\n|-heal|p2a: Rillaboom|52/100|[from] Grassy Terrain\n|-sideend|p1: Resok|move: Tailwind\n|upkeep\n|turn|5\n|inactive|Resok has 30 seconds left.\n|inactive|Resok has 20 seconds left.\n|inactive|Resok has 15 seconds left.\n|inactive|Resok has 10 seconds left.\n|inactive|Resok has 5 seconds left.\n|\n|t:|1746055699\n|move|p1a: Whimsicott|Tailwind|p1a: Whimsicott\n|-sidestart|p1: Resok|move: Tailwind\n|move|p2a: Rillaboom|Grassy Glide|p1b: Koraidon\n|-resisted|p1b: Koraidon\n|-damage|p1b: Koraidon|25/100\n|move|p1b: Koraidon|Close Combat|p2a: Rillaboom\n|-damage|p2a: Rillaboom|0 fnt\n|-unboost|p1b: Koraidon|def|1\n|-unboost|p1b: Koraidon|spd|1\n|faint|p2a: Rillaboom\n|move|p2b: Calyrex|Astral Barrage|p1a: Whimsicott|[spread] p1a,p1b\n|-crit|p1a: Whimsicott\n|-damage|p1a: Whimsicott|0 fnt\n|-damage|p1b: Koraidon|0 fnt\n|faint|p1a: Whimsicott\n|faint|p1b: Koraidon\n|-ability|p2b: Calyrex|Grim Neigh|boost\n|-boost|p2b: Calyrex|spa|2\n|\n|-weather|SunnyDay|[upkeep]\n|upkeep\n|inactive|Resok has 30 seconds left.\n|inactive|mavvyvgc has 30 seconds left.\n|inactive|Resok has 20 seconds left.\n|inactive|Resok has 15 seconds left.\n|inactive|Resok has 10 seconds left.\n|inactive|Resok has 5 seconds left.\n|\n|t:|1746055754\n|switch|p1a: Calyrex|Calyrex-Shadow, L50|100/100\n|switch|p2a: Incineroar|Incineroar, L50, M|88/100\n|-ability|p1a: Calyrex|As One\n|-ability|p1a: Calyrex|Unnerve\n|-ability|p2a: Incineroar|Intimidate|boost\n|-unboost|p1a: Calyrex|atk|1\n|turn|6\n|inactive|Resok has 30 seconds left.\n|inactive|mavvyvgc has 30 seconds left.\n|inactive|Resok has 20 seconds left.\n|inactive|Resok has 15 seconds left.\n|inactive|Resok has 10 seconds left.\n|inactive|Resok has 5 seconds left.\n|\n|t:|1746055809\n|move|p2b: Calyrex|Protect|p2b: Calyrex\n|-singleturn|p2b: Calyrex|Protect\n|move|p1a: Calyrex|Astral Barrage|p2b: Calyrex|[spread] p2a\n|-activate|p2b: Calyrex|move: Protect\n|-resisted|p2a: Incineroar\n|-damage|p2a: Incineroar|70/100\n|move|p2a: Incineroar|Knock Off|p1a: Calyrex\n|-supereffective|p1a: Calyrex\n|-enditem|p1a: Calyrex|Focus Sash\n|-damage|p1a: Calyrex|1/100\n|\n|-weather|SunnyDay|[upkeep]\n|-heal|p1a: Calyrex|7/100|[from] Grassy Terrain\n|-heal|p2a: Incineroar|76/100|[from] Grassy Terrain\n|upkeep\n|turn|7\n|inactive|Resok has 30 seconds left.\n|inactive|Resok has 20 seconds left.\n|inactive|Resok has 15 seconds left.\n|inactive|Resok has 10 seconds left.\n|inactive|Resok has 5 seconds left.\n|\n|t:|1746055865\n|move|p1a: Calyrex|Astral Barrage|p2a: Incineroar|[spread] p2a,p2b\n|-resisted|p2a: Incineroar\n|-supereffective|p2b: Calyrex\n|-damage|p2a: Incineroar|58/100\n|-enditem|p2b: Calyrex|Focus Sash\n|-damage|p2b: Calyrex|1/100\n|move|p2b: Calyrex|Astral Barrage|p1a: Calyrex\n|-supereffective|p1a: Calyrex\n|-damage|p1a: Calyrex|0 fnt\n|faint|p1a: Calyrex\n|\n|win|mavvyvgc\n|raw|Resok's rating: 1085 &rarr; <strong>1059</strong><br />(-26 for losing)\n|raw|mavvyvgc's rating: 1037 &rarr; <strong>1076</strong><br />(+39 for winning)\n", "uploadtime": 1746055931, "views": 11, "formatid": "gen9vgc2025regibo3", "rating": 1059, "private": 0, "password": null}