{"id": "gen9vgc2025regibo3-2354431893", "format": "[Gen 9] VGC 2025 Reg I (Bo3)", "players": ["Schmixed_007", "Mona Aster"], "log": "|j|\u2606Schmixed_007\n|j|\u2606Mona Aster\n|html|<table width=\"100%\"><tr><td align=\"left\">Schmixed_007</td><td align=\"right\">Mona Aster</tr><tr><td align=\"left\"><i class=\"fa fa-circle-o\"></i> <i class=\"fa fa-circle-o\"></i> </td><td align=\"right\"><i class=\"fa fa-circle-o\"></i> <i class=\"fa fa-circle\"></i> </tr></table>\n|uhtml|bestof|<h2><strong>Game 2</strong> of <a href=\"/game-bestof3-gen9vgc2025regibo3-2354429422\">a best-of-3</a></h2>\n|t:|1746070795\n|gametype|doubles\n|player|p1|Schmixed_007|101|1178\n|player|p2|Mona Aster|265|1105\n|teamsize|p1|6\n|teamsize|p2|6\n|gen|9\n|tier|[Gen 9] VGC 2025 Reg I (Bo3)\n|rated|\n|rule|Species Clause: Limit one of each Pok\u00e9mon\n|rule|Item Clause: Limit 1 of each item\n|clearpoke\n|poke|p1|Incineroar, L50, M|\n|poke|p1|Miraidon, L50|\n|poke|p1|Calyrex-Ice, L50|\n|poke|p1|Iron Hands, L50|\n|poke|p1|Annihilape, L50, F|\n|poke|p1|Grimmsnarl, L50, M|\n|poke|p2|Lunala, L50|\n|poke|p2|Groudon, L50|\n|poke|p2|Incineroar, L50, M|\n|poke|p2|Iron Valiant, L50|\n|poke|p2|Urshifu-*, L50, F|\n|poke|p2|Raging Bolt, L50|\n|teampreview|4\n|showteam|p1|Incineroar||RockyHelmet|Intimidate|FakeOut,WillOWisp,Uturn,KnockOff|||M|||50|,,,,,Ghost]Miraidon||ChoiceSpecs|HadronEngine|ElectroDrift,VoltSwitch,DazzlingGleam,DracoMeteor||||||50|,,,,,Fairy]Calyrex-Ice||ClearAmulet|AsOneGlastrier|GlacialLance,HighHorsepower,Protect,TrickRoom||||||50|,,,,,Fire]Iron Hands||AssaultVest|QuarkDrive|FakeOut,LowKick,HeavySlam,DrainPunch||||||50|,,,,,Fighting]Annihilape||ChoiceScarf|Defiant|FinalGambit,ShadowClaw,CloseCombat,Coaching|||F|||50|,,,,,Grass]Grimmsnarl||LightClay|Prankster|ThunderWave,LightScreen,Reflect,FoulPlay|||M|||50|,,,,,Steel\n|showteam|p2|Lunala||PowerHerb|ShadowShield|TrickRoom,MeteorBeam,WideGuard,MoongeistBeam||||||50|,,,,,Water]Groudon||ClearAmulet|Drought|Protect,PrecipiceBlades,HeatCrash,Substitute||||||50|,,,,,Fire]Incineroar||SafetyGoggles|Intimidate|FlareBlitz,KnockOff,FakeOut,PartingShot|||M|||50|,,,,,Ghost]Iron Valiant||BoosterEnergy|QuarkDrive|Moonblast,Encore,Protect,Taunt||||||50|,,,,,Ghost]Urshifu||ChoiceScarf|UnseenFist|WickedBlow,CloseCombat,Uturn,IronHead|||F|||50|,,,,,Stellar]Raging Bolt||AssaultVest|Protosynthesis|Electroweb,Thunderclap,WeatherBall,DracoMeteor||||||50|,,,,,Electric\n|\n|t:|1746070830\n|start\n|switch|p1a: Incineroar|Incineroar, L50, M|100/100\n|switch|p1b: Calyrex|Calyrex-Ice, L50|100/100\n|switch|p2a: Urshifu|Urshifu, L50, F|100/100\n|switch|p2b: Iron Valiant|Iron Valiant, L50|100/100\n|-ability|p1b: Calyrex|As One\n|-ability|p1b: Calyrex|Unnerve\n|-ability|p1a: Incineroar|Intimidate|boost\n|-unboost|p2a: Urshifu|atk|1\n|-unboost|p2b: Iron Valiant|atk|1\n|-enditem|p2b: Iron Valiant|Booster Energy\n|-activate|p2b: Iron Valiant|ability: Quark Drive|[fromitem]\n|-start|p2b: Iron Valiant|quarkdrivespe\n|turn|1\n|\n|t:|1746070866\n|-terastallize|p1b: Calyrex|Fire\n|move|p1a: Incineroar|Fake Out|p2b: Iron Valiant\n|-crit|p2b: Iron Valiant\n|-damage|p2b: Iron Valiant|83/100\n|cant|p2b: Iron Valiant|flinch\n|move|p2a: Urshifu|Wicked Blow|p1b: Calyrex\n|-crit|p1b: Calyrex\n|-damage|p1b: Calyrex|57/100\n|move|p1b: Calyrex|Trick Room|p1b: Calyrex\n|-fieldstart|move: Trick Room|[of] p1b: Calyrex\n|\n|upkeep\n|turn|2\n|\n|t:|1746070885\n|move|p1b: Calyrex|High Horsepower|p2a: Urshifu\n|-damage|p2a: Urshifu|58/100\n|move|p1a: Incineroar|Will-O-Wisp|p2a: Urshifu\n|-status|p2a: Urshifu|brn\n|move|p2a: Urshifu|Wicked Blow|p1b: Calyrex\n|-crit|p1b: Calyrex\n|-damage|p1b: Calyrex|36/100\n|move|p2b: Iron Valiant|Encore|p1b: Calyrex\n|-start|p1b: Calyrex|Encore\n|\n|-damage|p2a: Urshifu|52/100 brn|[from] brn\n|upkeep\n|turn|3\n|\n|t:|1746070913\n|move|p1b: Calyrex|High Horsepower|p2a: Urshifu\n|-damage|p2a: Urshifu|5/100 brn\n|move|p1a: Incineroar|Knock Off|p2a: Urshifu\n|-resisted|p2a: Urshifu\n|-damage|p2a: Urshifu|0 fnt\n|-enditem|p2a: Urshifu|Choice Scarf|[from] move: Knock Off|[of] p1a: Incineroar\n|faint|p2a: Urshifu\n|move|p2b: Iron Valiant|Taunt|p1a: Incineroar\n|-start|p1a: Incineroar|move: Taunt\n|\n|upkeep\n|\n|t:|1746070927\n|switch|p2a: Groudon|Groudon, L50|100/100\n|-weather|SunnyDay|[from] ability: Drought|[of] p2a: Groudon\n|turn|4\n|\n|t:|1746070958\n|switch|p1a: Iron Hands|Iron Hands, L50|100/100\n|move|p1b: Calyrex|High Horsepower|p2a: Groudon\n|-damage|p2a: Groudon|71/100\n|move|p2a: Groudon|Precipice Blades|p1b: Calyrex|[spread] p1a,p1b\n|-supereffective|p1a: Iron Hands\n|-supereffective|p1b: Calyrex\n|-damage|p1a: Iron Hands|33/100\n|-damage|p1b: Calyrex|0 fnt\n|faint|p1b: Calyrex\n|move|p2b: Iron Valiant|Moonblast|p1a: Iron Hands\n|-supereffective|p1a: Iron Hands\n|-damage|p1a: Iron Hands|0 fnt\n|faint|p1a: Iron Hands\n|-end|p1a: Iron Hands|Quark Drive|[silent]\n|\n|-weather|SunnyDay|[upkeep]\n|upkeep\n|\n|t:|1746070967\n|switch|p1b: Miraidon|Miraidon, L50|100/100\n|switch|p1a: Incineroar|Incineroar, L50, M|100/100\n|-ability|p1a: Incineroar|Intimidate|boost\n|-fail|p2a: Groudon|unboost|[from] item: Clear Amulet|[of] p2a: Groudon\n|-unboost|p2b: Iron Valiant|atk|1\n|-fieldstart|move: Electric Terrain|[from] ability: Hadron Engine|[of] p1b: Miraidon\n|turn|5\n|\n|t:|1746071001\n|-terastallize|p2b: Iron Valiant|Ghost\n|move|p2a: Groudon|Protect|p2a: Groudon\n|-singleturn|p2a: Groudon|Protect\n|move|p1a: Incineroar|Fake Out|p2a: Groudon\n|-activate|p2a: Groudon|move: Protect\n|move|p1b: Miraidon|Dazzling Gleam|p2a: Groudon|[spread] p2b\n|-activate|p2a: Groudon|move: Protect\n|-damage|p2b: Iron Valiant|24/100\n|move|p2b: Iron Valiant|Encore|p1a: Incineroar\n|-start|p1a: Incineroar|Encore\n|\n|-weather|SunnyDay|[upkeep]\n|-fieldend|move: Trick Room\n|upkeep\n|turn|6\n|-message|Schmixed_007 forfeited.\n|\n|win|Mona Aster\n|raw|Schmixed_007's rating: 1178 &rarr; <strong>1148</strong><br />(-30 for losing)\n|raw|Mona Aster's rating: 1105 &rarr; <strong>1135</strong><br />(+30 for winning)\n|l|\u2606Schmixed_007\n|player|p1|\n", "uploadtime": 1746071016, "views": 21, "formatid": "gen9vgc2025regibo3", "rating": 1135, "private": 0, "password": null}