{"id": "gen9vgc2025regibo3-2353894502", "format": "[Gen 9] VGC 2025 Reg I (Bo3)", "players": ["gundi8", "Lacossg"], "log": "|j|\u2606gundi8\n|j|\u2606Lacossg\n|html|<table width=\"100%\"><tr><td align=\"left\">gundi8</td><td align=\"right\">Lacossg</tr><tr><td align=\"left\"><i class=\"fa fa-circle-o\"></i> <i class=\"fa fa-circle-o\"></i> </td><td align=\"right\"><i class=\"fa fa-circle-o\"></i> <i class=\"fa fa-circle-o\"></i> </tr></table>\n|uhtml|bestof|<h2><strong>Game 1</strong> of <a href=\"/game-bestof3-gen9vgc2025regibo3-2353894501\">a best-of-3</a></h2>\n|t:|1746016022\n|gametype|doubles\n|player|p1|gundi8|ethan-gen2|1231\n|player|p2|Lacossg|266|1206\n|teamsize|p1|6\n|teamsize|p2|6\n|gen|9\n|tier|[Gen 9] VGC 2025 Reg I (Bo3)\n|rated|\n|rule|Species Clause: Limit one of each Pok\u00e9mon\n|rule|Item Clause: Limit 1 of each item\n|clearpoke\n|poke|p1|Calyrex-Shadow, L50|\n|poke|p1|Koraidon, L50|\n|poke|p1|Ditto, L50|\n|poke|p1|Brute Bonnet, L50|\n|poke|p1|Whimsicott, L50, M|\n|poke|p1|Chi-Yu, L50|\n|poke|p2|Calyrex-Shadow, L50|\n|poke|p2|Tyranitar, L50, F|\n|poke|p2|Excadrill, L50, F|\n|poke|p2|Indeedee-F, L50, F|\n|poke|p2|Raging Bolt, L50|\n|poke|p2|Zamazenta-*, L50|\n|teampreview|4\n|showteam|p1|Calyrex-Shadow||LifeOrb|AsOneSpectrier|AstralBarrage,Psychic,Substitute,Protect||||||50|,,,,,Ghost]Koraidon||ClearAmulet|OrichalcumPulse|CollisionCourse,FlameCharge,FlareBlitz,Protect||||||50|,,,,,Fire]Ditto||FocusSash|Imposter|Transform||||||50|,,,,,Normal]Brute Bonnet||RockyHelmet|Protosynthesis|SeedBomb,SuckerPunch,Spore,RagePowder||||||50|,,,,,Water]Whimsicott||CovertCloak|Prankster|Moonblast,LightScreen,Tailwind,Encore|||M|||50|,,,,,Dark]Chi-Yu||ChoiceScarf|BeadsofRuin|HeatWave,Snarl,Overheat,DarkPulse||||||50|,,,,,Ghost\n|showteam|p2|Calyrex-Shadow||LifeOrb|AsOneSpectrier|AstralBarrage,ExpandingForce,Encore,Protect||||||50|,,,,,Normal]Tyranitar||FocusSash|SandStream|KnockOff,RockSlide,Taunt,Snarl|||F|||50|,,,,,Grass]Excadrill||ClearAmulet|SandRush|HighHorsepower,SwordsDance,IronHead,Protect|||F|||50|,,,,,Ground]Indeedee-F||RockyHelmet|PsychicSurge|Imprison,Psychic,TrickRoom,FollowMe|||F|||50|,,,,,Water]Raging Bolt||AssaultVest|Protosynthesis|Thunderclap,Electroweb,DracoMeteor,Snarl||||||50|,,,,,Fairy]Zamazenta-Crowned||RustedShield|DauntlessShield|BodyPress,Imprison,WideGuard,Protect||||||50|,,,,,Dragon\n|inactive|Battle timer is ON: inactive players will automatically lose when time's up. (requested by gundi8)\n|inactive|gundi8 has 60 seconds left.\n|\n|t:|1746016073\n|start\n|switch|p1a: Calyrex|Calyrex-Shadow, L50|100/100\n|switch|p1b: Whimsicott|Whimsicott, L50, M|100/100\n|switch|p2a: Raging Bolt|Raging Bolt, L50|100/100\n|switch|p2b: Excadrill|Excadrill, L50, F|100/100\n|-ability|p1a: Calyrex|As One\n|-ability|p1a: Calyrex|Unnerve\n|turn|1\n|inactive|Lacossg has 30 seconds left.\n|\n|t:|1746016100\n|move|p1a: Calyrex|Protect|p1a: Calyrex\n|-singleturn|p1a: Calyrex|Protect\n|move|p1b: Whimsicott|Light Screen|p1b: Whimsicott\n|-sidestart|p1: gundi8|move: Light Screen\n|move|p2b: Excadrill|Iron Head|p1b: Whimsicott\n|-supereffective|p1b: Whimsicott\n|-damage|p1b: Whimsicott|0 fnt\n|faint|p1b: Whimsicott\n|move|p2a: Raging Bolt|Snarl|p1a: Calyrex\n|-activate|p1a: Calyrex|move: Protect\n|\n|upkeep\n|\n|t:|1746016114\n|switch|p1b: Ditto|Ditto, L50|100/100\n|-transform|p1b: Ditto|p2a: Raging Bolt|[from] ability: Imposter\n|turn|2\n|\n|t:|1746016133\n|-terastallize|p1a: Calyrex|Ghost\n|move|p1a: Calyrex|Astral Barrage|p2b: Excadrill|[spread] p2a,p2b\n|-damage|p2a: Raging Bolt|53/100\n|-damage|p2b: Excadrill|0 fnt\n|faint|p2b: Excadrill\n|-ability|p1a: Calyrex|Grim Neigh|boost\n|-boost|p1a: Calyrex|spa|1\n|-damage|p1a: Calyrex|91/100|[from] item: Life Orb\n|move|p1b: Ditto|Draco Meteor|p2a: Raging Bolt|[miss]\n|-miss|p1b: Ditto|p2a: Raging Bolt\n|move|p2a: Raging Bolt|Electroweb|p1b: Ditto|[spread] p1a,p1b\n|-resisted|p1b: Ditto\n|-damage|p1a: Calyrex|77/100\n|-damage|p1b: Ditto|97/100\n|-unboost|p1a: Calyrex|spe|1\n|-unboost|p1b: Ditto|spe|1\n|\n|upkeep\n|\n|t:|1746016153\n|switch|p2b: Tyranitar|Tyranitar, L50, F|100/100\n|-weather|Sandstorm|[from] ability: Sand Stream|[of] p2b: Tyranitar\n|turn|3\n|\n|t:|1746016166\n|move|p1a: Calyrex|Astral Barrage|p2a: Raging Bolt|[spread] p2a,p2b\n|-resisted|p2b: Tyranitar\n|-damage|p2a: Raging Bolt|0 fnt\n|-damage|p2b: Tyranitar|50/100\n|faint|p2a: Raging Bolt\n|-end|p2a: Raging Bolt|Protosynthesis|[silent]\n|-ability|p1a: Calyrex|Grim Neigh|boost\n|-boost|p1a: Calyrex|spa|1\n|-damage|p1a: Calyrex|68/100|[from] item: Life Orb\n|move|p2b: Tyranitar|Knock Off|p1a: Calyrex\n|-supereffective|p1a: Calyrex\n|-damage|p1a: Calyrex|0 fnt\n|-enditem|p1a: Calyrex|Life Orb|[from] move: Knock Off|[of] p2b: Tyranitar\n|faint|p1a: Calyrex\n|move|p1b: Ditto|Electroweb|p2b: Tyranitar\n|-damage|p2b: Tyranitar|32/100\n|-unboost|p2b: Tyranitar|spe|1\n|\n|-weather|Sandstorm|[upkeep]\n|-damage|p1b: Ditto|91/100|[from] Sandstorm\n|upkeep\n|\n|t:|1746016175\n|switch|p1a: Koraidon|Koraidon, L50|100/100\n|switch|p2a: Zamazenta|Zamazenta-Crowned, L50|100/100\n|-weather|SunnyDay|[from] ability: Orichalcum Pulse|[of] p1a: Koraidon\n|-activate|p1a: Koraidon|Orichalcum Pulse|[source]\n|-ability|p2a: Zamazenta|Dauntless Shield|boost\n|-boost|p2a: Zamazenta|def|1\n|turn|4\n|inactive|gundi8 has 30 seconds left.\n|\n|t:|1746016206\n|-terastallize|p2a: Zamazenta|Dragon\n|move|p1a: Koraidon|Collision Course|p2b: Tyranitar\n|-supereffective|p2b: Tyranitar\n|-damage|p2b: Tyranitar|0 fnt\n|faint|p2b: Tyranitar\n|move|p2a: Zamazenta|Body Press|p1b: Ditto\n|-damage|p1b: Ditto|19/100\n|move|p1b: Ditto|Draco Meteor|p2a: Zamazenta|[miss]\n|-miss|p1b: Ditto|p2a: Zamazenta\n|\n|-weather|SunnyDay|[upkeep]\n|upkeep\n|turn|5\n|\n|t:|1746016224\n|move|p2a: Zamazenta|Protect|p2a: Zamazenta\n|-singleturn|p2a: Zamazenta|Protect\n|move|p1a: Koraidon|Collision Course|p2a: Zamazenta\n|-activate|p2a: Zamazenta|move: Protect\n|move|p1b: Ditto|Draco Meteor|p2a: Zamazenta\n|-activate|p2a: Zamazenta|move: Protect\n|\n|-weather|SunnyDay|[upkeep]\n|-sideend|p1: gundi8|move: Light Screen\n|upkeep\n|turn|6\n|\n|t:|1746016234\n|move|p1a: Koraidon|Collision Course|p2a: Zamazenta\n|-damage|p2a: Zamazenta|75/100\n|move|p2a: Zamazenta|Body Press|p1b: Ditto\n|-damage|p1b: Ditto|0 fnt\n|faint|p1b: Ditto\n|-end|p1b: Ditto|Protosynthesis|[silent]\n|\n|-weather|SunnyDay|[upkeep]\n|upkeep\n|turn|7\n|\n|t:|1746016241\n|move|p2a: Zamazenta|Protect|p2a: Zamazenta\n|-singleturn|p2a: Zamazenta|Protect\n|move|p1a: Koraidon|Collision Course|p2a: Zamazenta\n|-activate|p2a: Zamazenta|move: Protect\n|\n|-weather|SunnyDay|[upkeep]\n|upkeep\n|turn|8\n|\n|t:|1746016249\n|move|p1a: Koraidon|Collision Course|p2a: Zamazenta\n|-damage|p2a: Zamazenta|48/100\n|move|p2a: Zamazenta|Body Press|p1a: Koraidon\n|-damage|p1a: Koraidon|45/100\n|\n|-weather|none\n|upkeep\n|turn|9\n|\n|t:|1746016256\n|move|p1a: Koraidon|Flare Blitz|p2a: Zamazenta\n|-resisted|p2a: Zamazenta\n|-damage|p2a: Zamazenta|40/100\n|-damage|p1a: Koraidon|43/100|[from] Recoil\n|move|p2a: Zamazenta|Body Press|p1a: Koraidon\n|-damage|p1a: Koraidon|0 fnt\n|faint|p1a: Koraidon\n|\n|win|Lacossg\n||gundi8 is ready for game 2.\n|inactive|Lacossg has 30 seconds to confirm battle start!\n|inactive|Lacossg has 20 seconds to confirm battle start!\n|inactive|Lacossg has 10 seconds to confirm battle start!\n||Lacossg is ready for game 2.\n|uhtml|next|Next: <a href=\"/battle-gen9vgc2025regibo3-2353896647\"><strong>Game 2 of 3</strong></a>\n|l|\u2606gundi8\n|player|p1|\n", "uploadtime": 1746016259, "views": 10, "formatid": "gen9vgc2025regibo3", "rating": null, "private": 0, "password": null}