{"id": "gen9vgc2025regibo3-2354247697", "format": "[Gen 9] VGC 2025 Reg I (Bo3)", "players": ["canadadryafk", "Clickster1"], "log": "|j|\u2606canadadryafk\n|j|\u2606Clickster1\n|html|<table width=\"100%\"><tr><td align=\"left\">canadadryafk</td><td align=\"right\">Clickster1</tr><tr><td align=\"left\"><i class=\"fa fa-circle\"></i> <i class=\"fa fa-circle-o\"></i> </td><td align=\"right\"><i class=\"fa fa-circle-o\"></i> <i class=\"fa fa-circle-o\"></i> </tr></table>\n|uhtml|bestof|<h2><strong>Game 2</strong> of <a href=\"/game-bestof3-gen9vgc2025regibo3-2354245008\">a best-of-3</a></h2>\n|t:|1746048808\n|gametype|doubles\n|player|p1|canadadryafk|102|1115\n|player|p2|Clickster1|proton|1040\n|teamsize|p1|6\n|teamsize|p2|6\n|gen|9\n|tier|[Gen 9] VGC 2025 Reg I (Bo3)\n|rated|\n|rule|Species Clause: Limit one of each Pok\u00e9mon\n|rule|Item Clause: Limit 1 of each item\n|clearpoke\n|poke|p1|Incineroar, L50, M|\n|poke|p1|Zacian-*, L50|\n|poke|p1|Farigiraf, L50, F|\n|poke|p1|Iron Bundle, L50|\n|poke|p1|Miraidon, L50|\n|poke|p1|Ursaluna, L50, F|\n|poke|p2|Lunala, L50|\n|poke|p2|Koraidon, L50|\n|poke|p2|Flutter Mane, L50|\n|poke|p2|Raging Bolt, L50|\n|poke|p2|Chi-Yu, L50|\n|poke|p2|Brute Bonnet, L50|\n|teampreview|4\n|showteam|p1|Incineroar||AssaultVest|Intimidate|FlareBlitz,KnockOff,FakeOut,Uturn|||M|||50|,,,,,Ghost]Zacian-Crowned||RustedSword|IntrepidSword|Protect,behemothblade,PlayRough,SacredSword||||||50|,,,,,Dragon]Farigiraf||ElectricSeed|ArmorTail|PsychicNoise,FoulPlay,HelpingHand,TrickRoom|||F|||50|,,,,,Water]Iron Bundle||FocusSash|QuarkDrive|FreezeDry,IcyWind,Encore,Protect||||||50|,,,,,Ghost]Miraidon||ChoiceSpecs|HadronEngine|ElectroDrift,DracoMeteor,VoltSwitch,DazzlingGleam||||||50|,,,,,Fairy]Ursaluna||FlameOrb|Guts|Facade,HeadlongRush,Substitute,Protect|||F|||50|,,,,,Poison\n|showteam|p2|Lunala||PowerHerb|ShadowShield|MeteorBeam,MoongeistBeam,WideGuard,TrickRoom||||||50|,,,,,Water]Koraidon||LifeOrb|OrichalcumPulse|CloseCombat,FlareBlitz,FlameCharge,Protect||||||50|,,,,,Fire]Flutter Mane||FocusSash|Protosynthesis|ShadowBall,Moonblast,IcyWind,Protect||||||50|,,,,,Normal]Raging Bolt||AssaultVest|Protosynthesis|Thunderclap,Thunderbolt,Electroweb,DracoMeteor||||||50|,,,,,Electric]Chi-Yu||ChoiceScarf|BeadsofRuin|HeatWave,Snarl,DarkPulse,Overheat||||||50|,,,,,Ghost]Brute Bonnet||CovertCloak|Protosynthesis|SeedBomb,SuckerPunch,RagePowder,Spore||||||50|,,,,,Water\n|inactive|Battle timer is ON: inactive players will automatically lose when time's up. (requested by Clickster1)\n|inactive|canadadryafk also wants the timer to be on.\n|inactive|Clickster1 has 60 seconds left.\n|\n|t:|1746048847\n|start\n|switch|p1a: Iron Bundle|Iron Bundle, L50|100/100\n|switch|p1b: Miraidon|Miraidon, L50|100/100\n|switch|p2a: Koraidon|Koraidon, L50|100/100\n|switch|p2b: Raging Bolt|Raging Bolt, L50|100/100\n|-fieldstart|move: Electric Terrain|[from] ability: Hadron Engine|[of] p1b: Miraidon\n|-activate|p1a: Iron Bundle|ability: Quark Drive\n|-start|p1a: Iron Bundle|quarkdrivespe\n|-weather|SunnyDay|[from] ability: Orichalcum Pulse|[of] p2a: Koraidon\n|-activate|p2b: Raging Bolt|ability: Protosynthesis\n|-start|p2b: Raging Bolt|protosynthesisspa\n|-activate|p2a: Koraidon|Orichalcum Pulse|[source]\n|turn|1\n|\n|t:|1746048872\n|-end|p1a: Iron Bundle|Quark Drive|[silent]\n|switch|p1a: Farigiraf|Farigiraf, L50, F|100/100\n|-enditem|p1a: Farigiraf|Electric Seed\n|-boost|p1a: Farigiraf|def|1|[from] item: Electric Seed\n|move|p1b: Miraidon|Volt Switch|p2b: Raging Bolt\n|-resisted|p2b: Raging Bolt\n|-damage|p2b: Raging Bolt|87/100\n|\n|t:|1746048882\n|switch|p1b: Iron Bundle|Iron Bundle, L50|100/100|[from] Volt Switch\n|-activate|p1b: Iron Bundle|ability: Quark Drive\n|-start|p1b: Iron Bundle|quarkdrivespe\n|move|p2a: Koraidon|Flame Charge|p1a: Farigiraf\n|-damage|p1a: Farigiraf|73/100\n|-boost|p2a: Koraidon|spe|1\n|-damage|p2a: Koraidon|91/100|[from] item: Life Orb\n|move|p2b: Raging Bolt|Electroweb|p1a: Farigiraf|[spread] p1a,p1b\n|-supereffective|p1b: Iron Bundle\n|-damage|p1a: Farigiraf|37/100\n|-enditem|p1b: Iron Bundle|Focus Sash\n|-damage|p1b: Iron Bundle|1/100\n|-unboost|p1a: Farigiraf|spe|1\n|-unboost|p1b: Iron Bundle|spe|1\n|\n|-weather|SunnyDay|[upkeep]\n|upkeep\n|turn|2\n|inactive|canadadryafk has 30 seconds left.\n|inactive|Clickster1 has 30 seconds left.\n|\n|t:|1746048916\n|-terastallize|p1a: Farigiraf|Water\n|move|p2a: Koraidon|Flame Charge|p1b: Iron Bundle\n|-damage|p1b: Iron Bundle|0 fnt\n|-boost|p2a: Koraidon|spe|1\n|faint|p1b: Iron Bundle\n|-end|p1b: Iron Bundle|Quark Drive|[silent]\n|-damage|p2a: Koraidon|82/100|[from] item: Life Orb\n|move|p2b: Raging Bolt|Thunderbolt|p1a: Farigiraf\n|-supereffective|p1a: Farigiraf\n|-damage|p1a: Farigiraf|0 fnt\n|faint|p1a: Farigiraf\n|\n|-weather|SunnyDay|[upkeep]\n|upkeep\n|\n|t:|1746048928\n|switch|p1b: Miraidon|Miraidon, L50|100/100\n|switch|p1a: Ursaluna|Ursaluna, L50, F|100/100\n|-activate|p1b: Miraidon|ability: Hadron Engine\n|turn|3\n|inactive|Clickster1 has 30 seconds left.\n|inactive|Clickster1 has 20 seconds left.\n|\n|t:|1746048965\n|move|p2a: Koraidon|Close Combat|p1a: Ursaluna\n|-supereffective|p1a: Ursaluna\n|-damage|p1a: Ursaluna|0 fnt\n|-unboost|p2a: Koraidon|def|1\n|-unboost|p2a: Koraidon|spd|1\n|faint|p1a: Ursaluna\n|-damage|p2a: Koraidon|72/100|[from] item: Life Orb\n|move|p1b: Miraidon|Dazzling Gleam|p2a: Koraidon|[spread] p2a,p2b\n|-supereffective|p2a: Koraidon\n|-crit|p2a: Koraidon\n|-supereffective|p2b: Raging Bolt\n|-damage|p2a: Koraidon|0 fnt\n|-damage|p2b: Raging Bolt|37/100\n|faint|p2a: Koraidon\n|move|p2b: Raging Bolt|Electroweb|p1b: Miraidon\n|-resisted|p1b: Miraidon\n|-damage|p1b: Miraidon|90/100\n|-unboost|p1b: Miraidon|spe|1\n|\n|-weather|SunnyDay|[upkeep]\n|upkeep\n|\n|t:|1746048981\n|switch|p2a: Chi-Yu|Chi-Yu, L50|100/100\n|-ability|p2a: Chi-Yu|Beads of Ruin\n|turn|4\n|\n|t:|1746048989\n|move|p2a: Chi-Yu|Snarl|p1b: Miraidon\n|-damage|p1b: Miraidon|57/100\n|-unboost|p1b: Miraidon|spa|1\n|move|p1b: Miraidon|Dazzling Gleam|p2a: Chi-Yu|[spread] p2a,p2b\n|-supereffective|p2b: Raging Bolt\n|-damage|p2a: Chi-Yu|66/100\n|-damage|p2b: Raging Bolt|0 fnt\n|faint|p2b: Raging Bolt\n|-end|p2b: Raging Bolt|Protosynthesis|[silent]\n|\n|-weather|SunnyDay|[upkeep]\n|upkeep\n|\n|t:|1746048997\n|switch|p2b: Brute Bonnet|Brute Bonnet, L50|100/100\n|-activate|p2b: Brute Bonnet|ability: Protosynthesis\n|-start|p2b: Brute Bonnet|protosynthesisdef\n|turn|5\n|\n|t:|1746049003\n|move|p2b: Brute Bonnet|Sucker Punch|p1b: Miraidon\n|-damage|p1b: Miraidon|29/100\n|move|p2a: Chi-Yu|Snarl|p1b: Miraidon\n|-damage|p1b: Miraidon|0 fnt\n|faint|p1b: Miraidon\n|\n|win|Clickster1\n||canadadryafk is ready for game 3.\n|inactive|Clickster1 has 30 seconds to confirm battle start!\n||Clickster1 is ready for game 3.\n|uhtml|next|Next: <a href=\"/battle-gen9vgc2025regibo3-2354249791\"><strong>Game 3 of 3</strong></a>\n|l|\u2606canadadryafk\n|player|p1|\n", "uploadtime": 1746049009, "views": 9, "formatid": "gen9vgc2025regibo3", "rating": null, "private": 0, "password": null}