{"id": "gen9vgc2025regibo3-2354384738", "format": "[Gen 9] VGC 2025 Reg I (Bo3)", "players": ["blackstorm games", "BrianJensVGC"], "log": "|j|\u2606blackstorm games\n|j|\u2606BrianJensVGC\n|html|<table width=\"100%\"><tr><td align=\"left\">blackstorm games</td><td align=\"right\">BrianJensVGC</tr><tr><td align=\"left\"><i class=\"fa fa-circle-o\"></i> <i class=\"fa fa-circle-o\"></i> </td><td align=\"right\"><i class=\"fa fa-circle-o\"></i> <i class=\"fa fa-circle-o\"></i> </tr></table>\n|uhtml|bestof|<h2><strong>Game 1</strong> of <a href=\"/game-bestof3-gen9vgc2025regibo3-2354384736\">a best-of-3</a></h2>\n|t:|1746064790\n|gametype|doubles\n|player|p1|blackstorm games|1|1220\n|player|p2|BrianJensVGC|bugsy|1310\n|teamsize|p1|6\n|teamsize|p2|6\n|gen|9\n|tier|[Gen 9] VGC 2025 Reg I (Bo3)\n|rated|\n|rule|Species Clause: Limit one of each Pok\u00e9mon\n|rule|Item Clause: Limit 1 of each item\n|clearpoke\n|poke|p1|Miraidon, L50|\n|poke|p1|Farigiraf, L50, F|\n|poke|p1|Ogerpon-Hearthflame, L50, F|\n|poke|p1|Iron Hands, L50|\n|poke|p1|Landorus, L50, M|\n|poke|p1|Calyrex-Ice, L50|\n|poke|p2|Koraidon, L50|\n|poke|p2|Flutter Mane, L50|\n|poke|p2|Raging Bolt, L50|\n|poke|p2|Chi-Yu, L50|\n|poke|p2|Lunala, L50|\n|poke|p2|Brute Bonnet, L50|\n|teampreview|4\n|showteam|p1|Miraidon||ChoiceSpecs|HadronEngine|ElectroDrift,DazzlingGleam,DracoMeteor,VoltSwitch||||||50|,,,,,Fairy]Farigiraf||ElectricSeed|ArmorTail|PsychicNoise,FoulPlay,TrickRoom,HelpingHand|||F|||50|,,,,,Water]Ogerpon-Hearthflame||HearthflameMask|MoldBreaker|IvyCudgel,HornLeech,FollowMe,SpikyShield|||F|||50|,,,,,Fire]Iron Hands||AssaultVest|QuarkDrive|DrainPunch,WildCharge,LowKick,FakeOut||||||50|,,,,,Bug]Landorus||LifeOrb|SheerForce|EarthPower,SludgeBomb,SandsearStorm,Protect|||M|||50|,,,,,Water]Calyrex-Ice||ClearAmulet|AsOneGlastrier|GlacialLance,TrickRoom,Imprison,Protect||||||50|,,,,,Water\n|showteam|p2|Koraidon||ClearAmulet|OrichalcumPulse|FlameCharge,FlareBlitz,CollisionCourse,Protect||||||50|,,,,,Fire]Flutter Mane||FocusSash|Protosynthesis|Moonblast,Taunt,ThunderWave,Protect||||||50|,,,,,Normal]Raging Bolt||AssaultVest|Protosynthesis|Thunderbolt,Thunderclap,VoltSwitch,DracoMeteor||||||50|,,,,,Electric]Chi-Yu||ChoiceScarf|BeadsofRuin|Overheat,HeatWave,Snarl,DarkPulse||||||50|,,,,,Ghost]Lunala||PowerHerb|ShadowShield|MoongeistBeam,MeteorBeam,WideGuard,TrickRoom||||||50|,,,,,Water]Brute Bonnet||CovertCloak|Protosynthesis|Spore,RagePowder,PollenPuff,SuckerPunch||||||50|,,,,,Grass\n|inactive|Battle timer is ON: inactive players will automatically lose when time's up. (requested by blackstorm games)\n|inactive|BrianJensVGC has 60 seconds left.\n|inactive|BrianJensVGC has 30 seconds left.\n|inactive|BrianJensVGC has 20 seconds left.\n|inactive|BrianJensVGC has 15 seconds left.\n|inactive|BrianJensVGC has 10 seconds left.\n|inactive|BrianJensVGC has 5 seconds left.\n|\n|t:|1746065002\n|start\n|switch|p1a: Iron Hands|Iron Hands, L50|100/100\n|switch|p1b: Farigiraf|Farigiraf, L50, F|100/100\n|switch|p2a: Chi-Yu|Chi-Yu, L50|100/100\n|switch|p2b: Koraidon|Koraidon, L50|100/100\n|-ability|p2a: Chi-Yu|Beads of Ruin\n|-weather|SunnyDay|[from] ability: Orichalcum Pulse|[of] p2b: Koraidon\n|-activate|p2b: Koraidon|Orichalcum Pulse|[source]\n|turn|1\n|\n|t:|1746065018\n|switch|p2b: Lunala|Lunala, L50|100/100\n|-terastallize|p2a: Chi-Yu|Ghost\n|-terastallize|p1b: Farigiraf|Water\n|move|p1a: Iron Hands|Fake Out|p2b: Lunala\n|-immune|p2b: Lunala\n|move|p2a: Chi-Yu|Dark Pulse|p1b: Farigiraf\n|-damage|p1b: Farigiraf|40/100\n|move|p1b: Farigiraf|Trick Room|p1b: Farigiraf\n|-fieldstart|move: Trick Room|[of] p1b: Farigiraf\n|\n|-weather|SunnyDay|[upkeep]\n|upkeep\n|turn|2\n|\n|t:|1746065038\n|move|p1a: Iron Hands|Wild Charge|p2a: Chi-Yu\n|-damage|p2a: Chi-Yu|21/100\n|-damage|p1a: Iron Hands|90/100|[from] Recoil\n|move|p1b: Farigiraf|Foul Play|p2b: Lunala\n|-supereffective|p2b: Lunala\n|-damage|p2b: Lunala|70/100\n|move|p2b: Lunala|Meteor Beam||[still]\n|-prepare|p2b: Lunala|Meteor Beam\n|-boost|p2b: Lunala|spa|1\n|-enditem|p2b: Lunala|Power Herb\n|-anim|p2b: Lunala|Meteor Beam|p1a: Iron Hands|[miss]\n|-miss|p2b: Lunala|p1a: Iron Hands\n|move|p2a: Chi-Yu|Dark Pulse|p1b: Farigiraf\n|-damage|p1b: Farigiraf|0 fnt\n|faint|p1b: Farigiraf\n|\n|-weather|SunnyDay|[upkeep]\n|upkeep\n|\n|t:|1746065054\n|switch|p1b: Calyrex|Calyrex-Ice, L50|100/100\n|-ability|p1b: Calyrex|As One\n|-ability|p1b: Calyrex|Unnerve\n|turn|3\n|\n|t:|1746065065\n|switch|p2a: Raging Bolt|Raging Bolt, L50|100/100\n|-activate|p2a: Raging Bolt|ability: Protosynthesis\n|-start|p2a: Raging Bolt|protosynthesisspa\n|move|p2b: Lunala|Wide Guard|p2b: Lunala\n|-singleturn|p2b: Lunala|Wide Guard\n|move|p1a: Iron Hands|Wild Charge|p2b: Lunala\n|-damage|p2b: Lunala|25/100\n|-damage|p1a: Iron Hands|78/100|[from] Recoil\n|move|p1b: Calyrex|Glacial Lance|p2b: Lunala|[spread] \n|-activate|p2a: Raging Bolt|move: Wide Guard\n|-activate|p2b: Lunala|move: Wide Guard\n|\n|-weather|SunnyDay|[upkeep]\n|upkeep\n|turn|4\n|\n|t:|1746065084\n|move|p1b: Calyrex|Protect|p1b: Calyrex\n|-singleturn|p1b: Calyrex|Protect\n|move|p2b: Lunala|Wide Guard|p2b: Lunala\n|-singleturn|p2b: Lunala|Wide Guard\n|move|p1a: Iron Hands|Wild Charge|p2b: Lunala\n|-crit|p2b: Lunala\n|-damage|p2b: Lunala|0 fnt\n|faint|p2b: Lunala\n|-damage|p1a: Iron Hands|72/100|[from] Recoil\n|move|p2a: Raging Bolt|Volt Switch|p1b: Calyrex\n|-activate|p1b: Calyrex|move: Protect\n|\n|-weather|SunnyDay|[upkeep]\n|upkeep\n|\n|t:|1746065087\n|switch|p2b: Koraidon|Koraidon, L50|100/100\n|-activate|p2b: Koraidon|ability: Orichalcum Pulse\n|turn|5\n|\n|t:|1746065106\n|-end|p2a: Raging Bolt|Protosynthesis|[silent]\n|switch|p2a: Chi-Yu|Chi-Yu, L50, tera:Ghost|21/100\n|-ability|p2a: Chi-Yu|Beads of Ruin\n|move|p2b: Koraidon|Protect|p2b: Koraidon\n|-singleturn|p2b: Koraidon|Protect\n|move|p1a: Iron Hands|Drain Punch|p2b: Koraidon\n|-activate|p2b: Koraidon|move: Protect\n|move|p1b: Calyrex|Glacial Lance|p2b: Koraidon|[spread] p2a\n|-activate|p2b: Koraidon|move: Protect\n|-damage|p2a: Chi-Yu|0 fnt\n|faint|p2a: Chi-Yu\n|-ability|p1b: Calyrex|Chilling Neigh|boost\n|-boost|p1b: Calyrex|atk|1\n|\n|-weather|none\n|-fieldend|move: Trick Room\n|upkeep\n|\n|t:|1746065116\n|switch|p2a: Raging Bolt|Raging Bolt, L50|100/100\n|turn|6\n|\n|t:|1746065132\n|-end|p1a: Iron Hands|Quark Drive|[silent]\n|switch|p1a: Miraidon|Miraidon, L50|100/100\n|-fieldstart|move: Electric Terrain|[from] ability: Hadron Engine|[of] p1a: Miraidon\n|move|p1b: Calyrex|Protect|p1b: Calyrex\n|-singleturn|p1b: Calyrex|Protect\n|move|p2b: Koraidon|Flare Blitz|p1b: Calyrex\n|-activate|p1b: Calyrex|move: Protect\n|move|p2a: Raging Bolt|Thunderbolt|p1a: Miraidon\n|-resisted|p1a: Miraidon\n|-crit|p1a: Miraidon\n|-damage|p1a: Miraidon|80/100\n|\n|upkeep\n|turn|7\n|\n|t:|1746065157\n|move|p2b: Koraidon|Flare Blitz|p1b: Calyrex\n|-supereffective|p1b: Calyrex\n|-damage|p1b: Calyrex|48/100\n|-damage|p2b: Koraidon|80/100|[from] Recoil\n|move|p1a: Miraidon|Dazzling Gleam|p2a: Raging Bolt|[spread] p2a,p2b\n|-supereffective|p2a: Raging Bolt\n|-supereffective|p2b: Koraidon\n|-damage|p2a: Raging Bolt|47/100\n|-damage|p2b: Koraidon|0 fnt\n|faint|p2b: Koraidon\n|move|p2a: Raging Bolt|Thunderbolt|p1b: Calyrex\n|-damage|p1b: Calyrex|0 fnt\n|faint|p1b: Calyrex\n|\n|upkeep\n|\n|t:|1746065168\n|switch|p1b: Iron Hands|Iron Hands, L50|72/100\n|-activate|p1b: Iron Hands|ability: Quark Drive\n|-start|p1b: Iron Hands|quarkdriveatk\n|turn|8\n|\n|t:|1746065182\n|move|p1b: Iron Hands|Fake Out|p2a: Raging Bolt\n|-damage|p2a: Raging Bolt|30/100\n|move|p1a: Miraidon|Dazzling Gleam|p2a: Raging Bolt\n|-supereffective|p2a: Raging Bolt\n|-damage|p2a: Raging Bolt|0 fnt\n|faint|p2a: Raging Bolt\n|-end|p2a: Raging Bolt|Protosynthesis|[silent]\n|\n|win|blackstorm games\n||BrianJensVGC is ready for game 2.\n", "uploadtime": 1746065189, "views": 12, "formatid": "gen9vgc2025regibo3", "rating": null, "private": 0, "password": null}