{"id": "gen9vgc2025regibo3-2355041908", "format": "[Gen 9] VGC 2025 Reg I (Bo3)", "players": ["ChoerryVGC", "perry1"], "log": "|j|\u2606ChoerryVGC\n|j|\u2606perry1\n|html|<table width=\"100%\"><tr><td align=\"left\">ChoerryVGC</td><td align=\"right\">perry1</tr><tr><td align=\"left\"><i class=\"fa fa-circle\"></i> <i class=\"fa fa-circle-o\"></i> </td><td align=\"right\"><i class=\"fa fa-circle-o\"></i> <i class=\"fa fa-circle-o\"></i> </tr></table>\n|uhtml|bestof|<h2><strong>Game 2</strong> of <a href=\"/game-bestof3-gen9vgc2025regibo3-2355039877\">a best-of-3</a></h2>\n|t:|1746145382\n|gametype|doubles\n|player|p1|ChoerryVGC|lacey|1305\n|player|p2|perry1|169|1203\n|teamsize|p1|6\n|teamsize|p2|6\n|gen|9\n|tier|[Gen 9] VGC 2025 Reg I (Bo3)\n|rated|\n|rule|Species Clause: Limit one of each Pok\u00e9mon\n|rule|Item Clause: Limit 1 of each item\n|clearpoke\n|poke|p1|Koraidon, L50|\n|poke|p1|Chi-Yu, L50|\n|poke|p1|Calyrex-Shadow, L50|\n|poke|p1|Weezing-Galar, L50, M|\n|poke|p1|Dondozo, L50, F|\n|poke|p1|Tatsugiri-Droopy, L50, F|\n|poke|p2|Koraidon, L50|\n|poke|p2|Calyrex-Shadow, L50|\n|poke|p2|Entei, L50|\n|poke|p2|Raging Bolt, L50|\n|poke|p2|Indeedee-F, L50, F|\n|poke|p2|Smeargle, L50, M|\n|teampreview|4\n|showteam|p1|Koraidon||AbilityShield|OrichalcumPulse|CollisionCourse,FlareBlitz,FlameCharge,Protect||||||50|,,,,,Fire]Chi-Yu||ChoiceScarf|BeadsofRuin|Overheat,HeatWave,DarkPulse,Snarl||||||50|,,,,,Ghost]Calyrex-Shadow||FocusSash|AsOneSpectrier|AstralBarrage,Disable,Encore,Protect||||||50|,,,,,Ghost]Weezing-Galar||RockyHelmet|NeutralizingGas|DazzlingGleam,ToxicSpikes,PoisonGas,Protect|||M|||50|,,,,,Water]Dondozo||Leftovers|Unaware|OrderUp,BodyPress,Earthquake,Protect|||F|||50|,,,,,Grass]Tatsugiri-Droopy||SafetyGoggles|Commander|MuddyWater,DracoMeteor,Taunt,Protect|||F|||50|,,,,,Fairy\n|showteam|p2|Koraidon||ClearAmulet|OrichalcumPulse|FlareBlitz,CollisionCourse,IronHead,Protect||||||50|,,,,,Fire]Calyrex-Shadow||LifeOrb|AsOneSpectrier|AstralBarrage,ExpandingForce,Substitute,Protect||||||50|,,,,,Fairy]Entei||ChoiceBand|InnerFocus|SacredFire,ExtremeSpeed,Crunch,FlameCharge||||||50|,,,,,Fire]Raging Bolt||AssaultVest|Protosynthesis|Thunderbolt,Thunderclap,Snarl,DragonPulse||||||50|,,,,,Electric]Indeedee-F||RockyHelmet|PsychicSurge|FollowMe,TrickRoom,Imprison,Protect|||F|||50|,,,,,Ground]Smeargle||FocusSash|Technician|Spore,Taunt,WideGuard,SpikyShield|||M|||50|,,,,,Ghost\n|inactive|Battle timer is ON: inactive players will automatically lose when time's up. (requested by ChoerryVGC)\n|\n|t:|1746145398\n|start\n|switch|p1a: Koraidon|Koraidon, L50|100/100\n|switch|p1b: Chi-Yu|Chi-Yu, L50|100/100\n|switch|p2a: Calyrex|Calyrex-Shadow, L50|100/100\n|switch|p2b: Smeargle|Smeargle, L50, M|100/100\n|-ability|p2a: Calyrex|As One\n|-ability|p2a: Calyrex|Unnerve\n|-ability|p1b: Chi-Yu|Beads of Ruin\n|-weather|SunnyDay|[from] ability: Orichalcum Pulse|[of] p1a: Koraidon\n|-activate|p1a: Koraidon|Orichalcum Pulse|[source]\n|turn|1\n|inactive|perry1 has 30 seconds left.\n|\n|t:|1746145432\n|move|p2a: Calyrex|Protect|p2a: Calyrex\n|-singleturn|p2a: Calyrex|Protect\n|move|p2b: Smeargle|Spiky Shield|p2b: Smeargle\n|-singleturn|p2b: Smeargle|move: Protect\n|move|p1b: Chi-Yu|Overheat|p2b: Smeargle\n|-activate|p2b: Smeargle|move: Protect\n|move|p1a: Koraidon|Flame Charge|p2b: Smeargle\n|-activate|p2b: Smeargle|move: Protect\n|-damage|p1a: Koraidon|88/100|[from] Spiky Shield|[of] p2b: Smeargle\n|\n|-weather|SunnyDay|[upkeep]\n|upkeep\n|turn|2\n|\n|t:|1746145455\n|move|p1b: Chi-Yu|Overheat|p2a: Calyrex\n|-damage|p2a: Calyrex|0 fnt\n|-unboost|p1b: Chi-Yu|spa|2\n|faint|p2a: Calyrex\n|move|p1a: Koraidon|Flare Blitz|p2b: Smeargle\n|-enditem|p2b: Smeargle|Focus Sash\n|-damage|p2b: Smeargle|1/100\n|-damage|p1a: Koraidon|58/100|[from] Recoil\n|move|p2b: Smeargle|Spore|p1b: Chi-Yu\n|-status|p1b: Chi-Yu|slp|[from] move: Spore\n|\n|-weather|SunnyDay|[upkeep]\n|upkeep\n|\n|t:|1746145468\n|switch|p2a: Koraidon|Koraidon, L50|100/100\n|-activate|p2a: Koraidon|ability: Orichalcum Pulse\n|turn|3\n|\n|t:|1746145482\n|move|p1a: Koraidon|Protect|p1a: Koraidon\n|-singleturn|p1a: Koraidon|Protect\n|cant|p1b: Chi-Yu|slp\n|move|p2a: Koraidon|Collision Course|p1b: Chi-Yu\n|-supereffective|p1b: Chi-Yu\n|-damage|p1b: Chi-Yu|0 fnt\n|faint|p1b: Chi-Yu\n|move|p2b: Smeargle|Spore|p1a: Koraidon\n|-activate|p1a: Koraidon|move: Protect\n|\n|-weather|SunnyDay|[upkeep]\n|upkeep\n|\n|t:|1746145485\n|switch|p1b: Dondozo|Dondozo, L50, F|100/100\n|turn|4\n|\n|t:|1746145508\n|switch|p1a: Tatsugiri|Tatsugiri-Droopy, L50, F|100/100\n|-activate|p1a: Tatsugiri|ability: Commander|[of] p1b: Dondozo\n|-boost|p1b: Dondozo|atk|2\n|-boost|p1b: Dondozo|spa|2\n|-boost|p1b: Dondozo|spe|2\n|-boost|p1b: Dondozo|def|2\n|-boost|p1b: Dondozo|spd|2\n|move|p2b: Smeargle|Spiky Shield|p2b: Smeargle\n|-singleturn|p2b: Smeargle|move: Protect\n|move|p2a: Koraidon|Collision Course|p1b: Dondozo\n|-damage|p1b: Dondozo|80/100\n|move|p1b: Dondozo|Order Up|p2b: Smeargle\n|-activate|p2b: Smeargle|move: Protect\n|\n|-weather|SunnyDay|[upkeep]\n|-heal|p1b: Dondozo|86/100|[from] item: Leftovers\n|upkeep\n|turn|5\n|\n|t:|1746145528\n|switch|p2a: Raging Bolt|Raging Bolt, L50|100/100\n|-activate|p2a: Raging Bolt|ability: Protosynthesis\n|-start|p2a: Raging Bolt|protosynthesisspa\n|move|p1b: Dondozo|Order Up|p2b: Smeargle\n|-damage|p2b: Smeargle|0 fnt\n|faint|p2b: Smeargle\n|-boost|p1b: Dondozo|def|1\n|\n|-weather|none\n|-end|p2a: Raging Bolt|Protosynthesis\n|-heal|p1b: Dondozo|93/100|[from] item: Leftovers\n|upkeep\n|\n|t:|1746145538\n|switch|p2b: Koraidon|Koraidon, L50|100/100\n|-weather|SunnyDay|[from] ability: Orichalcum Pulse|[of] p2b: Koraidon\n|-activate|p2a: Raging Bolt|ability: Protosynthesis\n|-start|p2a: Raging Bolt|protosynthesisspa\n|-activate|p2b: Koraidon|Orichalcum Pulse|[source]\n|turn|6\n|\n|t:|1746145549\n|move|p1b: Dondozo|Protect|p1b: Dondozo\n|-singleturn|p1b: Dondozo|Protect\n|move|p2b: Koraidon|Collision Course|p1b: Dondozo\n|-activate|p1b: Dondozo|move: Protect\n|move|p2a: Raging Bolt|Thunderbolt|p1b: Dondozo\n|-activate|p1b: Dondozo|move: Protect\n|\n|-weather|SunnyDay|[upkeep]\n|-heal|p1b: Dondozo|99/100|[from] item: Leftovers\n|upkeep\n|turn|7\n|\n|t:|1746145573\n|-terastallize|p1b: Dondozo|Grass\n|-terastallize|p2a: Raging Bolt|Electric\n|move|p2b: Koraidon|Collision Course|p1b: Dondozo\n|-damage|p1b: Dondozo|81/100\n|move|p1b: Dondozo|Order Up|p2b: Koraidon\n|-supereffective|p2b: Koraidon\n|-damage|p2b: Koraidon|40/100\n|-boost|p1b: Dondozo|def|1\n|move|p2a: Raging Bolt|Thunderbolt|p1b: Dondozo\n|-resisted|p1b: Dondozo\n|-damage|p1b: Dondozo|62/100\n|\n|-weather|SunnyDay|[upkeep]\n|-heal|p1b: Dondozo|68/100|[from] item: Leftovers\n|upkeep\n|turn|8\n|\n|t:|1746145590\n|move|p1b: Dondozo|Protect|p1b: Dondozo\n|-singleturn|p1b: Dondozo|Protect\n|move|p2b: Koraidon|Flare Blitz|p1b: Dondozo\n|-activate|p1b: Dondozo|move: Protect\n|move|p2a: Raging Bolt|Dragon Pulse|p1b: Dondozo\n|-activate|p1b: Dondozo|move: Protect\n|\n|-weather|SunnyDay|[upkeep]\n|-heal|p1b: Dondozo|74/100|[from] item: Leftovers\n|upkeep\n|turn|9\n|\n|t:|1746145604\n|move|p2b: Koraidon|Flare Blitz|p1b: Dondozo\n|-supereffective|p1b: Dondozo\n|-damage|p1b: Dondozo|38/100\n|-damage|p2b: Koraidon|26/100|[from] Recoil\n|move|p1b: Dondozo|Earthquake|p2a: Raging Bolt|[spread] p2a,p2b\n|-miss|p1b: Dondozo|p1a: Tatsugiri\n|-supereffective|p2a: Raging Bolt\n|-crit|p2b: Koraidon\n|-damage|p2a: Raging Bolt|51/100\n|-damage|p2b: Koraidon|0 fnt\n|faint|p2b: Koraidon\n|move|p2a: Raging Bolt|Dragon Pulse|p1b: Dondozo\n|-damage|p1b: Dondozo|10/100\n|\n|-weather|SunnyDay|[upkeep]\n|-heal|p1b: Dondozo|16/100|[from] item: Leftovers\n|upkeep\n|turn|10\n|-message|perry1 forfeited.\n|\n|win|ChoerryVGC\n|raw|ChoerryVGC's rating: 1305 &rarr; <strong>1319</strong><br />(+14 for winning)\n|raw|perry1's rating: 1203 &rarr; <strong>1185</strong><br />(-18 for losing)\n|l|\u2606perry1\n|player|p2|\n", "uploadtime": 1746145612, "views": 19, "formatid": "gen9vgc2025regibo3", "rating": 1185, "private": 0, "password": null}