{"id": "gen9vgc2025regibo3-2354191844", "format": "[Gen 9] VGC 2025 Reg I (Bo3)", "players": ["BelinVGC", "Jasondddd"], "log": "|j|\u2606BelinVGC\n|j|\u2606Jasondddd\n|html|<table width=\"100%\"><tr><td align=\"left\">BelinVGC</td><td align=\"right\">Jasondddd</tr><tr><td align=\"left\"><i class=\"fa fa-circle-o\"></i> <i class=\"fa fa-circle-o\"></i> </td><td align=\"right\"><i class=\"fa fa-circle-o\"></i> <i class=\"fa fa-circle-o\"></i> </tr></table>\n|uhtml|bestof|<h2><strong>Game 1</strong> of <a href=\"/game-bestof3-gen9vgc2025regibo3-2354191840\">a best-of-3</a></h2>\n|t:|1746043144\n|gametype|doubles\n|player|p1|BelinVGC|2|1337\n|player|p2|Jasondddd|170|1381\n|teamsize|p1|6\n|teamsize|p2|6\n|gen|9\n|tier|[Gen 9] VGC 2025 Reg I (Bo3)\n|rated|\n|rule|Species Clause: Limit one of each Pok\u00e9mon\n|rule|Item Clause: Limit 1 of each item\n|clearpoke\n|poke|p1|Kyogre, L50|\n|poke|p1|Zamazenta-*, L50|\n|poke|p1|Amoonguss, L50, M|\n|poke|p1|Chien-Pao, L50|\n|poke|p1|Urshifu-*, L50, M|\n|poke|p1|Roaring Moon, L50|\n|poke|p2|Zamazenta-*, L50|\n|poke|p2|Moltres, L50|\n|poke|p2|Calyrex-Shadow, L50|\n|poke|p2|Ogerpon-Cornerstone, L50, F|\n|poke|p2|Grimmsnarl, L50, M|\n|poke|p2|Rillaboom, L50, M|\n|teampreview|4\n|showteam|p1|Kyogre||MysticWater|Drizzle|WaterSpout,HydroPump,IceBeam,Protect||||||50|,,,,,Grass]Zamazenta-Crowned||RustedShield|DauntlessShield|behemothbash,BodyPress,WideGuard,Protect||||||50|,,,,,Grass]Amoonguss||RockyHelmet|Regenerator|RagePowder,Spore,SludgeBomb,Protect|||M|||50|,,,,,Fairy]Chien-Pao||FocusSash|SwordofRuin|IceSpinner,SuckerPunch,ThroatChop,Protect||||||50|,,,,,Ghost]Urshifu-Rapid-Strike||ChoiceScarf|UnseenFist|SurgingStrikes,CloseCombat,Uturn,Coaching|||M|||50|,,,,,Ghost]Roaring Moon||BoosterEnergy|Protosynthesis|KnockOff,Acrobatics,Tailwind,Protect||||||50|,,,,,Flying\n|showteam|p2|Zamazenta-Crowned||RustedShield|DauntlessShield|Protect,WideGuard,BodyPress,behemothbash||||||50|,,,,,Dragon]Moltres||CovertCloak|FlameBody|Protect,HeatWave,AirSlash,Tailwind||||||50|,,,,,Grass]Calyrex-Shadow||Leftovers|AsOneSpectrier|Protect,GigaDrain,AstralBarrage,CalmMind||||||50|,,,,,Grass]Ogerpon-Cornerstone||CornerstoneMask|Sturdy|SpikyShield,IvyCudgel,HornLeech,FollowMe|||F|||50|,,,,,Rock]Grimmsnarl||LightClay|Prankster|ThunderWave,LightScreen,Reflect,SpiritBreak|||M|||50|,,,,,Water]Rillaboom||AssaultVest|GrassySurge|FakeOut,Uturn,GrassyGlide,WoodHammer|||M|||50|,,,,,Fire\n|inactive|Battle timer is ON: inactive players will automatically lose when time's up. (requested by Jasondddd)\n|\n|t:|1746043224\n|start\n|switch|p1a: IlDoggo|Zamazenta-Crowned, L50|100/100\n|switch|p1b: Ilgattopardo|Chien-Pao, L50|100/100\n|switch|p2a: Zamazenta|Zamazenta-Crowned, L50|100/100\n|switch|p2b: Rillaboom|Rillaboom, L50, M|100/100\n|-ability|p1b: Ilgattopardo|Sword of Ruin\n|-ability|p1a: IlDoggo|Dauntless Shield|boost\n|-boost|p1a: IlDoggo|def|1\n|-ability|p2a: Zamazenta|Dauntless Shield|boost\n|-boost|p2a: Zamazenta|def|1\n|-fieldstart|move: Grassy Terrain|[from] ability: Grassy Surge|[of] p2b: Rillaboom\n|turn|1\n|inactive|Jasondddd has 30 seconds left.\n|\n|t:|1746043252\n|-terastallize|p1a: IlDoggo|Grass\n|move|p2b: Rillaboom|Fake Out|p1a: IlDoggo\n|-damage|p1a: IlDoggo|93/100\n|move|p1b: Ilgattopardo|Ice Spinner|p2b: Rillaboom\n|-supereffective|p2b: Rillaboom\n|-damage|p2b: Rillaboom|1/100\n|-fieldend|move: Grassy Terrain\n|move|p2a: Zamazenta|Behemoth Bash|p1b: Ilgattopardo\n|-supereffective|p1b: Ilgattopardo\n|-enditem|p1b: Ilgattopardo|Focus Sash\n|-damage|p1b: Ilgattopardo|1/100\n|cant|p1a: IlDoggo|flinch\n|\n|upkeep\n|turn|2\n|inactive|Jasondddd has 30 seconds left.\n|\n|t:|1746043283\n|switch|p2b: Ogerpon|Ogerpon-Cornerstone, L50, F|100/100\n|move|p1b: Ilgattopardo|Protect|p1b: Ilgattopardo\n|-singleturn|p1b: Ilgattopardo|Protect\n|move|p1a: IlDoggo|Body Press|p2a: Zamazenta\n|-supereffective|p2a: Zamazenta\n|-damage|p2a: Zamazenta|31/100\n|move|p2a: Zamazenta|Body Press|p1b: Ilgattopardo\n|-activate|p1b: Ilgattopardo|move: Protect\n|\n|upkeep\n|turn|3\n|inactive|BelinVGC has 30 seconds left.\n|\n|t:|1746043313\n|move|p2b: Ogerpon|Spiky Shield|p2b: Ogerpon\n|-singleturn|p2b: Ogerpon|move: Protect\n|move|p1b: Ilgattopardo|Sucker Punch||[still]\n|-fail|p1b: Ilgattopardo\n|move|p2a: Zamazenta|Body Press|p1b: Ilgattopardo\n|-supereffective|p1b: Ilgattopardo\n|-damage|p1b: Ilgattopardo|0 fnt\n|faint|p1b: Ilgattopardo\n|move|p1a: IlDoggo|Body Press|p2a: Zamazenta\n|-supereffective|p2a: Zamazenta\n|-damage|p2a: Zamazenta|0 fnt\n|faint|p2a: Zamazenta\n|\n|upkeep\n|\n|t:|1746043327\n|switch|p1b: Storm|Roaring Moon, L50|100/100\n|switch|p2a: Calyrex|Calyrex-Shadow, L50|100/100\n|-ability|p2a: Calyrex|As One\n|-ability|p2a: Calyrex|Unnerve\n|-enditem|p1b: Storm|Booster Energy\n|-activate|p1b: Storm|ability: Protosynthesis|[fromitem]\n|-start|p1b: Storm|protosynthesisspe\n|turn|4\n|inactive|BelinVGC has 30 seconds left.\n|inactive|Jasondddd has 30 seconds left.\n|inactive|BelinVGC has 20 seconds left.\n|\n|t:|1746043366\n|move|p1b: Storm|Tailwind|p1b: Storm\n|-sidestart|p1: BelinVGC|move: Tailwind\n|move|p1a: IlDoggo|Behemoth Bash|p2a: Calyrex\n|-damage|p2a: Calyrex|56/100\n|move|p2a: Calyrex|Astral Barrage|p1a: IlDoggo|[spread] p1a,p1b\n|-resisted|p1b: Storm\n|-damage|p1a: IlDoggo|51/100\n|-damage|p1b: Storm|78/100\n|move|p2b: Ogerpon|Ivy Cudgel|p1b: Storm|[anim] Ivy Cudgel Rock\n|-damage|p1b: Storm|9/100\n|\n|-heal|p2a: Calyrex|62/100|[from] item: Leftovers\n|upkeep\n|turn|5\n|inactive|BelinVGC has 30 seconds left.\n|inactive|BelinVGC has 20 seconds left.\n|inactive|BelinVGC has 15 seconds left.\n|\n|t:|1746043414\n|move|p2b: Ogerpon|Follow Me|p2b: Ogerpon\n|-singleturn|p2b: Ogerpon|move: Follow Me\n|move|p1b: Storm|Acrobatics|p2b: Ogerpon\n|-damage|p2b: Ogerpon|51/100\n|move|p1a: IlDoggo|Behemoth Bash|p2b: Ogerpon\n|-supereffective|p2b: Ogerpon\n|-crit|p2b: Ogerpon\n|-damage|p2b: Ogerpon|0 fnt\n|faint|p2b: Ogerpon\n|move|p2a: Calyrex|Astral Barrage|p1a: IlDoggo|[spread] p1a,p1b\n|-resisted|p1b: Storm\n|-damage|p1a: IlDoggo|12/100\n|-damage|p1b: Storm|0 fnt\n|faint|p1b: Storm\n|-end|p1b: Storm|Protosynthesis|[silent]\n|-ability|p2a: Calyrex|Grim Neigh|boost\n|-boost|p2a: Calyrex|spa|1\n|\n|-heal|p2a: Calyrex|68/100|[from] item: Leftovers\n|upkeep\n|\n|t:|1746043433\n|switch|p1b: BigFish|Kyogre, L50|100/100\n|switch|p2b: Rillaboom|Rillaboom, L50, M|1/100\n|-weather|RainDance|[from] ability: Drizzle|[of] p1b: BigFish\n|-fieldstart|move: Grassy Terrain|[from] ability: Grassy Surge|[of] p2b: Rillaboom\n|turn|6\n|inactive|BelinVGC has 30 seconds left.\n|\n|t:|1746043468\n|-terastallize|p2a: Calyrex|Grass\n|move|p1a: IlDoggo|Wide Guard|p1a: IlDoggo\n|-singleturn|p1a: IlDoggo|Wide Guard\n|move|p2b: Rillaboom|Fake Out|p1a: IlDoggo\n|-damage|p1a: IlDoggo|7/100\n|move|p1b: BigFish|Water Spout|p2a: Calyrex|[spread] p2a,p2b\n|-resisted|p2a: Calyrex\n|-resisted|p2b: Rillaboom\n|-damage|p2a: Calyrex|9/100\n|-damage|p2b: Rillaboom|0 fnt\n|faint|p2b: Rillaboom\n|move|p2a: Calyrex|Giga Drain|p1b: BigFish\n|-supereffective|p1b: BigFish\n|-damage|p1b: BigFish|0 fnt\n|-heal|p2a: Calyrex|61/100|[from] drain|[of] p1b: BigFish\n|faint|p1b: BigFish\n|-ability|p2a: Calyrex|Grim Neigh|boost\n|-boost|p2a: Calyrex|spa|1\n|\n|-weather|RainDance|[upkeep]\n|-heal|p1a: IlDoggo|13/100|[from] Grassy Terrain\n|-heal|p2a: Calyrex|67/100|[from] Grassy Terrain\n|-heal|p2a: Calyrex|73/100|[from] item: Leftovers\n|upkeep\n|turn|7\n|\n|t:|1746043492\n|move|p2a: Calyrex|Protect|p2a: Calyrex\n|-singleturn|p2a: Calyrex|Protect\n|move|p1a: IlDoggo|Body Press|p2a: Calyrex\n|-activate|p2a: Calyrex|move: Protect\n|\n|-weather|RainDance|[upkeep]\n|-heal|p1a: IlDoggo|19/100|[from] Grassy Terrain\n|-heal|p2a: Calyrex|79/100|[from] Grassy Terrain\n|-heal|p2a: Calyrex|85/100|[from] item: Leftovers\n|-sideend|p1: BelinVGC|move: Tailwind\n|upkeep\n|turn|8\n|\n|t:|1746043504\n|move|p2a: Calyrex|Giga Drain|p1a: IlDoggo\n|-resisted|p1a: IlDoggo\n|-damage|p1a: IlDoggo|0 fnt\n|-heal|p2a: Calyrex|95/100|[from] drain|[of] p1a: IlDoggo\n|faint|p1a: IlDoggo\n|\n|win|Jasondddd\n||BelinVGC is ready for game 2.\n|inactive|Jasondddd has 30 seconds to confirm battle start!\n|inactive|Jasondddd has 20 seconds to confirm battle start!\n||Jasondddd is ready for game 2.\n|uhtml|next|Next: <a href=\"/battle-gen9vgc2025regibo3-2354195742\"><strong>Game 2 of 3</strong></a>\n|l|\u2606BelinVGC\n|player|p1|\n|l|\u2606Jasondddd\n|player|p2|\n", "uploadtime": 1746043511, "views": 6, "formatid": "gen9vgc2025regibo3", "rating": null, "private": 0, "password": null}