{"id": "gen9vgc2025regibo3-2354125732", "format": "[Gen 9] VGC 2025 Reg I (Bo3)", "players": ["eb27k", "tdotstay2tact"], "log": "|j|\u2606eb27k\n|j|\u2606tdotstay2tact\n|html|<table width=\"100%\"><tr><td align=\"left\">eb27k</td><td align=\"right\">tdotstay2tact</tr><tr><td align=\"left\"><i class=\"fa fa-circle-o\"></i> <i class=\"fa fa-circle-o\"></i> </td><td align=\"right\"><i class=\"fa fa-circle-o\"></i> <i class=\"fa fa-circle-o\"></i> </tr></table>\n|uhtml|bestof|<h2><strong>Game 1</strong> of <a href=\"/game-bestof3-gen9vgc2025regibo3-2354125731\">a best-of-3</a></h2>\n|t:|1746037051\n|gametype|doubles\n|player|p1|eb27k|biker-gen4|\n|player|p2|tdotstay2tact|170|\n|teamsize|p1|6\n|teamsize|p2|6\n|gen|9\n|tier|[Gen 9] VGC 2025 Reg I (Bo3)\n|rule|Species Clause: Limit one of each Pok\u00e9mon\n|rule|Item Clause: Limit 1 of each item\n|clearpoke\n|poke|p1|Iron Thorns, L50|\n|poke|p1|Cacturne, L50, M|\n|poke|p1|Gholdengo, L50|\n|poke|p1|Pincurchin, L50, M|\n|poke|p1|Archaludon, L50, M|\n|poke|p1|Sneasler, L50, M|\n|poke|p2|Zamazenta-*, L50|\n|poke|p2|Sinistcha, L50|\n|poke|p2|Incineroar, L50, M|\n|poke|p2|Chien-Pao, L50|\n|poke|p2|Urshifu-*, L50, F|\n|poke|p2|Terapagos, L50, M|\n|teampreview|4\n|showteam|p1|Iron Thorns||LoadedDice|QuarkDrive|WildCharge,RockBlast,PinMissile,DragonDance||||||50|,,,,,Bug]Cacturne||CovertCloak|WaterAbsorb|ToxicSpikes,SpikyShield,KnockOff,Trailblaze|||M|||50|,,,,,Fire]Gholdengo||SalacBerry|GoodasGold|MakeItRain,ShadowBall,Recover,NastyPlot||||||50|,,,,,Flying]Pincurchin||TerrainExtender|ElectricSurge|Electroweb,Spikes,RainDance,ThunderWave|||M|||50|,,,,,Flying]Archaludon||AssaultVest|Stamina|ElectroShot,DracoMeteor,AuraSphere,FlashCannon|||M|||50|,,,,,Electric]Sneasler||ElectricSeed|Unburden|FakeOut,DireClaw,Coaching,CloseCombat|||M|||50|,,,,,Ghost\n|showteam|p2|Zamazenta-Crowned||RustedShield|DauntlessShield|behemothbash,BodyPress,WideGuard,Protect||||||50|,,,,,Dragon]Sinistcha||RockyHelmet|Hospitality|RagePowder,MatchaGotcha,LifeDew,ShadowBall||||||50|,,,,,Fairy]Incineroar||SitrusBerry|Intimidate|FakeOut,Taunt,KnockOff,FlareBlitz|||M|||50|,,,,,Ghost]Chien-Pao||AssaultVest|SwordofRuin|IceSpinner,IcyWind,SacredSword,SuckerPunch||||||50|,,,,,Dark]Urshifu-Rapid-Strike||MysticWater|UnseenFist|AquaJet,SurgingStrikes,CloseCombat,Detect|||F|||50|,,,,,Water]Terapagos||ChoiceSpecs|TeraShift|TeraStarstorm,EarthPower,IceBeam,AuraSphere|||M|||50|,,,,,Stellar\n|\n|t:|1746037062\n|start\n|switch|p1a: Pincurchin|Pincurchin, L50, M, shiny|100/100\n|switch|p1b: Sneasler|Sneasler, L50, M|100/100\n|switch|p2a: Terapagos|Terapagos, L50, M|100/100\n|switch|p2b: Chien-Pao|Chien-Pao, L50|100/100\n|-activate|p2a: Terapagos|ability: Tera Shift\n|detailschange|p2a: Terapagos|Terapagos-Terastal, L50, M\n|-heal|p2a: Terapagos|100/100|[silent]\n|-ability|p2b: Chien-Pao|Sword of Ruin\n|-fieldstart|move: Electric Terrain|[from] ability: Electric Surge|[of] p1a: Pincurchin\n|-enditem|p1b: Sneasler|Electric Seed\n|-boost|p1b: Sneasler|def|1|[from] item: Electric Seed\n|turn|1\n|\n|t:|1746037085\n|switch|p2b: Incineroar|Incineroar, L50, M|100/100\n|-ability|p2b: Incineroar|Intimidate|boost\n|-unboost|p1a: Pincurchin|atk|1\n|-unboost|p1b: Sneasler|atk|1\n|-terastallize|p2a: Terapagos|Stellar\n|detailschange|p2a: Terapagos|Terapagos-Stellar, L50, M, tera:Stellar\n|-heal|p2a: Terapagos|100/100|[silent]\n|-ability|p2a: Terapagos|Teraform Zero\n|-fieldend|move: Electric Terrain\n|move|p1b: Sneasler|Fake Out|p2a: Terapagos\n|-damage|p2a: Terapagos|94/100\n|cant|p2a: Terapagos|flinch\n|move|p1a: Pincurchin|Thunder Wave|p2a: Terapagos\n|-status|p2a: Terapagos|par\n|\n|upkeep\n|turn|2\n|inactive|Battle timer is ON: inactive players will automatically lose when time's up. (requested by tdotstay2tact)\n|\n|t:|1746037108\n|switch|p1b: Iron Thorns|Iron Thorns, L50, shiny|100/100\n|move|p2b: Incineroar|Fake Out|p1a: Pincurchin\n|-damage|p1a: Pincurchin|88/100\n|cant|p2a: Terapagos|par\n|cant|p1a: Pincurchin|flinch\n|\n|upkeep\n|turn|3\n|\n|t:|1746037128\n|switch|p2b: Zamazenta|Zamazenta-Crowned, L50|100/100\n|-ability|p2b: Zamazenta|Dauntless Shield|boost\n|-boost|p2b: Zamazenta|def|1\n|move|p1b: Iron Thorns|Rock Blast|p2b: Zamazenta\n|-resisted|p2b: Zamazenta\n|-damage|p2b: Zamazenta|99/100\n|-resisted|p2b: Zamazenta\n|-damage|p2b: Zamazenta|97/100\n|-resisted|p2b: Zamazenta\n|-damage|p2b: Zamazenta|96/100\n|-resisted|p2b: Zamazenta\n|-damage|p2b: Zamazenta|94/100\n|-hitcount|p2b: Zamazenta|4\n|move|p2a: Terapagos|Tera Starstorm|p1b: Iron Thorns|[spread] p1a,p1b\n|-damage|p1a: Pincurchin|3/100\n|-damage|p1b: Iron Thorns|28/100\n|move|p1a: Pincurchin|Electroweb|p2b: Zamazenta|[spread] p2a,p2b\n|-damage|p2a: Terapagos|86/100 par\n|-damage|p2b: Zamazenta|84/100\n|-unboost|p2a: Terapagos|spe|1\n|-unboost|p2b: Zamazenta|spe|1\n|\n|upkeep\n|turn|4\n|\n|t:|1746037143\n|move|p2b: Zamazenta|Wide Guard|p2b: Zamazenta\n|-singleturn|p2b: Zamazenta|Wide Guard\n|move|p1b: Iron Thorns|Pin Missile|p2a: Terapagos\n|-damage|p2a: Terapagos|79/100 par\n|-damage|p2a: Terapagos|73/100 par\n|-damage|p2a: Terapagos|65/100 par\n|-damage|p2a: Terapagos|58/100 par\n|-hitcount|p2a: Terapagos|4\n|move|p2a: Terapagos|Tera Starstorm|p1b: Iron Thorns|[spread] p1a,p1b\n|-damage|p1a: Pincurchin|0 fnt\n|-damage|p1b: Iron Thorns|0 fnt\n|faint|p1a: Pincurchin\n|faint|p1b: Iron Thorns\n|-end|p1b: Iron Thorns|Quark Drive|[silent]\n|\n|upkeep\n|\n|t:|1746037154\n|switch|p1b: Archaludon|Archaludon, L50, M|100/100\n|switch|p1a: Sneasler|Sneasler, L50, M|100/100\n|turn|5\n|\n|t:|1746037169\n|move|p1a: Sneasler|Fake Out|p2b: Zamazenta\n|-resisted|p2b: Zamazenta\n|-damage|p2b: Zamazenta|81/100\n|cant|p2b: Zamazenta|flinch\n|move|p1b: Archaludon|Aura Sphere|p2b: Zamazenta\n|-supereffective|p2b: Zamazenta\n|-damage|p2b: Zamazenta|36/100\n|move|p2a: Terapagos|Tera Starstorm|p1b: Archaludon|[spread] p1a,p1b\n|-damage|p1a: Sneasler|24/100\n|-damage|p1b: Archaludon|37/100\n|-ability|p1b: Archaludon|Stamina|boost\n|-boost|p1b: Archaludon|def|1\n|\n|upkeep\n|turn|6\n|inactive|eb27k has 30 seconds left.\n|inactive|eb27k has 20 seconds left.\n|\n|t:|1746037205\n|move|p1a: Sneasler|Dire Claw|p2a: Terapagos\n|-damage|p2a: Terapagos|28/100 par\n|move|p2b: Zamazenta|Body Press|p1b: Archaludon\n|-supereffective|p1b: Archaludon\n|-damage|p1b: Archaludon|0 fnt\n|faint|p1b: Archaludon\n|move|p2a: Terapagos|Tera Starstorm|p1a: Sneasler\n|-damage|p1a: Sneasler|0 fnt\n|faint|p1a: Sneasler\n|\n|win|tdotstay2tact\n||eb27k is ready for game 2.\n|inactive|tdotstay2tact has 30 seconds to confirm battle start!\n||tdotstay2tact is ready for game 2.\n|uhtml|next|Next: <a href=\"/battle-gen9vgc2025regibo3-2354127697\"><strong>Game 2 of 3</strong></a>\n|l|\u2606tdotstay2tact\n|player|p2|\n|l|\u2606eb27k\n|player|p1|\n", "uploadtime": 1746037570, "views": 6, "formatid": "gen9vgc2025regibo3", "rating": null, "private": 0, "password": null}