{"id": "gen9vgc2025regibo3-2354225060", "format": "[Gen 9] VGC 2025 Reg I (Bo3)", "players": ["FloH314", "getsigilyph"], "log": "|j|\u2606FloH314\n|j|\u2606getsigilyph\n|html|<table width=\"100%\"><tr><td align=\"left\">FloH314</td><td align=\"right\">getsigilyph</tr><tr><td align=\"left\"><i class=\"fa fa-circle-o\"></i> <i class=\"fa fa-circle-o\"></i> </td><td align=\"right\"><i class=\"fa fa-circle-o\"></i> <i class=\"fa fa-circle-o\"></i> </tr></table>\n|uhtml|bestof|<h2><strong>Game 1</strong> of <a href=\"/game-bestof3-gen9vgc2025regibo3-2354225059\">a best-of-3</a></h2>\n|t:|1746046488\n|gametype|doubles\n|player|p1|FloH314|102|1120\n|player|p2|getsigilyph|maid|1042\n|teamsize|p1|6\n|teamsize|p2|6\n|gen|9\n|tier|[Gen 9] VGC 2025 Reg I (Bo3)\n|rated|\n|rule|Species Clause: Limit one of each Pok\u00e9mon\n|rule|Item Clause: Limit 1 of each item\n|clearpoke\n|poke|p1|Excadrill, L50, F|\n|poke|p1|Necrozma-Dawn-Wings, L50|\n|poke|p1|Tyranitar, L50, M|\n|poke|p1|Indeedee-F, L50, F|\n|poke|p1|Cresselia, L50, F|\n|poke|p1|Calyrex-Ice, L50|\n|poke|p2|Groudon, L50|\n|poke|p2|Incineroar, L50, F|\n|poke|p2|Jumpluff, L50, M|\n|poke|p2|Raging Bolt, L50|\n|poke|p2|Lunala, L50|\n|poke|p2|Ogerpon-Hearthflame, L50, F|\n|teampreview|4\n|showteam|p1|Excadrill||AssaultVest|SandForce|IronHead,HighHorsepower,Earthquake,RockSlide|||F|||50|,,,,,Water]Necrozma-Dawn-Wings||PsychicSeed|PrismArmor|TrickRoom,PowerGem,ExpandingForce,MoongeistBeam||||||50|,,,,,Rock]Tyranitar||IronBall|SandStream|Fling,Protect,RockSlide,KnockOff|||M|||50|,,,,,Dark]Indeedee-F||SafetyGoggles|PsychicSurge|HelpingHand,TrickRoom,FollowMe,DazzlingGleam|||F|||50|,,,,,Fairy]Cresselia||MentalHerb|Levitate|TrickRoom,HelpingHand,LunarBlessing,Moonblast|||F|||50|,,,,,Dark]Calyrex-Ice||ClearAmulet|AsOneGlastrier|Protect,GlacialLance,HighHorsepower,TrickRoom||||||50|,,,,,Water\n|showteam|p2|Groudon||ClearAmulet|Drought|PrecipiceBlades,SwordsDance,Protect,HeatCrash||||||50|,,,,,Fire]Incineroar||RockyHelmet|Intimidate|FakeOut,KnockOff,FlareBlitz,PartingShot|||F|||50|,,,,,Bug]Jumpluff||CovertCloak|Chlorophyll|Tailwind,Encore,SleepPowder,RagePowder|||M|||50|,,,,,Dark]Raging Bolt||AssaultVest|Protosynthesis|Thunderclap,DracoMeteor,Electroweb,Thunderbolt||||||50|,,,,,Fairy]Lunala||Leftovers|ShadowShield|MoongeistBeam,Moonblast,CalmMind,Protect||||||50|,,,,,Fairy]Ogerpon-Hearthflame||HearthflameMask|MoldBreaker|IvyCudgel,SpikyShield,FollowMe,HornLeech|||F|||50|,,,,,Fire\n|\n|t:|1746046523\n|start\n|switch|p1a: Necrozma|Necrozma-Dawn-Wings, L50|100/100\n|switch|p1b: Indeedee|Indeedee-F, L50, F|100/100\n|switch|p2a: Jumpluff|Jumpluff, L50, M, shiny|100/100\n|switch|p2b: Lunala|Lunala, L50|100/100\n|-fieldstart|move: Psychic Terrain|[from] ability: Psychic Surge|[of] p1b: Indeedee\n|-enditem|p1a: Necrozma|Psychic Seed\n|-boost|p1a: Necrozma|spd|1|[from] item: Psychic Seed\n|turn|1\n|\n|t:|1746046555\n|-terastallize|p1a: Necrozma|Rock\n|move|p2a: Jumpluff|Sleep Powder|p1a: Necrozma\n|-status|p1a: Necrozma|slp|[from] move: Sleep Powder\n|move|p2b: Lunala|Calm Mind|p2b: Lunala\n|-boost|p2b: Lunala|spa|1\n|-boost|p2b: Lunala|spd|1\n|cant|p1a: Necrozma|slp\n|move|p1b: Indeedee|Trick Room|p1b: Indeedee\n|-fieldstart|move: Trick Room|[of] p1b: Indeedee\n|\n|upkeep\n|turn|2\n|\n|t:|1746046575\n|move|p1b: Indeedee|Dazzling Gleam|p2b: Lunala|[spread] p2a,p2b\n|-damage|p2a: Jumpluff|89/100\n|-damage|p2b: Lunala|97/100\n|cant|p1a: Necrozma|slp\n|move|p2b: Lunala|Moonblast|p1a: Necrozma\n|-damage|p1a: Necrozma|75/100 slp\n|move|p2a: Jumpluff|Encore|p1b: Indeedee\n|-start|p1b: Indeedee|Encore\n|\n|-heal|p2b: Lunala|100/100|[from] item: Leftovers\n|upkeep\n|turn|3\n|inactive|Battle timer is ON: inactive players will automatically lose when time's up. (requested by FloH314)\n|\n|t:|1746046603\n|switch|p1b: Tyranitar|Tyranitar, L50, M|100/100\n|-weather|Sandstorm|[from] ability: Sand Stream|[of] p1b: Tyranitar\n|cant|p1a: Necrozma|slp\n|move|p2b: Lunala|Moongeist Beam|p1a: Necrozma\n|-crit|p1a: Necrozma\n|-damage|p1a: Necrozma|18/100 slp\n|move|p2a: Jumpluff|Sleep Powder|p1a: Necrozma\n|-fail|p1a: Necrozma|slp\n|\n|-weather|Sandstorm|[upkeep]\n|-damage|p2b: Lunala|94/100|[from] Sandstorm\n|-damage|p2a: Jumpluff|83/100|[from] Sandstorm\n|-heal|p2b: Lunala|100/100|[from] item: Leftovers\n|upkeep\n|turn|4\n|\n|t:|1746046625\n|switch|p2a: Gillete|Groudon, L50|100/100\n|-weather|SunnyDay|[from] ability: Drought|[of] p2a: Gillete\n|-terastallize|p2b: Lunala|Fairy\n|move|p1b: Tyranitar|Fling|p2b: Lunala\n|-resisted|p2b: Lunala\n|-damage|p2b: Lunala|86/100\n|-enditem|p1b: Tyranitar|Iron Ball|[from] move: Fling\n|-curestatus|p1a: Necrozma|slp|[msg]\n|move|p1a: Necrozma|Power Gem|p2a: Gillete\n|-resisted|p2a: Gillete\n|-damage|p2a: Gillete|79/100\n|move|p2b: Lunala|Moonblast|p1b: Tyranitar\n|-supereffective|p1b: Tyranitar\n|-damage|p1b: Tyranitar|0 fnt\n|faint|p1b: Tyranitar\n|\n|-weather|SunnyDay|[upkeep]\n|-heal|p2b: Lunala|92/100|[from] item: Leftovers\n|upkeep\n|\n|t:|1746046643\n|switch|p1b: Calyrex|Calyrex-Ice, L50|100/100\n|-ability|p1b: Calyrex|As One\n|-ability|p1b: Calyrex|Unnerve\n|turn|5\n|\n|t:|1746046664\n|move|p2b: Lunala|Protect|p2b: Lunala\n|-singleturn|p2b: Lunala|Protect\n|move|p1b: Calyrex|Glacial Lance|p2a: Gillete|[spread] p2a\n|-activate|p2b: Lunala|move: Protect\n|-supereffective|p2a: Gillete\n|-damage|p2a: Gillete|0 fnt\n|faint|p2a: Gillete\n|-ability|p1b: Calyrex|Chilling Neigh|boost\n|-boost|p1b: Calyrex|atk|1\n|move|p1a: Necrozma|Expanding Force|p2b: Lunala\n|-activate|p2b: Lunala|move: Protect\n|\n|-weather|SunnyDay|[upkeep]\n|-heal|p2b: Lunala|98/100|[from] item: Leftovers\n|-fieldend|move: Trick Room\n|-fieldend|move: Psychic Terrain\n|upkeep\n|\n|t:|1746046675\n|switch|p2a: Raging Bolt|Raging Bolt, L50|100/100\n|-activate|p2a: Raging Bolt|ability: Protosynthesis\n|-start|p2a: Raging Bolt|protosynthesisspa\n|turn|6\n|\n|t:|1746046686\n|move|p1b: Calyrex|Protect|p1b: Calyrex\n|-singleturn|p1b: Calyrex|Protect\n|move|p2a: Raging Bolt|Thunderclap||[still]\n|-fail|p2a: Raging Bolt\n|move|p2b: Lunala|Moongeist Beam|p1b: Calyrex\n|-activate|p1b: Calyrex|move: Protect\n|move|p1a: Necrozma|Trick Room|p1a: Necrozma\n|-fieldstart|move: Trick Room|[of] p1a: Necrozma\n|\n|-weather|SunnyDay|[upkeep]\n|-heal|p2b: Lunala|100/100|[from] item: Leftovers\n|upkeep\n|turn|7\n|\n|t:|1746046700\n|move|p2a: Raging Bolt|Thunderclap|p1a: Necrozma\n|-damage|p1a: Necrozma|0 fnt\n|faint|p1a: Necrozma\n|move|p1b: Calyrex|Glacial Lance|p2a: Raging Bolt|[spread] p2a,p2b\n|-supereffective|p2a: Raging Bolt\n|-damage|p2a: Raging Bolt|0 fnt\n|-damage|p2b: Lunala|64/100\n|faint|p2a: Raging Bolt\n|-end|p2a: Raging Bolt|Protosynthesis|[silent]\n|-ability|p1b: Calyrex|Chilling Neigh|boost\n|-boost|p1b: Calyrex|atk|1\n|move|p2b: Lunala|Moongeist Beam|p1b: Calyrex\n|-supereffective|p1b: Calyrex\n|-damage|p1b: Calyrex|0 fnt\n|faint|p1b: Calyrex\n|\n|-weather|SunnyDay|[upkeep]\n|-heal|p2b: Lunala|70/100|[from] item: Leftovers\n|upkeep\n|\n|t:|1746046716\n|switch|p1b: Indeedee|Indeedee-F, L50, F|100/100\n|switch|p2a: Jumpluff|Jumpluff, L50, M, shiny|83/100\n|-fieldstart|move: Psychic Terrain|[from] ability: Psychic Surge|[of] p1b: Indeedee\n|turn|8\n|-message|FloH314 forfeited.\n|\n|win|getsigilyph\n|l|\u2606FloH314\n|player|p1|\n||FloH314 is ready for game 2.\n||getsigilyph is ready for game 2.\n|uhtml|next|Next: <a href=\"/battle-gen9vgc2025regibo3-2354227344\"><strong>Game 2 of 3</strong></a>\n", "uploadtime": 1746047109, "views": 13, "formatid": "gen9vgc2025regibo3", "rating": null, "private": 0, "password": null}