{"id": "gen9vgc2025regibo3-2354555079", "format": "[Gen 9] VGC 2025 Reg I (Bo3)", "players": ["blackkobraVGC", "dixonkr"], "log": "|j|\u2606blackkobraVGC\n|j|\u2606dixonkr\n|html|<table width=\"100%\"><tr><td align=\"left\">blackkobraVGC</td><td align=\"right\">dixonkr</tr><tr><td align=\"left\"><i class=\"fa fa-circle-o\"></i> <i class=\"fa fa-circle-o\"></i> </td><td align=\"right\"><i class=\"fa fa-circle-o\"></i> <i class=\"fa fa-circle-o\"></i> </tr></table>\n|uhtml|bestof|<h2><strong>Game 1</strong> of <a href=\"/game-bestof3-gen9vgc2025regibo3-2354555078\">a best-of-3</a></h2>\n|t:|1746093552\n|gametype|doubles\n|player|p1|blackkobraVGC|alder|1149\n|player|p2|dixonkr|lady|1240\n|teamsize|p1|6\n|teamsize|p2|6\n|gen|9\n|tier|[Gen 9] VGC 2025 Reg I (Bo3)\n|rated|\n|rule|Species Clause: Limit one of each Pok\u00e9mon\n|rule|Item Clause: Limit 1 of each item\n|clearpoke\n|poke|p1|Ho-Oh, L50|\n|poke|p1|Miraidon, L50|\n|poke|p1|Farigiraf, L50, M|\n|poke|p1|Iron Hands, L50|\n|poke|p1|Urshifu-*, L50, M|\n|poke|p1|Iron Treads, L50|\n|poke|p2|Calyrex-Shadow, L50|\n|poke|p2|Smeargle, L50, M|\n|poke|p2|Zamazenta-*, L50|\n|poke|p2|Rillaboom, L50, F|\n|poke|p2|Ogerpon-Hearthflame, L50, F|\n|poke|p2|Incineroar, L50, M|\n|teampreview|4\n|showteam|p1|Ho-Oh||ClearAmulet|Regenerator|BraveBird,SacredFire,Tailwind,Protect||||||50|,,,,,Grass]Miraidon||ChoiceSpecs|HadronEngine|ElectroDrift,VoltSwitch,DazzlingGleam,DracoMeteor||||||50|,,,,,Fairy]Farigiraf||ElectricSeed|ArmorTail|Psychic,FoulPlay,TrickRoom,HelpingHand|||M|||50|,,,,,Water]Iron Hands||AssaultVest|QuarkDrive|FakeOut,DrainPunch,WildCharge,LowKick||||||50|,,,,,Water]Urshifu||FocusSash|UnseenFist|WickedBlow,CloseCombat,SuckerPunch,Protect|||M|||50|,,,,,Dark]Iron Treads||ChoiceBand|QuarkDrive|HighHorsepower,IronHead,RockSlide,Earthquake||||||50|,,,,,Ghost\n|showteam|p2|Calyrex-Shadow||LifeOrb|AsOneSpectrier|AstralBarrage,Psychic,NastyPlot,Protect||||||50|,,,,,Dark]Smeargle||FocusSash|Moody|FollowMe,Spore,WideGuard,SpikyShield|||M|||50|,,,,,Ghost]Zamazenta-Crowned||RustedShield|DauntlessShield|BodyPress,WideGuard,behemothbash,Protect||||||50|,,,,,Fire]Rillaboom||AssaultVest|GrassySurge|WoodHammer,GrassyGlide,FakeOut,Uturn|||F|||50|,,,,,Fire]Ogerpon-Hearthflame||HearthflameMask|MoldBreaker|IvyCudgel,GrassyGlide,FollowMe,SpikyShield|||F|||50|,,,,,Fire]Incineroar||RockyHelmet|Intimidate|KnockOff,PartingShot,FakeOut,HelpingHand|||M|||50|,,,,,Water\n|inactive|Battle timer is ON: inactive players will automatically lose when time's up. (requested by dixonkr)\n|inactive|blackkobraVGC has 60 seconds left.\n|inactive|dixonkr has 60 seconds left.\n|inactive|dixonkr has 30 seconds left.\n|inactive|dixonkr has 20 seconds left.\n|\n|t:|1746093627\n|start\n|switch|p1a: Miraidon|Miraidon, L50|100/100\n|switch|p1b: Farigiraf|Farigiraf, L50, M|100/100\n|switch|p2a: Calyrex|Calyrex-Shadow, L50|100/100\n|switch|p2b: Smeargle|Smeargle, L50, M|100/100\n|-ability|p2a: Calyrex|As One\n|-ability|p2a: Calyrex|Unnerve\n|-fieldstart|move: Electric Terrain|[from] ability: Hadron Engine|[of] p1a: Miraidon\n|-enditem|p1b: Farigiraf|Electric Seed\n|-boost|p1b: Farigiraf|def|1|[from] item: Electric Seed\n|turn|1\n|inactive|blackkobraVGC has 30 seconds left.\n|inactive|dixonkr has 30 seconds left.\n|\n|t:|1746093661\n|move|p2b: Smeargle|Follow Me|p2b: Smeargle\n|-singleturn|p2b: Smeargle|move: Follow Me\n|move|p2a: Calyrex|Nasty Plot|p2a: Calyrex\n|-boost|p2a: Calyrex|spa|2\n|move|p1a: Miraidon|Volt Switch|p2b: Smeargle\n|-enditem|p2b: Smeargle|Focus Sash\n|-damage|p2b: Smeargle|1/100\n|\n|t:|1746093668\n|switch|p1a: Urshifu|Urshifu, L50, M|100/100|[from] Volt Switch\n|move|p1b: Farigiraf|Trick Room|p1b: Farigiraf\n|-fieldstart|move: Trick Room|[of] p1b: Farigiraf\n|\n|-ability|p2b: Smeargle|Moody|boost\n|-boost|p2b: Smeargle|def|2\n|-unboost|p2b: Smeargle|atk|1\n|upkeep\n|turn|2\n|inactive|dixonkr has 30 seconds left.\n|inactive|dixonkr has 20 seconds left.\n|inactive|dixonkr has 15 seconds left.\n|inactive|dixonkr has 10 seconds left.\n|\n|t:|1746093714\n|-terastallize|p2a: Calyrex|Dark\n|move|p1a: Urshifu|Protect|p1a: Urshifu\n|-singleturn|p1a: Urshifu|Protect\n|move|p2b: Smeargle|Follow Me|p2b: Smeargle\n|-singleturn|p2b: Smeargle|move: Follow Me\n|move|p1b: Farigiraf|Foul Play|p2b: Smeargle\n|-damage|p2b: Smeargle|0 fnt\n|faint|p2b: Smeargle\n|move|p2a: Calyrex|Astral Barrage|p1a: Urshifu|[spread] \n|-activate|p1a: Urshifu|move: Protect\n|-immune|p1b: Farigiraf\n|\n|upkeep\n|\n|t:|1746093731\n|switch|p2b: Rillaboom|Rillaboom, L50, F|100/100\n|-fieldstart|move: Grassy Terrain|[from] ability: Grassy Surge|[of] p2b: Rillaboom\n|turn|3\n|inactive|dixonkr has 30 seconds left.\n|\n|t:|1746093765\n|switch|p1b: Miraidon|Miraidon, L50|100/100\n|-fieldstart|move: Electric Terrain|[from] ability: Hadron Engine|[of] p1b: Miraidon\n|move|p2b: Rillaboom|U-turn|p1a: Urshifu\n|-damage|p1a: Urshifu|78/100\n|\n|t:|1746093771\n|switch|p2b: Zamazenta|Zamazenta-Crowned, L50|100/100|[from] U-turn\n|-ability|p2b: Zamazenta|Dauntless Shield|boost\n|-boost|p2b: Zamazenta|def|1\n|move|p1a: Urshifu|Close Combat|p2a: Calyrex\n|-supereffective|p2a: Calyrex\n|-damage|p2a: Calyrex|0 fnt\n|-unboost|p1a: Urshifu|def|1\n|-unboost|p1a: Urshifu|spd|1\n|faint|p2a: Calyrex\n|\n|upkeep\n|\n|t:|1746093782\n|switch|p2a: Rillaboom|Rillaboom, L50, F|100/100\n|-fieldstart|move: Grassy Terrain|[from] ability: Grassy Surge|[of] p2a: Rillaboom\n|turn|4\n|inactive|blackkobraVGC has 30 seconds left.\n|\n|t:|1746093813\n|switch|p1a: Farigiraf|Farigiraf, L50, M|100/100\n|-terastallize|p1b: Miraidon|Fairy\n|move|p2a: Rillaboom|Wood Hammer|p1a: Farigiraf\n|-damage|p1a: Farigiraf|43/100\n|-damage|p2a: Rillaboom|80/100|[from] Recoil\n|move|p2b: Zamazenta|Body Press|p1b: Miraidon\n|-resisted|p1b: Miraidon\n|-damage|p1b: Miraidon|67/100\n|move|p1b: Miraidon|Volt Switch|p2a: Rillaboom\n|-resisted|p2a: Rillaboom\n|-damage|p2a: Rillaboom|62/100\n|\n|t:|1746093823\n|switch|p1b: Ho-Oh|Ho-Oh, L50|100/100|[from] Volt Switch\n|\n|-heal|p1a: Farigiraf|49/100|[from] Grassy Terrain\n|-heal|p2a: Rillaboom|68/100|[from] Grassy Terrain\n|upkeep\n|turn|5\n|inactive|dixonkr has 30 seconds left.\n|\n|t:|1746093851\n|move|p1a: Farigiraf|Foul Play|p2a: Rillaboom\n|-damage|p2a: Rillaboom|41/100\n|move|p2a: Rillaboom|U-turn|p1b: Ho-Oh\n|-resisted|p1b: Ho-Oh\n|-damage|p1b: Ho-Oh|96/100\n|move|p1b: Ho-Oh|Tailwind|p1b: Ho-Oh\n|-sidestart|p1: blackkobraVGC|move: Tailwind\n|move|p2b: Zamazenta|Body Press|p1b: Ho-Oh\n|-resisted|p1b: Ho-Oh\n|-damage|p1b: Ho-Oh|61/100\n|\n|-heal|p2a: Rillaboom|46/100|[from] Grassy Terrain\n|-heal|p1a: Farigiraf|55/100|[from] Grassy Terrain\n|-fieldend|move: Trick Room\n|upkeep\n|turn|6\n|\n|t:|1746093872\n|switch|p1a: Miraidon|Miraidon, L50, tera:Fairy|67/100\n|-fieldstart|move: Electric Terrain|[from] ability: Hadron Engine|[of] p1a: Miraidon\n|move|p1b: Ho-Oh|Brave Bird|p2a: Rillaboom\n|-supereffective|p2a: Rillaboom\n|-damage|p2a: Rillaboom|0 fnt\n|faint|p2a: Rillaboom\n|-damage|p1b: Ho-Oh|47/100|[from] Recoil\n|move|p2b: Zamazenta|Body Press|p1b: Ho-Oh\n|-resisted|p1b: Ho-Oh\n|-damage|p1b: Ho-Oh|14/100\n|\n|upkeep\n|turn|7\n|\n|t:|1746093891\n|move|p1a: Miraidon|Electro Drift|p2b: Zamazenta\n|-damage|p2b: Zamazenta|8/100\n|move|p1b: Ho-Oh|Sacred Fire|p2b: Zamazenta\n|-supereffective|p2b: Zamazenta\n|-damage|p2b: Zamazenta|0 fnt\n|faint|p2b: Zamazenta\n|\n|win|blackkobraVGC\n||blackkobraVGC is ready for game 2.\n||dixonkr is ready for game 2.\n|uhtml|next|Next: <a href=\"/battle-gen9vgc2025regibo3-2354556891\"><strong>Game 2 of 3</strong></a>\n", "uploadtime": 1746094724, "views": 12, "formatid": "gen9vgc2025regibo3", "rating": null, "private": 0, "password": null}