{"id": "gen9vgc2025regibo3-2354016439", "format": "[Gen 9] VGC 2025 Reg I (Bo3)", "players": ["Markingdra", "ChoerryVGC"], "log": "|j|\u2606Markingdra\n|j|\u2606ChoerryVGC\n|html|<table width=\"100%\"><tr><td align=\"left\">Markingdra</td><td align=\"right\">ChoerryVGC</tr><tr><td align=\"left\"><i class=\"fa fa-circle-o\"></i> <i class=\"fa fa-circle-o\"></i> </td><td align=\"right\"><i class=\"fa fa-circle-o\"></i> <i class=\"fa fa-circle-o\"></i> </tr></table>\n|uhtml|bestof|<h2><strong>Game 1</strong> of <a href=\"/game-bestof3-gen9vgc2025regibo3-2354016438\">a best-of-3</a></h2>\n|t:|1746027728\n|gametype|doubles\n|player|p1|Markingdra|1|1156\n|player|p2|ChoerryVGC|lacey|1269\n|teamsize|p1|6\n|teamsize|p2|6\n|gen|9\n|tier|[Gen 9] VGC 2025 Reg I (Bo3)\n|rated|\n|rule|Species Clause: Limit one of each Pok\u00e9mon\n|rule|Item Clause: Limit 1 of each item\n|clearpoke\n|poke|p1|Koraidon, L50|\n|poke|p1|Lunala, L50|\n|poke|p1|Indeedee-F, L50, F|\n|poke|p1|Ursaluna, L50, M|\n|poke|p1|Chi-Yu, L50|\n|poke|p1|Whimsicott, L50, M|\n|poke|p2|Koraidon, L50|\n|poke|p2|Chi-Yu, L50|\n|poke|p2|Calyrex-Shadow, L50|\n|poke|p2|Weezing-Galar, L50, M|\n|poke|p2|Dondozo, L50, F|\n|poke|p2|Tatsugiri-Droopy, L50, F|\n|teampreview|4\n|showteam|p1|Koraidon||LifeOrb|OrichalcumPulse|CloseCombat,FlareBlitz,BreakingSwipe,Protect||||||50|,,,,,Fire]Lunala||PowerHerb|ShadowShield|WideGuard,ExpandingForce,MoongeistBeam,MeteorBeam||||||50|,,,,,Water]Indeedee-F||RockyHelmet|PsychicSurge|FollowMe,HelpingHand,TrickRoom,AlluringVoice|||F|||50|,,,,,Water]Ursaluna||FlameOrb|Guts|Facade,HeadlongRush,RockSlide,Protect|||M|||50|,,,,,Fire]Chi-Yu||ChoiceScarf|BeadsofRuin|HeatWave,Overheat,DarkPulse,Snarl||||||50|,,,,,Fire]Whimsicott||FocusSash|Prankster|SunnyDay,Tailwind,Moonblast,GrassKnot|||M|||50|,,,,,Fairy\n|showteam|p2|Koraidon||AbilityShield|OrichalcumPulse|CollisionCourse,FlareBlitz,FlameCharge,Protect||||||50|,,,,,Fire]Chi-Yu||ChoiceScarf|BeadsofRuin|Overheat,HeatWave,DarkPulse,Snarl||||||50|,,,,,Ghost]Calyrex-Shadow||FocusSash|AsOneSpectrier|AstralBarrage,Disable,Encore,Protect||||||50|,,,,,Ghost]Weezing-Galar||RockyHelmet|NeutralizingGas|DazzlingGleam,ToxicSpikes,PoisonGas,Protect|||M|||50|,,,,,Water]Dondozo||Leftovers|Unaware|OrderUp,BodyPress,Earthquake,Protect|||F|||50|,,,,,Grass]Tatsugiri-Droopy||SafetyGoggles|Commander|MuddyWater,DracoMeteor,Taunt,Protect|||F|||50|,,,,,Fairy\n|inactive|Battle timer is ON: inactive players will automatically lose when time's up. (requested by ChoerryVGC)\n|inactive|ChoerryVGC has 60 seconds left.\n|inactive|ChoerryVGC has 30 seconds left.\n|\n|t:|1746027790\n|start\n|switch|p1a: Chi-Yu|Chi-Yu, L50|100/100\n|switch|p1b: Lunala|Lunala, L50|100/100\n|switch|p2a: Koraidon|Koraidon, L50|100/100\n|switch|p2b: Weezing|Weezing-Galar, L50, M|100/100\n|-ability|p2b: Weezing|Neutralizing Gas\n|-block|p2a: Koraidon|item: Ability Shield\n|-weather|SunnyDay|[from] ability: Orichalcum Pulse|[of] p2a: Koraidon\n|-activate|p2a: Koraidon|Orichalcum Pulse|[source]\n|turn|1\n|inactive|Markingdra has 30 seconds left.\n|inactive|Markingdra has 20 seconds left.\n|\n|t:|1746027829\n|-terastallize|p1a: Chi-Yu|Fire\n|-terastallize|p2a: Koraidon|Fire\n|move|p1a: Chi-Yu|Heat Wave|p2a: Koraidon|[spread] p2a,p2b\n|-resisted|p2a: Koraidon\n|-damage|p2a: Koraidon|59/100\n|-damage|p2b: Weezing|23/100\n|move|p2a: Koraidon|Flare Blitz|p1b: Lunala\n|-damage|p1b: Lunala|0 fnt\n|faint|p1b: Lunala\n|-damage|p2a: Koraidon|18/100|[from] Recoil\n|move|p2b: Weezing|Toxic Spikes|p1a: Chi-Yu\n|-sidestart|p1: Markingdra|move: Toxic Spikes\n|\n|-weather|SunnyDay|[upkeep]\n|upkeep\n|\n|t:|1746027843\n|switch|p1b: Indeedee|Indeedee-F, L50, F|100/100\n|-status|p1b: Indeedee|psn\n|turn|2\n|\n|t:|1746027860\n|move|p2a: Koraidon|Protect|p2a: Koraidon\n|-singleturn|p2a: Koraidon|Protect\n|move|p2b: Weezing|Protect|p2b: Weezing\n|-singleturn|p2b: Weezing|Protect\n|move|p1a: Chi-Yu|Heat Wave|p2a: Koraidon|[spread] \n|-activate|p2a: Koraidon|move: Protect\n|-activate|p2b: Weezing|move: Protect\n|move|p1b: Indeedee|Trick Room|p1b: Indeedee\n|-fieldstart|move: Trick Room|[of] p1b: Indeedee\n|\n|-weather|SunnyDay|[upkeep]\n|-damage|p1b: Indeedee|88/100 psn|[from] psn\n|upkeep\n|turn|3\n|\n|t:|1746027865\n|-end|p2b: Weezing|ability: Neutralizing Gas\n|-fieldstart|move: Psychic Terrain|[from] ability: Psychic Surge|[of] p1b: Indeedee\n|-ability|p1a: Chi-Yu|Beads of Ruin\n|switch|p2b: Dondozo|Dondozo, L50, F|100/100\n|switch|p2a: Tatsugiri|Tatsugiri-Droopy, L50, F|100/100\n|-activate|p2a: Tatsugiri|ability: Commander|[of] p2b: Dondozo\n|-boost|p2b: Dondozo|atk|2\n|-boost|p2b: Dondozo|spa|2\n|-boost|p2b: Dondozo|spe|2\n|-boost|p2b: Dondozo|def|2\n|-boost|p2b: Dondozo|spd|2\n|move|p1b: Indeedee|Alluring Voice|p2a: Tatsugiri|[miss]\n|-miss|p1b: Indeedee|p2a: Tatsugiri\n|move|p1a: Chi-Yu|Heat Wave|p2a: Tatsugiri|[spread] p2b\n|-miss|p1a: Chi-Yu|p2a: Tatsugiri\n|-resisted|p2b: Dondozo\n|-damage|p2b: Dondozo|78/100\n|\n|-weather|SunnyDay|[upkeep]\n|-heal|p2b: Dondozo|84/100|[from] item: Leftovers\n|-damage|p1b: Indeedee|76/100 psn|[from] psn\n|upkeep\n|turn|4\n|\n|t:|1746027871\n|move|p1b: Indeedee|Alluring Voice|p2b: Dondozo\n|-damage|p2b: Dondozo|74/100\n|move|p2b: Dondozo|Earthquake|p1a: Chi-Yu|[spread] p1a,p1b\n|-miss|p2b: Dondozo|p2a: Tatsugiri\n|-supereffective|p1a: Chi-Yu\n|-crit|p1b: Indeedee\n|-damage|p1a: Chi-Yu|0 fnt\n|-damage|p1b: Indeedee|18/100 psn\n|faint|p1a: Chi-Yu\n|\n|-weather|SunnyDay|[upkeep]\n|-heal|p2b: Dondozo|80/100|[from] item: Leftovers\n|-damage|p1b: Indeedee|6/100 psn|[from] psn\n|upkeep\n|\n|t:|1746027876\n|switch|p1a: Koraidon|Koraidon, L50|100/100\n|-status|p1a: Koraidon|psn\n|-activate|p1a: Koraidon|ability: Orichalcum Pulse\n|turn|5\n|\n|t:|1746027883\n|move|p1b: Indeedee|Helping Hand|p1a: Koraidon\n|-singleturn|p1a: Koraidon|Helping Hand|[of] p1b: Indeedee\n|move|p2b: Dondozo|Protect|p2b: Dondozo\n|-singleturn|p2b: Dondozo|Protect\n|move|p1a: Koraidon|Breaking Swipe|p2b: Dondozo|[spread] \n|-miss|p1a: Koraidon|p2a: Tatsugiri\n|-activate|p2b: Dondozo|move: Protect\n|\n|-weather|none\n|-heal|p2b: Dondozo|86/100|[from] item: Leftovers\n|-damage|p1b: Indeedee|0 fnt|[from] psn\n|faint|p1b: Indeedee\n|-damage|p1a: Koraidon|88/100 psn|[from] psn\n|upkeep\n|turn|6\n|-message|Markingdra forfeited.\n|\n|win|ChoerryVGC\n|l|\u2606Markingdra\n|player|p1|\n||ChoerryVGC is ready for game 2.\n||Markingdra is ready for game 2.\n|uhtml|next|Next: <a href=\"/battle-gen9vgc2025regibo3-2354018382\"><strong>Game 2 of 3</strong></a>\n", "uploadtime": 1746028260, "views": 14, "formatid": "gen9vgc2025regibo3", "rating": null, "private": 0, "password": null}