{"id": "gen9vgc2025regibo3-2354146154", "format": "[Gen 9] VGC 2025 Reg I (Bo3)", "players": ["deans milk", "bonkerzz"], "log": "|j|\u2606deans milk\n|j|\u2606bonkerzz\n|html|<table width=\"100%\"><tr><td align=\"left\">deans milk</td><td align=\"right\">bonkerzz</tr><tr><td align=\"left\"><i class=\"fa fa-circle-o\"></i> <i class=\"fa fa-circle-o\"></i> </td><td align=\"right\"><i class=\"fa fa-circle-o\"></i> <i class=\"fa fa-circle-o\"></i> </tr></table>\n|uhtml|bestof|<h2><strong>Game 1</strong> of <a href=\"/game-bestof3-gen9vgc2025regibo3-2354146153\">a best-of-3</a></h2>\n|t:|1746038834\n|gametype|doubles\n|player|p1|deans milk|idol|1153\n|player|p2|bonkerzz|benga|1217\n|teamsize|p1|6\n|teamsize|p2|6\n|gen|9\n|tier|[Gen 9] VGC 2025 Reg I (Bo3)\n|rated|\n|rule|Species Clause: Limit one of each Pok\u00e9mon\n|rule|Item Clause: Limit 1 of each item\n|clearpoke\n|poke|p1|Calyrex-Shadow, L50|\n|poke|p1|Indeedee-F, L50, F|\n|poke|p1|Terapagos, L50, M|\n|poke|p1|Amoonguss, L50, M|\n|poke|p1|Chi-Yu, L50|\n|poke|p1|Talonflame, L50, M|\n|poke|p2|Calyrex-Shadow, L50|\n|poke|p2|Koraidon, L50|\n|poke|p2|Brute Bonnet, L50|\n|poke|p2|Tornadus, L50, M|\n|poke|p2|Chi-Yu, L50|\n|poke|p2|Dragonite, L50, F|\n|teampreview|4\n|showteam|p1|Calyrex-Shadow||FocusSash|AsOneSpectrier|AstralBarrage,Protect,NastyPlot,Psychic||||||50|,,,,,Normal]Indeedee-F||PsychicSeed|PsychicSurge|DazzlingGleam,FollowMe,HelpingHand,TrickRoom|||F|||50|,,,,,Fairy]Terapagos||Leftovers|TeraShift|TeraStarstorm,EarthPower,Protect,CalmMind|||M|||50|,,,,,Stellar]Amoonguss||RockyHelmet|Regenerator|SludgeBomb,PollenPuff,Spore,RagePowder|||M|||50|,,,,,Water]Chi-Yu||ChoiceScarf|BeadsofRuin|HeatWave,TeraBlast,DarkPulse,Overheat||||||50|,,,,,Ground]Talonflame||SharpBeak|GaleWings|BraveBird,Tailwind,Taunt,Protect|||M|||50|,,,,,Flying\n|showteam|p2|Calyrex-Shadow||FocusSash|AsOneSpectrier|AstralBarrage,Psychic,Encore,Protect||||||50|,,,,,Ghost]Koraidon||LifeOrb|OrichalcumPulse|CloseCombat,FlareBlitz,FlameCharge,Protect||||||50|,,,,,Fire]Brute Bonnet||CovertCloak|Protosynthesis|Spore,RagePowder,SuckerPunch,SeedBomb||||||50|,,,,,Water]Tornadus||RockyHelmet|Prankster|Tailwind,SunnyDay,BleakwindStorm,Protect|||M|||50|,,,,,Steel]Chi-Yu||ChoiceScarf|BeadsofRuin|DarkPulse,Snarl,Overheat,HeatWave||||||50|,,,,,Ghost]Dragonite||ChoiceBand|InnerFocus|ExtremeSpeed,Outrage,AerialAce,StompingTantrum|||F|||50|,,,,,Normal\n|\n|t:|1746038896\n|start\n|switch|p1a: Calyrex|Calyrex-Shadow, L50|100/100\n|switch|p1b: Chi-Yu|Chi-Yu, L50|100/100\n|switch|p2a: Koraidon|Koraidon, L50|100/100\n|switch|p2b: Tornadus|Tornadus, L50, M|100/100\n|-ability|p1a: Calyrex|As One\n|-ability|p1a: Calyrex|Unnerve\n|-ability|p1b: Chi-Yu|Beads of Ruin\n|-weather|SunnyDay|[from] ability: Orichalcum Pulse|[of] p2a: Koraidon\n|-activate|p2a: Koraidon|Orichalcum Pulse|[source]\n|turn|1\n|\n|t:|1746038931\n|-terastallize|p1b: Chi-Yu|Ground\n|-terastallize|p2a: Koraidon|Fire\n|move|p1a: Calyrex|Protect|p1a: Calyrex\n|-singleturn|p1a: Calyrex|Protect\n|move|p2b: Tornadus|Tailwind|p2b: Tornadus\n|-sidestart|p2: bonkerzz|move: Tailwind\n|move|p2a: Koraidon|Flare Blitz|p1b: Chi-Yu\n|-crit|p1b: Chi-Yu\n|-damage|p1b: Chi-Yu|0 fnt\n|faint|p1b: Chi-Yu\n|-damage|p2a: Koraidon|76/100|[from] Recoil\n|-damage|p2a: Koraidon|67/100|[from] item: Life Orb\n|\n|-weather|SunnyDay|[upkeep]\n|upkeep\n|\n|t:|1746038949\n|switch|p1b: Terapagos|Terapagos, L50, M|100/100\n|-activate|p1b: Terapagos|ability: Tera Shift\n|detailschange|p1b: Terapagos|Terapagos-Terastal, L50, M\n|-heal|p1b: Terapagos|100/100|[silent]\n|turn|2\n|\n|t:|1746038969\n|switch|p1a: Indeedee|Indeedee-F, L50, F|100/100\n|-fieldstart|move: Psychic Terrain|[from] ability: Psychic Surge|[of] p1a: Indeedee\n|-enditem|p1a: Indeedee|Psychic Seed\n|-boost|p1a: Indeedee|spd|1|[from] item: Psychic Seed\n|move|p2b: Tornadus|Sunny Day||[still]\n|-fail|p2b: Tornadus\n|move|p2a: Koraidon|Close Combat|p1b: Terapagos\n|-activate|p1b: Terapagos|ability: Tera Shell\n|-resisted|p1b: Terapagos\n|-damage|p1b: Terapagos|68/100\n|-unboost|p2a: Koraidon|def|1\n|-unboost|p2a: Koraidon|spd|1\n|-damage|p2a: Koraidon|57/100|[from] item: Life Orb\n|move|p1b: Terapagos|Earth Power|p2a: Koraidon\n|-supereffective|p2a: Koraidon\n|-damage|p2a: Koraidon|0 fnt\n|faint|p2a: Koraidon\n|\n|-weather|SunnyDay|[upkeep]\n|-heal|p1b: Terapagos|74/100|[from] item: Leftovers\n|upkeep\n|\n|t:|1746038995\n|switch|p2a: Dragonite|Dragonite, L50, F|100/100\n|turn|3\n|\n|t:|1746039008\n|move|p1b: Terapagos|Protect|p1b: Terapagos\n|-singleturn|p1b: Terapagos|Protect\n|move|p2b: Tornadus|Bleakwind Storm|p1a: Indeedee|[spread] p1a\n|-activate|p1b: Terapagos|move: Protect\n|-damage|p1a: Indeedee|81/100\n|move|p2a: Dragonite|Outrage|p1b: Terapagos\n|-activate|p1b: Terapagos|move: Protect\n|move|p1a: Indeedee|Dazzling Gleam|p2b: Tornadus|[spread] p2a,p2b\n|-supereffective|p2a: Dragonite\n|-damage|p2a: Dragonite|74/100\n|-damage|p2b: Tornadus|86/100\n|\n|-weather|SunnyDay|[upkeep]\n|-heal|p1b: Terapagos|81/100|[from] item: Leftovers\n|upkeep\n|turn|4\n|\n|t:|1746039032\n|move|p2b: Tornadus|Protect|p2b: Tornadus\n|-singleturn|p2b: Tornadus|Protect\n|move|p1a: Indeedee|Follow Me|p1a: Indeedee\n|-singleturn|p1a: Indeedee|move: Follow Me\n|move|p2a: Dragonite|Outrage|p1a: Indeedee\n|-damage|p1a: Indeedee|0 fnt\n|faint|p1a: Indeedee\n|move|p1b: Terapagos|Tera Starstorm|p2a: Dragonite\n|-damage|p2a: Dragonite|28/100\n|\n|-weather|SunnyDay|[upkeep]\n|-heal|p1b: Terapagos|87/100|[from] item: Leftovers\n|-sideend|p2: bonkerzz|move: Tailwind\n|upkeep\n|\n|t:|1746039044\n|switch|p1a: Calyrex|Calyrex-Shadow, L50|100/100\n|-ability|p1a: Calyrex|As One\n|-ability|p1a: Calyrex|Unnerve\n|turn|5\n|\n|t:|1746039060\n|move|p2b: Tornadus|Tailwind|p2b: Tornadus\n|-sidestart|p2: bonkerzz|move: Tailwind\n|move|p2a: Dragonite|Outrage|p1a: Calyrex|[from] lockedmove\n|-enditem|p1a: Calyrex|Focus Sash\n|-damage|p1a: Calyrex|1/100\n|move|p1a: Calyrex|Astral Barrage|p2a: Dragonite|[spread] p2a,p2b\n|-damage|p2a: Dragonite|0 fnt\n|-damage|p2b: Tornadus|30/100\n|faint|p2a: Dragonite\n|-ability|p1a: Calyrex|Grim Neigh|boost\n|-boost|p1a: Calyrex|spa|1\n|move|p1b: Terapagos|Tera Starstorm|p2b: Tornadus\n|-damage|p2b: Tornadus|0 fnt\n|faint|p2b: Tornadus\n|\n|-weather|none\n|-heal|p1b: Terapagos|93/100|[from] item: Leftovers\n|upkeep\n|\n|t:|1746039066\n|switch|p2b: Calyrex|Calyrex-Shadow, L50|100/100\n|-ability|p2b: Calyrex|As One\n|-ability|p2b: Calyrex|Unnerve\n|turn|6\n|\n|t:|1746039089\n|move|p2b: Calyrex|Psychic|p1a: Calyrex\n|-resisted|p1a: Calyrex\n|-damage|p1a: Calyrex|0 fnt\n|faint|p1a: Calyrex\n|-ability|p2b: Calyrex|Grim Neigh|boost\n|-boost|p2b: Calyrex|spa|1\n|move|p1b: Terapagos|Earth Power|p2b: Calyrex\n|-damage|p2b: Calyrex|75/100\n|\n|-heal|p1b: Terapagos|99/100|[from] item: Leftovers\n|-fieldend|move: Psychic Terrain\n|upkeep\n|turn|7\n|\n|t:|1746039098\n|move|p1b: Terapagos|Protect|p1b: Terapagos\n|-singleturn|p1b: Terapagos|Protect\n|move|p2b: Calyrex|Psychic|p1b: Terapagos\n|-activate|p1b: Terapagos|move: Protect\n|\n|-heal|p1b: Terapagos|100/100|[from] item: Leftovers\n|upkeep\n|turn|8\n|\n|t:|1746039102\n|move|p2b: Calyrex|Encore|p1b: Terapagos\n|-start|p1b: Terapagos|Encore\n|move|p1b: Terapagos|Protect||[still]\n|-fail|p1b: Terapagos\n|\n|-sideend|p2: bonkerzz|move: Tailwind\n|upkeep\n|turn|9\n|\n|t:|1746039105\n|move|p1b: Terapagos|Protect|p1b: Terapagos\n|-singleturn|p1b: Terapagos|Protect\n|move|p2b: Calyrex|Psychic|p1b: Terapagos\n|-activate|p1b: Terapagos|move: Protect\n|\n|upkeep\n|turn|10\n|\n|t:|1746039111\n|move|p1b: Terapagos|Protect||[still]\n|-fail|p1b: Terapagos\n|move|p2b: Calyrex|Psychic|p1b: Terapagos\n|-activate|p1b: Terapagos|ability: Tera Shell\n|-resisted|p1b: Terapagos\n|-damage|p1b: Terapagos|66/100\n|-unboost|p1b: Terapagos|spd|1\n|\n|-heal|p1b: Terapagos|72/100|[from] item: Leftovers\n|-end|p1b: Terapagos|Encore\n|upkeep\n|turn|11\n|-message|deans milk forfeited.\n|\n|win|bonkerzz\n|l|\u2606deans milk\n|player|p1|\n||deans milk is ready for game 2.\n||bonkerzz is ready for game 2.\n|uhtml|next|Next: <a href=\"/battle-gen9vgc2025regibo3-2354149398\"><strong>Game 2 of 3</strong></a>\n", "uploadtime": 1746039374, "views": 6, "formatid": "gen9vgc2025regibo3", "rating": null, "private": 0, "password": null}