{"id": "gen9vgc2025regibo3-2354491738", "format": "[Gen 9] VGC 2025 Reg I (Bo3)", "players": ["scottedstone", "DiamondNate"], "log": "|j|\u2606scottedstone\n|j|\u2606DiamondNate\n|html|<table width=\"100%\"><tr><td align=\"left\">scottedstone</td><td align=\"right\">DiamondNate</tr><tr><td align=\"left\"><i class=\"fa fa-circle\"></i> <i class=\"fa fa-circle-o\"></i> </td><td align=\"right\"><i class=\"fa fa-circle-o\"></i> <i class=\"fa fa-circle\"></i> </tr></table>\n|uhtml|bestof|<h2><strong>Game 3</strong> of <a href=\"/game-bestof3-gen9vgc2025regibo3-2354489198\">a best-of-3</a></h2>\n|t:|1746080842\n|gametype|doubles\n|player|p1|scottedstone|265|1205\n|player|p2|DiamondNate|acetrainerf-gen4dp|1230\n|teamsize|p1|6\n|teamsize|p2|6\n|gen|9\n|tier|[Gen 9] VGC 2025 Reg I (Bo3)\n|rated|\n|rule|Species Clause: Limit one of each Pok\u00e9mon\n|rule|Item Clause: Limit 1 of each item\n|clearpoke\n|poke|p1|Miraidon, L50|\n|poke|p1|Iron Hands, L50|\n|poke|p1|Farigiraf, L50, F|\n|poke|p1|Ogerpon-Hearthflame, L50, F|\n|poke|p1|Whimsicott, L50, F|\n|poke|p1|Calyrex-Ice, L50|\n|poke|p2|Koraidon, L50|\n|poke|p2|Lunala, L50|\n|poke|p2|Indeedee-F, L50, F|\n|poke|p2|Chi-Yu, L50|\n|poke|p2|Whimsicott, L50, F|\n|poke|p2|Flutter Mane, L50|\n|teampreview|4\n|showteam|p1|Miraidon||ChoiceSpecs|HadronEngine|ElectroDrift,VoltSwitch,DracoMeteor,DazzlingGleam||||||50|,,,,,Fairy]Iron Hands||AssaultVest|QuarkDrive|DrainPunch,HeavySlam,LowKick,FakeOut||||||50|,,,,,Water]Farigiraf||ElectricSeed|ArmorTail|TrickRoom,Psychic,HelpingHand,FoulPlay|||F|||50|,,,,,Water]Ogerpon-Hearthflame||HearthflameMask|MoldBreaker|IvyCudgel,WoodHammer,FollowMe,SpikyShield|||F|||50|,,,,,Fire]Whimsicott||CovertCloak|Prankster|Moonblast,LightScreen,Encore,Tailwind|||F|||50|,,,,,Dark]Calyrex-Ice||ClearAmulet|AsOneGlastrier|GlacialLance,Protect,TrickRoom,HighHorsepower||||||50|,,,,,Fire\n|showteam|p2|Koraidon||ClearAmulet|OrichalcumPulse|FlareBlitz,CloseCombat,FlameCharge,Protect||||||50|,,,,,Fire]Lunala||PowerHerb|ShadowShield|ExpandingForce,MoongeistBeam,MeteorBeam,Protect||||||50|,,,,,Dark]Indeedee-F||PsychicSeed|PsychicSurge|FollowMe,TrickRoom,Imprison,AlluringVoice|||F|||50|,,,,,Water]Chi-Yu||ChoiceScarf|BeadsofRuin|HeatWave,Flamethrower,DarkPulse,Snarl||||||50|,,,,,Water]Whimsicott||CovertCloak|Prankster|Moonblast,Tailwind,SunnyDay,Encore|||F|||50|,,,,,Fire]Flutter Mane||FocusSash|Protosynthesis|Moonblast,IcyWind,Taunt,Protect||||||50|,,,,,Fairy\n|inactive|Battle timer is ON: inactive players will automatically lose when time's up. (requested by DiamondNate)\n|\n|t:|1746080869\n|start\n|switch|p1a: Miraidon|Miraidon, L50|100/100\n|switch|p1b: Farigiraf|Farigiraf, L50, F|100/100\n|switch|p2a: Indeedee|Indeedee-F, L50, F|100/100\n|switch|p2b: Lunala|Lunala, L50|100/100\n|-fieldstart|move: Electric Terrain|[from] ability: Hadron Engine|[of] p1a: Miraidon\n|-enditem|p1b: Farigiraf|Electric Seed\n|-boost|p1b: Farigiraf|def|1|[from] item: Electric Seed\n|-fieldstart|move: Psychic Terrain|[from] ability: Psychic Surge|[of] p2a: Indeedee\n|-enditem|p2a: Indeedee|Psychic Seed\n|-boost|p2a: Indeedee|spd|1|[from] item: Psychic Seed\n|turn|1\n|inactive|scottedstone has 30 seconds left.\n|\n|t:|1746080898\n|switch|p1b: Iron Hands|Iron Hands, L50|100/100\n|move|p1a: Miraidon|Volt Switch|p2b: Lunala\n|-damage|p2b: Lunala|78/100\n|\n|t:|1746080914\n|switch|p1a: Farigiraf|Farigiraf, L50, F|100/100|[from] Volt Switch\n|move|p2b: Lunala|Expanding Force|p1b: Iron Hands|[spread] p1a,p1b\n|-resisted|p1a: Farigiraf\n|-supereffective|p1b: Iron Hands\n|-damage|p1a: Farigiraf|71/100\n|-damage|p1b: Iron Hands|33/100\n|move|p2a: Indeedee|Alluring Voice|p1a: Farigiraf\n|-damage|p1a: Farigiraf|56/100\n|\n|upkeep\n|turn|2\n|\n|t:|1746080938\n|-end|p1b: Iron Hands|Quark Drive|[silent]\n|switch|p1b: Calyrex|Calyrex-Ice, L50|100/100\n|-ability|p1b: Calyrex|As One\n|-ability|p1b: Calyrex|Unnerve\n|move|p2b: Lunala|Meteor Beam||[still]\n|-prepare|p2b: Lunala|Meteor Beam\n|-boost|p2b: Lunala|spa|1\n|-enditem|p2b: Lunala|Power Herb\n|-anim|p2b: Lunala|Meteor Beam|p1a: Farigiraf\n|-damage|p1a: Farigiraf|1/100\n|move|p2a: Indeedee|Imprison|p2a: Indeedee\n|-start|p2a: Indeedee|move: Imprison\n|cant|p1a: Farigiraf|move: Imprison|Trick Room\n|\n|upkeep\n|turn|3\n|inactive|scottedstone has 30 seconds left.\n|inactive|DiamondNate has 30 seconds left.\n|inactive|DiamondNate has 20 seconds left.\n|\n|t:|1746080976\n|switch|p2a: Chi-Yu|Chi-Yu, L50|100/100\n|-ability|p2a: Chi-Yu|Beads of Ruin\n|-terastallize|p1b: Calyrex|Fire\n|move|p1a: Farigiraf|Helping Hand|p1b: Calyrex\n|-singleturn|p1b: Calyrex|Helping Hand|[of] p1a: Farigiraf\n|move|p2b: Lunala|Protect|p2b: Lunala\n|-singleturn|p2b: Lunala|Protect\n|move|p1b: Calyrex|Glacial Lance|p2b: Lunala|[spread] p2a\n|-activate|p2b: Lunala|move: Protect\n|-resisted|p2a: Chi-Yu\n|-damage|p2a: Chi-Yu|27/100\n|\n|upkeep\n|turn|4\n|inactive|scottedstone has 30 seconds left.\n|\n|t:|1746081006\n|switch|p1a: Miraidon|Miraidon, L50|100/100\n|-fieldstart|move: Electric Terrain|[from] ability: Hadron Engine|[of] p1a: Miraidon\n|move|p1b: Calyrex|Protect|p1b: Calyrex\n|-singleturn|p1b: Calyrex|Protect\n|move|p2a: Chi-Yu|Heat Wave|p1a: Miraidon|[spread] p1a\n|-activate|p1b: Calyrex|move: Protect\n|-resisted|p1a: Miraidon\n|-damage|p1a: Miraidon|80/100\n|move|p2b: Lunala|Expanding Force|p1b: Calyrex\n|-activate|p1b: Calyrex|move: Protect\n|\n|upkeep\n|turn|5\n|inactive|scottedstone has 30 seconds left.\n|inactive|DiamondNate has 30 seconds left.\n|inactive|scottedstone has 20 seconds left.\n|inactive|scottedstone has 15 seconds left.\n|\n|t:|1746081047\n|switch|p2a: Indeedee|Indeedee-F, L50, F|100/100\n|-fieldstart|move: Psychic Terrain|[from] ability: Psychic Surge|[of] p2a: Indeedee\n|move|p1a: Miraidon|Electro Drift|p2b: Lunala\n|-damage|p2b: Lunala|16/100\n|move|p2b: Lunala|Expanding Force|p1b: Calyrex|[spread] p1a,p1b\n|-damage|p1a: Miraidon|7/100\n|-damage|p1b: Calyrex|40/100\n|move|p1b: Calyrex|Glacial Lance|p2a: Indeedee|[spread] p2a,p2b\n|-damage|p2a: Indeedee|47/100\n|-damage|p2b: Lunala|0 fnt\n|faint|p2b: Lunala\n|-ability|p1b: Calyrex|Chilling Neigh|boost\n|-boost|p1b: Calyrex|atk|1\n|\n|upkeep\n|\n|t:|1746081061\n|switch|p2b: Chi-Yu|Chi-Yu, L50|27/100\n|-ability|p2b: Chi-Yu|Beads of Ruin\n|turn|6\n|inactive|scottedstone has 30 seconds left.\n|\n|t:|1746081087\n|switch|p1a: Farigiraf|Farigiraf, L50, F|1/100\n|-terastallize|p2a: Indeedee|Water\n|move|p1b: Calyrex|Protect|p1b: Calyrex\n|-singleturn|p1b: Calyrex|Protect\n|move|p2b: Chi-Yu|Heat Wave|p1a: Farigiraf|[spread] p1a\n|-activate|p1b: Calyrex|move: Protect\n|-damage|p1a: Farigiraf|0 fnt\n|faint|p1a: Farigiraf\n|move|p2a: Indeedee|Imprison|p2a: Indeedee\n|-start|p2a: Indeedee|move: Imprison\n|\n|upkeep\n|\n|t:|1746081100\n|switch|p1a: Iron Hands|Iron Hands, L50|33/100\n|turn|7\n|\n|t:|1746081118\n|move|p2b: Chi-Yu|Heat Wave|p1a: Iron Hands|[spread] p1a,p1b\n|-resisted|p1b: Calyrex\n|-damage|p1a: Iron Hands|9/100\n|-damage|p1b: Calyrex|22/100\n|move|p2a: Indeedee|Alluring Voice|p1a: Iron Hands\n|-supereffective|p1a: Iron Hands\n|-damage|p1a: Iron Hands|0 fnt\n|faint|p1a: Iron Hands\n|-end|p1a: Iron Hands|Quark Drive|[silent]\n|move|p1b: Calyrex|Glacial Lance|p2b: Chi-Yu|[spread] p2a,p2b\n|-resisted|p2a: Indeedee\n|-resisted|p2b: Chi-Yu\n|-damage|p2a: Indeedee|6/100\n|-damage|p2b: Chi-Yu|0 fnt\n|faint|p2b: Chi-Yu\n|-ability|p1b: Calyrex|Chilling Neigh|boost\n|-boost|p1b: Calyrex|atk|1\n|\n|upkeep\n|\n|t:|1746081128\n|switch|p2b: Koraidon|Koraidon, L50|100/100\n|switch|p1a: Miraidon|Miraidon, L50|7/100\n|-weather|SunnyDay|[from] ability: Orichalcum Pulse|[of] p2b: Koraidon\n|-activate|p2b: Koraidon|Orichalcum Pulse|[source]\n|-fieldstart|move: Electric Terrain|[from] ability: Hadron Engine|[of] p1a: Miraidon\n|turn|8\n|inactive|DiamondNate has 30 seconds left.\n|inactive|DiamondNate has 20 seconds left.\n|inactive|DiamondNate has 15 seconds left.\n|inactive|DiamondNate has 10 seconds left.\n|\n|t:|1746081173\n|move|p2b: Koraidon|Protect|p2b: Koraidon\n|-singleturn|p2b: Koraidon|Protect\n|move|p1a: Miraidon|Dazzling Gleam|p2b: Koraidon|[spread] p2a\n|-activate|p2b: Koraidon|move: Protect\n|-damage|p2a: Indeedee|0 fnt\n|faint|p2a: Indeedee\n|move|p1b: Calyrex|Glacial Lance|p2b: Koraidon\n|-activate|p2b: Koraidon|move: Protect\n|\n|-weather|SunnyDay|[upkeep]\n|upkeep\n|turn|9\n|\n|t:|1746081195\n|move|p2b: Koraidon|Close Combat|p1a: Miraidon\n|-damage|p1a: Miraidon|0 fnt\n|-unboost|p2b: Koraidon|def|1\n|-unboost|p2b: Koraidon|spd|1\n|faint|p1a: Miraidon\n|move|p1b: Calyrex|Glacial Lance|p2b: Koraidon\n|-supereffective|p2b: Koraidon\n|-damage|p2b: Koraidon|0 fnt\n|faint|p2b: Koraidon\n|\n|win|scottedstone\n|raw|scottedstone's rating: 1205 &rarr; <strong>1232</strong><br />(+27 for winning)\n|raw|DiamondNate's rating: 1230 &rarr; <strong>1203</strong><br />(-27 for losing)\n|l|\u2606DiamondNate\n|player|p2|\n", "uploadtime": 1746081202, "views": 24, "formatid": "gen9vgc2025regibo3", "rating": 1203, "private": 0, "password": null}