{"id": "gen9vgc2025regibo3-2354448944", "format": "[Gen 9] VGC 2025 Reg I (Bo3)", "players": ["Jakobtc", "AetryxGameing"], "log": "|j|\u2606Jakobtc\n|j|\u2606AetryxGameing\n|html|<table width=\"100%\"><tr><td align=\"left\">Jakobtc</td><td align=\"right\">AetryxGameing</tr><tr><td align=\"left\"><i class=\"fa fa-circle-o\"></i> <i class=\"fa fa-circle-o\"></i> </td><td align=\"right\"><i class=\"fa fa-circle-o\"></i> <i class=\"fa fa-circle\"></i> </tr></table>\n|uhtml|bestof|<h2><strong>Game 2</strong> of <a href=\"/game-bestof3-gen9vgc2025regibo3-2354446247\">a best-of-3</a></h2>\n|t:|1746073220\n|gametype|doubles\n|player|p1|Jakobtc|riley|\n|player|p2|AetryxGameing|101|\n|teamsize|p1|6\n|teamsize|p2|6\n|gen|9\n|tier|[Gen 9] VGC 2025 Reg I (Bo3)\n|rule|Species Clause: Limit one of each Pok\u00e9mon\n|rule|Item Clause: Limit 1 of each item\n|clearpoke\n|poke|p1|Calyrex-Shadow, L50|\n|poke|p1|Zacian-*, L50|\n|poke|p1|Incineroar, L50, M|\n|poke|p1|Rillaboom, L50, M|\n|poke|p1|Urshifu-*, L50, M|\n|poke|p1|Tornadus, L50, M|\n|poke|p2|Koraidon, L50|\n|poke|p2|Lunala, L50|\n|poke|p2|Indeedee-F, L50, F|\n|poke|p2|Flutter Mane, L50|\n|poke|p2|Chi-Yu, L50|\n|poke|p2|Ogerpon-Cornerstone, L50, F|\n|teampreview|4\n|showteam|p1|Calyrex-Shadow||FocusSash|AsOneSpectrier|AstralBarrage,Psychic,Taunt,Protect||||||50|,,,,,Stellar]Zacian-Crowned||RustedSword|IntrepidSword|behemothblade,PlayRough,SacredSword,Protect||||||50|,,,,,Water]Incineroar||SafetyGoggles|Intimidate|FakeOut,KnockOff,HelpingHand,PartingShot|||M|||50|,,,,,Bug]Rillaboom||AssaultVest|GrassySurge|FakeOut,GrassyGlide,WoodHammer,Uturn|||M|||50|,,,,,Fire]Urshifu-Rapid-Strike||ChoiceScarf|UnseenFist|SurgingStrikes,CloseCombat,AquaJet,Uturn|||M|||50|,,,,,Water]Tornadus||CovertCloak|Prankster|BleakwindStorm,Tailwind,RainDance,Protect|||M|||50|,,,,,Dark\n|showteam|p2|Koraidon||ClearAmulet|OrichalcumPulse|CloseCombat,FlareBlitz,FlameCharge,Protect||||||50|,,,,,Fire]Lunala||PowerHerb|ShadowShield|MoongeistBeam,ExpandingForce,MeteorBeam,WideGuard||||||50|,,,,,Fairy]Indeedee-F||RockyHelmet|PsychicSurge|Psychic,FollowMe,HelpingHand,TrickRoom|||F|||50|,,,,,Fairy]Flutter Mane||FocusSash|Protosynthesis|Moonblast,IcyWind,Taunt,Protect||||||50|,,,,,Normal]Chi-Yu||ChoiceScarf|BeadsofRuin|DarkPulse,Snarl,HeatWave,Overheat||||||50|,,,,,Ghost]Ogerpon-Cornerstone||CornerstoneMask|Sturdy|IvyCudgel,PowerWhip,FollowMe,SpikyShield|||F|||50|,,,,,Rock\n|\n|t:|1746073285\n|start\n|switch|p1a: WOOOOOOO|Zacian-Crowned, L50|100/100\n|switch|p1b: My Cat|Incineroar, L50, M|100/100\n|switch|p2a: Flutter Mane|Flutter Mane, L50|100/100\n|switch|p2b: Ogerpon|Ogerpon-Cornerstone, L50, F|100/100\n|-ability|p1a: WOOOOOOO|Intrepid Sword|boost\n|-boost|p1a: WOOOOOOO|atk|1\n|-ability|p1b: My Cat|Intimidate|boost\n|-unboost|p2a: Flutter Mane|atk|1\n|-unboost|p2b: Ogerpon|atk|1\n|turn|1\n|\n|t:|1746073322\n|move|p1a: WOOOOOOO|Behemoth Blade|p2a: Flutter Mane\n|-supereffective|p2a: Flutter Mane\n|-enditem|p2a: Flutter Mane|Focus Sash\n|-damage|p2a: Flutter Mane|1/100\n|move|p2a: Flutter Mane|Icy Wind|p1a: WOOOOOOO|[spread] p1a,p1b\n|-resisted|p1a: WOOOOOOO\n|-resisted|p1b: My Cat\n|-damage|p1a: WOOOOOOO|94/100\n|-damage|p1b: My Cat|95/100\n|-unboost|p1a: WOOOOOOO|spe|1\n|-unboost|p1b: My Cat|spe|1\n|move|p2b: Ogerpon|Ivy Cudgel|p1b: My Cat|[anim] Ivy Cudgel Rock\n|-supereffective|p1b: My Cat\n|-damage|p1b: My Cat|35/100\n|move|p1b: My Cat|Parting Shot|p2a: Flutter Mane\n|-unboost|p2a: Flutter Mane|atk|1\n|-unboost|p2a: Flutter Mane|spa|1\n|\n|t:|1746073353\n|switch|p1b: Severus|Calyrex-Shadow, L50|100/100|[from] Parting Shot\n|-ability|p1b: Severus|As One\n|-ability|p1b: Severus|Unnerve\n|\n|upkeep\n|turn|2\n|\n|t:|1746073390\n|switch|p2b: Koraidon|Koraidon, L50|100/100\n|-weather|SunnyDay|[from] ability: Orichalcum Pulse|[of] p2b: Koraidon\n|-activate|p2a: Flutter Mane|ability: Protosynthesis\n|-start|p2a: Flutter Mane|protosynthesisspe\n|-activate|p2b: Koraidon|Orichalcum Pulse|[source]\n|move|p2a: Flutter Mane|Moonblast|p1b: Severus\n|-damage|p1b: Severus|64/100\n|move|p1b: Severus|Psychic|p2a: Flutter Mane\n|-damage|p2a: Flutter Mane|0 fnt\n|faint|p2a: Flutter Mane\n|-end|p2a: Flutter Mane|Protosynthesis|[silent]\n|-ability|p1b: Severus|Grim Neigh|boost\n|-boost|p1b: Severus|spa|1\n|move|p1a: WOOOOOOO|Behemoth Blade|p2b: Koraidon\n|-damage|p2b: Koraidon|23/100\n|\n|-weather|SunnyDay|[upkeep]\n|upkeep\n|\n|t:|1746073407\n|switch|p2a: Chi-Yu|Chi-Yu, L50|100/100\n|-ability|p2a: Chi-Yu|Beads of Ruin\n|turn|3\n|\n|t:|1746073436\n|switch|p1b: My Cat|Incineroar, L50, M|35/100\n|-ability|p1b: My Cat|Intimidate|boost\n|-unboost|p2a: Chi-Yu|atk|1\n|-fail|p2b: Koraidon|unboost|[from] item: Clear Amulet|[of] p2b: Koraidon\n|-terastallize|p2a: Chi-Yu|Ghost\n|move|p1a: WOOOOOOO|Protect|p1a: WOOOOOOO\n|-singleturn|p1a: WOOOOOOO|Protect\n|move|p2a: Chi-Yu|Snarl|p1a: WOOOOOOO|[spread] p1b\n|-activate|p1a: WOOOOOOO|move: Protect\n|-resisted|p1b: My Cat\n|-damage|p1b: My Cat|19/100\n|-unboost|p1b: My Cat|spa|1\n|move|p2b: Koraidon|Close Combat|p1a: WOOOOOOO\n|-activate|p1a: WOOOOOOO|move: Protect\n|\n|-weather|SunnyDay|[upkeep]\n|upkeep\n|turn|4\n|\n|t:|1746073457\n|switch|p2a: Ogerpon|Ogerpon-Cornerstone, L50, F|100/100\n|-terastallize|p1a: WOOOOOOO|Water\n|move|p2b: Koraidon|Protect|p2b: Koraidon\n|-singleturn|p2b: Koraidon|Protect\n|move|p1a: WOOOOOOO|Play Rough|p2b: Koraidon\n|-activate|p2b: Koraidon|move: Protect\n|move|p1b: My Cat|Knock Off|p2a: Ogerpon\n|-damage|p2a: Ogerpon|67/100\n|\n|-weather|SunnyDay|[upkeep]\n|upkeep\n|turn|5\n|\n|t:|1746073503\n|move|p2b: Koraidon|Close Combat|p1a: WOOOOOOO\n|-damage|p1a: WOOOOOOO|19/100\n|-unboost|p2b: Koraidon|def|1\n|-unboost|p2b: Koraidon|spd|1\n|move|p2a: Ogerpon|Power Whip|p1a: WOOOOOOO\n|-supereffective|p1a: WOOOOOOO\n|-damage|p1a: WOOOOOOO|0 fnt\n|faint|p1a: WOOOOOOO\n|move|p1b: My Cat|Knock Off|p2b: Koraidon\n|-resisted|p2b: Koraidon\n|-damage|p2b: Koraidon|0 fnt\n|-enditem|p2b: Koraidon|Clear Amulet|[from] move: Knock Off|[of] p1b: My Cat\n|faint|p2b: Koraidon\n|\n|-weather|SunnyDay|[upkeep]\n|upkeep\n|\n|t:|1746073555\n|switch|p1a: Severus|Calyrex-Shadow, L50|64/100\n|switch|p2b: Chi-Yu|Chi-Yu, L50, tera:Ghost|100/100\n|-ability|p1a: Severus|As One\n|-ability|p1a: Severus|Unnerve\n|-ability|p2b: Chi-Yu|Beads of Ruin\n|turn|6\n|\n|t:|1746073594\n|switch|p1b: Monke|Rillaboom, L50, M|100/100\n|-fieldstart|move: Grassy Terrain|[from] ability: Grassy Surge|[of] p1b: Monke\n|move|p1a: Severus|Protect|p1a: Severus\n|-singleturn|p1a: Severus|Protect\n|move|p2b: Chi-Yu|Overheat|p1a: Severus\n|-activate|p1a: Severus|move: Protect\n|move|p2a: Ogerpon|Ivy Cudgel|p1b: Monke|[anim] Ivy Cudgel Rock\n|-damage|p1b: Monke|39/100\n|\n|-weather|none\n|-heal|p1a: Severus|70/100|[from] Grassy Terrain\n|-heal|p2a: Ogerpon|73/100|[from] Grassy Terrain\n|-heal|p1b: Monke|45/100|[from] Grassy Terrain\n|upkeep\n|turn|7\n|\n|t:|1746073614\n|switch|p1a: My Cat|Incineroar, L50, M|19/100\n|-ability|p1a: My Cat|Intimidate|boost\n|-unboost|p2a: Ogerpon|atk|1\n|-unboost|p2b: Chi-Yu|atk|1\n|move|p1b: Monke|Grassy Glide|p2b: Chi-Yu\n|-damage|p2b: Chi-Yu|42/100\n|move|p2b: Chi-Yu|Overheat|p1a: My Cat\n|-resisted|p1a: My Cat\n|-damage|p1a: My Cat|0 fnt\n|-unboost|p2b: Chi-Yu|spa|2\n|faint|p1a: My Cat\n|move|p2a: Ogerpon|Ivy Cudgel|p1b: Monke|[anim] Ivy Cudgel Rock\n|-damage|p1b: Monke|1/100\n|\n|-heal|p2b: Chi-Yu|49/100|[from] Grassy Terrain\n|-heal|p2a: Ogerpon|79/100|[from] Grassy Terrain\n|-heal|p1b: Monke|7/100|[from] Grassy Terrain\n|upkeep\n|\n|t:|1746073630\n|switch|p1a: Severus|Calyrex-Shadow, L50|70/100\n|-ability|p1a: Severus|As One\n|-ability|p1a: Severus|Unnerve\n|turn|8\n|\n|t:|1746073642\n|move|p2a: Ogerpon|Follow Me|p2a: Ogerpon\n|-singleturn|p2a: Ogerpon|move: Follow Me\n|move|p1b: Monke|Grassy Glide|p2a: Ogerpon\n|-damage|p2a: Ogerpon|28/100\n|move|p2b: Chi-Yu|Overheat|p1a: Severus|[miss]\n|-miss|p2b: Chi-Yu|p1a: Severus\n|move|p1a: Severus|Astral Barrage|p2a: Ogerpon|[spread] p2a,p2b\n|-supereffective|p2b: Chi-Yu\n|-damage|p2a: Ogerpon|0 fnt\n|-damage|p2b: Chi-Yu|0 fnt\n|faint|p2a: Ogerpon\n|faint|p2b: Chi-Yu\n|\n|win|Jakobtc\n||AetryxGameing is ready for game 3.\n|inactive|Jakobtc has 30 seconds to confirm battle start!\n|inactive|Jakobtc has 20 seconds to confirm battle start!\n|inactive|Jakobtc has 10 seconds to confirm battle start!\n||Jakobtc is ready for game 3.\n|uhtml|next|Next: <a href=\"/battle-gen9vgc2025regibo3-2354451944\"><strong>Game 3 of 3</strong></a>\n", "uploadtime": 1746073657, "views": 13, "formatid": "gen9vgc2025regibo3", "rating": null, "private": 0, "password": null}