{"id": "gen9vgc2025regibo3-2354747651", "format": "[Gen 9] VGC 2025 Reg I (Bo3)", "players": ["Catnip Enthusiast", "TRIUNVIRATUS VGC"], "log": "|j|\u2606Catnip Enthusiast\n|j|\u2606TRIUNVIRATUS VGC\n|html|<table width=\"100%\"><tr><td align=\"left\">Catnip Enthusiast</td><td align=\"right\">TRIUNVIRATUS VGC</tr><tr><td align=\"left\"><i class=\"fa fa-circle-o\"></i> <i class=\"fa fa-circle-o\"></i> </td><td align=\"right\"><i class=\"fa fa-circle-o\"></i> <i class=\"fa fa-circle\"></i> </tr></table>\n|uhtml|bestof|<h2><strong>Game 2</strong> of <a href=\"/game-bestof3-gen9vgc2025regibo3-2354744567\">a best-of-3</a></h2>\n|t:|1746116241\n|gametype|doubles\n|player|p1|Catnip Enthusiast|bianca|1246\n|player|p2|TRIUNVIRATUS VGC|ninjaboy|1355\n|teamsize|p1|6\n|teamsize|p2|6\n|gen|9\n|tier|[Gen 9] VGC 2025 Reg I (Bo3)\n|rated|\n|rule|Species Clause: Limit one of each Pok\u00e9mon\n|rule|Item Clause: Limit 1 of each item\n|clearpoke\n|poke|p1|Terapagos, L50, M|\n|poke|p1|Rillaboom, L50, F|\n|poke|p1|Koraidon, L50|\n|poke|p1|Volcarona, L50, M|\n|poke|p1|Grimmsnarl, L50, M|\n|poke|p1|Regieleki, L50|\n|poke|p2|Calyrex-Shadow, L50|\n|poke|p2|Terapagos, L50, M|\n|poke|p2|Incineroar, L50, M|\n|poke|p2|Rillaboom, L50, M|\n|poke|p2|Amoonguss, L50, F|\n|poke|p2|Urshifu-*, L50, M|\n|teampreview|4\n|showteam|p1|Terapagos||Leftovers|TeraShift|TeraStarstorm,CalmMind,EarthPower,Protect|||M|||50|,,,,,Stellar]Rillaboom||AssaultVest|GrassySurge|WoodHammer,GrassyGlide,Uturn,FakeOut|||F|||50|,,,,,Fire]Koraidon||LifeOrb|OrichalcumPulse|CollisionCourse,FlareBlitz,FlameCharge,Protect||||||50|,,,,,Fire]Volcarona||RockyHelmet|FlameBody|Flamethrower,RagePowder,Protect,WillOWisp|||M|||50|,,,,,Water]Grimmsnarl||CovertCloak|Prankster|SpiritBreak,FakeOut,Reflect,ScaryFace|||M|||50|,,,,,Ghost]Regieleki||FocusSash|Transistor|Electroweb,VoltSwitch,Thunderbolt,Protect||||||50|,,,,,Ghost\n|showteam|p2|Calyrex-Shadow||FocusSash|AsOneSpectrier|AstralBarrage,WillOWisp,Disable,Protect||||||50|,,,,,Ghost]Terapagos||Leftovers|TeraShift|TeraStarstorm,EarthPower,CalmMind,Protect|||M|||50|,,,,,Stellar]Incineroar||SafetyGoggles|Intimidate|KnockOff,WillOWisp,FakeOut,PartingShot|||M|||50|,,,,,Bug]Rillaboom||AssaultVest|GrassySurge|GrassyGlide,FakeOut,WoodHammer,Uturn|||M|||50|,,,,,Grass]Amoonguss||RockyHelmet|Regenerator|Spore,RagePowder,SludgeBomb,Protect|||F|||50|,,,,,Water]Urshifu-Rapid-Strike||MysticWater|UnseenFist|SurgingStrikes,CloseCombat,Taunt,Protect|||M|||50|,,,,,Water\n|inactive|Battle timer is ON: inactive players will automatically lose when time's up. (requested by TRIUNVIRATUS VGC)\n|\n|t:|1746116275\n|start\n|switch|p1a: D1 Crashout|Koraidon, L50|100/100\n|switch|p1b: Kate|Volcarona, L50, M|100/100\n|switch|p2a: Incineroar|Incineroar, L50, M|100/100\n|switch|p2b: Amoonguss|Amoonguss, L50, F, shiny|100/100\n|-weather|SunnyDay|[from] ability: Orichalcum Pulse|[of] p1a: D1 Crashout\n|-activate|p1a: D1 Crashout|Orichalcum Pulse|[source]\n|-ability|p2a: Incineroar|Intimidate|boost\n|-unboost|p1a: D1 Crashout|atk|1\n|-unboost|p1b: Kate|atk|1\n|turn|1\n|\n|t:|1746116286\n|switch|p2a: Calyrex|Calyrex-Shadow, L50|100/100\n|-ability|p2a: Calyrex|As One\n|-ability|p2a: Calyrex|Unnerve\n|move|p1a: D1 Crashout|Protect|p1a: D1 Crashout\n|-singleturn|p1a: D1 Crashout|Protect\n|move|p2b: Amoonguss|Protect|p2b: Amoonguss\n|-singleturn|p2b: Amoonguss|Protect\n|move|p1b: Kate|Flamethrower|p2b: Amoonguss\n|-activate|p2b: Amoonguss|move: Protect\n|\n|-weather|SunnyDay|[upkeep]\n|upkeep\n|turn|2\n|inactive|Catnip Enthusiast has 30 seconds left.\n|inactive|Catnip Enthusiast has 20 seconds left.\n|\n|t:|1746116323\n|switch|p2b: Incineroar|Incineroar, L50, M|100/100\n|-ability|p2b: Incineroar|Intimidate|boost\n|-unboost|p1a: D1 Crashout|atk|1\n|-unboost|p1b: Kate|atk|1\n|-terastallize|p2a: Calyrex|Ghost\n|move|p2a: Calyrex|Astral Barrage|p1b: Kate|[spread] p1a,p1b\n|-damage|p1a: D1 Crashout|21/100\n|-damage|p1b: Kate|26/100\n|move|p1a: D1 Crashout|Flame Charge|p2a: Calyrex\n|-damage|p2a: Calyrex|69/100\n|-boost|p1a: D1 Crashout|spe|1\n|-damage|p1a: D1 Crashout|11/100|[from] item: Life Orb\n|move|p1b: Kate|Flamethrower|p2a: Calyrex\n|-damage|p2a: Calyrex|4/100\n|\n|-weather|SunnyDay|[upkeep]\n|upkeep\n|turn|3\n|inactive|Catnip Enthusiast has 30 seconds left.\n|\n|t:|1746116351\n|switch|p2b: Amoonguss|Amoonguss, L50, F, shiny|100/100\n|move|p1a: D1 Crashout|Protect|p1a: D1 Crashout\n|-singleturn|p1a: D1 Crashout|Protect\n|move|p2a: Calyrex|Protect|p2a: Calyrex\n|-singleturn|p2a: Calyrex|Protect\n|move|p1b: Kate|Flamethrower|p2b: Amoonguss\n|-supereffective|p2b: Amoonguss\n|-damage|p2b: Amoonguss|0 fnt\n|faint|p2b: Amoonguss\n|\n|-weather|SunnyDay|[upkeep]\n|upkeep\n|\n|t:|1746116357\n|switch|p2b: Incineroar|Incineroar, L50, M|100/100\n|-ability|p2b: Incineroar|Intimidate|boost\n|-unboost|p1a: D1 Crashout|atk|1\n|-unboost|p1b: Kate|atk|1\n|turn|4\n|\n|t:|1746116362\n|switch|p1a: Mr. Unlimited|Terapagos, L50, M|100/100\n|-activate|p1a: Mr. Unlimited|ability: Tera Shift\n|detailschange|p1a: Mr. Unlimited|Terapagos-Terastal, L50, M\n|-heal|p1a: Mr. Unlimited|100/100|[silent]\n|move|p1b: Kate|Protect|p1b: Kate\n|-singleturn|p1b: Kate|Protect\n|move|p2b: Incineroar|Fake Out|p1a: Mr. Unlimited\n|-activate|p1a: Mr. Unlimited|ability: Tera Shell\n|-resisted|p1a: Mr. Unlimited\n|-damage|p1a: Mr. Unlimited|96/100\n|move|p2a: Calyrex|Astral Barrage|p1a: Mr. Unlimited|[spread] \n|-activate|p1b: Kate|move: Protect\n|-immune|p1a: Mr. Unlimited\n|\n|-weather|SunnyDay|[upkeep]\n|-heal|p1a: Mr. Unlimited|100/100|[from] item: Leftovers\n|upkeep\n|turn|5\n|\n|t:|1746116382\n|move|p2a: Calyrex|Protect|p2a: Calyrex\n|-singleturn|p2a: Calyrex|Protect\n|move|p1b: Kate|Rage Powder|p1b: Kate\n|-singleturn|p1b: Kate|move: Rage Powder\n|move|p1a: Mr. Unlimited|Earth Power|p2b: Incineroar\n|-supereffective|p2b: Incineroar\n|-damage|p2b: Incineroar|49/100\n|move|p2b: Incineroar|Parting Shot|p1a: Mr. Unlimited\n|-unboost|p1a: Mr. Unlimited|atk|1\n|-unboost|p1a: Mr. Unlimited|spa|1\n|\n|t:|1746116388\n|switch|p2b: Terapagos|Terapagos, L50, M|100/100|[from] Parting Shot\n|-activate|p2b: Terapagos|ability: Tera Shift\n|detailschange|p2b: Terapagos|Terapagos-Terastal, L50, M\n|-heal|p2b: Terapagos|100/100|[silent]\n|\n|-weather|none\n|upkeep\n|turn|6\n|\n|t:|1746116409\n|-terastallize|p1a: Mr. Unlimited|Stellar\n|detailschange|p1a: Mr. Unlimited|Terapagos-Stellar, L50, M, tera:Stellar\n|-heal|p1a: Mr. Unlimited|100/100|[silent]\n|move|p1b: Kate|Protect|p1b: Kate\n|-singleturn|p1b: Kate|Protect\n|move|p2a: Calyrex|Astral Barrage|p1b: Kate|[spread] \n|-activate|p1b: Kate|move: Protect\n|-immune|p1a: Mr. Unlimited\n|move|p2b: Terapagos|Calm Mind|p2b: Terapagos\n|-boost|p2b: Terapagos|spa|1\n|-boost|p2b: Terapagos|spd|1\n|move|p1a: Mr. Unlimited|Tera Starstorm|p2a: Calyrex|[spread] p2a,p2b\n|-supereffective|p2a: Calyrex\n|-activate|p2b: Terapagos|ability: Tera Shell\n|-resisted|p2b: Terapagos\n|-damage|p2a: Calyrex|0 fnt\n|-damage|p2b: Terapagos|93/100\n|faint|p2a: Calyrex\n|\n|-heal|p2b: Terapagos|99/100|[from] item: Leftovers\n|upkeep\n|\n|t:|1746116414\n|switch|p2a: Incineroar|Incineroar, L50, M|49/100\n|-ability|p2a: Incineroar|Intimidate|boost\n|-unboost|p1a: Mr. Unlimited|atk|1\n|-unboost|p1b: Kate|atk|1\n|turn|7\n|\n|t:|1746116426\n|move|p2a: Incineroar|Fake Out|p1a: Mr. Unlimited\n|-damage|p1a: Mr. Unlimited|93/100\n|move|p1b: Kate|Will-O-Wisp|p2b: Terapagos|[miss]\n|-miss|p1b: Kate|p2b: Terapagos\n|move|p2b: Terapagos|Tera Starstorm|p1b: Kate\n|-damage|p1b: Kate|0 fnt\n|faint|p1b: Kate\n|cant|p1a: Mr. Unlimited|flinch\n|\n|-heal|p2b: Terapagos|100/100|[from] item: Leftovers\n|-heal|p1a: Mr. Unlimited|99/100|[from] item: Leftovers\n|upkeep\n|\n|t:|1746116441\n|switch|p1b: Regieleki|Regieleki, L50|100/100\n|turn|8\n|\n|t:|1746116448\n|move|p1b: Regieleki|Thunderbolt|p2a: Incineroar\n|-damage|p2a: Incineroar|5/100\n|move|p2b: Terapagos|Earth Power|p1b: Regieleki\n|-supereffective|p1b: Regieleki\n|-enditem|p1b: Regieleki|Focus Sash\n|-damage|p1b: Regieleki|1/100\n|move|p1a: Mr. Unlimited|Earth Power|p2a: Incineroar\n|-supereffective|p2a: Incineroar\n|-damage|p2a: Incineroar|0 fnt\n|faint|p2a: Incineroar\n|\n|-heal|p1a: Mr. Unlimited|100/100|[from] item: Leftovers\n|upkeep\n|turn|9\n|\n|t:|1746116460\n|move|p2b: Terapagos|Protect|p2b: Terapagos\n|-singleturn|p2b: Terapagos|Protect\n|move|p1b: Regieleki|Electroweb|p2b: Terapagos\n|-activate|p2b: Terapagos|move: Protect\n|move|p1a: Mr. Unlimited|Calm Mind|p1a: Mr. Unlimited\n|-boost|p1a: Mr. Unlimited|spa|1\n|-boost|p1a: Mr. Unlimited|spd|1\n|\n|upkeep\n|turn|10\n|\n|t:|1746116467\n|move|p1b: Regieleki|Electroweb|p2b: Terapagos\n|-activate|p2b: Terapagos|ability: Tera Shell\n|-resisted|p2b: Terapagos\n|-damage|p2b: Terapagos|92/100\n|-unboost|p2b: Terapagos|spe|1\n|move|p1a: Mr. Unlimited|Calm Mind|p1a: Mr. Unlimited\n|-boost|p1a: Mr. Unlimited|spa|1\n|-boost|p1a: Mr. Unlimited|spd|1\n|move|p2b: Terapagos|Earth Power|p1b: Regieleki\n|-supereffective|p1b: Regieleki\n|-damage|p1b: Regieleki|0 fnt\n|faint|p1b: Regieleki\n|\n|-heal|p2b: Terapagos|98/100|[from] item: Leftovers\n|upkeep\n|\n|t:|1746116475\n|switch|p1b: D1 Crashout|Koraidon, L50|11/100\n|-weather|SunnyDay|[from] ability: Orichalcum Pulse|[of] p1b: D1 Crashout\n|-activate|p1b: D1 Crashout|Orichalcum Pulse|[source]\n|turn|11\n|\n|t:|1746116483\n|move|p2b: Terapagos|Protect|p2b: Terapagos\n|-singleturn|p2b: Terapagos|Protect\n|move|p1b: D1 Crashout|Collision Course|p2b: Terapagos\n|-activate|p2b: Terapagos|move: Protect\n|move|p1a: Mr. Unlimited|Calm Mind|p1a: Mr. Unlimited\n|-boost|p1a: Mr. Unlimited|spa|1\n|-boost|p1a: Mr. Unlimited|spd|1\n|\n|-weather|SunnyDay|[upkeep]\n|-heal|p2b: Terapagos|100/100|[from] item: Leftovers\n|upkeep\n|turn|12\n|\n|t:|1746116489\n|move|p1b: D1 Crashout|Protect|p1b: D1 Crashout\n|-singleturn|p1b: D1 Crashout|Protect\n|move|p1a: Mr. Unlimited|Tera Starstorm|p2b: Terapagos\n|-activate|p2b: Terapagos|ability: Tera Shell\n|-resisted|p2b: Terapagos\n|-damage|p2b: Terapagos|72/100\n|move|p2b: Terapagos|Calm Mind|p2b: Terapagos\n|-boost|p2b: Terapagos|spa|1\n|-boost|p2b: Terapagos|spd|1\n|\n|-weather|SunnyDay|[upkeep]\n|-heal|p2b: Terapagos|79/100|[from] item: Leftovers\n|upkeep\n|turn|13\n|\n|t:|1746116495\n|move|p2b: Terapagos|Protect|p2b: Terapagos\n|-singleturn|p2b: Terapagos|Protect\n|move|p1b: D1 Crashout|Collision Course|p2b: Terapagos\n|-activate|p2b: Terapagos|move: Protect\n|move|p1a: Mr. Unlimited|Tera Starstorm|p2b: Terapagos\n|-activate|p2b: Terapagos|move: Protect\n|\n|-weather|SunnyDay|[upkeep]\n|-heal|p2b: Terapagos|85/100|[from] item: Leftovers\n|upkeep\n|turn|14\n|\n|t:|1746116498\n|move|p2b: Terapagos|Protect||[still]\n|-fail|p2b: Terapagos\n|move|p1b: D1 Crashout|Collision Course|p2b: Terapagos\n|-supereffective|p2b: Terapagos\n|-damage|p2b: Terapagos|0 fnt\n|faint|p2b: Terapagos\n|-damage|p1b: D1 Crashout|2/100|[from] item: Life Orb\n|\n|win|Catnip Enthusiast\n||TRIUNVIRATUS VGC is ready for game 3.\n|inactive|Catnip Enthusiast has 30 seconds to confirm battle start!\n||Catnip Enthusiast is ready for game 3.\n|uhtml|next|Next: <a href=\"/battle-gen9vgc2025regibo3-2354750694\"><strong>Game 3 of 3</strong></a>\n|l|\u2606Catnip Enthusiast\n|player|p1|\n", "uploadtime": 1746116757, "views": 23, "formatid": "gen9vgc2025regibo3", "rating": null, "private": 0, "password": null}