{"id": "gen9vgc2025regibo3-2354774568", "format": "[Gen 9] VGC 2025 Reg I (Bo3)", "players": ["Tugi", "Carlitos Alcazar"], "log": "|j|\u2606Tugi\n|j|\u2606Carlitos Alcazar\n|html|<table width=\"100%\"><tr><td align=\"left\">Tugi</td><td align=\"right\">Carlitos Alcazar</tr><tr><td align=\"left\"><i class=\"fa fa-circle-o\"></i> <i class=\"fa fa-circle-o\"></i> </td><td align=\"right\"><i class=\"fa fa-circle-o\"></i> <i class=\"fa fa-circle-o\"></i> </tr></table>\n|uhtml|bestof|<h2><strong>Game 1</strong> of <a href=\"/game-bestof3-gen9vgc2025regibo3-2354774567\">a best-of-3</a></h2>\n|t:|1746118627\n|gametype|doubles\n|player|p1|Tugi|102|1127\n|player|p2|Carlitos Alcazar|roughneck|1218\n|teamsize|p1|6\n|teamsize|p2|6\n|gen|9\n|tier|[Gen 9] VGC 2025 Reg I (Bo3)\n|rated|\n|rule|Species Clause: Limit one of each Pok\u00e9mon\n|rule|Item Clause: Limit 1 of each item\n|clearpoke\n|poke|p1|Incineroar, L50, M|\n|poke|p1|Tornadus, L50, M|\n|poke|p1|Terapagos, L50, M|\n|poke|p1|Ogerpon-Cornerstone, L50, F|\n|poke|p1|Calyrex-Shadow, L50|\n|poke|p1|Rillaboom, L50, M|\n|poke|p2|Miraidon, L50|\n|poke|p2|Calyrex-Ice, L50|\n|poke|p2|Whimsicott, L50, M|\n|poke|p2|Ogerpon-Hearthflame, L50, F|\n|poke|p2|Farigiraf, L50, F|\n|poke|p2|Iron Hands, L50|\n|teampreview|4\n|showteam|p1|Incineroar||RockyHelmet|Intimidate|PartingShot,FakeOut,KnockOff,WillOWisp|||M|||50|,,,,,Ghost]Tornadus||CovertCloak|Prankster|BleakwindStorm,RainDance,Taunt,Tailwind|||M|||50|,,,,,Steel]Terapagos||Leftovers|TeraShift|Protect,CalmMind,EarthPower,TeraStarstorm|||M|||50|,,,,,Stellar]Ogerpon-Cornerstone||CornerstoneMask|Sturdy|IvyCudgel,FollowMe,PowerWhip,SpikyShield|||F|||50|,,,,,Rock]Calyrex-Shadow||FocusSash|AsOneSpectrier|AstralBarrage,Protect,Disable,Psychic||||||50|,,,,,Ghost]Rillaboom||AssaultVest|GrassySurge|FakeOut,DrumBeating,Uturn,GrassyGlide|||M|||50|,,,,,Fire\n|showteam|p2|Miraidon||ChoiceSpecs|HadronEngine|ElectroDrift,DracoMeteor,VoltSwitch,DazzlingGleam||||||50|,,,,,Fairy]Calyrex-Ice||ClearAmulet|AsOneGlastrier|GlacialLance,HighHorsepower,TrickRoom,Protect||||||50|,,,,,Water]Whimsicott||CovertCloak|Prankster|Moonblast,Tailwind,LightScreen,Encore|||M|||50|,,,,,Dark]Ogerpon-Hearthflame||HearthflameMask|MoldBreaker|IvyCudgel,WoodHammer,FollowMe,SpikyShield|||F|||50|,,,,,Fire]Farigiraf||ElectricSeed|ArmorTail|FoulPlay,PsychicNoise,TrickRoom,HelpingHand|||F|||50|,,,,,Water]Iron Hands||AssaultVest|QuarkDrive|DrainPunch,WildCharge,HeavySlam,FakeOut||||||50|,,,,,Water\n|\n|t:|1746118675\n|start\n|switch|p1a: Rillaboom|Rillaboom, L50, M|100/100\n|switch|p1b: Calyrex|Calyrex-Shadow, L50|100/100\n|switch|p2a: Iron Hands|Iron Hands, L50|100/100\n|switch|p2b: Farigiraf|Farigiraf, L50, F|100/100\n|-ability|p1b: Calyrex|As One\n|-ability|p1b: Calyrex|Unnerve\n|-fieldstart|move: Grassy Terrain|[from] ability: Grassy Surge|[of] p1a: Rillaboom\n|turn|1\n|\n|t:|1746118722\n|move|p2a: Iron Hands|Fake Out|p1a: Rillaboom\n|-damage|p1a: Rillaboom|87/100\n|move|p1b: Calyrex|Psychic|p2a: Iron Hands\n|-supereffective|p2a: Iron Hands\n|-crit|p2a: Iron Hands\n|-damage|p2a: Iron Hands|13/100\n|-unboost|p2a: Iron Hands|spd|1\n|cant|p1a: Rillaboom|flinch\n|move|p2b: Farigiraf|Trick Room|p2b: Farigiraf\n|-fieldstart|move: Trick Room|[of] p2b: Farigiraf\n|\n|-heal|p2a: Iron Hands|18/100|[from] Grassy Terrain\n|-heal|p1a: Rillaboom|93/100|[from] Grassy Terrain\n|upkeep\n|turn|2\n|\n|t:|1746118766\n|switch|p2b: Miraidon|Miraidon, L50|100/100\n|-fieldstart|move: Electric Terrain|[from] ability: Hadron Engine|[of] p2b: Miraidon\n|-activate|p2a: Iron Hands|ability: Quark Drive\n|-start|p2a: Iron Hands|quarkdriveatk\n|move|p2a: Iron Hands|Wild Charge|p1b: Calyrex\n|-enditem|p1b: Calyrex|Focus Sash\n|-damage|p1b: Calyrex|1/100\n|-damage|p2a: Iron Hands|0 fnt|[from] Recoil\n|faint|p2a: Iron Hands\n|-end|p2a: Iron Hands|Quark Drive|[silent]\n|move|p1a: Rillaboom|U-turn|p2b: Miraidon\n|-damage|p2b: Miraidon|77/100\n|\n|t:|1746118782\n|switch|p1a: Terapagos|Terapagos, L50, M|100/100|[from] U-turn\n|-activate|p1a: Terapagos|ability: Tera Shift\n|detailschange|p1a: Terapagos|Terapagos-Terastal, L50, M\n|-heal|p1a: Terapagos|100/100|[silent]\n|move|p1b: Calyrex|Astral Barrage|p2b: Miraidon\n|-damage|p2b: Miraidon|17/100\n|\n|upkeep\n|\n|t:|1746118798\n|switch|p2a: Calyrex|Calyrex-Ice, L50|100/100\n|-ability|p2a: Calyrex|As One\n|-ability|p2a: Calyrex|Unnerve\n|turn|3\n|\n|t:|1746118867\n|switch|p1b: Rillaboom|Rillaboom, L50, M|93/100\n|-fieldstart|move: Grassy Terrain|[from] ability: Grassy Surge|[of] p1b: Rillaboom\n|move|p2a: Calyrex|Glacial Lance|p1a: Terapagos|[spread] p1a,p1b\n|-activate|p1a: Terapagos|ability: Tera Shell\n|-resisted|p1a: Terapagos\n|-supereffective|p1b: Rillaboom\n|-damage|p1a: Terapagos|79/100\n|-damage|p1b: Rillaboom|0 fnt\n|faint|p1b: Rillaboom\n|-ability|p2a: Calyrex|Chilling Neigh|boost\n|-boost|p2a: Calyrex|atk|1\n|move|p1a: Terapagos|Tera Starstorm|p2b: Miraidon\n|-damage|p2b: Miraidon|0 fnt\n|faint|p2b: Miraidon\n|\n|-heal|p1a: Terapagos|85/100|[from] Grassy Terrain\n|-heal|p1a: Terapagos|91/100|[from] item: Leftovers\n|upkeep\n|\n|t:|1746118886\n|switch|p1b: Ogerpon|Ogerpon-Cornerstone, L50, F|100/100\n|switch|p2b: Farigiraf|Farigiraf, L50, F|100/100\n|turn|4\n|\n|t:|1746118950\n|move|p1a: Terapagos|Protect|p1a: Terapagos\n|-singleturn|p1a: Terapagos|Protect\n|move|p2b: Farigiraf|Psychic Noise|p1b: Ogerpon\n|-damage|p1b: Ogerpon|68/100\n|-start|p1b: Ogerpon|move: Heal Block\n|move|p2a: Calyrex|Glacial Lance|p1b: Ogerpon|[spread] p1b\n|-activate|p1a: Terapagos|move: Protect\n|-supereffective|p1b: Ogerpon\n|-damage|p1b: Ogerpon|0 fnt\n|faint|p1b: Ogerpon\n|-ability|p2a: Calyrex|Chilling Neigh|boost\n|-boost|p2a: Calyrex|atk|1\n|\n|-heal|p1a: Terapagos|97/100|[from] Grassy Terrain\n|-heal|p1a: Terapagos|100/100|[from] item: Leftovers\n|upkeep\n|\n|t:|1746118965\n|switch|p1b: Calyrex|Calyrex-Shadow, L50|1/100\n|-ability|p1b: Calyrex|As One\n|-ability|p1b: Calyrex|Unnerve\n|turn|5\n|\n|t:|1746119011\n|-terastallize|p1a: Terapagos|Stellar\n|detailschange|p1a: Terapagos|Terapagos-Stellar, L50, M, tera:Stellar\n|-heal|p1a: Terapagos|100/100|[silent]\n|-ability|p1a: Terapagos|Teraform Zero\n|-fieldend|move: Grassy Terrain\n|move|p1b: Calyrex|Protect|p1b: Calyrex\n|-singleturn|p1b: Calyrex|Protect\n|move|p1a: Terapagos|Tera Starstorm|p2a: Calyrex|[spread] p2a,p2b\n|-damage|p2a: Calyrex|72/100\n|-damage|p2b: Farigiraf|59/100\n|move|p2b: Farigiraf|Trick Room|p2b: Farigiraf\n|-fieldend|move: Trick Room\n|move|p2a: Calyrex|Trick Room|p2a: Calyrex\n|-fieldstart|move: Trick Room|[of] p2a: Calyrex\n|\n|upkeep\n|turn|6\n|\n|t:|1746119055\n|move|p2b: Farigiraf|Psychic Noise|p1a: Terapagos\n|-crit|p1a: Terapagos\n|-damage|p1a: Terapagos|72/100\n|-start|p1a: Terapagos|move: Heal Block\n|move|p2a: Calyrex|Glacial Lance|p1b: Calyrex|[spread] p1a,p1b\n|-crit|p1a: Terapagos\n|-damage|p1a: Terapagos|0 fnt\n|-damage|p1b: Calyrex|0 fnt\n|faint|p1a: Terapagos\n|faint|p1b: Calyrex\n|\n|win|Carlitos Alcazar\n||Tugi is ready for game 2.\n|inactive|Carlitos Alcazar has 30 seconds to confirm battle start!\n|inactive|Carlitos Alcazar has 20 seconds to confirm battle start!\n||Carlitos Alcazar is ready for game 2.\n|uhtml|next|Next: <a href=\"/battle-gen9vgc2025regibo3-2354779803\"><strong>Game 2 of 3</strong></a>\n", "uploadtime": 1746119676, "views": 10, "formatid": "gen9vgc2025regibo3", "rating": null, "private": 0, "password": null}