{"id": "gen9vgc2025regibo3-2355129325", "format": "[Gen 9] VGC 2025 Reg I (Bo3)", "players": ["thassas oracle", "nd.jannzx"], "log": "|j|\u2606thassas oracle\n|j|\u2606nd.jannzx\n|html|<table width=\"100%\"><tr><td align=\"left\">thassas oracle</td><td align=\"right\">nd.jannzx</tr><tr><td align=\"left\"><i class=\"fa fa-circle-o\"></i> <i class=\"fa fa-circle-o\"></i> </td><td align=\"right\"><i class=\"fa fa-circle-o\"></i> <i class=\"fa fa-circle-o\"></i> </tr></table>\n|uhtml|bestof|<h2><strong>Game 1</strong> of <a href=\"/game-bestof3-gen9vgc2025regibo3-2355129324\">a best-of-3</a></h2>\n|t:|1746156198\n|gametype|doubles\n|player|p1|thassas oracle|2|1051\n|player|p2|nd.jannzx|1|1013\n|teamsize|p1|6\n|teamsize|p2|6\n|gen|9\n|tier|[Gen 9] VGC 2025 Reg I (Bo3)\n|rated|\n|rule|Species Clause: Limit one of each Pok\u00e9mon\n|rule|Item Clause: Limit 1 of each item\n|clearpoke\n|poke|p1|Calyrex-Shadow, L50|\n|poke|p1|Koraidon, L50|\n|poke|p1|Ditto, L50|\n|poke|p1|Brute Bonnet, L50|\n|poke|p1|Chi-Yu, L50|\n|poke|p1|Whimsicott, L50, F|\n|poke|p2|Calyrex-Shadow, L50|\n|poke|p2|Urshifu-*, L50, F|\n|poke|p2|Incineroar, L50, F|\n|poke|p2|Amoonguss, L50, M|\n|poke|p2|Raging Bolt, L50|\n|poke|p2|Dragonite, L50, M|\n|teampreview|4\n|showteam|p1|Calyrex-Shadow||LifeOrb|AsOneSpectrier|AstralBarrage,Psychic,Substitute,Protect||||||50|,,,,,Ghost]Koraidon||ClearAmulet|OrichalcumPulse|CollisionCourse,FlameCharge,FlareBlitz,Protect||||||50|,,,,,Fire]Ditto||FocusSash|Imposter|Transform||||||50|,,,,,Normal]Brute Bonnet||RockyHelmet|Protosynthesis|Spore,RagePowder,SuckerPunch,SeedBomb||||||50|,,,,,Water]Chi-Yu||ChoiceScarf|BeadsofRuin|HeatWave,Snarl,Overheat,DarkPulse||||||50|,,,,,Ghost]Whimsicott||CovertCloak|Prankster|Moonblast,Tailwind,HelpingHand,Encore|||F|||50|,,,,,Water\n|showteam|p2|Calyrex-Shadow||LifeOrb|AsOneSpectrier|Protect,Psychic,AstralBarrage,NastyPlot||||||50|,,,,,Fairy]Urshifu-Rapid-Strike||MysticWater|UnseenFist|AquaJet,SurgingStrikes,CloseCombat,Detect|||F|||50|,,,,,Rock]Incineroar||Charcoal|Intimidate|FlareBlitz,WillOWisp,DarkestLariat,FakeOut|||F|||50|,,,,,Grass]Amoonguss||RockyHelmet|Regenerator|RagePowder,Toxic,Protect,Spore|||M|||50|,,,,,Ground]Raging Bolt||AssaultVest|Protosynthesis|Thunderclap,DracoMeteor,Thunderbolt,Snarl||||||50|,,,,,Fairy]Dragonite||WeaknessPolicy|InnerFocus|ExtremeSpeed,Outrage,AerialAce,IronHead|||M|||50|,,,,,Steel\n|inactive|Battle timer is ON: inactive players will automatically lose when time's up. (requested by nd.jannzx)\n|\n|t:|1746156241\n|start\n|switch|p1a: Chi-Yu|Chi-Yu, L50|100/100\n|switch|p1b: Koraidon|Koraidon, L50|100/100\n|switch|p2a: Calyrex|Calyrex-Shadow, L50|100/100\n|switch|p2b: Incineroar|Incineroar, L50, F|100/100\n|-ability|p2a: Calyrex|As One\n|-ability|p2a: Calyrex|Unnerve\n|-ability|p1a: Chi-Yu|Beads of Ruin\n|-weather|SunnyDay|[from] ability: Orichalcum Pulse|[of] p1b: Koraidon\n|-activate|p1b: Koraidon|Orichalcum Pulse|[source]\n|-ability|p2b: Incineroar|Intimidate|boost\n|-unboost|p1a: Chi-Yu|atk|1\n|-fail|p1b: Koraidon|unboost|[from] item: Clear Amulet|[of] p1b: Koraidon\n|turn|1\n|inactiveoff|Battle timer is now OFF.\n|\n|t:|1746156298\n|-terastallize|p2a: Calyrex|Fairy\n|move|p1a: Chi-Yu|Overheat|p2a: Calyrex\n|-damage|p2a: Calyrex|0 fnt\n|-unboost|p1a: Chi-Yu|spa|2\n|faint|p2a: Calyrex\n|move|p1b: Koraidon|Flame Charge|p2b: Incineroar\n|-resisted|p2b: Incineroar\n|-damage|p2b: Incineroar|85/100\n|-boost|p1b: Koraidon|spe|1\n|move|p2b: Incineroar|Will-O-Wisp|p1b: Koraidon\n|-status|p1b: Koraidon|brn\n|\n|-weather|SunnyDay|[upkeep]\n|-damage|p1b: Koraidon|94/100 brn|[from] brn\n|upkeep\n|\n|t:|1746156319\n|switch|p2a: Dragonite|Dragonite, L50, M|100/100\n|turn|2\n|\n|t:|1746156335\n|switch|p1a: Ditto|Ditto, L50|100/100\n|-transform|p1a: Ditto|p2b: Incineroar|[from] ability: Imposter\n|-ability|p1a: Ditto|Intimidate|boost\n|-fail|p2a: Dragonite|unboost|Attack|[from] ability: Inner Focus|[of] p2a: Dragonite\n|-unboost|p2b: Incineroar|atk|1\n|move|p2b: Incineroar|Fake Out||[still]\n|-hint|Fake Out only works on your first turn out.\n|-fail|p2b: Incineroar\n|move|p1b: Koraidon|Collision Course|p2b: Incineroar\n|-supereffective|p2b: Incineroar\n|-damage|p2b: Incineroar|8/100\n|move|p2a: Dragonite|Aerial Ace|p1b: Koraidon\n|-supereffective|p1b: Koraidon\n|-damage|p1b: Koraidon|33/100 brn\n|\n|-weather|SunnyDay|[upkeep]\n|-damage|p1b: Koraidon|27/100 brn|[from] brn\n|upkeep\n|turn|3\n|\n|t:|1746156372\n|switch|p2b: Amoonguss|Amoonguss, L50, M|100/100\n|move|p2a: Dragonite|Extreme Speed|p1b: Koraidon\n|-damage|p1b: Koraidon|0 fnt\n|faint|p1b: Koraidon\n|move|p1a: Ditto|Will-O-Wisp|p2a: Dragonite\n|-status|p2a: Dragonite|brn\n|\n|-weather|SunnyDay|[upkeep]\n|-damage|p2a: Dragonite|94/100 brn|[from] brn\n|upkeep\n|\n|t:|1746156385\n|switch|p1b: Calyrex|Calyrex-Shadow, L50|100/100\n|-ability|p1b: Calyrex|As One\n|-ability|p1b: Calyrex|Unnerve\n|turn|4\n|\n|t:|1746156424\n|move|p1b: Calyrex|Astral Barrage|p2b: Amoonguss|[spread] p2a,p2b\n|-crit|p2b: Amoonguss\n|-damage|p2a: Dragonite|39/100 brn\n|-damage|p2b: Amoonguss|16/100\n|-damage|p1b: Calyrex|90/100|[from] item: Life Orb\n|move|p2a: Dragonite|Aerial Ace|p1b: Calyrex\n|-damage|p1b: Calyrex|70/100\n|move|p1a: Ditto|Flare Blitz|p2b: Amoonguss\n|-supereffective|p2b: Amoonguss\n|-crit|p2b: Amoonguss\n|-damage|p2b: Amoonguss|0 fnt\n|-damage|p1a: Ditto|84/100|[from] item: Rocky Helmet|[of] p2b: Amoonguss\n|faint|p2b: Amoonguss\n|-damage|p1a: Ditto|77/100|[from] Recoil\n|\n|-weather|SunnyDay|[upkeep]\n|-damage|p2a: Dragonite|33/100 brn|[from] brn\n|upkeep\n|\n|t:|1746156435\n|switch|p2b: Incineroar|Incineroar, L50, F|8/100\n|-ability|p2b: Incineroar|Intimidate|boost\n|-unboost|p1a: Ditto|atk|1\n|-unboost|p1b: Calyrex|atk|1\n|turn|5\n|\n|t:|1746156446\n|move|p2b: Incineroar|Fake Out|p1b: Calyrex\n|-immune|p1b: Calyrex\n|move|p2a: Dragonite|Extreme Speed|p1a: Ditto\n|-damage|p1a: Ditto|60/100\n|move|p1b: Calyrex|Astral Barrage|p2b: Incineroar|[spread] p2a,p2b\n|-resisted|p2b: Incineroar\n|-damage|p2a: Dragonite|0 fnt\n|-damage|p2b: Incineroar|0 fnt\n|faint|p2a: Dragonite\n|faint|p2b: Incineroar\n|-damage|p1b: Calyrex|60/100|[from] item: Life Orb\n|\n|win|thassas oracle\n", "uploadtime": 1746156451, "views": 3, "formatid": "gen9vgc2025regibo3", "rating": null, "private": 0, "password": null}