{"id": "gen9vgc2025regibo3-2354479485", "format": "[Gen 9] VGC 2025 Reg I (Bo3)", "players": ["SlipperyDanger", "Geopocket"], "log": "|j|\u2606SlipperyDanger\n|j|\u2606Geopocket\n|html|<table width=\"100%\"><tr><td align=\"left\">SlipperyDanger</td><td align=\"right\">Geopocket</tr><tr><td align=\"left\"><i class=\"fa fa-circle\"></i> <i class=\"fa fa-circle-o\"></i> </td><td align=\"right\"><i class=\"fa fa-circle-o\"></i> <i class=\"fa fa-circle\"></i> </tr></table>\n|uhtml|bestof|<h2><strong>Game 3</strong> of <a href=\"/game-bestof3-gen9vgc2025regibo3-2354477176\">a best-of-3</a></h2>\n|t:|1746078444\n|gametype|doubles\n|player|p1|SlipperyDanger|cynthia-gen4|1283\n|player|p2|Geopocket|juan|1294\n|teamsize|p1|6\n|teamsize|p2|6\n|gen|9\n|tier|[Gen 9] VGC 2025 Reg I (Bo3)\n|rated|\n|rule|Species Clause: Limit one of each Pok\u00e9mon\n|rule|Item Clause: Limit 1 of each item\n|clearpoke\n|poke|p1|Dragonite, L50, M|\n|poke|p1|Calyrex-Shadow, L50|\n|poke|p1|Chi-Yu, L50|\n|poke|p1|Dondozo, L50, M|\n|poke|p1|Tatsugiri, L50, F|\n|poke|p1|Miraidon, L50|\n|poke|p2|Koraidon, L50|\n|poke|p2|Lunala, L50|\n|poke|p2|Raging Bolt, L50|\n|poke|p2|Chi-Yu, L50|\n|poke|p2|Flutter Mane, L50|\n|poke|p2|Brute Bonnet, L50|\n|teampreview|4\n|showteam|p1|Dragonite||ChoiceBand|InnerFocus|ExtremeSpeed,IronHead,AerialAce,Outrage|||M|||50|,,,,,Normal]Calyrex-Shadow||ChoiceSpecs|AsOneSpectrier|AstralBarrage,Psychic,ShadowBall,Trick||||||50|,,,,,Dark]Chi-Yu||FocusSash|BeadsofRuin|HeatWave,Overheat,DarkPulse,Protect||||||50|,,,,,Ghost]Dondozo||Leftovers|Unaware|WaveCrash,OrderUp,Earthquake,Protect|||M|||50|,,,,,Grass]Tatsugiri||ChoiceScarf|Commander|DracoMeteor,MuddyWater,IcyWind,SleepTalk|||F|||50|,,,,,Steel]Miraidon||AssaultVest|HadronEngine|VoltSwitch,DracoMeteor,ElectroDrift,DazzlingGleam||||||50|,,,,,Fairy\n|showteam|p2|Koraidon||LifeOrb|OrichalcumPulse|CloseCombat,FlareBlitz,FlameCharge,Protect||||||50|,,,,,Fire]Lunala||PowerHerb|ShadowShield|MoongeistBeam,MeteorBeam,TrickRoom,WideGuard||||||50|,,,,,Water]Raging Bolt||SafetyGoggles|Protosynthesis|Thunderbolt,DracoMeteor,Thunderclap,Protect||||||50|,,,,,Electric]Chi-Yu||ChoiceScarf|BeadsofRuin|HeatWave,DarkPulse,Snarl,Overheat||||||50|,,,,,Ghost]Flutter Mane||FocusSash|Protosynthesis|Moonblast,IcyWind,ShadowBall,Protect||||||50|,,,,,Normal]Brute Bonnet||CovertCloak|Protosynthesis|Spore,RagePowder,SuckerPunch,SeedBomb||||||50|,,,,,Water\n|inactive|Battle timer is ON: inactive players will automatically lose when time's up. (requested by SlipperyDanger)\n|\n|t:|1746078462\n|start\n|switch|p1a: Miraidon|Miraidon, L50|100/100\n|switch|p1b: Calyrex|Calyrex-Shadow, L50|100/100\n|switch|p2a: Koraidon|Koraidon, L50|100/100\n|switch|p2b: Flutter Mane|Flutter Mane, L50|100/100\n|-ability|p1b: Calyrex|As One\n|-ability|p1b: Calyrex|Unnerve\n|-weather|SunnyDay|[from] ability: Orichalcum Pulse|[of] p2a: Koraidon\n|-activate|p2b: Flutter Mane|ability: Protosynthesis\n|-start|p2b: Flutter Mane|protosynthesisspe\n|-activate|p2a: Koraidon|Orichalcum Pulse|[source]\n|-fieldstart|move: Electric Terrain|[from] ability: Hadron Engine|[of] p1a: Miraidon\n|turn|1\n|\n|t:|1746078479\n|-terastallize|p2a: Koraidon|Fire\n|move|p2b: Flutter Mane|Icy Wind|p1a: Miraidon|[spread] p1a,p1b\n|-supereffective|p1a: Miraidon\n|-damage|p1a: Miraidon|85/100\n|-damage|p1b: Calyrex|84/100\n|-unboost|p1a: Miraidon|spe|1\n|-unboost|p1b: Calyrex|spe|1\n|move|p2a: Koraidon|Close Combat|p1a: Miraidon\n|-damage|p1a: Miraidon|0 fnt\n|-unboost|p2a: Koraidon|def|1\n|-unboost|p2a: Koraidon|spd|1\n|faint|p1a: Miraidon\n|-damage|p2a: Koraidon|91/100|[from] item: Life Orb\n|move|p1b: Calyrex|Astral Barrage|p2a: Koraidon|[spread] p2a,p2b\n|-supereffective|p2b: Flutter Mane\n|-damage|p2a: Koraidon|0 fnt\n|-enditem|p2b: Flutter Mane|Focus Sash\n|-damage|p2b: Flutter Mane|1/100\n|faint|p2a: Koraidon\n|-ability|p1b: Calyrex|Grim Neigh|boost\n|-boost|p1b: Calyrex|spa|1\n|\n|-weather|SunnyDay|[upkeep]\n|upkeep\n|\n|t:|1746078500\n|switch|p2a: Chi-Yu|Chi-Yu, L50|100/100\n|switch|p1a: Dondozo|Dondozo, L50, M|100/100\n|-ability|p2a: Chi-Yu|Beads of Ruin\n|turn|2\n|\n|t:|1746078507\n|switch|p2a: Raging Bolt|Raging Bolt, L50|100/100\n|-activate|p2a: Raging Bolt|ability: Protosynthesis\n|-start|p2a: Raging Bolt|protosynthesisspa\n|switch|p1b: Tatsugiri|Tatsugiri, L50, F|100/100\n|-activate|p1b: Tatsugiri|ability: Commander|[of] p1a: Dondozo\n|-boost|p1a: Dondozo|atk|2\n|-boost|p1a: Dondozo|spa|2\n|-boost|p1a: Dondozo|spe|2\n|-boost|p1a: Dondozo|def|2\n|-boost|p1a: Dondozo|spd|2\n|move|p2b: Flutter Mane|Moonblast|p1b: Tatsugiri|[miss]\n|-miss|p2b: Flutter Mane|p1b: Tatsugiri\n|move|p1a: Dondozo|Earthquake|p2a: Raging Bolt|[spread] p2a,p2b\n|-miss|p1a: Dondozo|p1b: Tatsugiri\n|-supereffective|p2a: Raging Bolt\n|-damage|p2a: Raging Bolt|40/100\n|-damage|p2b: Flutter Mane|0 fnt\n|faint|p2b: Flutter Mane\n|-end|p2b: Flutter Mane|Protosynthesis|[silent]\n|\n|-weather|SunnyDay|[upkeep]\n|upkeep\n|\n|t:|1746078525\n|switch|p2b: Chi-Yu|Chi-Yu, L50|100/100\n|-ability|p2b: Chi-Yu|Beads of Ruin\n|turn|3\n|\n|t:|1746078530\n|move|p2a: Raging Bolt|Thunderclap|p1a: Dondozo\n|-supereffective|p1a: Dondozo\n|-damage|p1a: Dondozo|10/100\n|move|p2b: Chi-Yu|Heat Wave|p1a: Dondozo|[spread] p1a\n|-miss|p2b: Chi-Yu|p1b: Tatsugiri\n|-resisted|p1a: Dondozo\n|-damage|p1a: Dondozo|0 fnt\n|faint|p1a: Dondozo\n|\n|-weather|SunnyDay|[upkeep]\n|upkeep\n|\n|t:|1746078536\n|switch|p1a: Calyrex|Calyrex-Shadow, L50|84/100\n|-ability|p1a: Calyrex|As One\n|-ability|p1a: Calyrex|Unnerve\n|turn|4\n|inactive|SlipperyDanger has 30 seconds left.\n|inactive|SlipperyDanger has 20 seconds left.\n|inactive|SlipperyDanger has 15 seconds left.\n|\n|t:|1746078579\n|move|p2a: Raging Bolt|Thunderclap|p1b: Tatsugiri\n|-damage|p1b: Tatsugiri|0 fnt\n|faint|p1b: Tatsugiri\n|move|p2b: Chi-Yu|Heat Wave|p1a: Calyrex|[miss]\n|-miss|p2b: Chi-Yu|p1a: Calyrex\n|move|p1a: Calyrex|Astral Barrage|p2a: Raging Bolt|[spread] p2a,p2b\n|-resisted|p2b: Chi-Yu\n|-damage|p2a: Raging Bolt|0 fnt\n|-damage|p2b: Chi-Yu|49/100\n|faint|p2a: Raging Bolt\n|-end|p2a: Raging Bolt|Protosynthesis|[silent]\n|-ability|p1a: Calyrex|Grim Neigh|boost\n|-boost|p1a: Calyrex|spa|1\n|\n|-weather|SunnyDay|[upkeep]\n|upkeep\n|turn|5\n|inactive|SlipperyDanger has 30 seconds left.\n|inactive|SlipperyDanger has 20 seconds left.\n|inactive|SlipperyDanger has 15 seconds left.\n|\n|t:|1746078620\n|-terastallize|p1a: Calyrex|Dark\n|move|p2b: Chi-Yu|Heat Wave|p1a: Calyrex\n|-damage|p1a: Calyrex|0 fnt\n|faint|p1a: Calyrex\n|\n|win|Geopocket\n|raw|SlipperyDanger's rating: 1283 &rarr; <strong>1259</strong><br />(-24 for losing)\n|raw|Geopocket's rating: 1294 &rarr; <strong>1318</strong><br />(+24 for winning)\n|c|\u2606SlipperyDanger|Gg\n|c|\u2606Geopocket|GG\n|l|\u2606SlipperyDanger\n|player|p1|\n", "uploadtime": 1746078661, "views": 8, "formatid": "gen9vgc2025regibo3", "rating": 1259, "private": 0, "password": null}