{"id": "gen9vgc2025regibo3-2354817993", "format": "[Gen 9] VGC 2025 Reg I (Bo3)", "players": ["atarka511", "iiFWM"], "log": "|j|\u2606atarka511\n|j|\u2606iiFWM\n|html|<table width=\"100%\"><tr><td align=\"left\">atarka511</td><td align=\"right\">iiFWM</tr><tr><td align=\"left\"><i class=\"fa fa-circle-o\"></i> <i class=\"fa fa-circle-o\"></i> </td><td align=\"right\"><i class=\"fa fa-circle-o\"></i> <i class=\"fa fa-circle-o\"></i> </tr></table>\n|uhtml|bestof|<h2><strong>Game 1</strong> of <a href=\"/game-bestof3-gen9vgc2025regibo3-2354817991\">a best-of-3</a></h2>\n|t:|1746122376\n|gametype|doubles\n|player|p1|atarka511|volkner|1177\n|player|p2|iiFWM|cyrus|1229\n|teamsize|p1|6\n|teamsize|p2|6\n|gen|9\n|tier|[Gen 9] VGC 2025 Reg I (Bo3)\n|rated|\n|rule|Species Clause: Limit one of each Pok\u00e9mon\n|rule|Item Clause: Limit 1 of each item\n|clearpoke\n|poke|p1|Terapagos, L50, M|\n|poke|p1|Zacian-*, L50|\n|poke|p1|Heatran, L50, F|\n|poke|p1|Flutter Mane, L50|\n|poke|p1|Rillaboom, L50, M|\n|poke|p1|Chi-Yu, L50|\n|poke|p2|Miraidon, L50|\n|poke|p2|Ho-Oh, L50|\n|poke|p2|Iron Treads, L50|\n|poke|p2|Iron Hands, L50|\n|poke|p2|Farigiraf, L50, M|\n|poke|p2|Chien-Pao, L50|\n|teampreview|4\n|showteam|p1|Terapagos||ChoiceSpecs|TeraShift|EarthPower,DarkPulse,TeraStarstorm,IceBeam|||M|||50|,,,,,Stellar]Zacian-Crowned||RustedSword|IntrepidSword|behemothblade,CloseCombat,PlayRough,Protect||||||50|,,,,,Fire]Heatran||Leftovers|FlashFire|TeraBlast,Protect,MagmaStorm,EarthPower|||F|||50|,,,,,Fairy]Flutter Mane||BoosterEnergy|Protosynthesis|ShadowBall,IcyWind,Moonblast,Protect||||||50|,,,,,Normal]Rillaboom||AssaultVest|GrassySurge|FakeOut,WoodHammer,GrassyGlide,Uturn|||M|||50|,,,,,Fire]Chi-Yu||ChoiceScarf|BeadsofRuin|DarkPulse,HeatWave,Snarl,Overheat||||||50|,,,,,Ghost\n|showteam|p2|Miraidon||ChoiceSpecs|HadronEngine|ElectroDrift,DracoMeteor,DazzlingGleam,VoltSwitch||||||50|,,,,,Fairy]Ho-Oh||ClearAmulet|Regenerator|Tailwind,SacredFire,BraveBird,Protect||||||50|,,,,,Grass]Iron Treads||ChoiceBand|QuarkDrive|SteelRoller,IronHead,HighHorsepower,Earthquake||||||50|,,,,,Ghost]Iron Hands||AssaultVest|QuarkDrive|DrainPunch,FakeOut,LowKick,HeavySlam||||||50|,,,,,Water]Farigiraf||ElectricSeed|ArmorTail|Roar,Psychic,TrickRoom,HelpingHand|||M|||50|,,,,,Water]Chien-Pao||FocusSash|SwordofRuin|IcicleCrash,Crunch,SuckerPunch,Protect||||||50|,,,,,Stellar\n|inactive|Battle timer is ON: inactive players will automatically lose when time's up. (requested by iiFWM)\n|\n|t:|1746122398\n|start\n|switch|p1a: Zacian|Zacian-Crowned, L50|100/100\n|switch|p1b: Flutter Mane|Flutter Mane, L50|100/100\n|switch|p2a: Ho-Oh|Ho-Oh, L50|100/100\n|switch|p2b: Miraidon|Miraidon, L50|100/100\n|-ability|p1a: Zacian|Intrepid Sword|boost\n|-boost|p1a: Zacian|atk|1\n|-fieldstart|move: Electric Terrain|[from] ability: Hadron Engine|[of] p2b: Miraidon\n|-enditem|p1b: Flutter Mane|Booster Energy\n|-activate|p1b: Flutter Mane|ability: Protosynthesis|[fromitem]\n|-start|p1b: Flutter Mane|protosynthesisspe\n|turn|1\n|inactive|iiFWM has 30 seconds left.\n|\n|t:|1746122429\n|switch|p2b: Farigiraf|Farigiraf, L50, M|100/100\n|-enditem|p2b: Farigiraf|Electric Seed\n|-boost|p2b: Farigiraf|def|1|[from] item: Electric Seed\n|move|p1b: Flutter Mane|Icy Wind|p2b: Farigiraf|[spread] p2a,p2b\n|-damage|p2a: Ho-Oh|93/100\n|-damage|p2b: Farigiraf|86/100\n|-unboost|p2b: Farigiraf|spe|1\n|move|p1a: Zacian|Behemoth Blade|p2b: Farigiraf\n|-damage|p2b: Farigiraf|47/100\n|move|p2a: Ho-Oh|Tailwind|p2a: Ho-Oh\n|-sidestart|p2: iiFWM|move: Tailwind\n|\n|upkeep\n|turn|2\n|\n|t:|1746122449\n|move|p1a: Zacian|Protect|p1a: Zacian\n|-singleturn|p1a: Zacian|Protect\n|move|p1b: Flutter Mane|Shadow Ball|p2a: Ho-Oh\n|-damage|p2a: Ho-Oh|67/100\n|move|p2a: Ho-Oh|Sacred Fire|p1a: Zacian\n|-activate|p1a: Zacian|move: Protect\n|move|p2b: Farigiraf|Psychic|p1b: Flutter Mane\n|-damage|p1b: Flutter Mane|65/100\n|\n|upkeep\n|turn|3\n|\n|t:|1746122474\n|-terastallize|p1a: Zacian|Fire\n|move|p2b: Farigiraf|Helping Hand|p2a: Ho-Oh\n|-singleturn|p2a: Ho-Oh|Helping Hand|[of] p2b: Farigiraf\n|move|p1b: Flutter Mane|Shadow Ball|p2a: Ho-Oh\n|-damage|p2a: Ho-Oh|42/100\n|move|p2a: Ho-Oh|Sacred Fire|p1a: Zacian\n|-resisted|p1a: Zacian\n|-damage|p1a: Zacian|70/100\n|move|p1a: Zacian|Behemoth Blade|p2a: Ho-Oh\n|-resisted|p2a: Ho-Oh\n|-damage|p2a: Ho-Oh|14/100\n|\n|upkeep\n|turn|4\n|\n|t:|1746122494\n|move|p2a: Ho-Oh|Protect|p2a: Ho-Oh\n|-singleturn|p2a: Ho-Oh|Protect\n|move|p1b: Flutter Mane|Shadow Ball|p2a: Ho-Oh\n|-activate|p2a: Ho-Oh|move: Protect\n|move|p1a: Zacian|Behemoth Blade|p2b: Farigiraf\n|-damage|p2b: Farigiraf|6/100\n|move|p2b: Farigiraf|Trick Room|p2b: Farigiraf\n|-fieldstart|move: Trick Room|[of] p2b: Farigiraf\n|\n|-sideend|p2: iiFWM|move: Tailwind\n|upkeep\n|turn|5\n|\n|t:|1746122514\n|move|p1b: Flutter Mane|Protect|p1b: Flutter Mane\n|-singleturn|p1b: Flutter Mane|Protect\n|move|p2b: Farigiraf|Psychic|p1a: Zacian\n|-damage|p1a: Zacian|39/100\n|move|p2a: Ho-Oh|Sacred Fire|p1b: Flutter Mane\n|-activate|p1b: Flutter Mane|move: Protect\n|move|p1a: Zacian|Play Rough|p2a: Ho-Oh\n|-resisted|p2a: Ho-Oh\n|-damage|p2a: Ho-Oh|0 fnt\n|faint|p2a: Ho-Oh\n|\n|-fieldend|move: Electric Terrain\n|upkeep\n|inactive|iiFWM has 30 seconds left.\n|inactive|iiFWM has 20 seconds left.\n|\n|t:|1746122553\n|switch|p2a: Miraidon|Miraidon, L50|100/100\n|-fieldstart|move: Electric Terrain|[from] ability: Hadron Engine|[of] p2a: Miraidon\n|turn|6\n|\n|t:|1746122571\n|-end|p1b: Flutter Mane|Protosynthesis|[silent]\n|switch|p1b: Rillaboom|Rillaboom, L50, M|100/100\n|-fieldstart|move: Grassy Terrain|[from] ability: Grassy Surge|[of] p1b: Rillaboom\n|-terastallize|p2a: Miraidon|Fairy\n|move|p1a: Zacian|Protect|p1a: Zacian\n|-singleturn|p1a: Zacian|Protect\n|move|p2b: Farigiraf|Psychic|p1a: Zacian\n|-activate|p1a: Zacian|move: Protect\n|move|p2a: Miraidon|Dazzling Gleam|p1a: Zacian|[spread] p1b\n|-activate|p1a: Zacian|move: Protect\n|-damage|p1b: Rillaboom|62/100\n|\n|-heal|p2b: Farigiraf|13/100|[from] Grassy Terrain\n|-heal|p1b: Rillaboom|68/100|[from] Grassy Terrain\n|-heal|p1a: Zacian|45/100|[from] Grassy Terrain\n|upkeep\n|turn|7\n|\n|t:|1746122593\n|switch|p2a: Iron Hands|Iron Hands, L50|100/100\n|move|p2b: Farigiraf|Psychic|p1a: Zacian\n|-damage|p1a: Zacian|13/100\n|move|p1b: Rillaboom|Wood Hammer|p2a: Iron Hands\n|-damage|p2a: Iron Hands|44/100\n|-damage|p1b: Rillaboom|45/100|[from] Recoil\n|move|p1a: Zacian|Play Rough|p2b: Farigiraf\n|-damage|p2b: Farigiraf|0 fnt\n|faint|p2b: Farigiraf\n|\n|-heal|p2a: Iron Hands|50/100|[from] Grassy Terrain\n|-heal|p1b: Rillaboom|51/100|[from] Grassy Terrain\n|-heal|p1a: Zacian|19/100|[from] Grassy Terrain\n|upkeep\n|\n|t:|1746122604\n|switch|p2b: Miraidon|Miraidon, L50, tera:Fairy|100/100\n|-fieldstart|move: Electric Terrain|[from] ability: Hadron Engine|[of] p2b: Miraidon\n|-activate|p2a: Iron Hands|ability: Quark Drive\n|-start|p2a: Iron Hands|quarkdriveatk\n|turn|8\n|\n|t:|1746122610\n|switch|p1b: Flutter Mane|Flutter Mane, L50|65/100\n|move|p1a: Zacian|Protect|p1a: Zacian\n|-singleturn|p1a: Zacian|Protect\n|move|p2a: Iron Hands|Fake Out|p1b: Flutter Mane\n|-immune|p1b: Flutter Mane\n|move|p2b: Miraidon|Electro Drift|p1a: Zacian\n|-activate|p1a: Zacian|move: Protect\n|\n|-fieldend|move: Trick Room\n|upkeep\n|turn|9\n|-message|iiFWM forfeited.\n|\n|win|atarka511\n|l|\u2606iiFWM\n|player|p2|\n||iiFWM is ready for game 2.\n||atarka511 is ready for game 2.\n|uhtml|next|Next: <a href=\"/battle-gen9vgc2025regibo3-2354820828\"><strong>Game 2 of 3</strong></a>\n|l|\u2606atarka511\n|player|p1|\n", "uploadtime": 1746122896, "views": 5, "formatid": "gen9vgc2025regibo3", "rating": null, "private": 0, "password": null}