{"id": "gen9vgc2025regibo3-2353851396", "format": "[Gen 9] VGC 2025 Reg I (Bo3)", "players": ["bertcamem", "Jwwt"], "log": "|j|\u2606bertcamem\n|j|\u2606Jwwt\n|html|<table width=\"100%\"><tr><td align=\"left\">bertcamem</td><td align=\"right\">Jwwt</tr><tr><td align=\"left\"><i class=\"fa fa-circle-o\"></i> <i class=\"fa fa-circle-o\"></i> </td><td align=\"right\"><i class=\"fa fa-circle-o\"></i> <i class=\"fa fa-circle-o\"></i> </tr></table>\n|uhtml|bestof|<h2><strong>Game 1</strong> of <a href=\"/game-bestof3-gen9vgc2025regibo3-2353851395\">a best-of-3</a></h2>\n|t:|1746010282\n|gametype|doubles\n|player|p1|bertcamem|169|1166\n|player|p2|Jwwt|waitress-gen4|1109\n|teamsize|p1|6\n|teamsize|p2|6\n|gen|9\n|tier|[Gen 9] VGC 2025 Reg I (Bo3)\n|rated|\n|rule|Species Clause: Limit one of each Pok\u00e9mon\n|rule|Item Clause: Limit 1 of each item\n|clearpoke\n|poke|p1|Koraidon, L50|\n|poke|p1|Ho-Oh, L50|\n|poke|p1|Gurdurr, L50, M|\n|poke|p1|Flutter Mane, L50|\n|poke|p1|Rillaboom, L50, M|\n|poke|p1|Raging Bolt, L50|\n|poke|p2|Kyogre, L50|\n|poke|p2|Overqwil, L50, M|\n|poke|p2|Urshifu-*, L50, F|\n|poke|p2|Indeedee-F, L50, F|\n|poke|p2|Terapagos, L50, M|\n|poke|p2|Landorus, L50, M|\n|teampreview|4\n|showteam|p1|Koraidon||LifeOrb|OrichalcumPulse|FlareBlitz,CloseCombat,Protect,Uturn||||||50|,,,,,Fire]Ho-Oh||ClearAmulet|Regenerator|SacredFire,BraveBird,Protect,Tailwind||||||50|,,,,,Grass]Gurdurr||Eviolite|IronFist|DrainPunch,Coaching,WideGuard,HelpingHand|||M|||50|,,,,,Water]Flutter Mane||FocusSash|Protosynthesis|Moonblast,ShadowBall,Taunt,IcyWind||||||50|,,,,,Normal]Rillaboom||AssaultVest|GrassySurge|FakeOut,GrassyGlide,HighHorsepower,Uturn|||M|||50|,,,,,Fire]Raging Bolt||BoosterEnergy|Protosynthesis|Protect,Thunderclap,Thunderbolt,DracoMeteor||||||50|,,,,,Fairy\n|showteam|p2|Kyogre||SitrusBerry|Drizzle|OriginPulse,CalmMind,IceBeam,Protect||||||50|,,,,,Grass]Overqwil||CovertCloak|SwiftSwim|Acupressure,DestinyBond,PoisonJab,Taunt|||M|||50|,,,,,Fairy]Urshifu-Rapid-Strike||ChoiceScarf|UnseenFist|SurgingStrikes,AquaJet,CloseCombat,Uturn|||F|||50|,,,,,Water]Indeedee-F||PsychicSeed|PsychicSurge|HealPulse,FollowMe,TrickRoom,Psychic|||F|||50|,,,,,Grass]Terapagos||Leftovers|TeraShift|CalmMind,TeraStarstorm,Protect,Substitute|||M|||50|,,,,,Stellar]Landorus||LifeOrb|SheerForce|SandsearStorm,EarthPower,SludgeBomb,Protect|||M|||50|,,,,,Poison\n|inactive|Battle timer is ON: inactive players will automatically lose when time's up. (requested by bertcamem)\n|\n|t:|1746010310\n|start\n|switch|p1a: Emperor|Ho-Oh, L50|100/100\n|switch|p1b: Magician|Flutter Mane, L50|100/100\n|switch|p2a: Sea slug|Kyogre, L50|100/100\n|switch|p2b: Terapagos|Terapagos, L50, M|100/100\n|-activate|p2b: Terapagos|ability: Tera Shift\n|detailschange|p2b: Terapagos|Terapagos-Terastal, L50, M\n|-heal|p2b: Terapagos|100/100|[silent]\n|-weather|RainDance|[from] ability: Drizzle|[of] p2a: Sea slug\n|turn|1\n|\n|t:|1746010321\n|switch|p2a: Overqwil|Overqwil, L50, M|100/100\n|switch|p1a: Sun|Koraidon, L50|100/100\n|-weather|SunnyDay|[from] ability: Orichalcum Pulse|[of] p1a: Sun\n|-activate|p1b: Magician|ability: Protosynthesis\n|-start|p1b: Magician|protosynthesisspe\n|-activate|p1a: Sun|Orichalcum Pulse|[source]\n|move|p1b: Magician|Taunt|p2b: Terapagos\n|-start|p2b: Terapagos|move: Taunt\n|cant|p2b: Terapagos|move: Taunt|Calm Mind\n|\n|-weather|SunnyDay|[upkeep]\n|upkeep\n|turn|2\n|\n|t:|1746010339\n|switch|p2b: Sea slug|Kyogre, L50|100/100\n|-weather|RainDance|[from] ability: Drizzle|[of] p2b: Sea slug\n|-end|p1b: Magician|Protosynthesis\n|move|p2a: Overqwil|Acupressure|p2b: Sea slug\n|-boost|p2b: Sea slug|spd|2\n|move|p1b: Magician|Taunt|p2a: Overqwil\n|-start|p2a: Overqwil|move: Taunt\n|move|p1a: Sun|U-turn|p2b: Sea slug\n|-crit|p2b: Sea slug\n|-damage|p2b: Sea slug|63/100\n|-damage|p1a: Sun|91/100|[from] item: Life Orb\n|\n|t:|1746010343\n|switch|p1a: Tower|Raging Bolt, L50|100/100|[from] U-turn\n|-enditem|p1a: Tower|Booster Energy\n|-activate|p1a: Tower|ability: Protosynthesis|[fromitem]\n|-start|p1a: Tower|protosynthesisspa\n|\n|-weather|RainDance|[upkeep]\n|upkeep\n|turn|3\n|\n|t:|1746010367\n|switch|p2a: Nurse|Indeedee-F, L50, F|100/100\n|-fieldstart|move: Psychic Terrain|[from] ability: Psychic Surge|[of] p2a: Nurse\n|-enditem|p2a: Nurse|Psychic Seed\n|-boost|p2a: Nurse|spd|1|[from] item: Psychic Seed\n|-end|p1b: Magician|Protosynthesis|[silent]\n|switch|p1b: Sun|Koraidon, L50|91/100\n|-weather|SunnyDay|[from] ability: Orichalcum Pulse|[of] p1b: Sun\n|-activate|p1b: Sun|Orichalcum Pulse|[source]\n|move|p2b: Sea slug|Calm Mind|p2b: Sea slug\n|-boost|p2b: Sea slug|spa|1\n|-boost|p2b: Sea slug|spd|1\n|move|p1a: Tower|Thunderbolt|p2a: Nurse\n|-damage|p2a: Nurse|59/100\n|\n|-weather|SunnyDay|[upkeep]\n|upkeep\n|turn|4\n|\n|t:|1746010391\n|move|p2b: Sea slug|Protect|p2b: Sea slug\n|-singleturn|p2b: Sea slug|Protect\n|move|p1b: Sun|Close Combat|p2b: Sea slug\n|-activate|p2b: Sea slug|move: Protect\n|move|p1a: Tower|Draco Meteor|p2a: Nurse\n|-damage|p2a: Nurse|0 fnt\n|-unboost|p1a: Tower|spa|2\n|faint|p2a: Nurse\n|\n|-weather|SunnyDay|[upkeep]\n|upkeep\n|\n|t:|1746010400\n|switch|p2a: Terapagos|Terapagos-Terastal, L50, M|100/100\n|turn|5\n|\n|t:|1746010410\n|-end|p1a: Tower|Protosynthesis|[silent]\n|switch|p1a: Magician|Flutter Mane, L50|100/100\n|-activate|p1a: Magician|ability: Protosynthesis\n|-start|p1a: Magician|protosynthesisspe\n|-terastallize|p2a: Terapagos|Stellar\n|detailschange|p2a: Terapagos|Terapagos-Stellar, L50, M, tera:Stellar\n|-heal|p2a: Terapagos|100/100|[silent]\n|-ability|p2a: Terapagos|Teraform Zero\n|-weather|none\n|-end|p1a: Magician|Protosynthesis\n|-fieldend|move: Psychic Terrain\n|move|p2a: Terapagos|Protect|p2a: Terapagos\n|-singleturn|p2a: Terapagos|Protect\n|move|p1b: Sun|Close Combat|p2b: Sea slug\n|-damage|p2b: Sea slug|0 fnt\n|-unboost|p1b: Sun|def|1\n|-unboost|p1b: Sun|spd|1\n|faint|p2b: Sea slug\n|-damage|p1b: Sun|81/100|[from] item: Life Orb\n|\n|upkeep\n|\n|t:|1746010425\n|switch|p2b: Overqwil|Overqwil, L50, M|100/100\n|turn|6\n|\n|t:|1746010433\n|move|p1a: Magician|Taunt|p2b: Overqwil\n|-start|p2b: Overqwil|move: Taunt\n|move|p1b: Sun|U-turn|p2a: Terapagos\n|-damage|p2a: Terapagos|80/100\n|-damage|p1b: Sun|72/100|[from] item: Life Orb\n|\n|t:|1746010437\n|switch|p1b: Emperor|Ho-Oh, L50|100/100|[from] U-turn\n|cant|p2b: Overqwil|move: Taunt|Acupressure\n|move|p2a: Terapagos|Tera Starstorm|p1a: Magician|[spread] p1a,p1b\n|-crit|p1b: Emperor\n|-damage|p1a: Magician|59/100\n|-damage|p1b: Emperor|67/100\n|\n|-heal|p2a: Terapagos|86/100|[from] item: Leftovers\n|upkeep\n|turn|7\n|\n|t:|1746010450\n|move|p2a: Terapagos|Protect|p2a: Terapagos\n|-singleturn|p2a: Terapagos|Protect\n|move|p1a: Magician|Taunt|p2a: Terapagos\n|-activate|p2a: Terapagos|move: Protect\n|move|p2b: Overqwil|Poison Jab|p1a: Magician\n|-damage|p1a: Magician|0 fnt\n|faint|p1a: Magician\n|-end|p1a: Magician|Protosynthesis|[silent]\n|move|p1b: Emperor|Sacred Fire|p2b: Overqwil\n|-damage|p2b: Overqwil|52/100\n|\n|-heal|p2a: Terapagos|92/100|[from] item: Leftovers\n|upkeep\n|\n|t:|1746010453\n|switch|p1a: Sun|Koraidon, L50|72/100\n|-weather|SunnyDay|[from] ability: Orichalcum Pulse|[of] p1a: Sun\n|-activate|p1a: Sun|Orichalcum Pulse|[source]\n|turn|8\n|\n|t:|1746010464\n|move|p1a: Sun|Close Combat|p2a: Terapagos\n|-supereffective|p2a: Terapagos\n|-damage|p2a: Terapagos|0 fnt\n|-unboost|p1a: Sun|def|1\n|-unboost|p1a: Sun|spd|1\n|faint|p2a: Terapagos\n|-damage|p1a: Sun|62/100|[from] item: Life Orb\n|move|p2b: Overqwil|Poison Jab|p1a: Sun\n|-damage|p1a: Sun|23/100\n|move|p1b: Emperor|Brave Bird|p2b: Overqwil\n|-damage|p2b: Overqwil|0 fnt\n|faint|p2b: Overqwil\n|-damage|p1b: Emperor|52/100|[from] Recoil\n|\n|win|bertcamem\n||bertcamem is ready for game 2.\n||Jwwt is ready for game 2.\n|uhtml|next|Next: <a href=\"/battle-gen9vgc2025regibo3-2353852637\"><strong>Game 2 of 3</strong></a>\n|l|\u2606Jwwt\n|player|p2|\n|l|\u2606bertcamem\n|player|p1|\n", "uploadtime": 1746010827, "views": 6, "formatid": "gen9vgc2025regibo3", "rating": null, "private": 0, "password": null}