{"id": "gen9vgc2025regibo3-2353860880", "format": "[Gen 9] VGC 2025 Reg I (Bo3)", "players": ["Edozeg", "bigpezzy3"], "log": "|j|\u2606Edozeg\n|j|\u2606bigpezzy3\n|html|<table width=\"100%\"><tr><td align=\"left\">Edozeg</td><td align=\"right\">bigpezzy3</tr><tr><td align=\"left\"><i class=\"fa fa-circle\"></i> <i class=\"fa fa-circle-o\"></i> </td><td align=\"right\"><i class=\"fa fa-circle-o\"></i> <i class=\"fa fa-circle-o\"></i> </tr></table>\n|uhtml|bestof|<h2><strong>Game 2</strong> of <a href=\"/game-bestof3-gen9vgc2025regibo3-2353858489\">a best-of-3</a></h2>\n|t:|1746011654\n|gametype|doubles\n|player|p1|Edozeg|grimsley|1051\n|player|p2|bigpezzy3|roark|1127\n|teamsize|p1|6\n|teamsize|p2|6\n|gen|9\n|tier|[Gen 9] VGC 2025 Reg I (Bo3)\n|rated|\n|rule|Species Clause: Limit one of each Pok\u00e9mon\n|rule|Item Clause: Limit 1 of each item\n|clearpoke\n|poke|p1|Kyogre, L50|\n|poke|p1|Zamazenta-*, L50|\n|poke|p1|Indeedee-F, L50, F|\n|poke|p1|Dragapult, L50, M|\n|poke|p1|Chien-Pao, L50|\n|poke|p1|Incineroar, L50, M|\n|poke|p2|Calyrex-Shadow, L50|\n|poke|p2|Koraidon, L50|\n|poke|p2|Chi-Yu, L50|\n|poke|p2|Whimsicott, L50, M|\n|poke|p2|Ogerpon-Cornerstone, L50, F|\n|poke|p2|Raging Bolt, L50|\n|teampreview|4\n|showteam|p1|Kyogre||ChoiceScarf|Drizzle|WaterSpout,IceBeam,OriginPulse,HydroPump||||||50|,,,,,Grass]Zamazenta-Crowned||RustedShield|DauntlessShield|BodyPress,HeavySlam,WideGuard,Protect||||||50|,,,,,Dragon]Indeedee-F||PsychicSeed|PsychicSurge|TrickRoom,FollowMe,HelpingHand,Imprison|||F|||50|,,,,,Fairy]Dragapult||FocusSash|ClearBody|PhantomForce,DragonDarts,DragonDance,Protect|||M|||50|,,,,,Normal]Chien-Pao||ClearAmulet|SwordofRuin|SuckerPunch,ThroatChop,SacredSword,Protect||||||50|,,,,,Stellar]Incineroar||RockyHelmet|Intimidate|Taunt,FakeOut,PartingShot,KnockOff|||M|||50|,,,,,Grass\n|showteam|p2|Calyrex-Shadow||FocusSash|AsOneSpectrier|AstralBarrage,Psychic,WillOWisp,Protect||||||50|,,,,,Normal]Koraidon||LifeOrb|OrichalcumPulse|CloseCombat,FlareBlitz,FlameCharge,Protect||||||50|,,,,,Fire]Chi-Yu||ChoiceScarf|BeadsofRuin|DarkPulse,HeatWave,Overheat,Snarl||||||50|,,,,,Ghost]Whimsicott||CovertCloak|Prankster|HelpingHand,Moonblast,Tailwind,Encore|||M|||50|,,,,,Dark]Ogerpon-Cornerstone||CornerstoneMask|Sturdy|FollowMe,IvyCudgel,SpikyShield,PowerWhip|||F|||50|,,,,,Rock]Raging Bolt||ChoiceSpecs|Protosynthesis|DracoMeteor,Thunderclap,Thunderbolt,VoltSwitch||||||50|,,,,,Electric\n|inactive|Battle timer is ON: inactive players will automatically lose when time's up. (requested by bigpezzy3)\n|inactive|bigpezzy3 has 60 seconds left.\n|\n|t:|1746011690\n|start\n|switch|p1a: Zamazenta|Zamazenta-Crowned, L50|100/100\n|switch|p1b: Dragapult|Dragapult, L50, M|100/100\n|switch|p2a: Mini|Raging Bolt, L50|100/100\n|switch|p2b: Horse Girl|Calyrex-Shadow, L50|100/100\n|-ability|p2b: Horse Girl|As One\n|-ability|p2b: Horse Girl|Unnerve\n|-ability|p1a: Zamazenta|Dauntless Shield|boost\n|-boost|p1a: Zamazenta|def|1\n|turn|1\n|inactive|Edozeg has 30 seconds left.\n|inactive|bigpezzy3 has 30 seconds left.\n|\n|t:|1746011720\n|move|p1a: Zamazenta|Wide Guard|p1a: Zamazenta\n|-singleturn|p1a: Zamazenta|Wide Guard\n|move|p2b: Horse Girl|Astral Barrage|p1b: Dragapult|[spread] \n|-activate|p1a: Zamazenta|move: Wide Guard\n|-activate|p1b: Dragapult|move: Wide Guard\n|move|p1b: Dragapult|Phantom Force||[still]\n|-prepare|p1b: Dragapult|Phantom Force\n|move|p2a: Mini|Volt Switch|p1b: Dragapult|[miss]\n|-miss|p2a: Mini|p1b: Dragapult\n|\n|upkeep\n|turn|2\n|inactive|bigpezzy3 has 30 seconds left.\n|\n|t:|1746011752\n|-terastallize|p2b: Horse Girl|Normal\n|move|p2b: Horse Girl|Will-O-Wisp|p1a: Zamazenta\n|-status|p1a: Zamazenta|brn\n|move|p1b: Dragapult|Phantom Force|p2b: Horse Girl|[from] lockedmove\n|-immune|p2b: Horse Girl\n|move|p1a: Zamazenta|Body Press|p2b: Horse Girl\n|-supereffective|p2b: Horse Girl\n|-damage|p2b: Horse Girl|20/100\n|move|p2a: Mini|Volt Switch|p1a: Zamazenta\n|-damage|p1a: Zamazenta|55/100 brn\n|\n|t:|1746011772\n|-end|p2a: Mini|Protosynthesis|[silent]\n|switch|p2a: Sun Bike|Koraidon, L50|100/100|[from] Volt Switch\n|-weather|SunnyDay|[from] ability: Orichalcum Pulse|[of] p2a: Sun Bike\n|-activate|p2a: Sun Bike|Orichalcum Pulse|[source]\n|\n|-weather|SunnyDay|[upkeep]\n|-damage|p1a: Zamazenta|49/100 brn|[from] brn\n|upkeep\n|turn|3\n|inactive|bigpezzy3 has 30 seconds left.\n|\n|t:|1746011797\n|move|p1b: Dragapult|Protect|p1b: Dragapult\n|-singleturn|p1b: Dragapult|Protect\n|move|p2b: Horse Girl|Astral Barrage|p1a: Zamazenta|[spread] p1a\n|-activate|p1b: Dragapult|move: Protect\n|-damage|p1a: Zamazenta|5/100 brn\n|move|p2a: Sun Bike|Close Combat|p1a: Zamazenta\n|-supereffective|p1a: Zamazenta\n|-damage|p1a: Zamazenta|0 fnt\n|-unboost|p2a: Sun Bike|def|1\n|-unboost|p2a: Sun Bike|spd|1\n|faint|p1a: Zamazenta\n|-damage|p2a: Sun Bike|91/100|[from] item: Life Orb\n|\n|-weather|SunnyDay|[upkeep]\n|upkeep\n|\n|t:|1746011805\n|switch|p1a: Kyogre|Kyogre, L50|100/100\n|-weather|RainDance|[from] ability: Drizzle|[of] p1a: Kyogre\n|turn|4\n|inactive|bigpezzy3 has 30 seconds left.\n|inactive|bigpezzy3 has 20 seconds left.\n|\n|t:|1746011843\n|switch|p2a: Mini|Raging Bolt, L50|100/100\n|move|p2b: Horse Girl|Protect|p2b: Horse Girl\n|-singleturn|p2b: Horse Girl|Protect\n|move|p1a: Kyogre|Water Spout|p2b: Horse Girl|[spread] p2a\n|-activate|p2b: Horse Girl|move: Protect\n|-resisted|p2a: Mini\n|-damage|p2a: Mini|52/100\n|move|p1b: Dragapult|Dragon Dance|p1b: Dragapult\n|-boost|p1b: Dragapult|atk|1\n|-boost|p1b: Dragapult|spe|1\n|\n|-weather|RainDance|[upkeep]\n|upkeep\n|turn|5\n|\n|t:|1746011868\n|switch|p1a: Indeedee|Indeedee-F, L50, F|100/100\n|-fieldstart|move: Psychic Terrain|[from] ability: Psychic Surge|[of] p1a: Indeedee\n|-enditem|p1a: Indeedee|Psychic Seed\n|-boost|p1a: Indeedee|spd|1|[from] item: Psychic Seed\n|move|p2a: Mini|Thunderclap||[still]\n|-fail|p2a: Mini\n|move|p1b: Dragapult|Dragon Darts|p2a: Mini\n|-supereffective|p2a: Mini\n|-damage|p2a: Mini|0 fnt\n|-anim|p1b: Dragapult|Dragon Darts|p2b: Horse Girl\n|-damage|p2b: Horse Girl|0 fnt\n|faint|p2a: Mini\n|-end|p2a: Mini|Protosynthesis|[silent]\n|faint|p2b: Horse Girl\n|\n|-weather|RainDance|[upkeep]\n|upkeep\n|\n|t:|1746011883\n|switch|p2b: Leafy Bonk|Ogerpon-Cornerstone, L50, F|100/100\n|switch|p2a: Sun Bike|Koraidon, L50|91/100\n|-weather|SunnyDay|[from] ability: Orichalcum Pulse|[of] p2a: Sun Bike\n|-activate|p2a: Sun Bike|Orichalcum Pulse|[source]\n|turn|6\n|c|\u2606bigpezzy3|wow what a play\n|inactive|bigpezzy3 has 30 seconds left.\n|inactive|bigpezzy3 has 20 seconds left.\n|\n|t:|1746011920\n|move|p1a: Indeedee|Follow Me|p1a: Indeedee\n|-singleturn|p1a: Indeedee|move: Follow Me\n|move|p1b: Dragapult|Dragon Darts|p2a: Sun Bike\n|-supereffective|p2a: Sun Bike\n|-damage|p2a: Sun Bike|19/100\n|-anim|p1b: Dragapult|Dragon Darts|p2b: Leafy Bonk\n|-damage|p2b: Leafy Bonk|55/100\n|move|p2a: Sun Bike|Close Combat|p1a: Indeedee\n|-damage|p1a: Indeedee|0 fnt\n|-unboost|p2a: Sun Bike|def|1\n|-unboost|p2a: Sun Bike|spd|1\n|faint|p1a: Indeedee\n|-damage|p2a: Sun Bike|10/100|[from] item: Life Orb\n|move|p2b: Leafy Bonk|Ivy Cudgel|p1b: Dragapult|[anim] Ivy Cudgel Rock\n|-damage|p1b: Dragapult|22/100\n|\n|-weather|SunnyDay|[upkeep]\n|upkeep\n|\n|t:|1746011930\n|switch|p1a: Kyogre|Kyogre, L50|100/100\n|-weather|RainDance|[from] ability: Drizzle|[of] p1a: Kyogre\n|turn|7\n|c|\u2606bigpezzy3|gg\n|\n|t:|1746011950\n|move|p1b: Dragapult|Dragon Darts|p2b: Leafy Bonk\n|-damage|p2b: Leafy Bonk|8/100\n|-anim|p1b: Dragapult|Dragon Darts|p2a: Sun Bike\n|-supereffective|p2a: Sun Bike\n|-crit|p2a: Sun Bike\n|-damage|p2a: Sun Bike|0 fnt\n|faint|p2a: Sun Bike\n|move|p1a: Kyogre|Water Spout|p2b: Leafy Bonk\n|-damage|p2b: Leafy Bonk|0 fnt\n|faint|p2b: Leafy Bonk\n|\n|win|Edozeg\n|raw|Edozeg's rating: 1051 &rarr; <strong>1090</strong><br />(+39 for winning)\n|raw|bigpezzy3's rating: 1127 &rarr; <strong>1097</strong><br />(-30 for losing)\n|l|\u2606Edozeg\n|player|p1|\n", "uploadtime": 1746011975, "views": 7, "formatid": "gen9vgc2025regibo3", "rating": 1090, "private": 0, "password": null}