{"id": "gen9vgc2025regibo3-2354921965", "format": "[Gen 9] VGC 2025 Reg I (Bo3)", "players": ["noexperiencesorry", "mackadamien"], "log": "|j|\u2606noexperiencesorry\n|j|\u2606mackadamien\n|html|<table width=\"100%\"><tr><td align=\"left\">noexperiencesorry</td><td align=\"right\">mackadamien</tr><tr><td align=\"left\"><i class=\"fa fa-circle\"></i> <i class=\"fa fa-circle-o\"></i> </td><td align=\"right\"><i class=\"fa fa-circle-o\"></i> <i class=\"fa fa-circle-o\"></i> </tr></table>\n|uhtml|bestof|<h2><strong>Game 2</strong> of <a href=\"/game-bestof3-gen9vgc2025regibo3-2354919201\">a best-of-3</a></h2>\n|t:|1746132010\n|gametype|doubles\n|player|p1|noexperiencesorry|102|1159\n|player|p2|mackadamien|2|1081\n|teamsize|p1|6\n|teamsize|p2|6\n|gen|9\n|tier|[Gen 9] VGC 2025 Reg I (Bo3)\n|rated|\n|rule|Species Clause: Limit one of each Pok\u00e9mon\n|rule|Item Clause: Limit 1 of each item\n|clearpoke\n|poke|p1|Lunala, L50|\n|poke|p1|Kyogre, L50|\n|poke|p1|Wo-Chien, L50|\n|poke|p1|Kingdra, L50, M|\n|poke|p1|Incineroar, L50, M|\n|poke|p1|Archaludon, L50, F|\n|poke|p2|Koraidon, L50|\n|poke|p2|Calyrex-Ice, L50|\n|poke|p2|Torkoal, L50, M|\n|poke|p2|Urshifu-*, L50, F|\n|poke|p2|Indeedee-F, L50, F|\n|poke|p2|Ursaluna-Bloodmoon, L50, M|\n|teampreview|4\n|showteam|p1|Lunala||PowerHerb|ShadowShield|MoongeistBeam,WideGuard,TrickRoom,MeteorBeam||||||50|,,,,,Fairy]Kyogre||CovertCloak|Drizzle|IceBeam,OriginPulse,Protect,Thunder||||||50|,,,,,Grass]Wo-Chien||Leftovers|TabletsofRuin|PollenPuff,LeechSeed,FoulPlay,Protect||||||50|,,,,,Poison]Kingdra||LifeOrb|SwiftSwim|DracoMeteor,ClearSmog,HydroPump,Protect|||M|||50|,,,,,Steel]Incineroar||RockyHelmet|Intimidate|PartingShot,KnockOff,FlareBlitz,FakeOut|||M|||50|,,,,,Electric]Archaludon||AssaultVest|Stamina|Snarl,ElectroShot,DracoMeteor,BodyPress|||F|||50|,,,,,Grass\n|showteam|p2|Koraidon||LifeOrb|OrichalcumPulse|FlareBlitz,FlameCharge,CloseCombat,Protect||||||50|,,,,,Fire]Calyrex-Ice||ClearAmulet|AsOneGlastrier|GlacialLance,HighHorsepower,TrickRoom,Protect||||||50|,,,,,Fire]Torkoal||Charcoal|Drought|Eruption,HeatWave,HelpingHand,Protect|||M|||50|,,,,,Fire]Urshifu||FocusSash|UnseenFist|WickedBlow,SuckerPunch,CloseCombat,Detect|||F|||50|,,,,,Stellar]Indeedee-F||RockyHelmet|PsychicSurge|Psychic,TrickRoom,FollowMe,HelpingHand|||F|||50|,,,,,Grass]Ursaluna-Bloodmoon||PsychicSeed|MindsEye|BloodMoon,HyperVoice,EarthPower,Protect|||M|||50|,,,,,Normal\n|\n|t:|1746132036\n|start\n|switch|p1a: Incineroar|Incineroar, L50, M|100/100\n|switch|p1b: Kyogre|Kyogre, L50|100/100\n|switch|p2a: Calyrex|Calyrex-Ice, L50|100/100\n|switch|p2b: Urshifu|Urshifu, L50, F|100/100\n|-ability|p2a: Calyrex|As One\n|-ability|p2a: Calyrex|Unnerve\n|-weather|RainDance|[from] ability: Drizzle|[of] p1b: Kyogre\n|-ability|p1a: Incineroar|Intimidate|boost\n|-fail|p2a: Calyrex|unboost|[from] item: Clear Amulet|[of] p2a: Calyrex\n|-unboost|p2b: Urshifu|atk|1\n|turn|1\n|\n|t:|1746132059\n|switch|p2b: Koraidon|Koraidon, L50|100/100\n|-weather|SunnyDay|[from] ability: Orichalcum Pulse|[of] p2b: Koraidon\n|-activate|p2b: Koraidon|Orichalcum Pulse|[source]\n|-terastallize|p2a: Calyrex|Fire\n|move|p1b: Kyogre|Origin Pulse|p2b: Koraidon|[spread] p2a,p2b\n|-supereffective|p2a: Calyrex\n|-resisted|p2b: Koraidon\n|-damage|p2a: Calyrex|65/100\n|-damage|p2b: Koraidon|89/100\n|move|p1a: Incineroar|Knock Off|p2a: Calyrex\n|-damage|p2a: Calyrex|43/100\n|-enditem|p2a: Calyrex|Clear Amulet|[from] move: Knock Off|[of] p1a: Incineroar\n|move|p2a: Calyrex|Trick Room|p2a: Calyrex\n|-fieldstart|move: Trick Room|[of] p2a: Calyrex\n|\n|-weather|SunnyDay|[upkeep]\n|upkeep\n|turn|2\n|\n|t:|1746132100\n|switch|p1b: Lunala|Lunala, L50|100/100\n|move|p2a: Calyrex|High Horsepower|p1a: Incineroar\n|-supereffective|p1a: Incineroar\n|-damage|p1a: Incineroar|15/100\n|-damage|p2a: Calyrex|26/100|[from] item: Rocky Helmet|[of] p1a: Incineroar\n|move|p1a: Incineroar|Parting Shot|p2a: Calyrex\n|-unboost|p2a: Calyrex|atk|1\n|-unboost|p2a: Calyrex|spa|1\n|\n|t:|1746132110\n|switch|p1a: Kyogre|Kyogre, L50|100/100|[from] Parting Shot\n|-weather|RainDance|[from] ability: Drizzle|[of] p1a: Kyogre\n|move|p2b: Koraidon|Flare Blitz|p1a: Kyogre\n|-resisted|p1a: Kyogre\n|-damage|p1a: Kyogre|86/100\n|-damage|p2b: Koraidon|84/100|[from] Recoil\n|-damage|p2b: Koraidon|75/100|[from] item: Life Orb\n|\n|-weather|RainDance|[upkeep]\n|upkeep\n|turn|3\n|\n|t:|1746132176\n|move|p2a: Calyrex|Glacial Lance|p1b: Lunala|[spread] p1a,p1b\n|-resisted|p1a: Kyogre\n|-crit|p1a: Kyogre\n|-damage|p1a: Kyogre|44/100\n|-damage|p1b: Lunala|84/100\n|move|p1a: Kyogre|Origin Pulse|p2a: Calyrex|[spread] p2b\n|-miss|p1a: Kyogre|p2a: Calyrex\n|-resisted|p2b: Koraidon\n|-damage|p2b: Koraidon|39/100\n|move|p1b: Lunala|Meteor Beam||[still]\n|-prepare|p1b: Lunala|Meteor Beam\n|-boost|p1b: Lunala|spa|1\n|-enditem|p1b: Lunala|Power Herb\n|-anim|p1b: Lunala|Meteor Beam|p2b: Koraidon\n|-resisted|p2b: Koraidon\n|-damage|p2b: Koraidon|5/100\n|move|p2b: Koraidon|Close Combat|p1a: Kyogre\n|-damage|p1a: Kyogre|0 fnt\n|-unboost|p2b: Koraidon|def|1\n|-unboost|p2b: Koraidon|spd|1\n|faint|p1a: Kyogre\n|-damage|p2b: Koraidon|0 fnt|[from] item: Life Orb\n|faint|p2b: Koraidon\n|\n|-weather|RainDance|[upkeep]\n|upkeep\n|\n|t:|1746132199\n|switch|p1a: Wo-Chien|Wo-Chien, L50|100/100\n|switch|p2b: Torkoal|Torkoal, L50, M|100/100\n|-weather|SunnyDay|[from] ability: Drought|[of] p2b: Torkoal\n|-ability|p1a: Wo-Chien|Tablets of Ruin\n|turn|4\n|\n|t:|1746132217\n|move|p1b: Lunala|Wide Guard|p1b: Lunala\n|-singleturn|p1b: Lunala|Wide Guard\n|move|p2b: Torkoal|Eruption|p1a: Wo-Chien|[spread] \n|-activate|p1a: Wo-Chien|move: Wide Guard\n|-activate|p1b: Lunala|move: Wide Guard\n|move|p2a: Calyrex|Glacial Lance|p1b: Lunala|[spread] \n|-activate|p1a: Wo-Chien|move: Wide Guard\n|-activate|p1b: Lunala|move: Wide Guard\n|move|p1a: Wo-Chien|Pollen Puff|p1b: Lunala\n|-heal|p1b: Lunala|100/100\n|\n|-weather|SunnyDay|[upkeep]\n|upkeep\n|turn|5\n|\n|t:|1746132240\n|switch|p1a: Incineroar|Incineroar, L50, M|15/100\n|-ability|p1a: Incineroar|Intimidate|boost\n|-unboost|p2a: Calyrex|atk|1\n|-unboost|p2b: Torkoal|atk|1\n|move|p1b: Lunala|Wide Guard|p1b: Lunala\n|-singleturn|p1b: Lunala|Wide Guard\n|move|p2b: Torkoal|Eruption|p1b: Lunala|[spread] \n|-activate|p1a: Incineroar|move: Wide Guard\n|-activate|p1b: Lunala|move: Wide Guard\n|move|p2a: Calyrex|Glacial Lance|p1a: Incineroar|[spread] \n|-activate|p1a: Incineroar|move: Wide Guard\n|-activate|p1b: Lunala|move: Wide Guard\n|\n|-weather|SunnyDay|[upkeep]\n|-fieldend|move: Trick Room\n|upkeep\n|turn|6\n|\n|t:|1746132264\n|move|p2b: Torkoal|Protect|p2b: Torkoal\n|-singleturn|p2b: Torkoal|Protect\n|move|p1b: Lunala|Moongeist Beam|p2b: Torkoal\n|-activate|p2b: Torkoal|move: Protect\n|move|p1a: Incineroar|Knock Off|p2a: Calyrex\n|-damage|p2a: Calyrex|10/100\n|move|p2a: Calyrex|Trick Room|p2a: Calyrex\n|-fieldstart|move: Trick Room|[of] p2a: Calyrex\n|\n|-weather|SunnyDay|[upkeep]\n|upkeep\n|turn|7\n|\n|t:|1746132289\n|switch|p1a: Wo-Chien|Wo-Chien, L50|100/100\n|-ability|p1a: Wo-Chien|Tablets of Ruin\n|move|p2b: Torkoal|Helping Hand|p2a: Calyrex\n|-singleturn|p2a: Calyrex|Helping Hand|[of] p2b: Torkoal\n|move|p1b: Lunala|Wide Guard|p1b: Lunala\n|-singleturn|p1b: Lunala|Wide Guard\n|move|p2a: Calyrex|High Horsepower|p1b: Lunala\n|-damage|p1b: Lunala|92/100\n|\n|-weather|SunnyDay|[upkeep]\n|upkeep\n|turn|8\n|\n|t:|1746132309\n|switch|p2a: Urshifu|Urshifu, L50, F|100/100\n|move|p2b: Torkoal|Protect|p2b: Torkoal\n|-singleturn|p2b: Torkoal|Protect\n|move|p1a: Wo-Chien|Pollen Puff|p1b: Lunala\n|-heal|p1b: Lunala|100/100\n|move|p1b: Lunala|Trick Room|p1b: Lunala\n|-fieldend|move: Trick Room\n|\n|-weather|none\n|upkeep\n|turn|9\n|inactive|Battle timer is ON: inactive players will automatically lose when time's up. (requested by noexperiencesorry)\n|\n|t:|1746132378\n|switch|p1a: Incineroar|Incineroar, L50, M|15/100\n|-ability|p1a: Incineroar|Intimidate|boost\n|-unboost|p2a: Urshifu|atk|1\n|-unboost|p2b: Torkoal|atk|1\n|switch|p2b: Calyrex|Calyrex-Ice, L50, tera:Fire|10/100\n|-ability|p2b: Calyrex|As One\n|-ability|p2b: Calyrex|Unnerve\n|-terastallize|p1b: Lunala|Fairy\n|move|p2a: Urshifu|Wicked Blow|p1b: Lunala\n|-resisted|p1b: Lunala\n|-crit|p1b: Lunala\n|-damage|p1b: Lunala|89/100\n|move|p1b: Lunala|Moongeist Beam|p2b: Calyrex\n|-damage|p2b: Calyrex|0 fnt\n|faint|p2b: Calyrex\n|\n|upkeep\n|\n|t:|1746132395\n|switch|p2b: Torkoal|Torkoal, L50, M|100/100\n|-weather|SunnyDay|[from] ability: Drought|[of] p2b: Torkoal\n|turn|10\n|\n|t:|1746132405\n|switch|p1a: Wo-Chien|Wo-Chien, L50|100/100\n|-ability|p1a: Wo-Chien|Tablets of Ruin\n|move|p2a: Urshifu|Detect|p2a: Urshifu\n|-singleturn|p2a: Urshifu|Protect\n|move|p1b: Lunala|Moongeist Beam|p2b: Torkoal\n|-damage|p2b: Torkoal|0 fnt\n|faint|p2b: Torkoal\n|\n|-weather|SunnyDay|[upkeep]\n|upkeep\n|turn|11\n|c|\u2606noexperiencesorry|GG\n|\n|t:|1746132426\n|move|p2a: Urshifu|Close Combat|p1b: Lunala\n|-resisted|p1b: Lunala\n|-damage|p1b: Lunala|76/100\n|-unboost|p2a: Urshifu|def|1\n|-unboost|p2a: Urshifu|spd|1\n|move|p1b: Lunala|Moongeist Beam|p2a: Urshifu\n|-resisted|p2a: Urshifu\n|-enditem|p2a: Urshifu|Focus Sash\n|-damage|p2a: Urshifu|1/100\n|move|p1a: Wo-Chien|Pollen Puff|p2a: Urshifu\n|-damage|p2a: Urshifu|0 fnt\n|faint|p2a: Urshifu\n|\n|win|noexperiencesorry\n|raw|noexperiencesorry's rating: 1159 &rarr; <strong>1178</strong><br />(+19 for winning)\n|raw|mackadamien's rating: 1081 &rarr; <strong>1064</strong><br />(-17 for losing)\n|l|\u2606mackadamien\n|player|p2|\n|l|\u2606noexperiencesorry\n|player|p1|\n", "uploadtime": 1746132761, "views": 6, "formatid": "gen9vgc2025regibo3", "rating": 1064, "private": 0, "password": null}