{"id": "gen9vgc2025regibo3-2355134651", "format": "[Gen 9] VGC 2025 Reg I (Bo3)", "players": ["wodeaima", "is_katabo"], "log": "|j|\u2606wodeaima\n|j|\u2606is_katabo\n|html|<table width=\"100%\"><tr><td align=\"left\">wodeaima</td><td align=\"right\">is_katabo</tr><tr><td align=\"left\"><i class=\"fa fa-circle-o\"></i> <i class=\"fa fa-circle-o\"></i> </td><td align=\"right\"><i class=\"fa fa-circle-o\"></i> <i class=\"fa fa-circle-o\"></i> </tr></table>\n|uhtml|bestof|<h2><strong>Game 1</strong> of <a href=\"/game-bestof3-gen9vgc2025regibo3-2355134650\">a best-of-3</a></h2>\n|t:|1746156911\n|gametype|doubles\n|player|p1|wodeaima|266|1301\n|player|p2|is_katabo|caitlin|1233\n|teamsize|p1|6\n|teamsize|p2|6\n|gen|9\n|tier|[Gen 9] VGC 2025 Reg I (Bo3)\n|rated|\n|rule|Species Clause: Limit one of each Pok\u00e9mon\n|rule|Item Clause: Limit 1 of each item\n|clearpoke\n|poke|p1|Lunala, L50|\n|poke|p1|Smeargle, L50, F|\n|poke|p1|Koraidon, L50|\n|poke|p1|Rillaboom, L50, F|\n|poke|p1|Chi-Yu, L50|\n|poke|p1|Ogerpon-Cornerstone, L50, F|\n|poke|p2|Koraidon, L50|\n|poke|p2|Calyrex-Shadow, L50|\n|poke|p2|Chi-Yu, L50|\n|poke|p2|Indeedee-F, L50, F|\n|poke|p2|Brute Bonnet, L50|\n|poke|p2|Flutter Mane, L50|\n|teampreview|4\n|showteam|p1|Lunala||Leftovers|ShadowShield|CalmMind,Moonblast,MoongeistBeam,Protect||||||50|,,,,,Fairy]Smeargle||FocusSash|Moody|FakeOut,Spore,WideGuard,FollowMe|||F|||50|,,,,,Ghost]Koraidon||LifeOrb|OrichalcumPulse|FlareBlitz,CloseCombat,FlameCharge,Protect||||||50|,,,,,Fire]Rillaboom||AssaultVest|GrassySurge|WoodHammer,GrassyGlide,FakeOut,Uturn|||F|||50|,,,,,Fire]Chi-Yu||ChoiceScarf|BeadsofRuin|HeatWave,Overheat,Snarl,DarkPulse||||||50|,,,,,Ghost]Ogerpon-Cornerstone||CornerstoneMask|Sturdy|IvyCudgel,PowerWhip,FollowMe,SpikyShield|||F|||50|,,,,,Rock\n|showteam|p2|Koraidon||LifeOrb|OrichalcumPulse|CloseCombat,FlareBlitz,FlameCharge,Protect||||||50|,,,,,Fire]Calyrex-Shadow||FocusSash|AsOneSpectrier|AstralBarrage,ExpandingForce,ShadowBall,Protect||||||50|,,,,,Ghost]Chi-Yu||ChoiceScarf|BeadsofRuin|DarkPulse,Snarl,HeatWave,Overheat||||||50|,,,,,Fire]Indeedee-F||RockyHelmet|PsychicSurge|Psychic,FollowMe,HelpingHand,TrickRoom|||F|||50|,,,,,Water]Brute Bonnet||CovertCloak|Protosynthesis|SeedBomb,SuckerPunch,RagePowder,Spore||||||50|,,,,,Water]Flutter Mane||BoosterEnergy|Protosynthesis|Moonblast,IcyWind,Taunt,Protect||||||50|,,,,,Water\n|\n|t:|1746156994\n|start\n|switch|p1a: Chi-Yu|Chi-Yu, L50|100/100\n|switch|p1b: Rillaboom|Rillaboom, L50, F|100/100\n|switch|p2a: Jockey|Calyrex-Shadow, L50|100/100\n|switch|p2b: Pufferfish|Chi-Yu, L50|100/100\n|-ability|p2a: Jockey|As One\n|-ability|p2a: Jockey|Unnerve\n|-ability|p1a: Chi-Yu|Beads of Ruin\n|-ability|p2b: Pufferfish|Beads of Ruin\n|-fieldstart|move: Grassy Terrain|[from] ability: Grassy Surge|[of] p1b: Rillaboom\n|turn|1\n|\n|t:|1746157027\n|-terastallize|p2a: Jockey|Ghost\n|move|p1b: Rillaboom|Fake Out|p2b: Pufferfish\n|-damage|p2b: Pufferfish|78/100\n|move|p1a: Chi-Yu|Snarl|p2b: Pufferfish|[spread] p2a,p2b\n|-supereffective|p2a: Jockey\n|-resisted|p2b: Pufferfish\n|-damage|p2a: Jockey|45/100\n|-damage|p2b: Pufferfish|64/100\n|-unboost|p2a: Jockey|spa|1\n|-unboost|p2b: Pufferfish|spa|1\n|cant|p2b: Pufferfish|flinch\n|move|p2a: Jockey|Astral Barrage|p1a: Chi-Yu|[spread] p1a,p1b\n|-resisted|p1a: Chi-Yu\n|-damage|p1a: Chi-Yu|72/100\n|-damage|p1b: Rillaboom|54/100\n|\n|-heal|p1a: Chi-Yu|78/100|[from] Grassy Terrain\n|-heal|p2b: Pufferfish|70/100|[from] Grassy Terrain\n|-heal|p2a: Jockey|51/100|[from] Grassy Terrain\n|-heal|p1b: Rillaboom|60/100|[from] Grassy Terrain\n|upkeep\n|turn|2\n|\n|t:|1746157064\n|switch|p2a: Chicken|Koraidon, L50|100/100\n|-weather|SunnyDay|[from] ability: Orichalcum Pulse|[of] p2a: Chicken\n|-activate|p2a: Chicken|Orichalcum Pulse|[source]\n|move|p1b: Rillaboom|Grassy Glide|p2a: Chicken\n|-resisted|p2a: Chicken\n|-damage|p2a: Chicken|83/100\n|move|p1a: Chi-Yu|Snarl|p2b: Pufferfish|[spread] p2a,p2b\n|-resisted|p2a: Chicken\n|-resisted|p2b: Pufferfish\n|-damage|p2a: Chicken|68/100\n|-damage|p2b: Pufferfish|57/100\n|-unboost|p2a: Chicken|spa|1\n|-unboost|p2b: Pufferfish|spa|1\n|move|p2b: Pufferfish|Heat Wave|p1b: Rillaboom|[spread] p1a,p1b\n|-resisted|p1a: Chi-Yu\n|-supereffective|p1b: Rillaboom\n|-damage|p1a: Chi-Yu|60/100\n|-damage|p1b: Rillaboom|0 fnt\n|faint|p1b: Rillaboom\n|\n|-weather|SunnyDay|[upkeep]\n|-heal|p1a: Chi-Yu|66/100|[from] Grassy Terrain\n|-heal|p2b: Pufferfish|64/100|[from] Grassy Terrain\n|-heal|p2a: Chicken|74/100|[from] Grassy Terrain\n|upkeep\n|\n|t:|1746157085\n|switch|p1b: Koraidon|Koraidon, L50|100/100\n|-activate|p1b: Koraidon|ability: Orichalcum Pulse\n|turn|3\n|\n|t:|1746157115\n|move|p1a: Chi-Yu|Snarl|p2b: Pufferfish|[spread] p2a,p2b\n|-resisted|p2a: Chicken\n|-resisted|p2b: Pufferfish\n|-damage|p2a: Chicken|57/100\n|-damage|p2b: Pufferfish|50/100\n|-unboost|p2a: Chicken|spa|1\n|-unboost|p2b: Pufferfish|spa|1\n|move|p2b: Pufferfish|Heat Wave|p1b: Koraidon|[spread] p1a,p1b\n|-resisted|p1a: Chi-Yu\n|-resisted|p1b: Koraidon\n|-damage|p1a: Chi-Yu|53/100\n|-damage|p1b: Koraidon|85/100\n|move|p2a: Chicken|Close Combat|p1b: Koraidon\n|-damage|p1b: Koraidon|0 fnt\n|-unboost|p2a: Chicken|def|1\n|-unboost|p2a: Chicken|spd|1\n|faint|p1b: Koraidon\n|-damage|p2a: Chicken|48/100|[from] item: Life Orb\n|\n|-weather|SunnyDay|[upkeep]\n|-heal|p1a: Chi-Yu|59/100|[from] Grassy Terrain\n|-heal|p2b: Pufferfish|56/100|[from] Grassy Terrain\n|-heal|p2a: Chicken|54/100|[from] Grassy Terrain\n|upkeep\n|\n|t:|1746157132\n|switch|p1b: Ogerpon|Ogerpon-Cornerstone, L50, F|100/100\n|turn|4\n|\n|t:|1746157142\n|move|p1a: Chi-Yu|Snarl|p2b: Pufferfish|[spread] p2a,p2b\n|-resisted|p2a: Chicken\n|-resisted|p2b: Pufferfish\n|-damage|p2a: Chicken|31/100\n|-damage|p2b: Pufferfish|42/100\n|-unboost|p2a: Chicken|spa|1\n|-unboost|p2b: Pufferfish|spa|1\n|move|p2b: Pufferfish|Heat Wave|p1b: Ogerpon|[spread] p1a,p1b\n|-resisted|p1a: Chi-Yu\n|-damage|p1a: Chi-Yu|48/100\n|-damage|p1b: Ogerpon|67/100\n|move|p2a: Chicken|Flare Blitz|p1a: Chi-Yu\n|-resisted|p1a: Chi-Yu\n|-damage|p1a: Chi-Yu|0 fnt\n|faint|p1a: Chi-Yu\n|-damage|p2a: Chicken|19/100|[from] Recoil\n|-damage|p2a: Chicken|10/100|[from] item: Life Orb\n|move|p1b: Ogerpon|Ivy Cudgel|p2a: Chicken|[anim] Ivy Cudgel Rock\n|-resisted|p2a: Chicken\n|-damage|p2a: Chicken|0 fnt\n|faint|p2a: Chicken\n|\n|-weather|SunnyDay|[upkeep]\n|-heal|p2b: Pufferfish|48/100|[from] Grassy Terrain\n|-heal|p1b: Ogerpon|73/100|[from] Grassy Terrain\n|upkeep\n|\n|t:|1746157162\n|switch|p2a: Jockey|Calyrex-Shadow, L50, tera:Ghost|51/100\n|-ability|p2a: Jockey|As One\n|-ability|p2a: Jockey|Unnerve\n|turn|5\n|\n|t:|1746157175\n|move|p2b: Pufferfish|Heat Wave|p1b: Ogerpon\n|-damage|p1b: Ogerpon|32/100\n|move|p2a: Jockey|Astral Barrage|p1b: Ogerpon\n|-damage|p1b: Ogerpon|0 fnt\n|faint|p1b: Ogerpon\n|\n|win|is_katabo\n||wodeaima is ready for game 2.\n", "uploadtime": 1746157182, "views": 3, "formatid": "gen9vgc2025regibo3", "rating": null, "private": 0, "password": null}