{"id": "gen9vgc2025regibo3-2353896647", "format": "[Gen 9] VGC 2025 Reg I (Bo3)", "players": ["gundi8", "Lacossg"], "log": "|j|\u2606gundi8\n|j|\u2606Lacossg\n|html|<table width=\"100%\"><tr><td align=\"left\">gundi8</td><td align=\"right\">Lacossg</tr><tr><td align=\"left\"><i class=\"fa fa-circle-o\"></i> <i class=\"fa fa-circle-o\"></i> </td><td align=\"right\"><i class=\"fa fa-circle-o\"></i> <i class=\"fa fa-circle\"></i> </tr></table>\n|uhtml|bestof|<h2><strong>Game 2</strong> of <a href=\"/game-bestof3-gen9vgc2025regibo3-2353894501\">a best-of-3</a></h2>\n|t:|1746016287\n|gametype|doubles\n|player|p1|gundi8|ethan-gen2|1231\n|player|p2|Lacossg|266|1206\n|teamsize|p1|6\n|teamsize|p2|6\n|gen|9\n|tier|[Gen 9] VGC 2025 Reg I (Bo3)\n|rated|\n|rule|Species Clause: Limit one of each Pok\u00e9mon\n|rule|Item Clause: Limit 1 of each item\n|clearpoke\n|poke|p1|Calyrex-Shadow, L50|\n|poke|p1|Koraidon, L50|\n|poke|p1|Ditto, L50|\n|poke|p1|Brute Bonnet, L50|\n|poke|p1|Whimsicott, L50, M|\n|poke|p1|Chi-Yu, L50|\n|poke|p2|Calyrex-Shadow, L50|\n|poke|p2|Tyranitar, L50, F|\n|poke|p2|Excadrill, L50, F|\n|poke|p2|Indeedee-F, L50, F|\n|poke|p2|Raging Bolt, L50|\n|poke|p2|Zamazenta-*, L50|\n|teampreview|4\n|showteam|p1|Calyrex-Shadow||LifeOrb|AsOneSpectrier|AstralBarrage,Psychic,Substitute,Protect||||||50|,,,,,Ghost]Koraidon||ClearAmulet|OrichalcumPulse|CollisionCourse,FlameCharge,FlareBlitz,Protect||||||50|,,,,,Fire]Ditto||FocusSash|Imposter|Transform||||||50|,,,,,Normal]Brute Bonnet||RockyHelmet|Protosynthesis|SeedBomb,SuckerPunch,Spore,RagePowder||||||50|,,,,,Water]Whimsicott||CovertCloak|Prankster|Moonblast,LightScreen,Tailwind,Encore|||M|||50|,,,,,Dark]Chi-Yu||ChoiceScarf|BeadsofRuin|HeatWave,Snarl,Overheat,DarkPulse||||||50|,,,,,Ghost\n|showteam|p2|Calyrex-Shadow||LifeOrb|AsOneSpectrier|AstralBarrage,ExpandingForce,Encore,Protect||||||50|,,,,,Normal]Tyranitar||FocusSash|SandStream|KnockOff,RockSlide,Taunt,Snarl|||F|||50|,,,,,Grass]Excadrill||ClearAmulet|SandRush|HighHorsepower,SwordsDance,IronHead,Protect|||F|||50|,,,,,Ground]Indeedee-F||RockyHelmet|PsychicSurge|Imprison,Psychic,TrickRoom,FollowMe|||F|||50|,,,,,Water]Raging Bolt||AssaultVest|Protosynthesis|Thunderclap,Electroweb,DracoMeteor,Snarl||||||50|,,,,,Fairy]Zamazenta-Crowned||RustedShield|DauntlessShield|BodyPress,Imprison,WideGuard,Protect||||||50|,,,,,Dragon\n|inactive|Battle timer is ON: inactive players will automatically lose when time's up. (requested by gundi8)\n|\n|t:|1746016310\n|start\n|switch|p1a: Calyrex|Calyrex-Shadow, L50|100/100\n|switch|p1b: Whimsicott|Whimsicott, L50, M|100/100\n|switch|p2a: Tyranitar|Tyranitar, L50, F|100/100\n|switch|p2b: Excadrill|Excadrill, L50, F|100/100\n|-ability|p1a: Calyrex|As One\n|-ability|p1a: Calyrex|Unnerve\n|-weather|Sandstorm|[from] ability: Sand Stream|[of] p2a: Tyranitar\n|turn|1\n|inactive|Lacossg has 30 seconds left.\n|\n|t:|1746016338\n|switch|p1b: Koraidon|Koraidon, L50|100/100\n|-weather|SunnyDay|[from] ability: Orichalcum Pulse|[of] p1b: Koraidon\n|-activate|p1b: Koraidon|Orichalcum Pulse|[source]\n|move|p1a: Calyrex|Astral Barrage|p2a: Tyranitar|[spread] p2a,p2b\n|-resisted|p2a: Tyranitar\n|-damage|p2a: Tyranitar|62/100\n|-damage|p2b: Excadrill|20/100\n|-damage|p1a: Calyrex|91/100|[from] item: Life Orb\n|move|p2b: Excadrill|Swords Dance|p2b: Excadrill\n|-boost|p2b: Excadrill|atk|2\n|move|p2a: Tyranitar|Knock Off|p1a: Calyrex\n|-supereffective|p1a: Calyrex\n|-damage|p1a: Calyrex|0 fnt\n|-enditem|p1a: Calyrex|Life Orb|[from] move: Knock Off|[of] p2a: Tyranitar\n|faint|p1a: Calyrex\n|\n|-weather|SunnyDay|[upkeep]\n|upkeep\n|\n|t:|1746016356\n|switch|p1a: Whimsicott|Whimsicott, L50, M|100/100\n|turn|2\n|\n|t:|1746016369\n|switch|p2a: Raging Bolt|Raging Bolt, L50|100/100\n|-activate|p2a: Raging Bolt|ability: Protosynthesis\n|-start|p2a: Raging Bolt|protosynthesisspa\n|move|p2b: Excadrill|Protect|p2b: Excadrill\n|-singleturn|p2b: Excadrill|Protect\n|move|p1b: Koraidon|Collision Course|p2a: Raging Bolt\n|-damage|p2a: Raging Bolt|47/100\n|move|p1a: Whimsicott|Moonblast|p2b: Excadrill\n|-activate|p2b: Excadrill|move: Protect\n|\n|-weather|SunnyDay|[upkeep]\n|upkeep\n|turn|3\n|\n|t:|1746016391\n|switch|p2b: Tyranitar|Tyranitar, L50, F|62/100\n|-weather|Sandstorm|[from] ability: Sand Stream|[of] p2b: Tyranitar\n|-end|p2a: Raging Bolt|Protosynthesis\n|-terastallize|p2a: Raging Bolt|Fairy\n|move|p1a: Whimsicott|Encore|p2b: Tyranitar\n|-hint|Since gen 7, Dark is immune to Prankster moves.\n|-immune|p2b: Tyranitar\n|move|p1b: Koraidon|Collision Course|p2a: Raging Bolt\n|-resisted|p2a: Raging Bolt\n|-damage|p2a: Raging Bolt|27/100\n|move|p2a: Raging Bolt|Draco Meteor|p1b: Koraidon\n|-supereffective|p1b: Koraidon\n|-crit|p1b: Koraidon\n|-damage|p1b: Koraidon|0 fnt\n|-unboost|p2a: Raging Bolt|spa|2\n|faint|p1b: Koraidon\n|\n|-weather|Sandstorm|[upkeep]\n|-damage|p1a: Whimsicott|95/100|[from] Sandstorm\n|-damage|p2a: Raging Bolt|20/100|[from] Sandstorm\n|upkeep\n|\n|t:|1746016398\n|switch|p1b: Ditto|Ditto, L50|100/100\n|-transform|p1b: Ditto|p2a: Raging Bolt|[from] ability: Imposter\n|-start|p1b: Ditto|typechange|Electric/Dragon|[silent]\n|turn|4\n|inactive|gundi8 has 30 seconds left.\n|inactive|Lacossg has 30 seconds left.\n|\n|t:|1746016431\n|move|p1a: Whimsicott|Moonblast|p2a: Raging Bolt\n|-damage|p2a: Raging Bolt|7/100\n|move|p2b: Tyranitar|Snarl|p1a: Whimsicott|[spread] p1a,p1b\n|-resisted|p1a: Whimsicott\n|-damage|p1a: Whimsicott|88/100\n|-damage|p1b: Ditto|88/100\n|-unboost|p1b: Ditto|spa|1\n|move|p2a: Raging Bolt|Draco Meteor|p1b: Ditto\n|-supereffective|p1b: Ditto\n|-damage|p1b: Ditto|11/100\n|-unboost|p2a: Raging Bolt|spa|2\n|move|p1b: Ditto|Electroweb|p2a: Raging Bolt|[spread] p2a,p2b\n|-damage|p2a: Raging Bolt|3/100\n|-damage|p2b: Tyranitar|56/100\n|-unboost|p2a: Raging Bolt|spe|1\n|-unboost|p2b: Tyranitar|spe|1\n|\n|-weather|Sandstorm|[upkeep]\n|-damage|p1a: Whimsicott|82/100|[from] Sandstorm\n|-damage|p1b: Ditto|5/100|[from] Sandstorm\n|-damage|p2a: Raging Bolt|0 fnt|[from] Sandstorm\n|faint|p2a: Raging Bolt\n|-end|p2a: Raging Bolt|Protosynthesis|[silent]\n|upkeep\n|inactive|Lacossg has 30 seconds left.\n|\n|t:|1746016461\n|switch|p2a: Excadrill|Excadrill, L50, F|20/100\n|turn|5\n|\n|t:|1746016475\n|-terastallize|p1a: Whimsicott|Dark\n|move|p1a: Whimsicott|Tailwind|p1a: Whimsicott\n|-sidestart|p1: gundi8|move: Tailwind\n|move|p2a: Excadrill|Iron Head|p1a: Whimsicott\n|-damage|p1a: Whimsicott|24/100\n|move|p1b: Ditto|Draco Meteor|p2a: Excadrill\n|-resisted|p2a: Excadrill\n|-damage|p2a: Excadrill|3/100\n|-unboost|p1b: Ditto|spa|2\n|move|p2b: Tyranitar|Rock Slide|p1a: Whimsicott|[spread] p1a,p1b\n|-damage|p1a: Whimsicott|0 fnt\n|-damage|p1b: Ditto|0 fnt\n|faint|p1a: Whimsicott\n|faint|p1b: Ditto\n|-end|p1b: Ditto|Protosynthesis|[silent]\n|\n|win|Lacossg\n|raw|gundi8's rating: 1231 &rarr; <strong>1204</strong><br />(-27 for losing)\n|raw|Lacossg's rating: 1206 &rarr; <strong>1233</strong><br />(+27 for winning)\n", "uploadtime": 1746016479, "views": 10, "formatid": "gen9vgc2025regibo3", "rating": 1204, "private": 0, "password": null}