{"id": "gen9vgc2025regibo3-2354607738", "format": "[Gen 9] VGC 2025 Reg I (Bo3)", "players": ["freyartchan", "Alexx_vr"], "log": "|j|\u2606freyartchan\n|j|\u2606Alexx_vr\n|html|<table width=\"100%\"><tr><td align=\"left\">freyartchan</td><td align=\"right\">Alexx_vr</tr><tr><td align=\"left\"><i class=\"fa fa-circle-o\"></i> <i class=\"fa fa-circle-o\"></i> </td><td align=\"right\"><i class=\"fa fa-circle-o\"></i> <i class=\"fa fa-circle\"></i> </tr></table>\n|uhtml|bestof|<h2><strong>Game 2</strong> of <a href=\"/game-bestof3-gen9vgc2025regibo3-2354604843\">a best-of-3</a></h2>\n|t:|1746102143\n|gametype|doubles\n|player|p1|freyartchan|kieran-champion|1190\n|player|p2|Alexx_vr|morty|1243\n|teamsize|p1|6\n|teamsize|p2|6\n|gen|9\n|tier|[Gen 9] VGC 2025 Reg I (Bo3)\n|rated|\n|rule|Species Clause: Limit one of each Pok\u00e9mon\n|rule|Item Clause: Limit 1 of each item\n|clearpoke\n|poke|p1|Miraidon, L50|\n|poke|p1|Calyrex-Ice, L50|\n|poke|p1|Farigiraf, L50, F|\n|poke|p1|Iron Hands, L50|\n|poke|p1|Urshifu-*, L50, M|\n|poke|p1|Pelipper, L50, M|\n|poke|p2|Terapagos, L50, M|\n|poke|p2|Calyrex-Shadow, L50|\n|poke|p2|Incineroar, L50, M|\n|poke|p2|Rillaboom, L50, F|\n|poke|p2|Amoonguss, L50, M|\n|poke|p2|Urshifu-*, L50, F|\n|teampreview|4\n|showteam|p1|Miraidon||ChoiceSpecs|HadronEngine|ElectroDrift,DazzlingGleam,DracoMeteor,VoltSwitch||||||50|,,,,,Fairy]Calyrex-Ice||ClearAmulet|AsOneGlastrier|GlacialLance,HighHorsepower,TrickRoom,Protect||||||50|,,,,,Water]Farigiraf||ElectricSeed|ArmorTail|FoulPlay,Psychic,TrickRoom,HelpingHand|||F|||50|,,,,,Water]Iron Hands||AssaultVest|QuarkDrive|FakeOut,WildCharge,LowKick,DrainPunch||||||50|,,,,,Water]Urshifu-Rapid-Strike||ChoiceScarf|UnseenFist|SurgingStrikes,AquaJet,Uturn,CloseCombat|||M|||50|,,,,,Water]Pelipper||LifeOrb|Drizzle|WeatherBall,Hurricane,WideGuard,Protect|||M|||50|,,,,,Grass\n|showteam|p2|Terapagos||Leftovers|TeraShift|Protect,TeraStarstorm,EarthPower,CalmMind|||M|||50|,,,,,Stellar]Calyrex-Shadow||FocusSash|AsOneSpectrier|Protect,AstralBarrage,Psychic,Encore||||||50|,,,,,Ghost]Incineroar||SafetyGoggles|Intimidate|KnockOff,PartingShot,WillOWisp,FakeOut|||M|||50|,,,,,Bug]Rillaboom||AssaultVest|GrassySurge|WoodHammer,GrassyGlide,Uturn,FakeOut|||F|||50|,,,,,Fire]Amoonguss||RockyHelmet|Regenerator|Protect,Spore,RagePowder,PollenPuff|||M|||50|,,,,,Water]Urshifu-Rapid-Strike||ChoiceScarf|UnseenFist|SurgingStrikes,CloseCombat,Coaching,Uturn|||F|||50|,,,,,Water\n|inactive|Battle timer is ON: inactive players will automatically lose when time's up. (requested by Alexx_vr)\n|\n|t:|1746102167\n|start\n|switch|p1a: Calyrex|Calyrex-Ice, L50|100/100\n|switch|p1b: Farigiraf|Farigiraf, L50, F|100/100\n|switch|p2a: Rillaboom|Rillaboom, L50, F|100/100\n|switch|p2b: Amoonguss|Amoonguss, L50, M|100/100\n|-ability|p1a: Calyrex|As One\n|-ability|p1a: Calyrex|Unnerve\n|-fieldstart|move: Grassy Terrain|[from] ability: Grassy Surge|[of] p2a: Rillaboom\n|turn|1\n|inactive|freyartchan has 30 seconds left.\n|\n|t:|1746102197\n|switch|p1b: Miraidon|Miraidon, L50|100/100\n|-fieldstart|move: Electric Terrain|[from] ability: Hadron Engine|[of] p1b: Miraidon\n|switch|p2b: Incineroar|Incineroar, L50, M|100/100\n|-ability|p2b: Incineroar|Intimidate|boost\n|-fail|p1a: Calyrex|unboost|[from] item: Clear Amulet|[of] p1a: Calyrex\n|-unboost|p1b: Miraidon|atk|1\n|move|p2a: Rillaboom|U-turn|p1b: Miraidon\n|-damage|p1b: Miraidon|73/100\n|\n|t:|1746102209\n|switch|p2a: Terapagos|Terapagos, L50, M|100/100|[from] U-turn\n|-activate|p2a: Terapagos|ability: Tera Shift\n|detailschange|p2a: Terapagos|Terapagos-Terastal, L50, M\n|-heal|p2a: Terapagos|100/100|[silent]\n|move|p1a: Calyrex|Glacial Lance|p2a: Terapagos|[spread] p2a,p2b\n|-activate|p2a: Terapagos|ability: Tera Shell\n|-resisted|p2a: Terapagos\n|-resisted|p2b: Incineroar\n|-damage|p2a: Terapagos|80/100\n|-damage|p2b: Incineroar|78/100\n|\n|-heal|p2a: Terapagos|86/100|[from] item: Leftovers\n|upkeep\n|turn|2\n|\n|t:|1746102234\n|switch|p1b: Farigiraf|Farigiraf, L50, F|100/100\n|-enditem|p1b: Farigiraf|Electric Seed\n|-boost|p1b: Farigiraf|def|1|[from] item: Electric Seed\n|move|p2a: Terapagos|Protect|p2a: Terapagos\n|-singleturn|p2a: Terapagos|Protect\n|move|p1a: Calyrex|Protect|p1a: Calyrex\n|-singleturn|p1a: Calyrex|Protect\n|move|p2b: Incineroar|Will-O-Wisp|p1a: Calyrex\n|-activate|p1a: Calyrex|move: Protect\n|\n|-heal|p2a: Terapagos|93/100|[from] item: Leftovers\n|upkeep\n|turn|3\n|inactive|freyartchan has 30 seconds left.\n|inactive|Alexx_vr has 30 seconds left.\n|inactive|freyartchan has 20 seconds left.\n|inactive|freyartchan has 15 seconds left.\n|inactive|freyartchan has 10 seconds left.\n|inactive|freyartchan has 5 seconds left.\n|\n|t:|1746102288\n|switch|p1a: Miraidon|Miraidon, L50|73/100\n|-activate|p1a: Miraidon|ability: Hadron Engine\n|move|p2a: Terapagos|Calm Mind|p2a: Terapagos\n|-boost|p2a: Terapagos|spa|1\n|-boost|p2a: Terapagos|spd|1\n|move|p2b: Incineroar|Will-O-Wisp|p1a: Miraidon\n|-status|p1a: Miraidon|brn\n|move|p1b: Farigiraf|Psychic|p2a: Terapagos\n|-damage|p2a: Terapagos|72/100\n|\n|-heal|p2a: Terapagos|78/100|[from] item: Leftovers\n|-damage|p1a: Miraidon|66/100 brn|[from] brn\n|upkeep\n|turn|4\n|inactive|freyartchan has 30 seconds left.\n|inactive|Alexx_vr has 30 seconds left.\n|\n|t:|1746102317\n|-terastallize|p2a: Terapagos|Stellar\n|detailschange|p2a: Terapagos|Terapagos-Stellar, L50, M, tera:Stellar\n|-heal|p2a: Terapagos|84/100|[silent]\n|-ability|p2a: Terapagos|Teraform Zero\n|-fieldend|move: Electric Terrain\n|move|p1b: Farigiraf|Helping Hand|p1a: Miraidon\n|-singleturn|p1a: Miraidon|Helping Hand|[of] p1b: Farigiraf\n|move|p1a: Miraidon|Draco Meteor|p2a: Terapagos\n|-damage|p2a: Terapagos|13/100\n|-unboost|p1a: Miraidon|spa|2\n|move|p2a: Terapagos|Tera Starstorm|p1b: Farigiraf|[spread] p1a,p1b\n|-crit|p1a: Miraidon\n|-damage|p1a: Miraidon|0 fnt\n|-damage|p1b: Farigiraf|48/100\n|faint|p1a: Miraidon\n|move|p2b: Incineroar|Parting Shot|p1b: Farigiraf\n|-unboost|p1b: Farigiraf|atk|1\n|-unboost|p1b: Farigiraf|spa|1\n|\n|t:|1746102336\n|switch|p2b: Rillaboom|Rillaboom, L50, F|100/100|[from] Parting Shot\n|-fieldstart|move: Grassy Terrain|[from] ability: Grassy Surge|[of] p2b: Rillaboom\n|\n|-heal|p2a: Terapagos|19/100|[from] Grassy Terrain\n|-heal|p2a: Terapagos|25/100|[from] item: Leftovers\n|-heal|p1b: Farigiraf|54/100|[from] Grassy Terrain\n|upkeep\n|\n|t:|1746102350\n|switch|p1a: Urshifu|Urshifu-Rapid-Strike, L50, M|100/100\n|turn|5\n|inactive|freyartchan has 30 seconds left.\n|inactive|freyartchan has 20 seconds left.\n|inactive|freyartchan has 15 seconds left.\n|inactive|freyartchan has 10 seconds left.\n|inactive|freyartchan has 5 seconds left.\n|\n|t:|1746102401\n|switch|p2a: Amoonguss|Amoonguss, L50, M|100/100\n|move|p1a: Urshifu|Close Combat|p2a: Amoonguss\n|-resisted|p2a: Amoonguss\n|-damage|p2a: Amoonguss|71/100\n|-unboost|p1a: Urshifu|def|1\n|-unboost|p1a: Urshifu|spd|1\n|-damage|p1a: Urshifu|84/100|[from] item: Rocky Helmet|[of] p2a: Amoonguss\n|move|p2b: Rillaboom|Wood Hammer|p1a: Urshifu\n|-supereffective|p1a: Urshifu\n|-damage|p1a: Urshifu|0 fnt\n|faint|p1a: Urshifu\n|-damage|p2b: Rillaboom|77/100|[from] Recoil\n|move|p1b: Farigiraf|Psychic|p2b: Rillaboom\n|-damage|p2b: Rillaboom|60/100\n|\n|-heal|p2b: Rillaboom|66/100|[from] Grassy Terrain\n|-heal|p1b: Farigiraf|60/100|[from] Grassy Terrain\n|-heal|p2a: Amoonguss|77/100|[from] Grassy Terrain\n|upkeep\n|\n|t:|1746102405\n|switch|p1a: Calyrex|Calyrex-Ice, L50|100/100\n|-ability|p1a: Calyrex|As One\n|-ability|p1a: Calyrex|Unnerve\n|turn|6\n|inactive|Alexx_vr has 30 seconds left.\n|\n|t:|1746102436\n|move|p1b: Farigiraf|Helping Hand|p1a: Calyrex\n|-singleturn|p1a: Calyrex|Helping Hand|[of] p1b: Farigiraf\n|move|p2a: Amoonguss|Protect|p2a: Amoonguss\n|-singleturn|p2a: Amoonguss|Protect\n|move|p2b: Rillaboom|U-turn|p1b: Farigiraf\n|-supereffective|p1b: Farigiraf\n|-damage|p1b: Farigiraf|35/100\n|\n|t:|1746102443\n|switch|p2b: Incineroar|Incineroar, L50, M|78/100|[from] U-turn\n|-ability|p2b: Incineroar|Intimidate|boost\n|-fail|p1a: Calyrex|unboost|[from] item: Clear Amulet|[of] p1a: Calyrex\n|-unboost|p1b: Farigiraf|atk|1\n|move|p1a: Calyrex|Glacial Lance|p2a: Amoonguss|[spread] p2b\n|-activate|p2a: Amoonguss|move: Protect\n|-resisted|p2b: Incineroar\n|-damage|p2b: Incineroar|48/100\n|\n|-heal|p2b: Incineroar|54/100|[from] Grassy Terrain\n|-heal|p1b: Farigiraf|41/100|[from] Grassy Terrain\n|-heal|p2a: Amoonguss|83/100|[from] Grassy Terrain\n|upkeep\n|turn|7\n|inactive|freyartchan has 30 seconds left.\n|inactive|Alexx_vr has 30 seconds left.\n|\n|t:|1746102476\n|move|p1b: Farigiraf|Helping Hand|p1a: Calyrex\n|-singleturn|p1a: Calyrex|Helping Hand|[of] p1b: Farigiraf\n|move|p2b: Incineroar|Will-O-Wisp|p1a: Calyrex|[miss]\n|-miss|p2b: Incineroar|p1a: Calyrex\n|move|p1a: Calyrex|Glacial Lance|p2a: Amoonguss|[spread] p2a,p2b\n|-supereffective|p2a: Amoonguss\n|-resisted|p2b: Incineroar\n|-damage|p2a: Amoonguss|0 fnt\n|-damage|p2b: Incineroar|24/100\n|faint|p2a: Amoonguss\n|-ability|p1a: Calyrex|Chilling Neigh|boost\n|-boost|p1a: Calyrex|atk|1\n|\n|-heal|p2b: Incineroar|30/100|[from] Grassy Terrain\n|-heal|p1b: Farigiraf|47/100|[from] Grassy Terrain\n|upkeep\n|\n|t:|1746102485\n|switch|p2a: Terapagos|Terapagos-Stellar, L50, M, tera:Stellar|25/100\n|turn|8\n|\n|t:|1746102496\n|move|p1b: Farigiraf|Helping Hand|p1a: Calyrex\n|-singleturn|p1a: Calyrex|Helping Hand|[of] p1b: Farigiraf\n|move|p2a: Terapagos|Tera Starstorm|p1b: Farigiraf|[spread] p1a,p1b\n|-damage|p1a: Calyrex|76/100\n|-damage|p1b: Farigiraf|14/100\n|move|p2b: Incineroar|Will-O-Wisp|p1a: Calyrex|[miss]\n|-miss|p2b: Incineroar|p1a: Calyrex\n|move|p1a: Calyrex|Glacial Lance|p2a: Terapagos|[spread] p2a,p2b\n|-resisted|p2b: Incineroar\n|-damage|p2a: Terapagos|0 fnt\n|-damage|p2b: Incineroar|0 fnt\n|faint|p2a: Terapagos\n|faint|p2b: Incineroar\n|-ability|p1a: Calyrex|Chilling Neigh|boost\n|-boost|p1a: Calyrex|atk|2\n|\n|-heal|p1b: Farigiraf|20/100|[from] Grassy Terrain\n|-heal|p1a: Calyrex|82/100|[from] Grassy Terrain\n|-fieldend|move: Grassy Terrain\n|upkeep\n|\n|t:|1746102507\n|switch|p2b: Rillaboom|Rillaboom, L50, F|66/100\n|-fieldstart|move: Grassy Terrain|[from] ability: Grassy Surge|[of] p2b: Rillaboom\n|turn|9\n|inactive|freyartchan has 30 seconds left.\n|\n|t:|1746102534\n|move|p2b: Rillaboom|Wood Hammer|p1a: Calyrex\n|-damage|p1a: Calyrex|35/100\n|-damage|p2b: Rillaboom|51/100|[from] Recoil\n|move|p1b: Farigiraf|Psychic|p2b: Rillaboom\n|-damage|p2b: Rillaboom|36/100\n|move|p1a: Calyrex|Glacial Lance|p2b: Rillaboom\n|-supereffective|p2b: Rillaboom\n|-damage|p2b: Rillaboom|0 fnt\n|faint|p2b: Rillaboom\n|\n|win|freyartchan\n||Alexx_vr is ready for game 3.\n||freyartchan is ready for game 3.\n|uhtml|next|Next: <a href=\"/battle-gen9vgc2025regibo3-2354610687\"><strong>Game 3 of 3</strong></a>\n|l|\u2606Alexx_vr\n|player|p2|\n", "uploadtime": 1746102901, "views": 8, "formatid": "gen9vgc2025regibo3", "rating": null, "private": 0, "password": null}