{"id": "gen9vgc2025regibo3-2354963643", "format": "[Gen 9] VGC 2025 Reg I (Bo3)", "players": ["ivaryzz", "latios66"], "log": "|j|\u2606ivaryzz\n|j|\u2606latios66\n|html|<table width=\"100%\"><tr><td align=\"left\">ivaryzz</td><td align=\"right\">latios66</tr><tr><td align=\"left\"><i class=\"fa fa-circle\"></i> <i class=\"fa fa-circle-o\"></i> </td><td align=\"right\"><i class=\"fa fa-circle-o\"></i> <i class=\"fa fa-circle\"></i> </tr></table>\n|uhtml|bestof|<h2><strong>Game 3</strong> of <a href=\"/game-bestof3-gen9vgc2025regibo3-2354958541\">a best-of-3</a></h2>\n|t:|1746136350\n|gametype|doubles\n|player|p1|ivaryzz|iris-gen5bw2|1082\n|player|p2|latios66|266|1173\n|teamsize|p1|6\n|teamsize|p2|6\n|gen|9\n|tier|[Gen 9] VGC 2025 Reg I (Bo3)\n|rated|\n|rule|Species Clause: Limit one of each Pok\u00e9mon\n|rule|Item Clause: Limit 1 of each item\n|clearpoke\n|poke|p1|Calyrex-Shadow, L50|\n|poke|p1|Incineroar, L50, F|\n|poke|p1|Rillaboom, L50, M|\n|poke|p1|Terapagos, L50, M|\n|poke|p1|Urshifu-*, L50, M|\n|poke|p1|Ogerpon-Cornerstone, L50, F|\n|poke|p2|Miraidon, L50|\n|poke|p2|Sneasler, L50, M|\n|poke|p2|Dondozo, L50, F|\n|poke|p2|Tatsugiri-Droopy, L50, F|\n|poke|p2|Dragonite, L50, F|\n|poke|p2|Calyrex-Shadow, L50|\n|teampreview|4\n|showteam|p1|Calyrex-Shadow||FocusSash|AsOneSpectrier|AstralBarrage,WillOWisp,Encore,Protect||||||50|,,,,,Ghost]Incineroar||SafetyGoggles|Intimidate|FakeOut,KnockOff,PartingShot,WillOWisp|||F|||50|,,,,,Bug]Rillaboom||AssaultVest|GrassySurge|FakeOut,WoodHammer,GrassyGlide,Uturn|||M|||50|,,,,,Fire]Terapagos||Leftovers|TeraShift|TeraStarstorm,EarthPower,CalmMind,Protect|||M|||50|,,,,,Stellar]Urshifu-Rapid-Strike||ChoiceScarf|UnseenFist|SurgingStrikes,CloseCombat,AquaJet,Uturn|||M|||50|,,,,,Water]Ogerpon-Cornerstone||CornerstoneMask|Sturdy|IvyCudgel,PowerWhip,FollowMe,SpikyShield|||F|||50|,,,,,Rock\n|showteam|p2|Miraidon||ChoiceScarf|HadronEngine|VoltSwitch,ElectroDrift,DazzlingGleam,DracoMeteor||||||50|,,,,,Fairy]Sneasler||ElectricSeed|Unburden|AcidSpray,DireClaw,CloseCombat,FakeOut|||M|||50|,,,,,Poison]Dondozo||Leftovers|Unaware|Earthquake,BodyPress,OrderUp,Protect|||F|||50|,,,,,Grass]Tatsugiri-Droopy||FocusSash|Commander|MuddyWater,Protect,HelpingHand,DracoMeteor|||F|||50|,,,,,Normal]Dragonite||ChoiceBand|InnerFocus|ExtremeSpeed,IronHead,Outrage,AerialAce|||F|||50|,,,,,Normal]Calyrex-Shadow||LifeOrb|AsOneSpectrier|PollenPuff,Psychic,AstralBarrage,Protect||||||50|,,,,,Dark\n|\n|t:|1746136378\n|start\n|switch|p1a: Calyrex|Calyrex-Shadow, L50|100/100\n|switch|p1b: Incineroar|Incineroar, L50, F|100/100\n|switch|p2a: Dragonite|Dragonite, L50, F|100/100\n|switch|p2b: Calyrex|Calyrex-Shadow, L50|100/100\n|-ability|p2b: Calyrex|As One\n|-ability|p2b: Calyrex|Unnerve\n|-ability|p1a: Calyrex|As One\n|-ability|p1a: Calyrex|Unnerve\n|-ability|p1b: Incineroar|Intimidate|boost\n|-fail|p2a: Dragonite|unboost|Attack|[from] ability: Inner Focus|[of] p2a: Dragonite\n|-unboost|p2b: Calyrex|atk|1\n|turn|1\n|\n|t:|1746136419\n|-terastallize|p2a: Dragonite|Normal\n|move|p2b: Calyrex|Protect|p2b: Calyrex\n|-singleturn|p2b: Calyrex|Protect\n|move|p1b: Incineroar|Fake Out|p2b: Calyrex\n|-activate|p2b: Calyrex|move: Protect\n|move|p1a: Calyrex|Will-O-Wisp|p2a: Dragonite|[miss]\n|-miss|p1a: Calyrex|p2a: Dragonite\n|move|p2a: Dragonite|Outrage|p1b: Incineroar\n|-damage|p1b: Incineroar|0 fnt\n|faint|p1b: Incineroar\n|\n|upkeep\n|\n|t:|1746136435\n|switch|p1b: Terapagos|Terapagos, L50, M|100/100\n|-activate|p1b: Terapagos|ability: Tera Shift\n|detailschange|p1b: Terapagos|Terapagos-Terastal, L50, M\n|-heal|p1b: Terapagos|100/100|[silent]\n|turn|2\n|\n|t:|1746136465\n|move|p2b: Calyrex|Astral Barrage|p1a: Calyrex|[spread] p1a\n|-immune|p1b: Terapagos\n|-supereffective|p1a: Calyrex\n|-enditem|p1a: Calyrex|Focus Sash\n|-damage|p1a: Calyrex|1/100\n|-damage|p2b: Calyrex|91/100|[from] item: Life Orb\n|move|p1a: Calyrex|Will-O-Wisp|p2a: Dragonite\n|-status|p2a: Dragonite|brn\n|move|p1b: Terapagos|Calm Mind|p1b: Terapagos\n|-boost|p1b: Terapagos|spa|1\n|-boost|p1b: Terapagos|spd|1\n|move|p2a: Dragonite|Outrage|p1a: Calyrex|[from] lockedmove\n|-damage|p1a: Calyrex|0 fnt\n|faint|p1a: Calyrex\n|-start|p2a: Dragonite|confusion|[fatigue]\n|\n|-damage|p2a: Dragonite|95/100 brn|[from] brn\n|upkeep\n|\n|t:|1746136482\n|switch|p1a: Rillaboom|Rillaboom, L50, M|100/100\n|-fieldstart|move: Grassy Terrain|[from] ability: Grassy Surge|[of] p1a: Rillaboom\n|turn|3\n|\n|t:|1746136507\n|move|p2b: Calyrex|Pollen Puff|p1a: Rillaboom\n|-supereffective|p1a: Rillaboom\n|-damage|p1a: Rillaboom|29/100\n|-damage|p2b: Calyrex|81/100|[from] item: Life Orb\n|move|p1b: Terapagos|Calm Mind|p1b: Terapagos\n|-boost|p1b: Terapagos|spa|1\n|-boost|p1b: Terapagos|spd|1\n|-activate|p2a: Dragonite|confusion\n|move|p2a: Dragonite|Outrage|p1a: Rillaboom\n|-damage|p1a: Rillaboom|0 fnt\n|faint|p1a: Rillaboom\n|\n|-heal|p2b: Calyrex|87/100|[from] Grassy Terrain\n|-heal|p2a: Dragonite|100/100 brn|[from] Grassy Terrain\n|-damage|p2a: Dragonite|95/100 brn|[from] brn\n|upkeep\n|turn|4\n|\n|t:|1746136530\n|-terastallize|p1b: Terapagos|Stellar\n|detailschange|p1b: Terapagos|Terapagos-Stellar, L50, M, tera:Stellar\n|-heal|p1b: Terapagos|100/100|[silent]\n|-ability|p1b: Terapagos|Teraform Zero\n|-fieldend|move: Grassy Terrain\n|move|p2b: Calyrex|Psychic|p1b: Terapagos\n|-damage|p1b: Terapagos|78/100\n|-damage|p2b: Calyrex|77/100|[from] item: Life Orb\n|move|p1b: Terapagos|Tera Starstorm|p2b: Calyrex|[spread] p2a,p2b\n|-supereffective|p2a: Dragonite\n|-damage|p2a: Dragonite|0 fnt\n|-damage|p2b: Calyrex|15/100\n|faint|p2a: Dragonite\n|\n|-heal|p1b: Terapagos|84/100|[from] item: Leftovers\n|upkeep\n|\n|t:|1746136546\n|switch|p2a: Sneasler|Sneasler, L50, M|100/100\n|turn|5\n|\n|t:|1746136569\n|move|p2b: Calyrex|Psychic|p1b: Terapagos\n|-damage|p1b: Terapagos|59/100\n|-unboost|p1b: Terapagos|spd|1\n|-damage|p2b: Calyrex|5/100|[from] item: Life Orb\n|move|p2a: Sneasler|Close Combat|p1b: Terapagos\n|-supereffective|p1b: Terapagos\n|-damage|p1b: Terapagos|0 fnt\n|-unboost|p2a: Sneasler|def|1\n|-unboost|p2a: Sneasler|spd|1\n|faint|p1b: Terapagos\n|\n|win|latios66\n|raw|ivaryzz's rating: 1082 &rarr; <strong>1065</strong><br />(-17 for losing)\n|raw|latios66's rating: 1173 &rarr; <strong>1192</strong><br />(+19 for winning)\n", "uploadtime": 1746136580, "views": 13, "formatid": "gen9vgc2025regibo3", "rating": 1065, "private": 0, "password": null}