{"id": "gen9vgc2025regibo3-2353711892", "format": "[Gen 9] VGC 2025 Reg I (Bo3)", "players": ["wizzpoower", "navicorrin"], "log": "|j|\u2606wizzpoower\n|j|\u2606navicorrin\n|html|<table width=\"100%\"><tr><td align=\"left\">wizzpoower</td><td align=\"right\">navicorrin</tr><tr><td align=\"left\"><i class=\"fa fa-circle-o\"></i> <i class=\"fa fa-circle-o\"></i> </td><td align=\"right\"><i class=\"fa fa-circle-o\"></i> <i class=\"fa fa-circle-o\"></i> </tr></table>\n|uhtml|bestof|<h2><strong>Game 1</strong> of <a href=\"/game-bestof3-gen9vgc2025regibo3-2353711889\">a best-of-3</a></h2>\n|t:|1745987137\n|gametype|doubles\n|player|p1|wizzpoower|cheren-masters|1134\n|player|p2|navicorrin|caitlin|1052\n|teamsize|p1|6\n|teamsize|p2|6\n|gen|9\n|tier|[Gen 9] VGC 2025 Reg I (Bo3)\n|rated|\n|rule|Species Clause: Limit one of each Pok\u00e9mon\n|rule|Item Clause: Limit 1 of each item\n|clearpoke\n|poke|p1|Miraidon, L50|\n|poke|p1|Urshifu-*, L50, F|\n|poke|p1|Iron Hands, L50|\n|poke|p1|Iron Treads, L50|\n|poke|p1|Farigiraf, L50, M|\n|poke|p1|Ho-Oh, L50|\n|poke|p2|Sableye, L50, F|\n|poke|p2|Amoonguss, L50, M|\n|poke|p2|Heracross, L50, F|\n|poke|p2|Eternatus, L50|\n|poke|p2|Kyogre, L50|\n|poke|p2|Incineroar, L50, M|\n|teampreview|4\n|showteam|p1|Miraidon||ChoiceSpecs|HadronEngine|ElectroDrift,VoltSwitch,DracoMeteor,DazzlingGleam||||||50|,,,,,Fairy]Urshifu||FocusSash|UnseenFist|WickedBlow,SuckerPunch,CloseCombat,Detect|||F|||50|,,,,,Dark]Iron Hands||AssaultVest|QuarkDrive|DrainPunch,LowKick,HeavySlam,FakeOut||||||50|,,,,,Poison]Iron Treads||ChoiceBand|QuarkDrive|HighHorsepower,IronHead,SteelRoller,RockSlide||||||50|,,,,,Ghost]Farigiraf||ElectricSeed|ArmorTail|Psychic,Roar,TrickRoom,HelpingHand|||M|||50|,,,,,Water]Ho-Oh||ClearAmulet|Regenerator|BraveBird,SacredFire,Protect,Tailwind||||||50|,,,,,Grass\n|showteam|p2|Sableye||FocusSash|Prankster|WillOWisp,SkillSwap,Encore,Hex|||F|||50|,,,,,Steel]Amoonguss||RockyHelmet|Regenerator|PollenPuff,RagePowder,Protect,Spore|||M|||50|,,,,,Dragon]Heracross||ChoiceScarf|Guts|Megahorn,CloseCombat,HighHorsepower,ThroatChop|||F|||50|,,,,,Water]Eternatus||LifeOrb|Pressure|SludgeBomb,Protect,DynamaxCannon,Recover||||||50|,,,,,Fire]Kyogre||AssaultVest|Drizzle|WaterSpout,OriginPulse,Thunder,IceBeam||||||50|,,,,,Grass]Incineroar||CovertCloak|Intimidate|PartingShot,KnockOff,FakeOut,FlareBlitz|||M|||50|,,,,,Water\n|inactive|Battle timer is ON: inactive players will automatically lose when time's up. (requested by navicorrin)\n|\n|t:|1745987178\n|start\n|switch|p1a: megabeast:3|Miraidon, L50|100/100\n|switch|p1b: mythicdreamr|Farigiraf, L50, M, shiny|100/100\n|switch|p2a: Sableye|Sableye, L50, F, shiny|100/100\n|switch|p2b: Heracross|Heracross, L50, F|100/100\n|-fieldstart|move: Electric Terrain|[from] ability: Hadron Engine|[of] p1a: megabeast:3\n|-enditem|p1b: mythicdreamr|Electric Seed\n|-boost|p1b: mythicdreamr|def|1|[from] item: Electric Seed\n|turn|1\n|\n|t:|1745987194\n|-terastallize|p1a: megabeast:3|Fairy\n|move|p2a: Sableye|Will-O-Wisp|p2b: Heracross\n|-status|p2b: Heracross|brn\n|move|p2b: Heracross|High Horsepower|p1a: megabeast:3\n|-damage|p1a: megabeast:3|53/100\n|move|p1a: megabeast:3|Dazzling Gleam|p2b: Heracross|[spread] p2a,p2b\n|-supereffective|p2a: Sableye\n|-supereffective|p2b: Heracross\n|-enditem|p2a: Sableye|Focus Sash\n|-damage|p2a: Sableye|1/100\n|-damage|p2b: Heracross|0 fnt\n|faint|p2b: Heracross\n|move|p1b: mythicdreamr|Psychic|p2a: Sableye\n|-immune|p2a: Sableye\n|\n|upkeep\n|\n|t:|1745987212\n|switch|p2b: Eternatus|Eternatus, L50|100/100\n|-ability|p2b: Eternatus|Pressure\n|turn|2\n|\n|t:|1745987227\n|switch|p1a: partypirate|Iron Hands, L50|100/100\n|-activate|p1a: partypirate|ability: Quark Drive\n|-start|p1a: partypirate|quarkdriveatk\n|move|p2a: Sableye|Skill Swap|p2b: Eternatus\n|-activate|p2a: Sableye|move: Skill Swap|||[of] p2b: Eternatus\n|-ability|p2a: Sableye|Pressure\n|move|p2b: Eternatus|Sludge Bomb|p1a: partypirate\n|-damage|p1a: partypirate|65/100\n|-damage|p2b: Eternatus|91/100|[from] item: Life Orb\n|move|p1b: mythicdreamr|Psychic|p2b: Eternatus\n|-supereffective|p2b: Eternatus\n|-damage|p2b: Eternatus|30/100\n|-unboost|p2b: Eternatus|spd|1\n|\n|upkeep\n|turn|3\n|\n|t:|1745987247\n|move|p2b: Eternatus|Recover|p2b: Eternatus\n|-heal|p2b: Eternatus|80/100\n|move|p1b: mythicdreamr|Psychic|p2b: Eternatus\n|-supereffective|p2b: Eternatus\n|-damage|p2b: Eternatus|0 fnt\n|faint|p2b: Eternatus\n|move|p2a: Sableye|Will-O-Wisp|p1a: partypirate\n|-status|p1a: partypirate|brn\n|move|p1a: partypirate|Heavy Slam|p2a: Sableye\n|-damage|p2a: Sableye|0 fnt\n|faint|p2a: Sableye\n|\n|-damage|p1a: partypirate|59/100 brn|[from] brn\n|upkeep\n|\n|t:|1745987253\n|switch|p2b: Vengeful Daulton|Kyogre, L50, shiny|100/100\n|-weather|RainDance|[from] ability: Drizzle|[of] p2b: Vengeful Daulton\n|turn|4\n|\n|t:|1745987263\n|switch|p1b: radicalqueen|Urshifu, L50, F|100/100\n|move|p2b: Vengeful Daulton|Water Spout|p1a: partypirate|[spread] p1a,p1b\n|-damage|p1a: partypirate|12/100 brn\n|-enditem|p1b: radicalqueen|Focus Sash\n|-damage|p1b: radicalqueen|1/100\n|move|p1a: partypirate|Low Kick|p2b: Vengeful Daulton\n|-damage|p2b: Vengeful Daulton|54/100\n|\n|-weather|RainDance|[upkeep]\n|-damage|p1a: partypirate|6/100 brn|[from] brn\n|upkeep\n|turn|5\n|\n|t:|1745987278\n|move|p1b: radicalqueen|Detect|p1b: radicalqueen\n|-singleturn|p1b: radicalqueen|Protect\n|move|p2b: Vengeful Daulton|Water Spout|p1a: partypirate|[spread] p1a\n|-activate|p1b: radicalqueen|move: Protect\n|-damage|p1a: partypirate|0 fnt\n|faint|p1a: partypirate\n|-end|p1a: partypirate|Quark Drive|[silent]\n|\n|-weather|RainDance|[upkeep]\n|-fieldend|move: Electric Terrain\n|upkeep\n|\n|t:|1745987290\n|switch|p1a: megabeast:3|Miraidon, L50, tera:Fairy|53/100\n|-fieldstart|move: Electric Terrain|[from] ability: Hadron Engine|[of] p1a: megabeast:3\n|turn|6\n|\n|t:|1745987297\n|-terastallize|p2b: Vengeful Daulton|Grass\n|move|p1a: megabeast:3|Electro Drift|p2b: Vengeful Daulton\n|-resisted|p2b: Vengeful Daulton\n|-damage|p2b: Vengeful Daulton|16/100\n|move|p2b: Vengeful Daulton|Origin Pulse|p1b: radicalqueen|[spread] p1a,p1b\n|-damage|p1a: megabeast:3|0 fnt\n|-damage|p1b: radicalqueen|0 fnt\n|faint|p1a: megabeast:3\n|faint|p1b: radicalqueen\n|\n|-weather|RainDance|[upkeep]\n|upkeep\n|inactive|wizzpoower has 30 seconds left.\n|\n|t:|1745987330\n|switch|p1b: mythicdreamr|Farigiraf, L50, M, shiny|100/100\n|turn|7\n|\n|t:|1745987338\n|move|p2b: Vengeful Daulton|Origin Pulse|p1b: mythicdreamr\n|-damage|p1b: mythicdreamr|13/100\n|move|p1b: mythicdreamr|Psychic|p2b: Vengeful Daulton\n|-damage|p2b: Vengeful Daulton|0 fnt\n|faint|p2b: Vengeful Daulton\n|\n|win|wizzpoower\n||navicorrin is ready for game 2.\n||wizzpoower is ready for game 2.\n|uhtml|next|Next: <a href=\"/battle-gen9vgc2025regibo3-2353713285\"><strong>Game 2 of 3</strong></a>\n|l|\u2606navicorrin\n|player|p2|\n", "uploadtime": 1745987696, "views": 8, "formatid": "gen9vgc2025regibo3", "rating": null, "private": 0, "password": null}