{"id": "gen9vgc2025regibo3-2353739309", "format": "[Gen 9] VGC 2025 Reg I (Bo3)", "players": ["Bahamate", "ugiiiiii"], "log": "|j|\u2606Bahamate\n|j|\u2606ugiiiiii\n|html|<table width=\"100%\"><tr><td align=\"left\">Bahamate</td><td align=\"right\">ugiiiiii</tr><tr><td align=\"left\"><i class=\"fa fa-circle-o\"></i> <i class=\"fa fa-circle-o\"></i> </td><td align=\"right\"><i class=\"fa fa-circle-o\"></i> <i class=\"fa fa-circle-o\"></i> </tr></table>\n|uhtml|bestof|<h2><strong>Game 1</strong> of <a href=\"/game-bestof3-gen9vgc2025regibo3-2353739306\">a best-of-3</a></h2>\n|t:|1745991622\n|gametype|doubles\n|player|p1|Bahamate|grimsley|1131\n|player|p2|ugiiiiii|winona|1045\n|teamsize|p1|6\n|teamsize|p2|6\n|gen|9\n|tier|[Gen 9] VGC 2025 Reg I (Bo3)\n|rated|\n|rule|Species Clause: Limit one of each Pok\u00e9mon\n|rule|Item Clause: Limit 1 of each item\n|clearpoke\n|poke|p1|Calyrex-Shadow, L50|\n|poke|p1|Zacian-*, L50|\n|poke|p1|Ogerpon-Wellspring, L50, F|\n|poke|p1|Okidogi, L50, M|\n|poke|p1|Roaring Moon, L50|\n|poke|p1|Indeedee-F, L50, F|\n|poke|p2|Kyogre, L50|\n|poke|p2|Zacian-*, L50|\n|poke|p2|Roaring Moon, L50|\n|poke|p2|Amoonguss, L50, F|\n|poke|p2|Rillaboom, L50, M|\n|poke|p2|Annihilape, L50, F|\n|teampreview|4\n|showteam|p1|Calyrex-Shadow||FocusSash|AsOneSpectrier|AstralBarrage,ExpandingForce,Encore,Protect||||||50|,,,,,Dark]Zacian-Crowned||RustedSword|IntrepidSword|behemothblade,PlayRough,SacredSword,Protect||||||50|,,,,,Water]Ogerpon-Wellspring||WellspringMask|WaterAbsorb|IvyCudgel,WoodHammer,SpikyShield,FollowMe|||F|||50|,,,,,Water]Okidogi||AssaultVest|GuardDog|DrainPunch,PoisonJab,KnockOff,UpperHand|||M|||50|,,,,,Dark]Roaring Moon||BoosterEnergy|Protosynthesis|Acrobatics,KnockOff,Tailwind,Protect||||||50|,,,,,Flying]Indeedee-F||PsychicSeed|PsychicSurge|HelpingHand,Psychic,TrickRoom,FollowMe|||F|||50|,,,,,Fire\n|showteam|p2|Kyogre||Leftovers|Drizzle|OriginPulse,CalmMind,Protect,IceBeam||||||50|,,,,,Grass]Zacian-Crowned||RustedSword|IntrepidSword|SacredSword,behemothblade,TeraBlast,Protect||||||50|,,,,,Ground]Roaring Moon||BoosterEnergy|Protosynthesis|Acrobatics,Tailwind,KnockOff,Protect||||||50|,,,,,Flying]Amoonguss||RockyHelmet|Regenerator|Spore,RagePowder,PollenPuff,Protect|||F|||50|,,,,,Dark]Rillaboom||AssaultVest|GrassySurge|GrassyGlide,WoodHammer,FakeOut,Uturn|||M|||50|,,,,,Water]Annihilape||ChoiceScarf|Defiant|FinalGambit,ShadowClaw,CloseCombat,Coaching|||F|||50|,,,,,Grass\n|l|\u2606ugiiiiii\n|player|p2|\n|j|\u2606ugiiiiii\n|player|p2|ugiiiiii|winona|\n|\n|t:|1745991690\n|start\n|switch|p1a: Zacian|Zacian-Crowned, L50|100/100\n|switch|p1b: Roaring Moon|Roaring Moon, L50|100/100\n|switch|p2a: Kyogre|Kyogre, L50|100/100\n|switch|p2b: Roaring Moon|Roaring Moon, L50|100/100\n|-ability|p1a: Zacian|Intrepid Sword|boost\n|-boost|p1a: Zacian|atk|1\n|-weather|RainDance|[from] ability: Drizzle|[of] p2a: Kyogre\n|-enditem|p1b: Roaring Moon|Booster Energy\n|-activate|p1b: Roaring Moon|ability: Protosynthesis|[fromitem]\n|-start|p1b: Roaring Moon|protosynthesisspe\n|-enditem|p2b: Roaring Moon|Booster Energy\n|-activate|p2b: Roaring Moon|ability: Protosynthesis|[fromitem]\n|-start|p2b: Roaring Moon|protosynthesisspe\n|turn|1\n|\n|t:|1745991717\n|-terastallize|p1a: Zacian|Water\n|move|p2a: Kyogre|Protect|p2a: Kyogre\n|-singleturn|p2a: Kyogre|Protect\n|move|p1b: Roaring Moon|Tailwind|p1b: Roaring Moon\n|-sidestart|p1: Bahamate|move: Tailwind\n|move|p1a: Zacian|Play Rough|p2b: Roaring Moon|[miss]\n|-miss|p1a: Zacian|p2b: Roaring Moon\n|move|p2b: Roaring Moon|Tailwind|p2b: Roaring Moon\n|-sidestart|p2: ugiiiiii|move: Tailwind\n|\n|-weather|RainDance|[upkeep]\n|upkeep\n|turn|2\n|\n|t:|1745991749\n|-end|p2b: Roaring Moon|Protosynthesis|[silent]\n|switch|p2b: Rillaboom|Rillaboom, L50, M|100/100\n|-fieldstart|move: Grassy Terrain|[from] ability: Grassy Surge|[of] p2b: Rillaboom\n|move|p1b: Roaring Moon|Knock Off|p2a: Kyogre\n|-damage|p2a: Kyogre|60/100\n|-enditem|p2a: Kyogre|Leftovers|[from] move: Knock Off|[of] p1b: Roaring Moon\n|move|p1a: Zacian|Play Rough|p2a: Kyogre\n|-damage|p2a: Kyogre|0 fnt\n|faint|p2a: Kyogre\n|\n|-weather|RainDance|[upkeep]\n|upkeep\n|\n|t:|1745991773\n|switch|p2a: Zacian|Zacian-Crowned, L50|100/100\n|-ability|p2a: Zacian|Intrepid Sword|boost\n|-boost|p2a: Zacian|atk|1\n|turn|3\n|\n|t:|1745991798\n|-terastallize|p2a: Zacian|Ground\n|move|p1b: Roaring Moon|Protect|p1b: Roaring Moon\n|-singleturn|p1b: Roaring Moon|Protect\n|move|p1a: Zacian|Protect|p1a: Zacian\n|-singleturn|p1a: Zacian|Protect\n|move|p2b: Rillaboom|Fake Out|p1a: Zacian\n|-activate|p1a: Zacian|move: Protect\n|move|p2a: Zacian|Sacred Sword|p1b: Roaring Moon\n|-activate|p1b: Roaring Moon|move: Protect\n|\n|-weather|RainDance|[upkeep]\n|upkeep\n|turn|4\n|\n|t:|1745991813\n|move|p1b: Roaring Moon|Acrobatics|p2b: Rillaboom\n|-supereffective|p2b: Rillaboom\n|-damage|p2b: Rillaboom|38/100\n|move|p2a: Zacian|Sacred Sword|p1a: Zacian\n|-damage|p1a: Zacian|58/100\n|move|p1a: Zacian|Behemoth Blade|p2b: Rillaboom\n|-damage|p2b: Rillaboom|0 fnt\n|faint|p2b: Rillaboom\n|\n|-weather|RainDance|[upkeep]\n|-heal|p1a: Zacian|64/100|[from] Grassy Terrain\n|-sideend|p2: ugiiiiii|move: Tailwind\n|-sideend|p1: Bahamate|move: Tailwind\n|upkeep\n|\n|t:|1745991822\n|switch|p2b: Roaring Moon|Roaring Moon, L50|100/100\n|turn|5\n|\n|t:|1745991835\n|move|p1b: Roaring Moon|Tailwind|p1b: Roaring Moon\n|-sidestart|p1: Bahamate|move: Tailwind\n|move|p1a: Zacian|Sacred Sword|p2b: Roaring Moon\n|-supereffective|p2b: Roaring Moon\n|-damage|p2b: Roaring Moon|0 fnt\n|faint|p2b: Roaring Moon\n|-end|p2b: Roaring Moon|Protosynthesis|[silent]\n|move|p2a: Zacian|Sacred Sword|p1b: Roaring Moon\n|-supereffective|p1b: Roaring Moon\n|-damage|p1b: Roaring Moon|0 fnt\n|faint|p1b: Roaring Moon\n|-end|p1b: Roaring Moon|Protosynthesis|[silent]\n|\n|-weather|none\n|-heal|p1a: Zacian|70/100|[from] Grassy Terrain\n|upkeep\n|\n|t:|1745991842\n|switch|p1b: Ogerpon|Ogerpon-Wellspring, L50, F|100/100\n|turn|6\n|-message|ugiiiiii forfeited.\n|\n|win|Bahamate\n|l|\u2606ugiiiiii\n|player|p2|\n||Bahamate is ready for game 2.\n|inactive|ugiiiiii has 30 seconds to confirm battle start!\n|inactive|ugiiiiii has 20 seconds to confirm battle start!\n|inactive|ugiiiiii has 10 seconds to confirm battle start!\n|inactive|ugiiiiii has 0 seconds to confirm battle start!\n|uhtml|next|Next: <a href=\"/battle-gen9vgc2025regibo3-2353740897\"><strong>Game 2 of 3</strong></a>\n", "uploadtime": 1745992143, "views": 22, "formatid": "gen9vgc2025regibo3", "rating": null, "private": 0, "password": null}