{"id": "gen9vgc2025regibo3-2355002819", "format": "[Gen 9] VGC 2025 Reg I (Bo3)", "players": ["latios66", "Steele95"], "log": "|j|\u2606latios66\n|j|\u2606Steele95\n|html|<table width=\"100%\"><tr><td align=\"left\">latios66</td><td align=\"right\">Steele95</tr><tr><td align=\"left\"><i class=\"fa fa-circle-o\"></i> <i class=\"fa fa-circle-o\"></i> </td><td align=\"right\"><i class=\"fa fa-circle-o\"></i> <i class=\"fa fa-circle-o\"></i> </tr></table>\n|uhtml|bestof|<h2><strong>Game 1</strong> of <a href=\"/game-bestof3-gen9vgc2025regibo3-2355002818\">a best-of-3</a></h2>\n|t:|1746140805\n|gametype|doubles\n|player|p1|latios66|266|1226\n|player|p2|Steele95|palmer|1080\n|teamsize|p1|6\n|teamsize|p2|6\n|gen|9\n|tier|[Gen 9] VGC 2025 Reg I (Bo3)\n|rated|\n|rule|Species Clause: Limit one of each Pok\u00e9mon\n|rule|Item Clause: Limit 1 of each item\n|clearpoke\n|poke|p1|Miraidon, L50|\n|poke|p1|Sneasler, L50, F|\n|poke|p1|Dondozo, L50, M|\n|poke|p1|Tatsugiri-Droopy, L50, M|\n|poke|p1|Dragonite, L50, F|\n|poke|p1|Calyrex-Shadow, L50|\n|poke|p2|Koraidon, L50|\n|poke|p2|Lunala, L50|\n|poke|p2|Chi-Yu, L50|\n|poke|p2|Indeedee-F, L50, F|\n|poke|p2|Iron Hands, L50|\n|poke|p2|Flutter Mane, L50|\n|teampreview|4\n|showteam|p1|Miraidon||ChoiceScarf|HadronEngine|VoltSwitch,ElectroDrift,DazzlingGleam,DracoMeteor||||||50|,,,,,Fairy]Sneasler||ElectricSeed|Unburden|AcidSpray,DireClaw,CloseCombat,FakeOut|||F|||50|,,,,,Poison]Dondozo||Leftovers|Unaware|Earthquake,BodyPress,OrderUp,Protect|||M|||50|,,,,,Grass]Tatsugiri-Droopy||FocusSash|Commander|MuddyWater,Protect,HelpingHand,DracoMeteor|||M|||50|,,,,,Normal]Dragonite||ChoiceBand|InnerFocus|ExtremeSpeed,IronHead,Outrage,AerialAce|||F|||50|,,,,,Normal]Calyrex-Shadow||LifeOrb|AsOneSpectrier|PollenPuff,Psychic,AstralBarrage,Protect||||||50|,,,,,Dark\n|showteam|p2|Koraidon||ClearAmulet|OrichalcumPulse|Protect,IronHead,CollisionCourse,FlareBlitz||||||50|,,,,,Fire]Lunala||SafetyGoggles|ShadowShield|MoongeistBeam,WideGuard,TrickRoom,ExpandingForce||||||50|,,,,,Fairy]Chi-Yu||ChoiceScarf|BeadsofRuin|DarkPulse,HeatWave,Overheat,Snarl||||||50|,,,,,Dark]Indeedee-F||RockyHelmet|PsychicSurge|FollowMe,TrickRoom,HelpingHand,Psychic|||F|||50|,,,,,Ground]Iron Hands||AssaultVest|QuarkDrive|Earthquake,FakeOut,CloseCombat,WildCharge||||||50|,,,,,Grass]Flutter Mane||FocusSash|Protosynthesis|Protect,IcyWind,Moonblast,ShadowBall||||||50|,,,,,Fairy\n|inactive|Battle timer is ON: inactive players will automatically lose when time's up. (requested by Steele95)\n|inactive|Steele95 has 60 seconds left.\n|inactive|Steele95 has 30 seconds left.\n|inactive|Steele95 has 20 seconds left.\n|inactive|Steele95 has 15 seconds left.\n|inactive|Steele95 has 10 seconds left.\n|\n|t:|1746140886\n|start\n|switch|p1a: Miraidon|Miraidon, L50|100/100\n|switch|p1b: Dondozo|Dondozo, L50, M|100/100\n|switch|p2a: Koraidon|Koraidon, L50|100/100\n|switch|p2b: Flutter Mane|Flutter Mane, L50|100/100\n|-fieldstart|move: Electric Terrain|[from] ability: Hadron Engine|[of] p1a: Miraidon\n|-weather|SunnyDay|[from] ability: Orichalcum Pulse|[of] p2a: Koraidon\n|-activate|p2b: Flutter Mane|ability: Protosynthesis\n|-start|p2b: Flutter Mane|protosynthesisspe\n|-activate|p2a: Koraidon|Orichalcum Pulse|[source]\n|turn|1\n|inactive|latios66 has 30 seconds left.\n|inactive|latios66 has 20 seconds left.\n|inactive|latios66 has 15 seconds left.\n|\n|t:|1746140929\n|switch|p1a: Tatsugiri|Tatsugiri-Droopy, L50, M|100/100\n|-activate|p1a: Tatsugiri|ability: Commander|[of] p1b: Dondozo\n|-boost|p1b: Dondozo|atk|2\n|-boost|p1b: Dondozo|spa|2\n|-boost|p1b: Dondozo|spe|2\n|-boost|p1b: Dondozo|def|2\n|-boost|p1b: Dondozo|spd|2\n|move|p2a: Koraidon|Protect|p2a: Koraidon\n|-singleturn|p2a: Koraidon|Protect\n|move|p2b: Flutter Mane|Icy Wind|p1a: Tatsugiri|[spread] p1b\n|-miss|p2b: Flutter Mane|p1a: Tatsugiri\n|-resisted|p1b: Dondozo\n|-damage|p1b: Dondozo|97/100\n|-unboost|p1b: Dondozo|spe|1\n|move|p1b: Dondozo|Order Up|p2a: Koraidon\n|-activate|p2a: Koraidon|move: Protect\n|\n|-weather|SunnyDay|[upkeep]\n|-heal|p1b: Dondozo|100/100|[from] item: Leftovers\n|upkeep\n|turn|2\n|\n|t:|1746140952\n|-terastallize|p2a: Koraidon|Fire\n|move|p2b: Flutter Mane|Moonblast|p1b: Dondozo\n|-damage|p1b: Dondozo|79/100\n|-unboost|p1b: Dondozo|spa|1\n|move|p2a: Koraidon|Collision Course|p1b: Dondozo\n|-damage|p1b: Dondozo|58/100\n|move|p1b: Dondozo|Order Up|p2a: Koraidon\n|-damage|p2a: Koraidon|66/100\n|-boost|p1b: Dondozo|def|1\n|\n|-weather|SunnyDay|[upkeep]\n|-heal|p1b: Dondozo|64/100|[from] item: Leftovers\n|upkeep\n|turn|3\n|inactive|Steele95 has 30 seconds left.\n|\n|t:|1746140983\n|switch|p2a: Lunala|Lunala, L50|100/100\n|move|p1b: Dondozo|Protect|p1b: Dondozo\n|-singleturn|p1b: Dondozo|Protect\n|move|p2b: Flutter Mane|Moonblast|p1b: Dondozo\n|-activate|p1b: Dondozo|move: Protect\n|\n|-weather|SunnyDay|[upkeep]\n|-heal|p1b: Dondozo|70/100|[from] item: Leftovers\n|upkeep\n|turn|4\n|\n|t:|1746141002\n|move|p2b: Flutter Mane|Moonblast|p1b: Dondozo\n|-damage|p1b: Dondozo|49/100\n|-unboost|p1b: Dondozo|spa|1\n|move|p1b: Dondozo|Earthquake|p2b: Flutter Mane|[spread] p2a,p2b\n|-miss|p1b: Dondozo|p1a: Tatsugiri\n|-damage|p2a: Lunala|89/100\n|-damage|p2b: Flutter Mane|21/100\n|move|p2a: Lunala|Moongeist Beam|p1b: Dondozo\n|-damage|p1b: Dondozo|26/100\n|\n|-weather|SunnyDay|[upkeep]\n|-heal|p1b: Dondozo|32/100|[from] item: Leftovers\n|upkeep\n|turn|5\n|inactive|latios66 has 30 seconds left.\n|inactive|latios66 has 20 seconds left.\n|inactive|latios66 has 15 seconds left.\n|inactive|latios66 has 10 seconds left.\n|inactive|latios66 has 5 seconds left.\n|\n|t:|1746141056\n|move|p2b: Flutter Mane|Shadow Ball|p1b: Dondozo\n|-damage|p1b: Dondozo|12/100\n|move|p1b: Dondozo|Order Up|p2a: Lunala\n|-damage|p2a: Lunala|61/100\n|-boost|p1b: Dondozo|def|1\n|move|p2a: Lunala|Moongeist Beam|p1b: Dondozo\n|-damage|p1b: Dondozo|0 fnt\n|faint|p1b: Dondozo\n|\n|-weather|none\n|-end|p2b: Flutter Mane|Protosynthesis\n|-fieldend|move: Electric Terrain\n|upkeep\n|l|\u2606Steele95\n|inactive|Steele95 disconnected and has a minute to reconnect!\n|player|p2|\n|\n|t:|1746141068\n|switch|p1b: Miraidon|Miraidon, L50|100/100\n|-fieldstart|move: Electric Terrain|[from] ability: Hadron Engine|[of] p1b: Miraidon\n|turn|6\n|inactive|Steele95 has 30 seconds left.\n|inactive|Steele95 has 20 seconds left.\n|inactive|Steele95 has 15 seconds left.\n|j|\u2606Steele95\n|inactive|Steele95 reconnected and has 15 seconds left.\n|player|p2|Steele95|palmer|\n|inactive|Steele95 has 10 seconds left.\n|inactive|Steele95 has 5 seconds left.\n|\n|t:|1746141123\n|-terastallize|p1b: Miraidon|Fairy\n|move|p1a: Tatsugiri|Helping Hand|p1b: Miraidon\n|-singleturn|p1b: Miraidon|Helping Hand|[of] p1a: Tatsugiri\n|move|p2b: Flutter Mane|Protect|p2b: Flutter Mane\n|-singleturn|p2b: Flutter Mane|Protect\n|move|p1b: Miraidon|Dazzling Gleam|p2b: Flutter Mane|[spread] p2a\n|-activate|p2b: Flutter Mane|move: Protect\n|-damage|p2a: Lunala|13/100\n|move|p2a: Lunala|Moongeist Beam|p1b: Miraidon\n|-damage|p1b: Miraidon|58/100\n|\n|upkeep\n|turn|7\n|\n|t:|1746141146\n|switch|p1b: Sneasler|Sneasler, L50, F|100/100\n|-enditem|p1b: Sneasler|Electric Seed\n|-boost|p1b: Sneasler|def|1|[from] item: Electric Seed\n|move|p2b: Flutter Mane|Icy Wind|p1b: Sneasler|[spread] p1a,p1b\n|-crit|p1b: Sneasler\n|-damage|p1a: Tatsugiri|82/100\n|-damage|p1b: Sneasler|71/100\n|-unboost|p1a: Tatsugiri|spe|1\n|-unboost|p1b: Sneasler|spe|1\n|move|p1a: Tatsugiri|Muddy Water|p2a: Lunala|[spread] p2a\n|-miss|p1a: Tatsugiri|p2b: Flutter Mane\n|-damage|p2a: Lunala|0 fnt\n|faint|p2a: Lunala\n|\n|upkeep\n|\n|t:|1746141159\n|switch|p2a: Chi-Yu|Chi-Yu, L50|100/100\n|-ability|p2a: Chi-Yu|Beads of Ruin\n|turn|8\n|\n|t:|1746141175\n|move|p1b: Sneasler|Fake Out|p2a: Chi-Yu\n|-damage|p2a: Chi-Yu|78/100\n|cant|p2a: Chi-Yu|flinch\n|move|p2b: Flutter Mane|Moonblast|p1a: Tatsugiri\n|-supereffective|p1a: Tatsugiri\n|-damage|p1a: Tatsugiri|0 fnt\n|faint|p1a: Tatsugiri\n|\n|upkeep\n|\n|t:|1746141181\n|switch|p1a: Miraidon|Miraidon, L50, tera:Fairy|58/100\n|-activate|p1a: Miraidon|ability: Hadron Engine\n|turn|9\n|\n|t:|1746141192\n|move|p2b: Flutter Mane|Protect|p2b: Flutter Mane\n|-singleturn|p2b: Flutter Mane|Protect\n|move|p1a: Miraidon|Electro Drift|p2a: Chi-Yu\n|-damage|p2a: Chi-Yu|0 fnt\n|faint|p2a: Chi-Yu\n|move|p1b: Sneasler|Close Combat|p2b: Flutter Mane\n|-activate|p2b: Flutter Mane|move: Protect\n|\n|upkeep\n|\n|t:|1746141201\n|switch|p2a: Koraidon|Koraidon, L50, tera:Fire|66/100\n|-weather|SunnyDay|[from] ability: Orichalcum Pulse|[of] p2a: Koraidon\n|-activate|p2b: Flutter Mane|ability: Protosynthesis\n|-start|p2b: Flutter Mane|protosynthesisspe\n|-activate|p2a: Koraidon|Orichalcum Pulse|[source]\n|turn|10\n|\n|t:|1746141213\n|move|p2b: Flutter Mane|Icy Wind|p1b: Sneasler|[spread] p1a\n|-miss|p2b: Flutter Mane|p1b: Sneasler\n|-damage|p1a: Miraidon|44/100\n|-unboost|p1a: Miraidon|spe|1\n|move|p1b: Sneasler|Close Combat|p2a: Koraidon\n|-damage|p2a: Koraidon|6/100\n|-unboost|p1b: Sneasler|def|1\n|-unboost|p1b: Sneasler|spd|1\n|move|p2a: Koraidon|Flare Blitz|p1a: Miraidon\n|-damage|p1a: Miraidon|0 fnt\n|faint|p1a: Miraidon\n|-damage|p2a: Koraidon|0 fnt|[from] Recoil\n|faint|p2a: Koraidon\n|\n|-weather|SunnyDay|[upkeep]\n|-fieldend|move: Electric Terrain\n|upkeep\n|turn|11\n|inactive|Steele95 has 30 seconds left.\n|\n|t:|1746141239\n|move|p2b: Flutter Mane|Shadow Ball|p1b: Sneasler\n|-damage|p1b: Sneasler|0 fnt\n|faint|p1b: Sneasler\n|\n|win|Steele95\n||Steele95 is ready for game 2.\n|inactive|latios66 has 30 seconds to confirm battle start!\n||latios66 is ready for game 2.\n|uhtml|next|Next: <a href=\"/battle-gen9vgc2025regibo3-2355006551\"><strong>Game 2 of 3</strong></a>\n", "uploadtime": 1746141246, "views": 5, "formatid": "gen9vgc2025regibo3", "rating": null, "private": 0, "password": null}