{"id": "gen9vgc2025regibo3-2353733523", "format": "[Gen 9] VGC 2025 Reg I (Bo3)", "players": ["Jakobtc", "Snickers23"], "log": "|j|\u2606Jakobtc\n|j|\u2606Snickers23\n|html|<table width=\"100%\"><tr><td align=\"left\">Jakobtc</td><td align=\"right\">Snickers23</tr><tr><td align=\"left\"><i class=\"fa fa-circle-o\"></i> <i class=\"fa fa-circle-o\"></i> </td><td align=\"right\"><i class=\"fa fa-circle-o\"></i> <i class=\"fa fa-circle-o\"></i> </tr></table>\n|uhtml|bestof|<h2><strong>Game 1</strong> of <a href=\"/game-bestof3-gen9vgc2025regibo3-2353733522\">a best-of-3</a></h2>\n|t:|1745990621\n|gametype|doubles\n|player|p1|Jakobtc|riley|1373\n|player|p2|Snickers23|rosa|1312\n|teamsize|p1|6\n|teamsize|p2|6\n|gen|9\n|tier|[Gen 9] VGC 2025 Reg I (Bo3)\n|rated|\n|rule|Species Clause: Limit one of each Pok\u00e9mon\n|rule|Item Clause: Limit 1 of each item\n|clearpoke\n|poke|p1|Calyrex-Shadow, L50|\n|poke|p1|Zacian-*, L50|\n|poke|p1|Incineroar, L50, M|\n|poke|p1|Rillaboom, L50, F|\n|poke|p1|Urshifu-*, L50, M|\n|poke|p1|Tornadus, L50, M|\n|poke|p2|Calyrex-Shadow, L50|\n|poke|p2|Zamazenta-*, L50|\n|poke|p2|Incineroar, L50, M|\n|poke|p2|Rillaboom, L50, M|\n|poke|p2|Clefairy, L50, M|\n|poke|p2|Urshifu-*, L50, F|\n|teampreview|4\n|showteam|p1|Calyrex-Shadow||FocusSash|AsOneSpectrier|AstralBarrage,Psychic,Taunt,Protect||||||50|,,,,,Stellar]Zacian-Crowned||RustedSword|IntrepidSword|behemothblade,PlayRough,SacredSword,Protect||||||50|,,,,,Water]Incineroar||SafetyGoggles|Intimidate|FakeOut,KnockOff,HelpingHand,PartingShot|||M|||50|,,,,,Dragon]Rillaboom||AssaultVest|GrassySurge|FakeOut,GrassyGlide,WoodHammer,Uturn|||F|||50|,,,,,Fire]Urshifu-Rapid-Strike||ChoiceScarf|UnseenFist|SurgingStrikes,CloseCombat,AquaJet,Uturn|||M|||50|,,,,,Grass]Tornadus||CovertCloak|Prankster|BleakwindStorm,Tailwind,RainDance,Protect|||M|||50|,,,,,Dark\n|showteam|p2|Calyrex-Shadow||SpellTag|AsOneSpectrier|AstralBarrage,Psychic,NastyPlot,Protect||||||50|,,,,,Dark]Zamazenta-Crowned||RustedShield|DauntlessShield|BodyPress,HeavySlam,WideGuard,Protect||||||50|,,,,,Water]Incineroar||SafetyGoggles|Intimidate|FlareBlitz,KnockOff,PartingShot,FakeOut|||M|||50|,,,,,Ghost]Rillaboom||AssaultVest|GrassySurge|WoodHammer,GrassyGlide,Uturn,FakeOut|||M|||50|,,,,,Fire]Clefairy||Eviolite|FriendGuard|FollowMe,IcyWind,HelpingHand,Protect|||M|||50|,,,,,Grass]Urshifu-Rapid-Strike||ChoiceScarf|UnseenFist|SurgingStrikes,CloseCombat,Uturn,RainDance|||F|||50|,,,,,Water\n|inactive|Battle timer is ON: inactive players will automatically lose when time's up. (requested by Snickers23)\n|\n|t:|1745990651\n|start\n|switch|p1a: Calyrex|Calyrex-Shadow, L50|100/100\n|switch|p1b: Tornadus|Tornadus, L50, M|100/100\n|switch|p2a: Calyrex|Calyrex-Shadow, L50|100/100\n|switch|p2b: Incineroar|Incineroar, L50, M, shiny|100/100\n|-ability|p2a: Calyrex|As One\n|-ability|p2a: Calyrex|Unnerve\n|-ability|p1a: Calyrex|As One\n|-ability|p1a: Calyrex|Unnerve\n|-ability|p2b: Incineroar|Intimidate|boost\n|-unboost|p1a: Calyrex|atk|1\n|-unboost|p1b: Tornadus|atk|1\n|turn|1\n|\n|t:|1745990666\n|-terastallize|p2a: Calyrex|Dark\n|-terastallize|p1b: Tornadus|Dark\n|move|p1a: Calyrex|Protect|p1a: Calyrex\n|-singleturn|p1a: Calyrex|Protect\n|move|p2a: Calyrex|Astral Barrage|p1a: Calyrex|[spread] p1b\n|-activate|p1a: Calyrex|move: Protect\n|-resisted|p1b: Tornadus\n|-damage|p1b: Tornadus|64/100\n|move|p1b: Tornadus|Bleakwind Storm|p2a: Calyrex|[spread] p2a,p2b\n|-damage|p2a: Calyrex|68/100\n|-damage|p2b: Incineroar|69/100\n|-unboost|p2b: Incineroar|spe|1\n|move|p2b: Incineroar|Parting Shot|p1b: Tornadus\n|-unboost|p1b: Tornadus|atk|1\n|-unboost|p1b: Tornadus|spa|1\n|\n|t:|1745990688\n|switch|p2b: Zamazenta|Zamazenta-Crowned, L50, shiny|100/100|[from] Parting Shot\n|-ability|p2b: Zamazenta|Dauntless Shield|boost\n|-boost|p2b: Zamazenta|def|1\n|\n|upkeep\n|turn|2\n|\n|t:|1745990696\n|move|p2b: Zamazenta|Wide Guard|p2b: Zamazenta\n|-singleturn|p2b: Zamazenta|Wide Guard\n|move|p1b: Tornadus|Tailwind|p1b: Tornadus\n|-sidestart|p1: Jakobtc|move: Tailwind\n|move|p1a: Calyrex|Taunt|p2b: Zamazenta\n|-start|p2b: Zamazenta|move: Taunt\n|move|p2a: Calyrex|Astral Barrage|p1b: Tornadus|[spread] p1a,p1b\n|-supereffective|p1a: Calyrex\n|-resisted|p1b: Tornadus\n|-enditem|p1a: Calyrex|Focus Sash\n|-damage|p1a: Calyrex|1/100\n|-damage|p1b: Tornadus|32/100\n|\n|upkeep\n|turn|3\n|inactive|Snickers23 has 30 seconds left.\n|\n|t:|1745990729\n|switch|p2a: Incineroar|Incineroar, L50, M, shiny|69/100\n|-ability|p2a: Incineroar|Intimidate|boost\n|-unboost|p1a: Calyrex|atk|1\n|-unboost|p1b: Tornadus|atk|1\n|move|p1a: Calyrex|Astral Barrage|p2b: Zamazenta|[spread] p2a,p2b\n|-resisted|p2a: Incineroar\n|-damage|p2a: Incineroar|44/100\n|-damage|p2b: Zamazenta|61/100\n|move|p1b: Tornadus|Bleakwind Storm|p2b: Zamazenta|[spread] p2a,p2b\n|-damage|p2a: Incineroar|23/100\n|-damage|p2b: Zamazenta|45/100\n|move|p2b: Zamazenta|Heavy Slam|p1a: Calyrex\n|-damage|p1a: Calyrex|0 fnt\n|faint|p1a: Calyrex\n|\n|upkeep\n|\n|t:|1745990743\n|switch|p1a: Zacian|Zacian-Crowned, L50|100/100\n|-ability|p1a: Zacian|Intrepid Sword|boost\n|-boost|p1a: Zacian|atk|1\n|turn|4\n|\n|t:|1745990757\n|move|p2a: Incineroar|Fake Out|p1a: Zacian\n|-resisted|p1a: Zacian\n|-damage|p1a: Zacian|96/100\n|cant|p1a: Zacian|flinch\n|move|p1b: Tornadus|Bleakwind Storm|p2a: Incineroar|[spread] p2a,p2b\n|-crit|p2b: Zamazenta\n|-damage|p2a: Incineroar|2/100\n|-damage|p2b: Zamazenta|9/100\n|move|p2b: Zamazenta|Body Press|p1b: Tornadus\n|-supereffective|p1b: Tornadus\n|-damage|p1b: Tornadus|0 fnt\n|faint|p1b: Tornadus\n|\n|upkeep\n|\n|t:|1745990768\n|switch|p1b: Urshifu|Urshifu-Rapid-Strike, L50, M|100/100\n|turn|5\n|\n|t:|1745990784\n|move|p1b: Urshifu|Surging Strikes|p2b: Zamazenta\n|-crit|p2b: Zamazenta\n|-damage|p2b: Zamazenta|0 fnt\n|faint|p2b: Zamazenta\n|-hitcount|p2: Zamazenta|1\n|move|p1a: Zacian|Behemoth Blade|p2a: Incineroar\n|-resisted|p2a: Incineroar\n|-damage|p2a: Incineroar|0 fnt\n|faint|p2a: Incineroar\n|\n|-sideend|p1: Jakobtc|move: Tailwind\n|upkeep\n|\n|t:|1745990787\n|switch|p2b: Clefairy|Clefairy, L50, M, shiny|100/100\n|switch|p2a: Calyrex|Calyrex-Shadow, L50, tera:Dark|68/100\n|-ability|p2a: Calyrex|As One\n|-ability|p2a: Calyrex|Unnerve\n|turn|6\n|\n|t:|1745990801\n|move|p1a: Zacian|Protect|p1a: Zacian\n|-singleturn|p1a: Zacian|Protect\n|move|p2b: Clefairy|Follow Me|p2b: Clefairy\n|-singleturn|p2b: Clefairy|move: Follow Me\n|move|p1b: Urshifu|Surging Strikes|p2b: Clefairy\n|-crit|p2b: Clefairy\n|-damage|p2b: Clefairy|85/100\n|-crit|p2b: Clefairy\n|-damage|p2b: Clefairy|69/100\n|-crit|p2b: Clefairy\n|-damage|p2b: Clefairy|54/100\n|-hitcount|p2b: Clefairy|3\n|move|p2a: Calyrex|Astral Barrage|p1a: Zacian|[spread] p1b\n|-activate|p1a: Zacian|move: Protect\n|-damage|p1b: Urshifu|16/100\n|\n|upkeep\n|turn|7\n|\n|t:|1745990820\n|move|p2b: Clefairy|Follow Me|p2b: Clefairy\n|-singleturn|p2b: Clefairy|move: Follow Me\n|move|p1b: Urshifu|Surging Strikes|p2b: Clefairy\n|-crit|p2b: Clefairy\n|-damage|p2b: Clefairy|38/100\n|-crit|p2b: Clefairy\n|-damage|p2b: Clefairy|23/100\n|-crit|p2b: Clefairy\n|-damage|p2b: Clefairy|6/100\n|-hitcount|p2b: Clefairy|3\n|move|p2a: Calyrex|Astral Barrage|p1b: Urshifu|[spread] p1a,p1b\n|-crit|p1b: Urshifu\n|-damage|p1a: Zacian|45/100\n|-damage|p1b: Urshifu|0 fnt\n|faint|p1b: Urshifu\n|-ability|p2a: Calyrex|Grim Neigh|boost\n|-boost|p2a: Calyrex|spa|1\n|move|p1a: Zacian|Behemoth Blade|p2b: Clefairy\n|-supereffective|p2b: Clefairy\n|-damage|p2b: Clefairy|0 fnt\n|faint|p2b: Clefairy\n|\n|upkeep\n|turn|8\n|\n|t:|1745990839\n|move|p1a: Zacian|Protect|p1a: Zacian\n|-singleturn|p1a: Zacian|Protect\n|move|p2a: Calyrex|Astral Barrage|p1a: Zacian\n|-activate|p1a: Zacian|move: Protect\n|\n|upkeep\n|turn|9\n|\n|t:|1745990846\n|move|p1a: Zacian|Protect|p1a: Zacian\n|-singleturn|p1a: Zacian|Protect\n|move|p2a: Calyrex|Astral Barrage|p1a: Zacian\n|-activate|p1a: Zacian|move: Protect\n|\n|upkeep\n|turn|10\n|\n|t:|1745990852\n|move|p1a: Zacian|Protect|p1a: Zacian\n|-singleturn|p1a: Zacian|Protect\n|move|p2a: Calyrex|Astral Barrage|p1a: Zacian\n|-activate|p1a: Zacian|move: Protect\n|\n|upkeep\n|turn|11\n|\n|t:|1745990858\n|move|p1a: Zacian|Protect||[still]\n|-fail|p1a: Zacian\n|move|p2a: Calyrex|Astral Barrage|p1a: Zacian\n|-damage|p1a: Zacian|0 fnt\n|faint|p1a: Zacian\n|\n|win|Snickers23\n||Snickers23 is ready for game 2.\n||Jakobtc is ready for game 2.\n|uhtml|next|Next: <a href=\"/battle-gen9vgc2025regibo3-2353734948\"><strong>Game 2 of 3</strong></a>\n|l|\u2606Snickers23\n|player|p2|\n", "uploadtime": 1745990865, "views": 31, "formatid": "gen9vgc2025regibo3", "rating": null, "private": 0, "password": null}