{"id": "gen9vgc2025regibo3-2354484816", "format": "[Gen 9] VGC 2025 Reg I (Bo3)", "players": ["Thundrix", "burakkuVA"], "log": "|j|\u2606Thundrix\n|j|\u2606burakkuVA\n|html|<table width=\"100%\"><tr><td align=\"left\">Thundrix</td><td align=\"right\">burakkuVA</tr><tr><td align=\"left\"><i class=\"fa fa-circle-o\"></i> <i class=\"fa fa-circle-o\"></i> </td><td align=\"right\"><i class=\"fa fa-circle-o\"></i> <i class=\"fa fa-circle-o\"></i> </tr></table>\n|uhtml|bestof|<h2><strong>Game 1</strong> of <a href=\"/game-bestof3-gen9vgc2025regibo3-2354484815\">a best-of-3</a></h2>\n|t:|1746079453\n|gametype|doubles\n|player|p1|Thundrix|volkner|\n|player|p2|burakkuVA|clair|\n|teamsize|p1|6\n|teamsize|p2|6\n|gen|9\n|tier|[Gen 9] VGC 2025 Reg I (Bo3)\n|rule|Species Clause: Limit one of each Pok\u00e9mon\n|rule|Item Clause: Limit 1 of each item\n|clearpoke\n|poke|p1|Necrozma-Dusk-Mane, L50|\n|poke|p1|Porygon2, L50|\n|poke|p1|Giratina, L50|\n|poke|p1|Sceptile, L50, F|\n|poke|p1|Iron Hands, L50|\n|poke|p1|Klawf, L50, M|\n|poke|p2|Terapagos, L50, M|\n|poke|p2|Groudon, L50|\n|poke|p2|Grimmsnarl, L50, M|\n|poke|p2|Rillaboom, L50, M|\n|poke|p2|Raging Bolt, L50|\n|poke|p2|Flutter Mane, L50|\n|teampreview|4\n|showteam|p1|Necrozma-Dusk-Mane||ClearAmulet|PrismArmor|Protect,SwordsDance,Earthquake,KnockOff||||||50|,,,,,Dragon]Porygon2||Eviolite|Download|TrickRoom,Recover,TriAttack,IceBeam||||||50|,,,,,Ghost]Giratina||AssaultVest|Telepathy|Poltergeist,IronHead,SkitterSmack,BreakingSwipe||||||50|,,,,,Normal]Sceptile||FocusSash|Unburden|DragonCheer,Protect,FrenzyPlant,VacuumWave|||F|||50|,,,,,Grass]Iron Hands||CovertCloak|QuarkDrive|FakeOut,ElectricTerrain,DrainPunch,SwordsDance||||||50|,,,,,Bug]Klawf||SitrusBerry|AngerShell|Endure,RockSlide,Crabhammer,HighHorsepower|||M|||50|,,,,,Grass\n|showteam|p2|Terapagos||Leftovers|TeraShift|TeraStarstorm,EarthPower,Protect,CalmMind|||M|||50|,,,,,Stellar]Groudon||ClearAmulet|Drought|PrecipiceBlades,HeatCrash,SwordsDance,Protect||||||50|,,,,,Fire]Grimmsnarl||LightClay|Prankster|LightScreen,SuckerPunch,PartingShot,Reflect|||M|||50|,,,,,Steel]Rillaboom||GrassySeed|GrassySurge|GrassyGlide,WoodHammer,HighHorsepower,FakeOut|||M|||50|,,,,,Ground]Raging Bolt||AssaultVest|Protosynthesis|Thunderbolt,DracoMeteor,Snarl,Thunderclap||||||50|,,,,,Electric]Flutter Mane||BoosterEnergy|Protosynthesis|Taunt,Protect,Moonblast,IcyWind||||||50|,,,,,Fairy\n|inactive|Battle timer is ON: inactive players will automatically lose when time's up. (requested by burakkuVA)\n|inactive|Thundrix has 60 seconds left.\n|inactive|burakkuVA has 60 seconds left.\n|\n|t:|1746079510\n|start\n|switch|p1a: Porygon2|Porygon2, L50|100/100\n|switch|p1b: Klawf|Klawf, L50, M|100/100\n|switch|p2a: Agatha|Flutter Mane, L50, shiny|100/100\n|switch|p2b: Marnie|Grimmsnarl, L50, M, shiny|100/100\n|-ability|p1a: Porygon2|Download|boost\n|-boost|p1a: Porygon2|atk|1\n|-enditem|p2a: Agatha|Booster Energy\n|-activate|p2a: Agatha|ability: Protosynthesis|[fromitem]\n|-start|p2a: Agatha|protosynthesisspe\n|turn|1\n|inactive|Thundrix has 30 seconds left.\n|\n|t:|1746079537\n|move|p2b: Marnie|Reflect|p2b: Marnie\n|-sidestart|p2: burakkuVA|Reflect\n|move|p2a: Agatha|Taunt|p1a: Porygon2\n|-start|p1a: Porygon2|move: Taunt\n|move|p1b: Klawf|Rock Slide|p2a: Agatha|[spread] p2a,p2b\n|-damage|p2a: Agatha|66/100\n|-damage|p2b: Marnie|82/100\n|move|p1a: Porygon2|Tri Attack|p2b: Marnie\n|-damage|p2b: Marnie|55/100\n|\n|upkeep\n|turn|2\n|\n|t:|1746079557\n|move|p2b: Marnie|Light Screen|p2b: Marnie\n|-sidestart|p2: burakkuVA|move: Light Screen\n|move|p2a: Agatha|Moonblast|p1a: Porygon2\n|-damage|p1a: Porygon2|72/100\n|move|p1b: Klawf|Rock Slide|p2a: Agatha|[spread] p2a,p2b\n|-damage|p2a: Agatha|31/100\n|-damage|p2b: Marnie|37/100\n|move|p1a: Porygon2|Tri Attack|p2b: Marnie\n|-damage|p2b: Marnie|20/100\n|\n|upkeep\n|turn|3\n|\n|t:|1746079574\n|switch|p1a: Iron Hands|Iron Hands, L50|100/100\n|move|p2a: Agatha|Protect|p2a: Agatha\n|-singleturn|p2a: Agatha|Protect\n|move|p2b: Marnie|Parting Shot|p1b: Klawf\n|-unboost|p1b: Klawf|atk|1\n|-unboost|p1b: Klawf|spa|1\n|\n|t:|1746079583\n|switch|p2b: Konkey Dong|Rillaboom, L50, M, shiny|100/100|[from] Parting Shot\n|-fieldstart|move: Grassy Terrain|[from] ability: Grassy Surge|[of] p2b: Konkey Dong\n|-enditem|p2b: Konkey Dong|Grassy Seed\n|-boost|p2b: Konkey Dong|def|1|[from] item: Grassy Seed\n|move|p1b: Klawf|Rock Slide|p2b: Konkey Dong|[spread] p2b\n|-activate|p2a: Agatha|move: Protect\n|-damage|p2b: Konkey Dong|93/100\n|\n|-heal|p2a: Agatha|37/100|[from] Grassy Terrain\n|-heal|p2b: Konkey Dong|99/100|[from] Grassy Terrain\n|upkeep\n|turn|4\n|inactive|burakkuVA has 30 seconds left.\n|inactive|burakkuVA has 20 seconds left.\n|inactive|Thundrix has 30 seconds left.\n|inactive|burakkuVA has 15 seconds left.\n|inactive|burakkuVA has 10 seconds left.\n|inactive|burakkuVA has 5 seconds left.\n|\n|t:|1746079635\n|switch|p1b: Porygon2|Porygon2, L50|72/100\n|-ability|p1b: Porygon2|Download|boost\n|-boost|p1b: Porygon2|spa|1\n|move|p2b: Konkey Dong|Grassy Glide|p1b: Porygon2\n|-crit|p1b: Porygon2\n|-damage|p1b: Porygon2|39/100\n|move|p2a: Agatha|Taunt|p1a: Iron Hands\n|-start|p1a: Iron Hands|move: Taunt\n|cant|p1a: Iron Hands|move: Taunt|Electric Terrain\n|\n|-heal|p2a: Agatha|42/100|[from] Grassy Terrain\n|-heal|p2b: Konkey Dong|100/100|[from] Grassy Terrain\n|-heal|p1b: Porygon2|45/100|[from] Grassy Terrain\n|upkeep\n|turn|5\n|\n|t:|1746079658\n|move|p2b: Konkey Dong|Grassy Glide|p1b: Porygon2\n|-damage|p1b: Porygon2|23/100\n|move|p2a: Agatha|Moonblast|p1b: Porygon2\n|-damage|p1b: Porygon2|0 fnt\n|faint|p1b: Porygon2\n|move|p1a: Iron Hands|Drain Punch|p2b: Konkey Dong\n|-damage|p2b: Konkey Dong|84/100\n|\n|-heal|p2a: Agatha|48/100|[from] Grassy Terrain\n|-heal|p2b: Konkey Dong|91/100|[from] Grassy Terrain\n|upkeep\n|\n|t:|1746079668\n|switch|p1b: Klawf|Klawf, L50, M|100/100\n|turn|6\n|\n|t:|1746079684\n|-terastallize|p1b: Klawf|Grass\n|move|p2a: Agatha|Moonblast|p1a: Iron Hands\n|-supereffective|p1a: Iron Hands\n|-damage|p1a: Iron Hands|25/100\n|move|p1b: Klawf|Rock Slide|p2b: Konkey Dong|[spread] p2a,p2b\n|-damage|p2a: Agatha|17/100\n|-damage|p2b: Konkey Dong|79/100\n|move|p2b: Konkey Dong|High Horsepower|p1a: Iron Hands\n|-supereffective|p1a: Iron Hands\n|-damage|p1a: Iron Hands|0 fnt\n|faint|p1a: Iron Hands\n|-end|p1a: Iron Hands|Quark Drive|[silent]\n|\n|-heal|p2a: Agatha|23/100|[from] Grassy Terrain\n|-heal|p2b: Konkey Dong|85/100|[from] Grassy Terrain\n|upkeep\n|\n|t:|1746079697\n|switch|p1a: Giratina|Giratina, L50, shiny|100/100\n|turn|7\n|\n|t:|1746079718\n|move|p2a: Agatha|Moonblast|p1a: Giratina\n|-supereffective|p1a: Giratina\n|-damage|p1a: Giratina|65/100\n|move|p1a: Giratina|Breaking Swipe|p2a: Agatha|[spread] p2b\n|-immune|p2a: Agatha\n|-damage|p2b: Konkey Dong|77/100\n|-unboost|p2b: Konkey Dong|atk|1\n|move|p1b: Klawf|Rock Slide|p2a: Agatha|[spread] p2b\n|-miss|p1b: Klawf|p2a: Agatha\n|-damage|p2b: Konkey Dong|66/100\n|cant|p2b: Konkey Dong|flinch\n|\n|-heal|p2a: Agatha|28/100|[from] Grassy Terrain\n|-heal|p1a: Giratina|72/100|[from] Grassy Terrain\n|-heal|p2b: Konkey Dong|72/100|[from] Grassy Terrain\n|-fieldend|move: Grassy Terrain\n|upkeep\n|turn|8\n|\n|t:|1746079743\n|switch|p2b: Marnie|Grimmsnarl, L50, M, shiny|20/100\n|move|p2a: Agatha|Icy Wind|p1b: Klawf|[spread] p1a,p1b\n|-supereffective|p1a: Giratina\n|-supereffective|p1b: Klawf\n|-damage|p1a: Giratina|60/100\n|-damage|p1b: Klawf|46/100\n|-unboost|p1a: Giratina|spe|1\n|-unboost|p1b: Klawf|spe|1\n|-ability|p1b: Klawf|Anger Shell|boost\n|-boost|p1b: Klawf|atk|1\n|-boost|p1b: Klawf|spa|1\n|-boost|p1b: Klawf|spe|1\n|-unboost|p1b: Klawf|def|1\n|-unboost|p1b: Klawf|spd|1\n|-enditem|p1b: Klawf|Sitrus Berry|[eat]\n|-heal|p1b: Klawf|71/100|[from] item: Sitrus Berry\n|move|p1b: Klawf|Rock Slide|p2a: Agatha|[spread] p2a,p2b\n|-damage|p2a: Agatha|0 fnt\n|-damage|p2b: Marnie|0 fnt\n|faint|p2a: Agatha\n|-end|p2a: Agatha|Protosynthesis|[silent]\n|faint|p2b: Marnie\n|move|p1a: Giratina|Iron Head|p2: Agatha|[notarget]\n|-fail|p1a: Giratina\n|\n|-sideend|p2: burakkuVA|Reflect\n|upkeep\n|\n|t:|1746079760\n|switch|p2a: Konkey Dong|Rillaboom, L50, M, shiny|72/100\n|switch|p2b: Oogway|Terapagos, L50, M|100/100\n|-activate|p2b: Oogway|ability: Tera Shift\n|detailschange|p2b: Oogway|Terapagos-Terastal, L50, M\n|-heal|p2b: Oogway|100/100|[silent]\n|-fieldstart|move: Grassy Terrain|[from] ability: Grassy Surge|[of] p2a: Konkey Dong\n|turn|9\n|\n|t:|1746079779\n|move|p2a: Konkey Dong|Fake Out|p1b: Klawf\n|-damage|p1b: Klawf|48/100\n|-ability|p1b: Klawf|Anger Shell|boost\n|-boost|p1b: Klawf|atk|1\n|-boost|p1b: Klawf|spa|1\n|-boost|p1b: Klawf|spe|1\n|-unboost|p1b: Klawf|def|1\n|-unboost|p1b: Klawf|spd|1\n|cant|p1b: Klawf|flinch\n|move|p2b: Oogway|Calm Mind|p2b: Oogway\n|-boost|p2b: Oogway|spa|1\n|-boost|p2b: Oogway|spd|1\n|move|p1a: Giratina|Skitter Smack|p2b: Oogway\n|-activate|p2b: Oogway|ability: Tera Shell\n|-resisted|p2b: Oogway\n|-crit|p2b: Oogway\n|-damage|p2b: Oogway|87/100\n|-unboost|p2b: Oogway|spa|1\n|\n|-heal|p1b: Klawf|54/100|[from] Grassy Terrain\n|-heal|p2a: Konkey Dong|78/100|[from] Grassy Terrain\n|-heal|p2b: Oogway|93/100|[from] Grassy Terrain\n|-heal|p2b: Oogway|99/100|[from] item: Leftovers\n|-heal|p1a: Giratina|66/100|[from] Grassy Terrain\n|-sideend|p2: burakkuVA|move: Light Screen\n|upkeep\n|turn|10\n|inactive|burakkuVA has 30 seconds left.\n|inactive|burakkuVA has 20 seconds left.\n|\n|t:|1746079817\n|move|p2b: Oogway|Protect|p2b: Oogway\n|-singleturn|p2b: Oogway|Protect\n|move|p2a: Konkey Dong|Grassy Glide|p1b: Klawf\n|-resisted|p1b: Klawf\n|-damage|p1b: Klawf|18/100\n|-ability|p1b: Klawf|Anger Shell|boost\n|-boost|p1b: Klawf|atk|1\n|-boost|p1b: Klawf|spa|1\n|-boost|p1b: Klawf|spe|1\n|-unboost|p1b: Klawf|def|1\n|-unboost|p1b: Klawf|spd|1\n|move|p1b: Klawf|Rock Slide|p2a: Konkey Dong|[spread] p2a\n|-activate|p2b: Oogway|move: Protect\n|-damage|p2a: Konkey Dong|12/100\n|move|p1a: Giratina|Breaking Swipe|p2b: Oogway|[spread] p2a\n|-activate|p2b: Oogway|move: Protect\n|-damage|p2a: Konkey Dong|0 fnt\n|faint|p2a: Konkey Dong\n|\n|-heal|p1b: Klawf|24/100|[from] Grassy Terrain\n|-heal|p2b: Oogway|100/100|[from] Grassy Terrain\n|-heal|p1a: Giratina|72/100|[from] Grassy Terrain\n|upkeep\n|turn|11\n|inactive|Thundrix has 30 seconds left.\n|inactive|burakkuVA has 30 seconds left.\n|inactive|Thundrix has 20 seconds left.\n|inactive|burakkuVA has 20 seconds left.\n|\n|t:|1746079854\n|move|p1b: Klawf|High Horsepower|p2b: Oogway\n|-activate|p2b: Oogway|ability: Tera Shell\n|-resisted|p2b: Oogway\n|-damage|p2b: Oogway|69/100\n|move|p2b: Oogway|Tera Starstorm|p1b: Klawf\n|-damage|p1b: Klawf|0 fnt\n|faint|p1b: Klawf\n|move|p1a: Giratina|Skitter Smack|p2b: Oogway\n|-damage|p2b: Oogway|52/100\n|-unboost|p2b: Oogway|spa|1\n|\n|-heal|p2b: Oogway|58/100|[from] Grassy Terrain\n|-heal|p2b: Oogway|64/100|[from] item: Leftovers\n|-heal|p1a: Giratina|79/100|[from] Grassy Terrain\n|upkeep\n|turn|12\n|\n|t:|1746079878\n|move|p2b: Oogway|Calm Mind|p2b: Oogway\n|-boost|p2b: Oogway|spa|1\n|-boost|p2b: Oogway|spd|1\n|move|p1a: Giratina|Skitter Smack|p2b: Oogway\n|-damage|p2b: Oogway|47/100\n|-unboost|p2b: Oogway|spa|1\n|\n|-heal|p2b: Oogway|52/100|[from] Grassy Terrain\n|-heal|p2b: Oogway|58/100|[from] item: Leftovers\n|-heal|p1a: Giratina|85/100|[from] Grassy Terrain\n|upkeep\n|turn|13\n|\n|t:|1746079896\n|move|p2b: Oogway|Calm Mind|p2b: Oogway\n|-boost|p2b: Oogway|spa|1\n|-boost|p2b: Oogway|spd|1\n|move|p1a: Giratina|Skitter Smack|p2b: Oogway\n|-damage|p2b: Oogway|41/100\n|-unboost|p2b: Oogway|spa|1\n|\n|-heal|p2b: Oogway|47/100|[from] Grassy Terrain\n|-heal|p2b: Oogway|52/100|[from] item: Leftovers\n|-heal|p1a: Giratina|91/100|[from] Grassy Terrain\n|-fieldend|move: Grassy Terrain\n|upkeep\n|turn|14\n|\n|t:|1746079911\n|move|p2b: Oogway|Protect|p2b: Oogway\n|-singleturn|p2b: Oogway|Protect\n|move|p1a: Giratina|Iron Head|p2b: Oogway\n|-activate|p2b: Oogway|move: Protect\n|\n|-heal|p2b: Oogway|58/100|[from] item: Leftovers\n|upkeep\n|turn|15\n|\n|t:|1746079921\n|-terastallize|p2b: Oogway|Stellar\n|detailschange|p2b: Oogway|Terapagos-Stellar, L50, M, tera:Stellar\n|-heal|p2b: Oogway|69/100|[silent]\n|move|p2b: Oogway|Tera Starstorm|p1a: Giratina\n|-damage|p1a: Giratina|77/100\n|move|p1a: Giratina|Skitter Smack|p2b: Oogway\n|-damage|p2b: Oogway|56/100\n|-unboost|p2b: Oogway|spa|1\n|\n|-heal|p2b: Oogway|62/100|[from] item: Leftovers\n|upkeep\n|turn|16\n|\n|t:|1746079934\n|move|p2b: Oogway|Tera Starstorm|p1a: Giratina\n|-damage|p1a: Giratina|60/100\n|move|p1a: Giratina|Breaking Swipe|p2b: Oogway\n|-damage|p2b: Oogway|47/100\n|-unboost|p2b: Oogway|atk|1\n|\n|-heal|p2b: Oogway|53/100|[from] item: Leftovers\n|upkeep\n|turn|17\n|\n|t:|1746079945\n|move|p2b: Oogway|Tera Starstorm|p1a: Giratina\n|-damage|p1a: Giratina|51/100\n|move|p1a: Giratina|Skitter Smack|p2b: Oogway\n|-damage|p2b: Oogway|42/100\n|-unboost|p2b: Oogway|spa|1\n|\n|-heal|p2b: Oogway|48/100|[from] item: Leftovers\n|upkeep\n|turn|18\n|\n|t:|1746079956\n|move|p2b: Oogway|Protect|p2b: Oogway\n|-singleturn|p2b: Oogway|Protect\n|move|p1a: Giratina|Breaking Swipe|p2b: Oogway\n|-activate|p2b: Oogway|move: Protect\n|\n|-heal|p2b: Oogway|54/100|[from] item: Leftovers\n|upkeep\n|turn|19\n|\n|t:|1746079969\n|move|p2b: Oogway|Tera Starstorm|p1a: Giratina\n|-damage|p1a: Giratina|43/100\n|move|p1a: Giratina|Breaking Swipe|p2b: Oogway\n|-damage|p2b: Oogway|39/100\n|-unboost|p2b: Oogway|atk|1\n|\n|-heal|p2b: Oogway|45/100|[from] item: Leftovers\n|upkeep\n|turn|20\n|\n|t:|1746079981\n|move|p2b: Oogway|Tera Starstorm|p1a: Giratina\n|-damage|p1a: Giratina|34/100\n|move|p1a: Giratina|Poltergeist|p2b: Oogway\n|-immune|p2b: Oogway\n|\n|-heal|p2b: Oogway|52/100|[from] item: Leftovers\n|upkeep\n|turn|21\n|\n|t:|1746079991\n|move|p2b: Oogway|Tera Starstorm|p1a: Giratina\n|-damage|p1a: Giratina|27/100\n|move|p1a: Giratina|Breaking Swipe|p2b: Oogway\n|-damage|p2b: Oogway|37/100\n|-unboost|p2b: Oogway|atk|1\n|\n|-heal|p2b: Oogway|43/100|[from] item: Leftovers\n|upkeep\n|turn|22\n|inactive|burakkuVA has 30 seconds left.\n|\n|t:|1746080002\n|move|p2b: Oogway|Tera Starstorm|p1a: Giratina\n|-damage|p1a: Giratina|19/100\n|move|p1a: Giratina|Skitter Smack|p2b: Oogway\n|-damage|p2b: Oogway|31/100\n|-unboost|p2b: Oogway|spa|1\n|\n|-heal|p2b: Oogway|38/100|[from] item: Leftovers\n|upkeep\n|turn|23\n|inactive|burakkuVA has 30 seconds left this turn.\n|inactive|burakkuVA has 20 seconds left.\n|\n|t:|1746080016\n|move|p2b: Oogway|Earth Power|p1a: Giratina\n|-damage|p1a: Giratina|14/100\n|move|p1a: Giratina|Breaking Swipe|p2b: Oogway\n|-damage|p2b: Oogway|21/100\n|-unboost|p2b: Oogway|atk|1\n|\n|-heal|p2b: Oogway|27/100|[from] item: Leftovers\n|upkeep\n|turn|24\n|inactive|burakkuVA has 20 seconds left this turn.\n|inactive|burakkuVA has 15 seconds left.\n|inactive|burakkuVA has 10 seconds left.\n|\n|t:|1746080027\n|move|p2b: Oogway|Earth Power|p1a: Giratina\n|-damage|p1a: Giratina|9/100\n|-unboost|p1a: Giratina|spd|1\n|move|p1a: Giratina|Breaking Swipe|p2b: Oogway\n|-damage|p2b: Oogway|11/100\n|-unboost|p2b: Oogway|atk|1\n|\n|-heal|p2b: Oogway|18/100|[from] item: Leftovers\n|upkeep\n|turn|25\n|inactive|burakkuVA has 10 seconds left this turn.\n|inactive|burakkuVA has 5 seconds left.\n|-message|burakkuVA lost due to inactivity.\n|\n|win|Thundrix\n||burakkuVA is ready for game 2.\n|inactive|Thundrix has 30 seconds to confirm battle start!\n||Thundrix is ready for game 2.\n|uhtml|next|Next: <a href=\"/battle-gen9vgc2025regibo3-2354487825\"><strong>Game 2 of 3</strong></a>\n", "uploadtime": 1746080378, "views": 8, "formatid": "gen9vgc2025regibo3", "rating": null, "private": 0, "password": null}