{"id": "gen9vgc2025regibo3-2353918520", "format": "[Gen 9] VGC 2025 Reg I (Bo3)", "players": ["gundi8", "Beabb"], "log": "|j|\u2606gundi8\n|j|\u2606Beabb\n|html|<table width=\"100%\"><tr><td align=\"left\">gundi8</td><td align=\"right\">Beabb</tr><tr><td align=\"left\"><i class=\"fa fa-circle-o\"></i> <i class=\"fa fa-circle-o\"></i> </td><td align=\"right\"><i class=\"fa fa-circle-o\"></i> <i class=\"fa fa-circle-o\"></i> </tr></table>\n|uhtml|bestof|<h2><strong>Game 1</strong> of <a href=\"/game-bestof3-gen9vgc2025regibo3-2353918519\">a best-of-3</a></h2>\n|t:|1746018768\n|gametype|doubles\n|player|p1|gundi8|ethan-gen2|1230\n|player|p2|Beabb|2|1251\n|teamsize|p1|6\n|teamsize|p2|6\n|gen|9\n|tier|[Gen 9] VGC 2025 Reg I (Bo3)\n|rated|\n|rule|Species Clause: Limit one of each Pok\u00e9mon\n|rule|Item Clause: Limit 1 of each item\n|clearpoke\n|poke|p1|Calyrex-Shadow, L50|\n|poke|p1|Koraidon, L50|\n|poke|p1|Ditto, L50|\n|poke|p1|Brute Bonnet, L50|\n|poke|p1|Whimsicott, L50, F|\n|poke|p1|Chi-Yu, L50|\n|poke|p2|Calyrex-Shadow, L50|\n|poke|p2|Terapagos, L50, M|\n|poke|p2|Incineroar, L50, M|\n|poke|p2|Rillaboom, L50, M|\n|poke|p2|Amoonguss, L50, M|\n|poke|p2|Urshifu-*, L50, F|\n|teampreview|4\n|showteam|p1|Calyrex-Shadow||LifeOrb|AsOneSpectrier|AstralBarrage,Psychic,Substitute,Protect||||||50|,,,,,Ghost]Koraidon||ClearAmulet|OrichalcumPulse|CollisionCourse,FlameCharge,FlareBlitz,Protect||||||50|,,,,,Fire]Ditto||FocusSash|Imposter|Transform||||||50|,,,,,Normal]Brute Bonnet||RockyHelmet|Protosynthesis|SeedBomb,SuckerPunch,Spore,RagePowder||||||50|,,,,,Water]Whimsicott||CovertCloak|Prankster|Moonblast,LightScreen,Tailwind,Encore|||F|||50|,,,,,Dark]Chi-Yu||ChoiceScarf|BeadsofRuin|HeatWave,Snarl,Overheat,DarkPulse||||||50|,,,,,Ghost\n|showteam|p2|Calyrex-Shadow||FocusSash|AsOneSpectrier|AstralBarrage,WillOWisp,Disable,Protect||||||50|,,,,,Ghost]Terapagos||Leftovers|TeraShift|TeraStarstorm,EarthPower,CalmMind,Protect|||M|||50|,,,,,Stellar]Incineroar||SafetyGoggles|Intimidate|WillOWisp,KnockOff,FakeOut,PartingShot|||M|||50|,,,,,Bug]Rillaboom||AssaultVest|GrassySurge|FakeOut,WoodHammer,Uturn,GrassyGlide|||M|||50|,,,,,Grass]Amoonguss||RockyHelmet|Regenerator|Protect,Spore,RagePowder,SludgeBomb|||M|||50|,,,,,Water]Urshifu-Rapid-Strike||ChoiceScarf|UnseenFist|RockTomb,SurgingStrikes,Uturn,CloseCombat|||F|||50|,,,,,Water\n|inactive|Battle timer is ON: inactive players will automatically lose when time's up. (requested by gundi8)\n|inactive|gundi8 has 60 seconds left.\n|inactive|Beabb has 60 seconds left.\n|\n|t:|1746018815\n|start\n|switch|p1a: Calyrex|Calyrex-Shadow, L50|100/100\n|switch|p1b: Whimsicott|Whimsicott, L50, F|100/100\n|switch|p2a: Incineroar|Incineroar, L50, M|100/100\n|switch|p2b: Terapagos|Terapagos, L50, M|100/100\n|-activate|p2b: Terapagos|ability: Tera Shift\n|detailschange|p2b: Terapagos|Terapagos-Terastal, L50, M\n|-heal|p2b: Terapagos|100/100|[silent]\n|-ability|p1a: Calyrex|As One\n|-ability|p1a: Calyrex|Unnerve\n|-ability|p2a: Incineroar|Intimidate|boost\n|-unboost|p1a: Calyrex|atk|1\n|-unboost|p1b: Whimsicott|atk|1\n|turn|1\n|inactive|Beabb has 30 seconds left.\n|\n|t:|1746018843\n|move|p1b: Whimsicott|Light Screen|p1b: Whimsicott\n|-sidestart|p1: gundi8|move: Light Screen\n|move|p1a: Calyrex|Substitute|p1a: Calyrex\n|-start|p1a: Calyrex|Substitute\n|-damage|p1a: Calyrex|76/100\n|move|p2b: Terapagos|Tera Starstorm|p1a: Calyrex\n|-immune|p1a: Calyrex\n|move|p2a: Incineroar|Knock Off|p1a: Calyrex\n|-supereffective|p1a: Calyrex\n|-end|p1a: Calyrex|Substitute\n|\n|upkeep\n|turn|2\n|inactive|gundi8 has 30 seconds left.\n|inactive|gundi8 has 20 seconds left.\n|\n|t:|1746018880\n|switch|p1b: Koraidon|Koraidon, L50|100/100\n|-weather|SunnyDay|[from] ability: Orichalcum Pulse|[of] p1b: Koraidon\n|-activate|p1b: Koraidon|Orichalcum Pulse|[source]\n|-terastallize|p2b: Terapagos|Stellar\n|detailschange|p2b: Terapagos|Terapagos-Stellar, L50, M, tera:Stellar\n|-heal|p2b: Terapagos|100/100|[silent]\n|-ability|p2b: Terapagos|Teraform Zero\n|-weather|none\n|move|p1a: Calyrex|Protect|p1a: Calyrex\n|-singleturn|p1a: Calyrex|Protect\n|move|p2b: Terapagos|Tera Starstorm|p1b: Koraidon|[spread] p1b\n|-activate|p1a: Calyrex|move: Protect\n|-damage|p1b: Koraidon|80/100\n|move|p2a: Incineroar|Knock Off|p1a: Calyrex\n|-activate|p1a: Calyrex|move: Protect\n|\n|upkeep\n|turn|3\n|inactive|gundi8 has 30 seconds left.\n|\n|t:|1746018910\n|move|p2b: Terapagos|Protect|p2b: Terapagos\n|-singleturn|p2b: Terapagos|Protect\n|move|p1a: Calyrex|Psychic|p2b: Terapagos\n|-activate|p2b: Terapagos|move: Protect\n|move|p1b: Koraidon|Collision Course|p2a: Incineroar\n|-supereffective|p2a: Incineroar\n|-damage|p2a: Incineroar|0 fnt\n|faint|p2a: Incineroar\n|\n|upkeep\n|\n|t:|1746018920\n|switch|p2a: Calyrex|Calyrex-Shadow, L50|100/100\n|-ability|p2a: Calyrex|As One\n|-ability|p2a: Calyrex|Unnerve\n|turn|4\n|\n|t:|1746018939\n|move|p1a: Calyrex|Protect|p1a: Calyrex\n|-singleturn|p1a: Calyrex|Protect\n|move|p2a: Calyrex|Will-O-Wisp|p1b: Koraidon\n|-status|p1b: Koraidon|brn\n|move|p1b: Koraidon|Collision Course|p2b: Terapagos\n|-supereffective|p2b: Terapagos\n|-damage|p2b: Terapagos|64/100\n|move|p2b: Terapagos|Tera Starstorm|p1a: Calyrex|[spread] p1b\n|-activate|p1a: Calyrex|move: Protect\n|-damage|p1b: Koraidon|55/100 brn\n|\n|-heal|p2b: Terapagos|71/100|[from] item: Leftovers\n|-damage|p1b: Koraidon|49/100 brn|[from] brn\n|upkeep\n|turn|5\n|\n|t:|1746018956\n|move|p2a: Calyrex|Astral Barrage|p1b: Koraidon|[spread] p1a,p1b\n|-supereffective|p1a: Calyrex\n|-damage|p1a: Calyrex|0 fnt\n|-damage|p1b: Koraidon|19/100 brn\n|faint|p1a: Calyrex\n|-ability|p2a: Calyrex|Grim Neigh|boost\n|-boost|p2a: Calyrex|spa|1\n|move|p1b: Koraidon|Flame Charge|p2a: Calyrex\n|-damage|p2a: Calyrex|91/100\n|-boost|p1b: Koraidon|spe|1\n|move|p2b: Terapagos|Tera Starstorm|p1b: Koraidon\n|-damage|p1b: Koraidon|0 fnt\n|faint|p1b: Koraidon\n|\n|-heal|p2b: Terapagos|77/100|[from] item: Leftovers\n|-sideend|p1: gundi8|move: Light Screen\n|upkeep\n|\n|t:|1746018960\n|switch|p1a: Whimsicott|Whimsicott, L50, F|100/100\n|switch|p1b: Brute Bonnet|Brute Bonnet, L50|100/100\n|turn|6\n|inactive|gundi8 has 30 seconds left.\n|\n|t:|1746018989\n|move|p2a: Calyrex|Will-O-Wisp|p1b: Brute Bonnet\n|-status|p1b: Brute Bonnet|brn\n|move|p1a: Whimsicott|Moonblast|p2a: Calyrex\n|-damage|p2a: Calyrex|64/100\n|move|p2b: Terapagos|Tera Starstorm|p1b: Brute Bonnet|[spread] p1a,p1b\n|-damage|p1a: Whimsicott|58/100\n|-damage|p1b: Brute Bonnet|73/100 brn\n|move|p1b: Brute Bonnet|Spore|p2a: Calyrex\n|-status|p2a: Calyrex|slp|[from] move: Spore\n|\n|-heal|p2b: Terapagos|83/100|[from] item: Leftovers\n|-damage|p1b: Brute Bonnet|67/100 brn|[from] brn\n|upkeep\n|turn|7\n|inactive|gundi8 has 30 seconds left.\n|inactive|Beabb has 30 seconds left.\n|\n|t:|1746019015\n|switch|p2b: Rillaboom|Rillaboom, L50, M|100/100\n|-fieldstart|move: Grassy Terrain|[from] ability: Grassy Surge|[of] p2b: Rillaboom\n|move|p1a: Whimsicott|Light Screen|p1a: Whimsicott\n|-sidestart|p1: gundi8|move: Light Screen\n|cant|p2a: Calyrex|slp\n|move|p1b: Brute Bonnet|Seed Bomb|p2a: Calyrex\n|-damage|p2a: Calyrex|39/100 slp\n|\n|-heal|p2a: Calyrex|45/100 slp|[from] Grassy Terrain\n|-heal|p1a: Whimsicott|64/100|[from] Grassy Terrain\n|-heal|p1b: Brute Bonnet|73/100 brn|[from] Grassy Terrain\n|-damage|p1b: Brute Bonnet|67/100 brn|[from] brn\n|upkeep\n|turn|8\n|\n|t:|1746019032\n|cant|p2a: Calyrex|slp\n|move|p1a: Whimsicott|Moonblast|p2a: Calyrex\n|-damage|p2a: Calyrex|19/100 slp\n|move|p2b: Rillaboom|U-turn|p1b: Brute Bonnet\n|-supereffective|p1b: Brute Bonnet\n|-crit|p1b: Brute Bonnet\n|-damage|p1b: Brute Bonnet|0 fnt\n|-damage|p2b: Rillaboom|84/100|[from] item: Rocky Helmet|[of] p1b: Brute Bonnet\n|faint|p1b: Brute Bonnet\n|-end|p1b: Brute Bonnet|Protosynthesis|[silent]\n|\n|t:|1746019038\n|switch|p2b: Terapagos|Terapagos-Stellar, L50, M, tera:Stellar|83/100|[from] U-turn\n|\n|-heal|p2a: Calyrex|26/100 slp|[from] Grassy Terrain\n|-heal|p1a: Whimsicott|70/100|[from] Grassy Terrain\n|-heal|p2b: Terapagos|89/100|[from] Grassy Terrain\n|-heal|p2b: Terapagos|95/100|[from] item: Leftovers\n|upkeep\n|turn|9\n|\n|t:|1746019044\n|cant|p2a: Calyrex|slp\n|move|p1a: Whimsicott|Moonblast|p2a: Calyrex\n|-crit|p2a: Calyrex\n|-damage|p2a: Calyrex|0 fnt\n|faint|p2a: Calyrex\n|move|p2b: Terapagos|Tera Starstorm|p1a: Whimsicott\n|-damage|p1a: Whimsicott|33/100\n|\n|-heal|p1a: Whimsicott|39/100|[from] Grassy Terrain\n|-heal|p2b: Terapagos|100/100|[from] Grassy Terrain\n|upkeep\n|\n|t:|1746019052\n|switch|p2a: Rillaboom|Rillaboom, L50, M|84/100\n|turn|10\n|\n|t:|1746019057\n|move|p1a: Whimsicott|Moonblast|p2b: Terapagos\n|-damage|p2b: Terapagos|84/100\n|move|p2b: Terapagos|Tera Starstorm|p1a: Whimsicott\n|-damage|p1a: Whimsicott|4/100\n|move|p2a: Rillaboom|U-turn|p1a: Whimsicott\n|-damage|p1a: Whimsicott|0 fnt\n|faint|p1a: Whimsicott\n|\n|win|Beabb\n", "uploadtime": 1746019060, "views": 10, "formatid": "gen9vgc2025regibo3", "rating": null, "private": 0, "password": null}