{"id": "gen9vgc2025regibo3-2354518374", "format": "[Gen 9] VGC 2025 Reg I (Bo3)", "players": ["Ishtype", "getsigilyph"], "log": "|j|\u2606Ishtype\n|j|\u2606getsigilyph\n|html|<table width=\"100%\"><tr><td align=\"left\">Ishtype</td><td align=\"right\">getsigilyph</tr><tr><td align=\"left\"><i class=\"fa fa-circle\"></i> <i class=\"fa fa-circle-o\"></i> </td><td align=\"right\"><i class=\"fa fa-circle-o\"></i> <i class=\"fa fa-circle\"></i> </tr></table>\n|uhtml|bestof|<h2><strong>Game 3</strong> of <a href=\"/game-bestof3-gen9vgc2025regibo3-2354516028\">a best-of-3</a></h2>\n|t:|1746086337\n|gametype|doubles\n|player|p1|Ishtype|cynthia-gen4|1081\n|player|p2|getsigilyph|265|1022\n|teamsize|p1|6\n|teamsize|p2|6\n|gen|9\n|tier|[Gen 9] VGC 2025 Reg I (Bo3)\n|rated|\n|rule|Species Clause: Limit one of each Pok\u00e9mon\n|rule|Item Clause: Limit 1 of each item\n|clearpoke\n|poke|p1|Incineroar, L50, F|\n|poke|p1|Rillaboom, L50, M|\n|poke|p1|Tornadus, L50, M|\n|poke|p1|Ogerpon-Wellspring, L50, F|\n|poke|p1|Calyrex-Ice, L50|\n|poke|p1|Terapagos, L50, M|\n|poke|p2|Groudon, L50|\n|poke|p2|Incineroar, L50, F|\n|poke|p2|Jumpluff, L50, F|\n|poke|p2|Raging Bolt, L50|\n|poke|p2|Lunala, L50|\n|poke|p2|Ogerpon-Hearthflame, L50, F|\n|teampreview|4\n|showteam|p1|Incineroar||SitrusBerry|Intimidate|KnockOff,FakeOut,Taunt,FlareBlitz|||F|||50|,,,,,Ghost]Rillaboom||AssaultVest|GrassySurge|WoodHammer,FakeOut,Uturn,HighHorsepower|||M|||50|,,,,,Fire]Tornadus||CovertCloak|Prankster|Taunt,BleakwindStorm,RainDance,Protect|||M|||50|,,,,,Dark]Ogerpon-Wellspring||WellspringMask|WaterAbsorb|FollowMe,IvyCudgel,HornLeech,SpikyShield|||F|||50|,,,,,Water]Calyrex-Ice||ClearAmulet|AsOneGlastrier|TrickRoom,GlacialLance,CloseCombat,Protect||||||50|,,,,,Fire]Terapagos||Leftovers|TeraShift|CalmMind,EarthPower,TeraStarstorm,Protect|||M|||50|,,,,,Stellar\n|showteam|p2|Groudon||ClearAmulet|Drought|PrecipiceBlades,SwordsDance,Protect,HeatCrash||||||50|,,,,,Fire]Incineroar||RockyHelmet|Intimidate|FakeOut,KnockOff,FlareBlitz,PartingShot|||F|||50|,,,,,Bug]Jumpluff||CovertCloak|Chlorophyll|Tailwind,Encore,SleepPowder,RagePowder|||F|||50|,,,,,Dark]Raging Bolt||AssaultVest|Protosynthesis|Thunderclap,DracoMeteor,Electroweb,Thunderbolt||||||50|,,,,,Fairy]Lunala||Leftovers|ShadowShield|MoongeistBeam,Moonblast,CalmMind,Protect||||||50|,,,,,Fairy]Ogerpon-Hearthflame||HearthflameMask|MoldBreaker|IvyCudgel,SpikyShield,FollowMe,HornLeech|||F|||50|,,,,,Fire\n|inactive|Battle timer is ON: inactive players will automatically lose when time's up. (requested by Ishtype)\n|inactive|getsigilyph has 60 seconds left.\n|\n|t:|1746086387\n|start\n|switch|p1a: Ogerpon|Ogerpon-Wellspring, L50, F|100/100\n|switch|p1b: Calyrex|Calyrex-Ice, L50|100/100\n|switch|p2a: Caldo|Incineroar, L50, F|100/100\n|switch|p2b: Sogeking|Ogerpon-Hearthflame, L50, F|100/100\n|-ability|p1b: Calyrex|As One\n|-ability|p1b: Calyrex|Unnerve\n|-ability|p2b: Sogeking|Mold Breaker\n|-ability|p2a: Caldo|Intimidate|boost\n|-unboost|p1a: Ogerpon|atk|1\n|-fail|p1b: Calyrex|unboost|[from] item: Clear Amulet|[of] p1b: Calyrex\n|turn|1\n|\n|t:|1746086420\n|switch|p1b: Incineroar|Incineroar, L50, F|100/100\n|-ability|p1b: Incineroar|Intimidate|boost\n|-unboost|p2a: Caldo|atk|1\n|-unboost|p2b: Sogeking|atk|1\n|-terastallize|p2b: Sogeking|Fire\n|detailschange|p2b: Sogeking|Ogerpon-Hearthflame-Tera, L50, F, tera:Fire\n|-ability|p2b: Sogeking|Embody Aspect (Hearthflame)|boost\n|-boost|p2b: Sogeking|atk|1\n|move|p2a: Caldo|Fake Out|p1a: Ogerpon\n|-damage|p1a: Ogerpon|94/100\n|move|p2b: Sogeking|Ivy Cudgel|p1b: Incineroar|[anim] Ivy Cudgel Fire\n|-resisted|p1b: Incineroar\n|-damage|p1b: Incineroar|67/100\n|cant|p1a: Ogerpon|flinch\n|\n|upkeep\n|turn|2\n|inactive|Ishtype has 30 seconds left.\n|\n|t:|1746086455\n|-terastallize|p1a: Ogerpon|Water\n|detailschange|p1a: Ogerpon|Ogerpon-Wellspring-Tera, L50, F, tera:Water\n|-ability|p1a: Ogerpon|Embody Aspect (Wellspring)|boost\n|-boost|p1a: Ogerpon|spd|1\n|move|p2b: Sogeking|Spiky Shield|p2b: Sogeking\n|-singleturn|p2b: Sogeking|move: Protect\n|move|p1a: Ogerpon|Ivy Cudgel|p2b: Sogeking|[anim] Ivy Cudgel Water\n|-activate|p2b: Sogeking|move: Protect\n|move|p2a: Caldo|Parting Shot|p1a: Ogerpon\n|-unboost|p1a: Ogerpon|atk|1\n|-unboost|p1a: Ogerpon|spa|1\n|\n|t:|1746086475\n|switch|p2a: Gillete|Groudon, L50|100/100|[from] Parting Shot\n|-weather|SunnyDay|[from] ability: Drought|[of] p2a: Gillete\n|move|p1b: Incineroar|Knock Off|p2a: Gillete\n|-damage|p2a: Gillete|75/100\n|-enditem|p2a: Gillete|Clear Amulet|[from] move: Knock Off|[of] p1b: Incineroar\n|\n|-weather|SunnyDay|[upkeep]\n|upkeep\n|turn|3\n|\n|t:|1746086493\n|switch|p2b: Caldo|Incineroar, L50, F|100/100\n|-ability|p2b: Caldo|Intimidate|boost\n|-unboost|p1a: Ogerpon|atk|1\n|-unboost|p1b: Incineroar|atk|1\n|switch|p1a: Tornadus|Tornadus, L50, M|100/100\n|switch|p1b: Calyrex|Calyrex-Ice, L50|100/100\n|-ability|p1b: Calyrex|As One\n|-ability|p1b: Calyrex|Unnerve\n|move|p2a: Gillete|Swords Dance|p2a: Gillete\n|-boost|p2a: Gillete|atk|2\n|\n|-weather|SunnyDay|[upkeep]\n|upkeep\n|turn|4\n|\n|t:|1746086518\n|switch|p1b: Incineroar|Incineroar, L50, F|67/100\n|-ability|p1b: Incineroar|Intimidate|boost\n|-unboost|p2a: Gillete|atk|1\n|-unboost|p2b: Caldo|atk|1\n|move|p1a: Tornadus|Rain Dance|p1a: Tornadus\n|-weather|RainDance\n|move|p2a: Gillete|Heat Crash|p1a: Tornadus\n|-damage|p1a: Tornadus|55/100\n|move|p2b: Caldo|Knock Off|p1b: Incineroar\n|-resisted|p1b: Incineroar\n|-damage|p1b: Incineroar|55/100\n|-enditem|p1b: Incineroar|Sitrus Berry|[from] move: Knock Off|[of] p2b: Caldo\n|\n|-weather|RainDance|[upkeep]\n|upkeep\n|turn|5\n|inactive|getsigilyph has 30 seconds left.\n|inactive|getsigilyph has 20 seconds left.\n|inactive|getsigilyph has 15 seconds left.\n|\n|t:|1746086563\n|move|p1a: Tornadus|Bleakwind Storm|p2a: Gillete|[spread] p2a,p2b\n|-damage|p2a: Gillete|48/100\n|-damage|p2b: Caldo|72/100\n|-unboost|p2a: Gillete|spe|1\n|-unboost|p2b: Caldo|spe|1\n|move|p2a: Gillete|Precipice Blades|p1b: Incineroar|[spread] p1b\n|-immune|p1a: Tornadus\n|-supereffective|p1b: Incineroar\n|-damage|p1b: Incineroar|0 fnt\n|faint|p1b: Incineroar\n|move|p2b: Caldo|Parting Shot|p1a: Tornadus\n|-unboost|p1a: Tornadus|atk|1\n|-unboost|p1a: Tornadus|spa|1\n|\n|t:|1746086579\n|switch|p2b: Lunala|Lunala, L50|100/100|[from] Parting Shot\n|\n|-weather|RainDance|[upkeep]\n|upkeep\n|\n|t:|1746086601\n|switch|p1b: Calyrex|Calyrex-Ice, L50|100/100\n|-ability|p1b: Calyrex|As One\n|-ability|p1b: Calyrex|Unnerve\n|turn|6\n|\n|t:|1746086623\n|move|p1b: Calyrex|Protect|p1b: Calyrex\n|-singleturn|p1b: Calyrex|Protect\n|move|p2b: Lunala|Moongeist Beam|p1b: Calyrex\n|-activate|p1b: Calyrex|move: Protect\n|move|p1a: Tornadus|Bleakwind Storm|p2a: Gillete|[spread] p2a,p2b\n|-damage|p2a: Gillete|31/100\n|-damage|p2b: Lunala|93/100\n|move|p2a: Gillete|Precipice Blades|p1a: Tornadus|[spread] \n|-activate|p1b: Calyrex|move: Protect\n|-immune|p1a: Tornadus\n|\n|-weather|RainDance|[upkeep]\n|-heal|p2b: Lunala|99/100|[from] item: Leftovers\n|upkeep\n|turn|7\n|\n|t:|1746086646\n|switch|p2a: Caldo|Incineroar, L50, F|72/100\n|-ability|p2a: Caldo|Intimidate|boost\n|-unboost|p1a: Tornadus|atk|1\n|-fail|p1b: Calyrex|unboost|[from] item: Clear Amulet|[of] p1b: Calyrex\n|switch|p1b: Ogerpon|Ogerpon-Wellspring-Tera, L50, F, tera:Water|94/100\n|-ability|p1b: Ogerpon|Embody Aspect (Wellspring)|boost\n|-boost|p1b: Ogerpon|spd|1\n|move|p2b: Lunala|Protect|p2b: Lunala\n|-singleturn|p2b: Lunala|Protect\n|move|p1a: Tornadus|Bleakwind Storm|p2a: Caldo|[spread] p2a\n|-activate|p2b: Lunala|move: Protect\n|-damage|p2a: Caldo|54/100\n|-unboost|p2a: Caldo|spe|1\n|\n|-weather|RainDance|[upkeep]\n|-heal|p2b: Lunala|100/100|[from] item: Leftovers\n|upkeep\n|turn|8\n|\n|t:|1746086668\n|move|p1b: Ogerpon|Spiky Shield|p1b: Ogerpon\n|-singleturn|p1b: Ogerpon|move: Protect\n|move|p2a: Caldo|Fake Out|p1b: Ogerpon\n|-activate|p1b: Ogerpon|move: Protect\n|-damage|p2a: Caldo|41/100|[from] Spiky Shield|[of] p1b: Ogerpon\n|move|p2b: Lunala|Calm Mind|p2b: Lunala\n|-boost|p2b: Lunala|spa|1\n|-boost|p2b: Lunala|spd|1\n|move|p1a: Tornadus|Bleakwind Storm|p2a: Caldo|[spread] p2a,p2b\n|-damage|p2a: Caldo|21/100\n|-damage|p2b: Lunala|95/100\n|\n|-weather|none\n|-heal|p2b: Lunala|100/100|[from] item: Leftovers\n|upkeep\n|turn|9\n|\n|t:|1746086689\n|switch|p1a: Calyrex|Calyrex-Ice, L50|100/100\n|-ability|p1a: Calyrex|As One\n|-ability|p1a: Calyrex|Unnerve\n|move|p2b: Lunala|Moongeist Beam|p1b: Ogerpon\n|-damage|p1b: Ogerpon|48/100\n|move|p1b: Ogerpon|Ivy Cudgel|p2a: Caldo|[anim] Ivy Cudgel Water\n|-supereffective|p2a: Caldo\n|-damage|p2a: Caldo|0 fnt\n|faint|p2a: Caldo\n|\n|upkeep\n|\n|t:|1746086696\n|switch|p2a: Sogeking|Ogerpon-Hearthflame-Tera, L50, F, tera:Fire|100/100\n|-ability|p2a: Sogeking|Embody Aspect (Hearthflame)|boost\n|-boost|p2a: Sogeking|atk|1\n|turn|10\n|\n|t:|1746086714\n|move|p1b: Ogerpon|Follow Me|p1b: Ogerpon\n|-singleturn|p1b: Ogerpon|move: Follow Me\n|move|p2a: Sogeking|Horn Leech|p1b: Ogerpon\n|-supereffective|p1b: Ogerpon\n|-damage|p1b: Ogerpon|0 fnt\n|faint|p1b: Ogerpon\n|move|p2b: Lunala|Moongeist Beam|p1a: Calyrex\n|-supereffective|p1a: Calyrex\n|-damage|p1a: Calyrex|0 fnt\n|faint|p1a: Calyrex\n|\n|upkeep\n|\n|t:|1746086727\n|switch|p1b: Tornadus|Tornadus, L50, M|55/100\n|turn|11\n|c|\u2606getsigilyph|Gg\n|-message|Ishtype forfeited.\n|\n|win|getsigilyph\n|raw|Ishtype's rating: 1081 &rarr; <strong>1055</strong><br />(-26 for losing)\n|raw|getsigilyph's rating: 1022 &rarr; <strong>1065</strong><br />(+43 for winning)\n|l|\u2606Ishtype\n|player|p1|\n|c|\u2606getsigilyph|One of my favourite game in my life\n|c|\u2606getsigilyph|Really ggwp bro\n|l|\u2606getsigilyph\n|player|p2|\n", "uploadtime": 1746086807, "views": 14, "formatid": "gen9vgc2025regibo3", "rating": 1055, "private": 0, "password": null}