{"id": "gen9vgc2025regibo3-2354445970", "format": "[Gen 9] VGC 2025 Reg I (Bo3)", "players": ["sadfkl", "spongebob601"], "log": "|j|\u2606sadfkl\n|j|\u2606spongebob601\n|html|<table width=\"100%\"><tr><td align=\"left\">sadfkl</td><td align=\"right\">spongebob601</tr><tr><td align=\"left\"><i class=\"fa fa-circle\"></i> <i class=\"fa fa-circle-o\"></i> </td><td align=\"right\"><i class=\"fa fa-circle-o\"></i> <i class=\"fa fa-circle-o\"></i> </tr></table>\n|uhtml|bestof|<h2><strong>Game 2</strong> of <a href=\"/game-bestof3-gen9vgc2025regibo3-2354443625\">a best-of-3</a></h2>\n|t:|1746072793\n|gametype|doubles\n|player|p1|sadfkl|ethan|1120\n|player|p2|spongebob601|170|1073\n|teamsize|p1|6\n|teamsize|p2|6\n|gen|9\n|tier|[Gen 9] VGC 2025 Reg I (Bo3)\n|rated|\n|rule|Species Clause: Limit one of each Pok\u00e9mon\n|rule|Item Clause: Limit 1 of each item\n|clearpoke\n|poke|p1|Koraidon, L50|\n|poke|p1|Calyrex-Shadow, L50|\n|poke|p1|Indeedee-F, L50, F|\n|poke|p1|Iron Bundle, L50|\n|poke|p1|Chi-Yu, L50|\n|poke|p1|Brute Bonnet, L50|\n|poke|p2|Calyrex-Shadow, L50|\n|poke|p2|Zamazenta-*, L50|\n|poke|p2|Incineroar, L50, M|\n|poke|p2|Raging Bolt, L50|\n|poke|p2|Gothitelle, L50, M|\n|poke|p2|Grimmsnarl, L50, M|\n|teampreview|4\n|showteam|p1|Koraidon||LifeOrb|OrichalcumPulse|CollisionCourse,FlareBlitz,Protect,LowKick||||||50|,,,,,Fire]Calyrex-Shadow||FocusSash|AsOneSpectrier|AstralBarrage,ExpandingForce,Protect,PollenPuff||||||50|,,,,,Dark]Indeedee-F||PsychicSeed|PsychicSurge|AlluringVoice,FollowMe,HelpingHand,TrickRoom|||F|||50|,,,,,Water]Iron Bundle||BoosterEnergy|QuarkDrive|IcyWind,Taunt,Encore,FreezeDry||||||50|,,,,,Ghost]Chi-Yu||ChoiceScarf|BeadsofRuin|HeatWave,DarkPulse,Snarl,Overheat||||||50|,,,,,Fire]Brute Bonnet||CovertCloak|Protosynthesis|SeedBomb,SuckerPunch,Spore,RagePowder||||||50|,,,,,Water\n|showteam|p2|Calyrex-Shadow||SitrusBerry|AsOneSpectrier|Snarl,AstralBarrage,Protect,Substitute||||||50|,,,,,Dragon]Zamazenta-Crowned||RustedShield|DauntlessShield|BodyPress,IronDefense,Snarl,WideGuard||||||50|,,,,,Dragon]Incineroar||RockyHelmet|Intimidate|KnockOff,PartingShot,FakeOut,WillOWisp|||M|||50|,,,,,Dragon]Raging Bolt||AguavBerry|Protosynthesis|Thunderclap,CalmMind,DragonPulse,Snarl||||||50|,,,,,Fairy]Gothitelle||Leftovers|ShadowTag|FakeOut,Psyshock,Protect,HealPulse|||M|||50|,,,,,Steel]Grimmsnarl||LightClay|Prankster|LightScreen,Reflect,SpiritBreak,ThunderWave|||M|||50|,,,,,Ghost\n|inactive|Battle timer is ON: inactive players will automatically lose when time's up. (requested by spongebob601)\n|\n|t:|1746072815\n|start\n|switch|p1a: Iron Bundle|Iron Bundle, L50|100/100\n|switch|p1b: Calyrex|Calyrex-Shadow, L50|100/100\n|switch|p2a: Grimmsnarl|Grimmsnarl, L50, M|100/100\n|switch|p2b: Incineroar|Incineroar, L50, M|100/100\n|-ability|p1b: Calyrex|As One\n|-ability|p1b: Calyrex|Unnerve\n|-ability|p2b: Incineroar|Intimidate|boost\n|-unboost|p1a: Iron Bundle|atk|1\n|-unboost|p1b: Calyrex|atk|1\n|-enditem|p1a: Iron Bundle|Booster Energy\n|-activate|p1a: Iron Bundle|ability: Quark Drive|[fromitem]\n|-start|p1a: Iron Bundle|quarkdrivespe\n|turn|1\n|\n|t:|1746072838\n|move|p1b: Calyrex|Protect|p1b: Calyrex\n|-singleturn|p1b: Calyrex|Protect\n|move|p2a: Grimmsnarl|Light Screen|p2a: Grimmsnarl\n|-sidestart|p2: spongebob601|move: Light Screen\n|move|p1a: Iron Bundle|Encore|p2a: Grimmsnarl\n|-start|p2a: Grimmsnarl|Encore\n|move|p2b: Incineroar|Knock Off|p1b: Calyrex\n|-activate|p1b: Calyrex|move: Protect\n|\n|upkeep\n|turn|2\n|\n|t:|1746072859\n|switch|p2a: Zamazenta|Zamazenta-Crowned, L50|100/100\n|-ability|p2a: Zamazenta|Dauntless Shield|boost\n|-boost|p2a: Zamazenta|def|1\n|move|p1a: Iron Bundle|Taunt|p2a: Zamazenta\n|-start|p2a: Zamazenta|move: Taunt\n|move|p1b: Calyrex|Pollen Puff|p2a: Zamazenta\n|-resisted|p2a: Zamazenta\n|-damage|p2a: Zamazenta|97/100\n|move|p2b: Incineroar|Knock Off|p1b: Calyrex\n|-supereffective|p1b: Calyrex\n|-enditem|p1b: Calyrex|Focus Sash\n|-damage|p1b: Calyrex|1/100\n|\n|upkeep\n|turn|3\n|inactive|spongebob601 has 30 seconds left.\n|inactive|spongebob601 has 20 seconds left.\n|inactive|spongebob601 has 15 seconds left.\n|\n|t:|1746072901\n|-end|p1a: Iron Bundle|Quark Drive|[silent]\n|switch|p1a: Indeedee|Indeedee-F, L50, F|100/100\n|-fieldstart|move: Psychic Terrain|[from] ability: Psychic Surge|[of] p1a: Indeedee\n|-enditem|p1a: Indeedee|Psychic Seed\n|-boost|p1a: Indeedee|spd|1|[from] item: Psychic Seed\n|move|p1b: Calyrex|Expanding Force|p2a: Zamazenta|[spread] p2a\n|-immune|p2b: Incineroar\n|-crit|p2a: Zamazenta\n|-damage|p2a: Zamazenta|29/100\n|move|p2a: Zamazenta|Snarl|p1a: Indeedee|[spread] p1a,p1b\n|-supereffective|p1a: Indeedee\n|-supereffective|p1b: Calyrex\n|-damage|p1a: Indeedee|89/100\n|-damage|p1b: Calyrex|0 fnt\n|-unboost|p1a: Indeedee|spa|1\n|faint|p1b: Calyrex\n|move|p2b: Incineroar|Will-O-Wisp|p1a: Indeedee\n|-status|p1a: Indeedee|brn\n|\n|-damage|p1a: Indeedee|83/100 brn|[from] brn\n|upkeep\n|\n|t:|1746072912\n|switch|p1b: Koraidon|Koraidon, L50|100/100\n|-weather|SunnyDay|[from] ability: Orichalcum Pulse|[of] p1b: Koraidon\n|-activate|p1b: Koraidon|Orichalcum Pulse|[source]\n|turn|4\n|inactive|spongebob601 has 30 seconds left.\n|\n|t:|1746072940\n|-terastallize|p1b: Koraidon|Fire\n|move|p1a: Indeedee|Follow Me|p1a: Indeedee\n|-singleturn|p1a: Indeedee|move: Follow Me\n|move|p1b: Koraidon|Flare Blitz|p2a: Zamazenta\n|-supereffective|p2a: Zamazenta\n|-damage|p2a: Zamazenta|0 fnt\n|faint|p2a: Zamazenta\n|-damage|p1b: Koraidon|90/100|[from] Recoil\n|-damage|p1b: Koraidon|80/100|[from] item: Life Orb\n|move|p2b: Incineroar|Knock Off|p1a: Indeedee\n|-supereffective|p1a: Indeedee\n|-damage|p1a: Indeedee|36/100 brn\n|\n|-weather|SunnyDay|[upkeep]\n|-damage|p1a: Indeedee|29/100 brn|[from] brn\n|upkeep\n|\n|t:|1746072962\n|switch|p2a: Grimmsnarl|Grimmsnarl, L50, M|100/100\n|turn|5\n|\n|t:|1746072982\n|-terastallize|p2b: Incineroar|Dragon\n|move|p1a: Indeedee|Follow Me|p1a: Indeedee\n|-singleturn|p1a: Indeedee|move: Follow Me\n|move|p2a: Grimmsnarl|Reflect|p2a: Grimmsnarl\n|-sidestart|p2: spongebob601|Reflect\n|move|p1b: Koraidon|Flare Blitz|p2a: Grimmsnarl\n|-damage|p2a: Grimmsnarl|0 fnt\n|faint|p2a: Grimmsnarl\n|-damage|p1b: Koraidon|42/100|[from] Recoil\n|-damage|p1b: Koraidon|32/100|[from] item: Life Orb\n|move|p2b: Incineroar|Knock Off|p1a: Indeedee\n|-supereffective|p1a: Indeedee\n|-damage|p1a: Indeedee|0 fnt\n|faint|p1a: Indeedee\n|\n|-weather|SunnyDay|[upkeep]\n|upkeep\n|\n|t:|1746072998\n|switch|p1a: Iron Bundle|Iron Bundle, L50|100/100\n|switch|p2a: Calyrex|Calyrex-Shadow, L50|100/100\n|-ability|p2a: Calyrex|As One\n|-ability|p2a: Calyrex|Unnerve\n|turn|6\n|\n|t:|1746073018\n|move|p1a: Iron Bundle|Freeze-Dry|p2b: Incineroar\n|-supereffective|p2b: Incineroar\n|-damage|p2b: Incineroar|68/100\n|move|p1b: Koraidon|Flare Blitz|p2a: Calyrex\n|-damage|p2a: Calyrex|0 fnt\n|faint|p2a: Calyrex\n|-damage|p1b: Koraidon|0 fnt|[from] Recoil\n|faint|p1b: Koraidon\n|move|p2b: Incineroar|Knock Off|p1a: Iron Bundle\n|-damage|p1a: Iron Bundle|75/100\n|\n|-weather|SunnyDay|[upkeep]\n|upkeep\n|turn|7\n|inactive|spongebob601 has 30 seconds left.\n|inactive|spongebob601 has 20 seconds left.\n|inactive|spongebob601 has 15 seconds left.\n|inactive|spongebob601 has 10 seconds left.\n|\n|t:|1746073066\n|move|p1a: Iron Bundle|Freeze-Dry|p2b: Incineroar\n|-supereffective|p2b: Incineroar\n|-damage|p2b: Incineroar|39/100\n|move|p2b: Incineroar|Will-O-Wisp|p1a: Iron Bundle\n|-status|p1a: Iron Bundle|brn\n|\n|-weather|SunnyDay|[upkeep]\n|-damage|p1a: Iron Bundle|69/100 brn|[from] brn\n|-fieldend|move: Psychic Terrain\n|upkeep\n|turn|8\n|\n|t:|1746073077\n|move|p1a: Iron Bundle|Freeze-Dry|p2b: Incineroar\n|-supereffective|p2b: Incineroar\n|-damage|p2b: Incineroar|3/100\n|move|p2b: Incineroar|Parting Shot|p1a: Iron Bundle\n|-unboost|p1a: Iron Bundle|atk|1\n|-unboost|p1a: Iron Bundle|spa|1\n|\n|-weather|none\n|-damage|p1a: Iron Bundle|63/100 brn|[from] brn\n|-sideend|p2: spongebob601|move: Light Screen\n|upkeep\n|turn|9\n|\n|t:|1746073090\n|move|p1a: Iron Bundle|Freeze-Dry|p2b: Incineroar\n|-supereffective|p2b: Incineroar\n|-damage|p2b: Incineroar|0 fnt\n|faint|p2b: Incineroar\n|\n|win|sadfkl\n|raw|sadfkl's rating: 1120 &rarr; <strong>1142</strong><br />(+22 for winning)\n|raw|spongebob601's rating: 1073 &rarr; <strong>1055</strong><br />(-18 for losing)\n|l|\u2606spongebob601\n|player|p2|\n", "uploadtime": 1746073104, "views": 14, "formatid": "gen9vgc2025regibo3", "rating": 1055, "private": 0, "password": null}