{"id": "gen9vgc2025regibo3-2353724721", "format": "[Gen 9] VGC 2025 Reg I (Bo3)", "players": ["tnobes.bot", "ugiiiiii"], "log": "|j|\u2606tnobes.bot\n|j|\u2606ugiiiiii\n|html|<table width=\"100%\"><tr><td align=\"left\">tnobes.bot</td><td align=\"right\">ugiiiiii</tr><tr><td align=\"left\"><i class=\"fa fa-circle-o\"></i> <i class=\"fa fa-circle-o\"></i> </td><td align=\"right\"><i class=\"fa fa-circle-o\"></i> <i class=\"fa fa-circle-o\"></i> </tr></table>\n|uhtml|bestof|<h2><strong>Game 1</strong> of <a href=\"/game-bestof3-gen9vgc2025regibo3-2353724720\">a best-of-3</a></h2>\n|t:|1745989162\n|gametype|doubles\n|player|p1|tnobes.bot|169|1081\n|player|p2|ugiiiiii|winona|1084\n|teamsize|p1|6\n|teamsize|p2|6\n|gen|9\n|tier|[Gen 9] VGC 2025 Reg I (Bo3)\n|rated|\n|rule|Species Clause: Limit one of each Pok\u00e9mon\n|rule|Item Clause: Limit 1 of each item\n|clearpoke\n|poke|p1|Miraidon, L50|\n|poke|p1|Calyrex-Ice, L50|\n|poke|p1|Landorus, L50, M|\n|poke|p1|Ogerpon-Hearthflame, L50, F|\n|poke|p1|Iron Jugulis, L50|\n|poke|p1|Urshifu-*, L50, M|\n|poke|p2|Kyogre, L50|\n|poke|p2|Farigiraf, L50, M|\n|poke|p2|Tornadus, L50, M|\n|poke|p2|Incineroar, L50, M|\n|poke|p2|Zacian-*, L50|\n|poke|p2|Raichu, L50, M|\n|teampreview|4\n|showteam|p1|Miraidon||ChoiceSpecs|HadronEngine|VoltSwitch,DracoMeteor,ElectroDrift,DazzlingGleam||||||50|,,,,,Fairy]Calyrex-Ice||ClearAmulet|AsOneGlastrier|GlacialLance,HighHorsepower,Protect,TrickRoom||||||50|,,,,,Water]Landorus||LifeOrb|SheerForce|SandsearStorm,SludgeBomb,EarthPower,Protect|||M|||50|,,,,,Water]Ogerpon-Hearthflame||HearthflameMask|MoldBreaker|IvyCudgel,HornLeech,FollowMe,SpikyShield|||F|||50|,,,,,Fire]Iron Jugulis||BoosterEnergy|QuarkDrive|Tailwind,AirSlash,Snarl,Protect||||||50|,,,,,Poison]Urshifu-Rapid-Strike||MysticWater|UnseenFist|SurgingStrikes,CloseCombat,AquaJet,Detect|||M|||50|,,,,,Water\n|showteam|p2|Kyogre||ChoiceSpecs|Drizzle|WaterSpout,OriginPulse,Thunder,IceBeam||||||50|,,,,,Water]Farigiraf||Leftovers|ArmorTail|Roar,SkillSwap,FoulPlay,HelpingHand|||M|||50|,,,,,Dark]Tornadus||CovertCloak|Prankster|Taunt,Tailwind,BleakwindStorm,Protect|||M|||50|,,,,,Dark]Incineroar||SafetyGoggles|Intimidate|FlareBlitz,FakeOut,KnockOff,PartingShot|||M|||50|,,,,,Ghost]Zacian-Crowned||RustedSword|IntrepidSword|behemothblade,PlayRough,Substitute,Protect||||||50|,,,,,Steel]Raichu||AssaultVest|LightningRod|FakeOut,Endeavor,VoltSwitch,Nuzzle|||M|||50|,,,,,Fairy\n|inactive|Battle timer is ON: inactive players will automatically lose when time's up. (requested by ugiiiiii)\n|inactive|tnobes.bot has 60 seconds left.\n|inactive|tnobes.bot has 30 seconds left.\n|\n|t:|1745989250\n|start\n|switch|p1a: Miraidon|Miraidon, L50|100/100\n|switch|p1b: Calyrex|Calyrex-Ice, L50|100/100\n|switch|p2a: Zacian|Zacian-Crowned, L50|100/100\n|switch|p2b: Incineroar|Incineroar, L50, M|100/100\n|-ability|p1b: Calyrex|As One\n|-ability|p1b: Calyrex|Unnerve\n|-ability|p2a: Zacian|Intrepid Sword|boost\n|-boost|p2a: Zacian|atk|1\n|-fieldstart|move: Electric Terrain|[from] ability: Hadron Engine|[of] p1a: Miraidon\n|-ability|p2b: Incineroar|Intimidate|boost\n|-unboost|p1a: Miraidon|atk|1\n|-fail|p1b: Calyrex|unboost|[from] item: Clear Amulet|[of] p1b: Calyrex\n|turn|1\n|inactive|tnobes.bot has 30 seconds left.\n|inactive|ugiiiiii has 30 seconds left.\n|inactive|tnobes.bot has 20 seconds left.\n|inactive|tnobes.bot has 15 seconds left.\n|inactive|tnobes.bot has 10 seconds left.\n|\n|t:|1745989298\n|-terastallize|p1b: Calyrex|Water\n|move|p2a: Zacian|Protect|p2a: Zacian\n|-singleturn|p2a: Zacian|Protect\n|move|p1a: Miraidon|Volt Switch|p2a: Zacian\n|-activate|p2a: Zacian|move: Protect\n|move|p2b: Incineroar|Flare Blitz|p1b: Calyrex\n|-resisted|p1b: Calyrex\n|-damage|p1b: Calyrex|87/100\n|-status|p1b: Calyrex|brn\n|-damage|p2b: Incineroar|96/100|[from] Recoil\n|move|p1b: Calyrex|Trick Room|p1b: Calyrex\n|-fieldstart|move: Trick Room|[of] p1b: Calyrex\n|\n|-damage|p1b: Calyrex|82/100 brn|[from] brn\n|upkeep\n|turn|2\n|inactive|tnobes.bot has 30 seconds left.\n|\n|t:|1745989326\n|switch|p2b: Raichu|Raichu, L50, M|100/100\n|move|p1b: Calyrex|High Horsepower|p2a: Zacian\n|-supereffective|p2a: Zacian\n|-damage|p2a: Zacian|60/100\n|move|p1a: Miraidon|Volt Switch|p2b: Raichu\n|-activate|p2b: Raichu|ability: Lightning Rod\n|-ability|p2b: Raichu|Lightning Rod|boost\n|-boost|p2b: Raichu|spa|1\n|move|p2a: Zacian|Play Rough|p1a: Miraidon\n|-supereffective|p1a: Miraidon\n|-damage|p1a: Miraidon|0 fnt\n|faint|p1a: Miraidon\n|\n|-damage|p1b: Calyrex|76/100 brn|[from] brn\n|upkeep\n|\n|t:|1745989336\n|switch|p1a: Landorus|Landorus, L50, M|100/100\n|turn|3\n|inactive|ugiiiiii has 30 seconds left.\n|inactive|ugiiiiii has 20 seconds left.\n|inactive|ugiiiiii has 15 seconds left.\n|inactive|ugiiiiii has 10 seconds left.\n|\n|t:|1745989384\n|move|p1b: Calyrex|Protect|p1b: Calyrex\n|-singleturn|p1b: Calyrex|Protect\n|move|p1a: Landorus|Protect|p1a: Landorus\n|-singleturn|p1a: Landorus|Protect\n|move|p2a: Zacian|Protect|p2a: Zacian\n|-singleturn|p2a: Zacian|Protect\n|move|p2b: Raichu|Volt Switch|p1b: Calyrex\n|-activate|p1b: Calyrex|move: Protect\n|\n|-damage|p1b: Calyrex|70/100 brn|[from] brn\n|upkeep\n|turn|4\n|\n|t:|1745989397\n|move|p1b: Calyrex|Glacial Lance|p2b: Raichu|[spread] p2a,p2b\n|-resisted|p2a: Zacian\n|-damage|p2a: Zacian|46/100\n|-damage|p2b: Raichu|59/100\n|move|p1a: Landorus|Sandsear Storm|p2a: Zacian|[spread] p2a,p2b\n|-supereffective|p2a: Zacian\n|-supereffective|p2b: Raichu\n|-damage|p2a: Zacian|0 fnt\n|-damage|p2b: Raichu|0 fnt\n|faint|p2a: Zacian\n|faint|p2b: Raichu\n|\n|-damage|p1b: Calyrex|64/100 brn|[from] brn\n|upkeep\n|\n|t:|1745989407\n|switch|p2b: Kyogre|Kyogre, L50|100/100\n|switch|p2a: Incineroar|Incineroar, L50, M|96/100\n|-ability|p2a: Incineroar|Intimidate|boost\n|-unboost|p1a: Landorus|atk|1\n|-fail|p1b: Calyrex|unboost|[from] item: Clear Amulet|[of] p1b: Calyrex\n|-weather|RainDance|[from] ability: Drizzle|[of] p2b: Kyogre\n|turn|5\n|inactive|tnobes.bot has 30 seconds left.\n|inactive|ugiiiiii has 30 seconds left.\n|\n|t:|1745989438\n|move|p1a: Landorus|Protect|p1a: Landorus\n|-singleturn|p1a: Landorus|Protect\n|move|p2a: Incineroar|Fake Out|p1b: Calyrex\n|-damage|p1b: Calyrex|57/100 brn\n|cant|p1b: Calyrex|flinch\n|move|p2b: Kyogre|Water Spout|p1a: Landorus|[spread] p1b\n|-activate|p1a: Landorus|move: Protect\n|-resisted|p1b: Calyrex\n|-damage|p1b: Calyrex|4/100 brn\n|\n|-weather|RainDance|[upkeep]\n|-damage|p1b: Calyrex|0 fnt|[from] brn\n|faint|p1b: Calyrex\n|-fieldend|move: Trick Room\n|-fieldend|move: Electric Terrain\n|upkeep\n|\n|t:|1745989445\n|switch|p1b: Urshifu|Urshifu-Rapid-Strike, L50, M|100/100\n|turn|6\n|inactive|ugiiiiii has 30 seconds left.\n|\n|t:|1745989472\n|-terastallize|p2b: Kyogre|Water\n|move|p1a: Landorus|Earth Power|p2b: Kyogre\n|-damage|p2b: Kyogre|47/100\n|move|p1b: Urshifu|Surging Strikes|p2a: Incineroar\n|-supereffective|p2a: Incineroar\n|-crit|p2a: Incineroar\n|-damage|p2a: Incineroar|42/100\n|-supereffective|p2a: Incineroar\n|-crit|p2a: Incineroar\n|-damage|p2a: Incineroar|0 fnt\n|faint|p2a: Incineroar\n|-hitcount|p2: Incineroar|2\n|move|p2b: Kyogre|Water Spout|p1a: Landorus|[spread] p1a,p1b\n|-supereffective|p1a: Landorus\n|-crit|p1a: Landorus\n|-resisted|p1b: Urshifu\n|-damage|p1a: Landorus|0 fnt\n|-damage|p1b: Urshifu|41/100\n|faint|p1a: Landorus\n|\n|-weather|RainDance|[upkeep]\n|upkeep\n|turn|7\n|\n|t:|1745989495\n|move|p1b: Urshifu|Close Combat|p2b: Kyogre\n|-damage|p2b: Kyogre|0 fnt\n|-unboost|p1b: Urshifu|def|1\n|-unboost|p1b: Urshifu|spd|1\n|faint|p2b: Kyogre\n|\n|win|tnobes.bot\n||tnobes.bot is ready for game 2.\n||ugiiiiii is ready for game 2.\n|uhtml|next|Next: <a href=\"/battle-gen9vgc2025regibo3-2353726778\"><strong>Game 2 of 3</strong></a>\n|l|\u2606tnobes.bot\n|player|p1|\n", "uploadtime": 1745989780, "views": 6, "formatid": "gen9vgc2025regibo3", "rating": null, "private": 0, "password": null}