{"id": "gen9vgc2025regibo3-2354870033", "format": "[Gen 9] VGC 2025 Reg I (Bo3)", "players": ["TheEvanTran", "legendslayer4"], "log": "|j|\u2606TheEvanTran\n|j|\u2606legendslayer4\n|html|<table width=\"100%\"><tr><td align=\"left\">TheEvanTran</td><td align=\"right\">legendslayer4</tr><tr><td align=\"left\"><i class=\"fa fa-circle-o\"></i> <i class=\"fa fa-circle-o\"></i> </td><td align=\"right\"><i class=\"fa fa-circle-o\"></i> <i class=\"fa fa-circle\"></i> </tr></table>\n|uhtml|bestof|<h2><strong>Game 2</strong> of <a href=\"/game-bestof3-gen9vgc2025regibo3-2354868308\">a best-of-3</a></h2>\n|t:|1746126996\n|gametype|doubles\n|player|p1|TheEvanTran|265|\n|player|p2|legendslayer4|boarder|\n|teamsize|p1|6\n|teamsize|p2|6\n|gen|9\n|tier|[Gen 9] VGC 2025 Reg I (Bo3)\n|rule|Species Clause: Limit one of each Pok\u00e9mon\n|rule|Item Clause: Limit 1 of each item\n|clearpoke\n|poke|p1|Indeedee-F, L50, F|\n|poke|p1|Armarouge, L50, M|\n|poke|p1|Drifblim, L50, M|\n|poke|p1|Hydreigon, L50, F|\n|poke|p1|Toxtricity, L50, M|\n|poke|p1|Kommo-o, L50, M|\n|poke|p2|Tyranitar, L50, M|\n|poke|p2|Excadrill, L50, M|\n|poke|p2|Tauros-Paldea-Blaze, L50, M|\n|poke|p2|Haxorus, L50, M|\n|poke|p2|Rillaboom, L50, M|\n|poke|p2|Kommo-o, L50, M|\n|teampreview|4\n|showteam|p1|Indeedee-F||FocusSash|PsychicSurge|TrickRoom,HelpingHand,FollowMe,DazzlingGleam|||F|||50|,,,,,Fairy]Armarouge||LifeOrb|FlashFire|ExpandingForce,ArmorCannon,AuraSphere,Protect|||M|||50|,,,,,Grass]Drifblim||PsychicSeed|Unburden|Tailwind,WillOWisp,StrengthSap,Acrobatics|||M|||50|,,,,,Grass]Hydreigon||AssaultVest|Levitate|DracoMeteor,DarkPulse,EarthPower,Snarl|||F|||50|,,,,,Steel]Toxtricity||ChoiceSpecs|PunkRock|Overdrive,SludgeBomb,Boomburst,VoltSwitch|||M|||50|,,,,,Normal]Kommo-o||Leftovers|Bulletproof|IronDefense,BodyPress,Protect,DragonTail|||M|||50|,,,,,Fairy\n|showteam|p2|Tyranitar||AssaultVest|SandStream|RockSlide,Crunch,LowKick,TeraBlast|||M|||50|,,,,,Flying]Excadrill||LifeOrb|SandRush|IronHead,Earthquake,RockSlide,Protect|||M|||50|,,,,,Steel]Tauros-Paldea-Blaze||SafetyGoggles|Intimidate|CloseCombat,FlareBlitz,RagingBull,Protect|||M|||50|,,,,,Grass]Haxorus||LumBerry|MoldBreaker|DragonDance,Outrage,Earthquake,Protect|||M|||50|,,,,,Dragon]Rillaboom||RockyHelmet|Overgrow|FakeOut,WoodHammer,Uturn,Taunt|||M|||50|,,,,,Grass]Kommo-o||Leftovers|Soundproof|BodyPress,Flamethrower,IronDefense,Protect|||M|||50|,,,,,Fire\n|\n|t:|1746127024\n|start\n|switch|p1a: Drifblim|Drifblim, L50, M|100/100\n|switch|p1b: Indeedee|Indeedee-F, L50, F|100/100\n|switch|p2a: Rillaboom|Rillaboom, L50, M|100/100\n|switch|p2b: Haxorus|Haxorus, L50, M|100/100\n|-ability|p2b: Haxorus|Mold Breaker\n|-fieldstart|move: Psychic Terrain|[from] ability: Psychic Surge|[of] p1b: Indeedee\n|-enditem|p1a: Drifblim|Psychic Seed\n|-boost|p1a: Drifblim|spd|1|[from] item: Psychic Seed\n|turn|1\n|\n|t:|1746127049\n|move|p1a: Drifblim|Will-O-Wisp|p2b: Haxorus\n|-status|p2b: Haxorus|brn\n|-enditem|p2b: Haxorus|Lum Berry|[eat]\n|-curestatus|p2b: Haxorus|brn|[msg]\n|move|p2b: Haxorus|Dragon Dance|p2b: Haxorus\n|-boost|p2b: Haxorus|atk|1\n|-boost|p2b: Haxorus|spe|1\n|move|p2a: Rillaboom|Taunt|p1b: Indeedee\n|-start|p1b: Indeedee|move: Taunt\n|move|p1b: Indeedee|Dazzling Gleam|p2a: Rillaboom|[spread] p2a,p2b\n|-supereffective|p2b: Haxorus\n|-damage|p2a: Rillaboom|83/100\n|-damage|p2b: Haxorus|60/100\n|\n|upkeep\n|turn|2\n|\n|t:|1746127071\n|move|p1a: Drifblim|Will-O-Wisp|p2a: Rillaboom\n|-status|p2a: Rillaboom|brn\n|move|p2b: Haxorus|Outrage|p1a: Drifblim\n|-damage|p1a: Drifblim|0 fnt\n|faint|p1a: Drifblim\n|move|p2a: Rillaboom|Taunt||[still]\n|-fail|p2a: Rillaboom\n|move|p1b: Indeedee|Dazzling Gleam|p2a: Rillaboom|[spread] p2a,p2b\n|-supereffective|p2b: Haxorus\n|-damage|p2a: Rillaboom|67/100 brn\n|-damage|p2b: Haxorus|23/100\n|\n|-damage|p2a: Rillaboom|61/100 brn|[from] brn\n|upkeep\n|\n|t:|1746127084\n|switch|p1a: Armarouge|Armarouge, L50, M|100/100\n|turn|3\n|\n|t:|1746127091\n|move|p2b: Haxorus|Outrage|p1a: Armarouge|[from] lockedmove\n|-damage|p1a: Armarouge|0 fnt\n|faint|p1a: Armarouge\n|-start|p2b: Haxorus|confusion|[fatigue]\n|move|p2a: Rillaboom|U-turn|p1b: Indeedee\n|-supereffective|p1b: Indeedee\n|-damage|p1b: Indeedee|72/100\n|\n|t:|1746127099\n|switch|p2a: Tyranitar|Tyranitar, L50, M|100/100|[from] U-turn\n|-weather|Sandstorm|[from] ability: Sand Stream|[of] p2a: Tyranitar\n|move|p1b: Indeedee|Dazzling Gleam|p2b: Haxorus|[spread] p2a,p2b\n|-supereffective|p2a: Tyranitar\n|-supereffective|p2b: Haxorus\n|-damage|p2a: Tyranitar|91/100\n|-damage|p2b: Haxorus|0 fnt\n|faint|p2b: Haxorus\n|\n|-weather|Sandstorm|[upkeep]\n|-damage|p1b: Indeedee|65/100|[from] Sandstorm\n|-end|p1b: Indeedee|move: Taunt\n|upkeep\n|\n|t:|1746127110\n|switch|p2b: Kommo-o|Kommo-o, L50, M|100/100\n|switch|p1a: Toxtricity|Toxtricity, L50, M|100/100\n|turn|4\n|\n|t:|1746127128\n|-terastallize|p1a: Toxtricity|Normal\n|move|p1b: Indeedee|Helping Hand|p1a: Toxtricity\n|-singleturn|p1a: Toxtricity|Helping Hand|[of] p1b: Indeedee\n|move|p2b: Kommo-o|Iron Defense|p2b: Kommo-o\n|-boost|p2b: Kommo-o|def|2\n|move|p1a: Toxtricity|Boomburst|p2a: Tyranitar|[spread] p1b,p2a\n|-immune|p2b: Kommo-o|[from] ability: Soundproof\n|-resisted|p2a: Tyranitar\n|-damage|p1b: Indeedee|0 fnt\n|-damage|p2a: Tyranitar|65/100\n|faint|p1b: Indeedee\n|move|p2a: Tyranitar|Low Kick|p1a: Toxtricity\n|-supereffective|p1a: Toxtricity\n|-damage|p1a: Toxtricity|45/100\n|\n|-weather|Sandstorm|[upkeep]\n|-damage|p2b: Kommo-o|94/100|[from] Sandstorm\n|-damage|p1a: Toxtricity|39/100|[from] Sandstorm\n|-heal|p2b: Kommo-o|100/100|[from] item: Leftovers\n|upkeep\n|turn|5\n|\n|t:|1746127150\n|move|p2b: Kommo-o|Body Press|p1a: Toxtricity\n|-supereffective|p1a: Toxtricity\n|-damage|p1a: Toxtricity|0 fnt\n|faint|p1a: Toxtricity\n|\n|win|legendslayer4\n|l|\u2606legendslayer4\n|player|p2|\n", "uploadtime": 1746127412, "views": 5, "formatid": "gen9vgc2025regibo3", "rating": null, "private": 0, "password": null}