{"id": "gen9vgc2025regibo3-2354174315", "format": "[Gen 9] VGC 2025 Reg I (Bo3)", "players": ["LaTentacion", "Schroombert"], "log": "|j|\u2606LaTentacion\n|j|\u2606Schroombert\n|html|<table width=\"100%\"><tr><td align=\"left\">LaTentacion</td><td align=\"right\">Schroombert</tr><tr><td align=\"left\"><i class=\"fa fa-circle-o\"></i> <i class=\"fa fa-circle-o\"></i> </td><td align=\"right\"><i class=\"fa fa-circle-o\"></i> <i class=\"fa fa-circle-o\"></i> </tr></table>\n|uhtml|bestof|<h2><strong>Game 1</strong> of <a href=\"/game-bestof3-gen9vgc2025regibo3-2354174314\">a best-of-3</a></h2>\n|t:|1746041463\n|gametype|doubles\n|player|p1|LaTentacion|265|1371\n|player|p2|Schroombert|rancher|1358\n|teamsize|p1|6\n|teamsize|p2|6\n|gen|9\n|tier|[Gen 9] VGC 2025 Reg I (Bo3)\n|rated|\n|rule|Species Clause: Limit one of each Pok\u00e9mon\n|rule|Item Clause: Limit 1 of each item\n|clearpoke\n|poke|p1|Groudon, L50|\n|poke|p1|Grimmsnarl, L50, M|\n|poke|p1|Volcarona, L50, M|\n|poke|p1|Miraidon, L50|\n|poke|p1|Iron Hands, L50|\n|poke|p1|Farigiraf, L50, F|\n|poke|p2|Calyrex-Shadow, L50|\n|poke|p2|Koraidon, L50|\n|poke|p2|Brute Bonnet, L50|\n|poke|p2|Raging Bolt, L50|\n|poke|p2|Flutter Mane, L50|\n|poke|p2|Chi-Yu, L50|\n|teampreview|4\n|showteam|p1|Groudon||AssaultVest|Drought|PrecipiceBlades,HeatCrash,HighHorsepower,ThunderPunch||||||50|,,,,,Fire]Grimmsnarl||CovertCloak|Prankster|ThunderWave,Taunt,LightScreen,FoulPlay|||M|||50|,,,,,Ghost]Volcarona||Leftovers|FlameBody|Protect,QuiverDance,FieryDance,GigaDrain|||M|||50|,,,,,Grass]Miraidon||ChoiceSpecs|HadronEngine|ElectroDrift,DracoMeteor,VoltSwitch,DazzlingGleam||||||50|,,,,,Fairy]Iron Hands||ClearAmulet|QuarkDrive|FakeOut,CloseCombat,WildCharge,HeavySlam||||||50|,,,,,Grass]Farigiraf||ElectricSeed|ArmorTail|FoulPlay,PsychicNoise,HelpingHand,TrickRoom|||F|||50|,,,,,Water\n|showteam|p2|Calyrex-Shadow||FocusSash|AsOneSpectrier|AstralBarrage,Psyshock,NastyPlot,Protect||||||50|,,,,,Ghost]Koraidon||ClearAmulet|OrichalcumPulse|FlareBlitz,CollisionCourse,FlameCharge,Protect||||||50|,,,,,Fire]Brute Bonnet||CovertCloak|Protosynthesis|SuckerPunch,SeedBomb,RagePowder,Spore||||||50|,,,,,Water]Raging Bolt||AssaultVest|Protosynthesis|Snarl,DracoMeteor,Thunderclap,Electroweb||||||50|,,,,,Electric]Flutter Mane||BoosterEnergy|Protosynthesis|Moonblast,ShadowBall,IcyWind,Protect||||||50|,,,,,Fairy]Chi-Yu||ChoiceScarf|BeadsofRuin|Snarl,DarkPulse,HeatWave,Overheat||||||50|,,,,,Ghost\n|inactive|Battle timer is ON: inactive players will automatically lose when time's up. (requested by Schroombert)\n|inactive|Schroombert has 60 seconds left.\n|\n|t:|1746041495\n|start\n|switch|p1a: Grimmsnarl|Grimmsnarl, L50, M|100/100\n|switch|p1b: Groudon|Groudon, L50|100/100\n|switch|p2a: Flutter Mane|Flutter Mane, L50, shiny|100/100\n|switch|p2b: Koraidon|Koraidon, L50|100/100\n|-weather|SunnyDay|[from] ability: Orichalcum Pulse|[of] p2b: Koraidon\n|-activate|p2a: Flutter Mane|ability: Protosynthesis\n|-start|p2a: Flutter Mane|protosynthesisspe\n|-activate|p2b: Koraidon|Orichalcum Pulse|[source]\n|turn|1\n|\n|t:|1746041506\n|move|p1a: Grimmsnarl|Thunder Wave|p2b: Koraidon\n|-status|p2b: Koraidon|par\n|move|p2a: Flutter Mane|Moonblast|p1a: Grimmsnarl\n|-supereffective|p1a: Grimmsnarl\n|-damage|p1a: Grimmsnarl|16/100\n|move|p1b: Groudon|Heat Crash|p2a: Flutter Mane\n|-damage|p2a: Flutter Mane|0 fnt\n|faint|p2a: Flutter Mane\n|-end|p2a: Flutter Mane|Protosynthesis|[silent]\n|cant|p2b: Koraidon|par\n|\n|-weather|SunnyDay|[upkeep]\n|upkeep\n|\n|t:|1746041522\n|switch|p2a: Chi-Yu|Chi-Yu, L50|100/100\n|-ability|p2a: Chi-Yu|Beads of Ruin\n|turn|2\n|\n|t:|1746041530\n|move|p1a: Grimmsnarl|Light Screen|p1a: Grimmsnarl\n|-sidestart|p1: LaTentacion|move: Light Screen\n|move|p2a: Chi-Yu|Heat Wave|p1b: Groudon|[spread] p1a,p1b\n|-crit|p1b: Groudon\n|-damage|p1a: Grimmsnarl|0 fnt\n|-damage|p1b: Groudon|28/100\n|-status|p1b: Groudon|brn\n|faint|p1a: Grimmsnarl\n|move|p1b: Groudon|Precipice Blades|p2a: Chi-Yu|[spread] p2b\n|-miss|p1b: Groudon|p2a: Chi-Yu\n|-damage|p2b: Koraidon|82/100 par\n|cant|p2b: Koraidon|par\n|\n|-weather|SunnyDay|[upkeep]\n|-damage|p1b: Groudon|22/100 brn|[from] brn\n|upkeep\n|\n|t:|1746041542\n|switch|p1a: Miraidon|Miraidon, L50|100/100\n|-fieldstart|move: Electric Terrain|[from] ability: Hadron Engine|[of] p1a: Miraidon\n|turn|3\n|\n|t:|1746041557\n|move|p2a: Chi-Yu|Heat Wave|p1a: Miraidon|[spread] p1a,p1b\n|-resisted|p1a: Miraidon\n|-damage|p1a: Miraidon|74/100\n|-damage|p1b: Groudon|0 fnt\n|faint|p1b: Groudon\n|move|p1a: Miraidon|Volt Switch|p2a: Chi-Yu\n|-damage|p2a: Chi-Yu|0 fnt\n|faint|p2a: Chi-Yu\n|\n|t:|1746041560\n|switch|p1a: Volcarona|Volcarona, L50, M|100/100|[from] Volt Switch\n|move|p2b: Koraidon|Collision Course|p1a: Volcarona\n|-resisted|p1a: Volcarona\n|-damage|p1a: Volcarona|51/100\n|\n|-weather|SunnyDay|[upkeep]\n|-heal|p1a: Volcarona|57/100|[from] item: Leftovers\n|upkeep\n|\n|t:|1746041571\n|switch|p2a: Calyrex|Calyrex-Shadow, L50|100/100\n|switch|p1b: Miraidon|Miraidon, L50|74/100\n|-ability|p2a: Calyrex|As One\n|-ability|p2a: Calyrex|Unnerve\n|-activate|p1b: Miraidon|ability: Hadron Engine\n|turn|4\n|\n|t:|1746041587\n|-terastallize|p2a: Calyrex|Ghost\n|move|p2a: Calyrex|Astral Barrage|p1a: Volcarona|[spread] p1a,p1b\n|-damage|p1a: Volcarona|11/100\n|-damage|p1b: Miraidon|27/100\n|move|p1b: Miraidon|Draco Meteor|p2b: Koraidon\n|-supereffective|p2b: Koraidon\n|-damage|p2b: Koraidon|0 fnt\n|-unboost|p1b: Miraidon|spa|2\n|faint|p2b: Koraidon\n|move|p1a: Volcarona|Quiver Dance|p1a: Volcarona\n|-boost|p1a: Volcarona|spa|1\n|-boost|p1a: Volcarona|spd|1\n|-boost|p1a: Volcarona|spe|1\n|\n|-weather|SunnyDay|[upkeep]\n|-heal|p1a: Volcarona|17/100|[from] item: Leftovers\n|upkeep\n|turn|5\n|\n|t:|1746041600\n|move|p1a: Volcarona|Giga Drain|p2a: Calyrex\n|-damage|p2a: Calyrex|62/100\n|-heal|p1a: Volcarona|36/100|[from] drain|[of] p2a: Calyrex\n|move|p2a: Calyrex|Astral Barrage|p1a: Volcarona|[spread] p1a,p1b\n|-damage|p1a: Volcarona|3/100\n|-damage|p1b: Miraidon|0 fnt\n|faint|p1b: Miraidon\n|-ability|p2a: Calyrex|Grim Neigh|boost\n|-boost|p2a: Calyrex|spa|1\n|\n|-weather|none\n|-heal|p1a: Volcarona|8/100|[from] item: Leftovers\n|upkeep\n|turn|6\n|\n|t:|1746041613\n|move|p1a: Volcarona|Protect|p1a: Volcarona\n|-singleturn|p1a: Volcarona|Protect\n|move|p2a: Calyrex|Astral Barrage|p1a: Volcarona\n|-activate|p1a: Volcarona|move: Protect\n|\n|-heal|p1a: Volcarona|14/100|[from] item: Leftovers\n|-sideend|p1: LaTentacion|move: Light Screen\n|upkeep\n|turn|7\n|\n|t:|1746041624\n|-terastallize|p1a: Volcarona|Grass\n|move|p1a: Volcarona|Giga Drain|p2a: Calyrex\n|-damage|p2a: Calyrex|6/100\n|-heal|p1a: Volcarona|42/100|[from] drain|[of] p2a: Calyrex\n|move|p2a: Calyrex|Astral Barrage|p1a: Volcarona\n|-damage|p1a: Volcarona|0 fnt\n|faint|p1a: Volcarona\n|\n|win|Schroombert\n||Schroombert is ready for game 2.\n||LaTentacion is ready for game 2.\n|uhtml|next|Next: <a href=\"/battle-gen9vgc2025regibo3-2354176069\"><strong>Game 2 of 3</strong></a>\n|l|\u2606Schroombert\n|player|p2|\n", "uploadtime": 1746042067, "views": 16, "formatid": "gen9vgc2025regibo3", "rating": null, "private": 0, "password": null}