{"id": "gen9vgc2025regibo3-2354815571", "format": "[Gen 9] VGC 2025 Reg I (Bo3)", "players": ["spence.hl", "mavvyvgc"], "log": "|j|\u2606spence.hl\n|j|\u2606mavvyvgc\n|html|<table width=\"100%\"><tr><td align=\"left\">spence.hl</td><td align=\"right\">mavvyvgc</tr><tr><td align=\"left\"><i class=\"fa fa-circle-o\"></i> <i class=\"fa fa-circle-o\"></i> </td><td align=\"right\"><i class=\"fa fa-circle-o\"></i> <i class=\"fa fa-circle-o\"></i> </tr></table>\n|uhtml|bestof|<h2><strong>Game 1</strong> of <a href=\"/game-bestof3-gen9vgc2025regibo3-2354815570\">a best-of-3</a></h2>\n|t:|1746122167\n|gametype|doubles\n|player|p1|spence.hl|fisherman-gen4|1067\n|player|p2|mavvyvgc|riley|1070\n|teamsize|p1|6\n|teamsize|p2|6\n|gen|9\n|tier|[Gen 9] VGC 2025 Reg I (Bo3)\n|rated|\n|rule|Species Clause: Limit one of each Pok\u00e9mon\n|rule|Item Clause: Limit 1 of each item\n|clearpoke\n|poke|p1|Miraidon, L50|\n|poke|p1|Chi-Yu, L50|\n|poke|p1|Zacian-*, L50|\n|poke|p1|Walking Wake, L50|\n|poke|p1|Cresselia, L50, F|\n|poke|p1|Flutter Mane, L50|\n|poke|p2|Calyrex-Shadow, L50|\n|poke|p2|Kyurem-White, L50|\n|poke|p2|Slowking, L50, M|\n|poke|p2|Tornadus, L50, M|\n|poke|p2|Rillaboom, L50, F|\n|poke|p2|Incineroar, L50, F|\n|teampreview|4\n|showteam|p1|Miraidon||LifeOrb|HadronEngine|ElectroDrift,VoltSwitch,DracoMeteor,Protect||||||50|,,,,,Electric]Chi-Yu||AssaultVest|BeadsofRuin|DarkPulse,HeatWave,TeraBlast,Snarl||||||50|,,,,,Grass]Zacian-Crowned||RustedSword|IntrepidSword|behemothblade,PlayRough,SacredSword,Protect||||||50|,,,,,Dark]Walking Wake||BoosterEnergy|Protosynthesis|HydroSteam,DracoMeteor,Flamethrower,Protect||||||50|,,,,,Water]Cresselia||SafetyGoggles|Levitate|IcyWind,TrickRoom,LunarBlessing,SkillSwap|||F|||50|,,,,,Dark]Flutter Mane||ChoiceScarf|Protosynthesis|Moonblast,ShadowBall,Thunder,DazzlingGleam||||||50|,,,,,Normal\n|showteam|p2|Calyrex-Shadow||FocusSash|AsOneSpectrier|DarkPulse,AstralBarrage,NastyPlot,Protect||||||50|,,,,,Dark]Kyurem-White||NeverMeltIce|Turboblaze|Protect,Blizzard,DragonPulse,FusionFlare||||||50|,,,,,Ground]Slowking||RockyHelmet|Oblivious|Psychic,TrickRoom,ChillyReception,HelpingHand|||M|||50|,,,,,Ground]Tornadus||CovertCloak|Prankster|Tailwind,BleakwindStorm,Protect,Snowscape|||M|||50|,,,,,Dark]Rillaboom||GrassySeed|GrassySurge|DrumBeating,Uturn,GrassyGlide,FakeOut|||F|||50|,,,,,Grass]Incineroar||AssaultVest|Intimidate|FakeOut,KnockOff,FlareBlitz,Uturn|||F|||50|,,,,,Fire\n|inactive|Battle timer is ON: inactive players will automatically lose when time's up. (requested by spence.hl)\n|inactive|mavvyvgc has 60 seconds left.\n|\n|t:|1746122209\n|start\n|switch|p1a: Cresselia|Cresselia, L50, F|100/100\n|switch|p1b: Flutter Mane|Flutter Mane, L50|100/100\n|switch|p2a: Tornadus|Tornadus, L50, M|100/100\n|switch|p2b: Kyurem|Kyurem-White, L50|100/100\n|-ability|p2b: Kyurem|Turboblaze\n|turn|1\n|inactive|spence.hl has 30 seconds left.\n|inactive|spence.hl has 20 seconds left.\n|inactive|spence.hl has 15 seconds left.\n|inactive|spence.hl has 10 seconds left.\n|\n|t:|1746122257\n|-terastallize|p2b: Kyurem|Ground\n|move|p2a: Tornadus|Snowscape|p2a: Tornadus\n|-weather|Snowscape\n|move|p1b: Flutter Mane|Dazzling Gleam|p2b: Kyurem|[spread] p2a,p2b\n|-damage|p2a: Tornadus|74/100\n|-damage|p2b: Kyurem|73/100\n|move|p2b: Kyurem|Blizzard|p1b: Flutter Mane|[spread] p1a,p1b\n|-damage|p1a: Cresselia|63/100\n|-damage|p1b: Flutter Mane|40/100\n|move|p1a: Cresselia|Trick Room|p1a: Cresselia\n|-fieldstart|move: Trick Room|[of] p1a: Cresselia\n|\n|-weather|Snowscape|[upkeep]\n|upkeep\n|turn|2\n|inactive|spence.hl has 30 seconds left.\n|inactive|spence.hl has 20 seconds left.\n|inactive|mavvyvgc has 30 seconds left.\n|\n|t:|1746122298\n|switch|p2a: Incineroar|Incineroar, L50, F|100/100\n|-ability|p2a: Incineroar|Intimidate|boost\n|-unboost|p1a: Cresselia|atk|1\n|-unboost|p1b: Flutter Mane|atk|1\n|-end|p1b: Flutter Mane|Protosynthesis|[silent]\n|switch|p1b: Zacian|Zacian-Crowned, L50|100/100\n|-ability|p1b: Zacian|Intrepid Sword|boost\n|-boost|p1b: Zacian|atk|1\n|move|p1a: Cresselia|Skill Swap|p2a: Incineroar\n|-activate|p1a: Cresselia|move: Skill Swap|Intimidate|Levitate|[of] p2a: Incineroar\n|-ability|p1a: Cresselia|Intimidate|boost\n|-unboost|p2a: Incineroar|atk|1\n|-unboost|p2b: Kyurem|atk|1\n|move|p2b: Kyurem|Fusion Flare|p1b: Zacian\n|-supereffective|p1b: Zacian\n|-damage|p1b: Zacian|13/100\n|\n|-weather|Snowscape|[upkeep]\n|upkeep\n|turn|3\n|\n|t:|1746122323\n|move|p1b: Zacian|Protect|p1b: Zacian\n|-singleturn|p1b: Zacian|Protect\n|move|p2a: Incineroar|U-turn|p1a: Cresselia\n|-supereffective|p1a: Cresselia\n|-damage|p1a: Cresselia|48/100\n|\n|t:|1746122332\n|switch|p2a: Tornadus|Tornadus, L50, M|74/100|[from] U-turn\n|move|p1a: Cresselia|Lunar Blessing|p1a: Cresselia|[spread] p1a,p1b\n|-heal|p1a: Cresselia|73/100\n|-heal|p1b: Zacian|38/100\n|move|p2b: Kyurem|Blizzard|p1a: Cresselia|[spread] p1a\n|-activate|p1b: Zacian|move: Protect\n|-damage|p1a: Cresselia|41/100\n|\n|-weather|Snowscape|[upkeep]\n|upkeep\n|turn|4\n|\n|t:|1746122348\n|move|p1a: Cresselia|Lunar Blessing|p1a: Cresselia|[spread] p1a,p1b\n|-heal|p1a: Cresselia|66/100\n|-heal|p1b: Zacian|63/100\n|move|p2b: Kyurem|Fusion Flare|p1b: Zacian\n|-supereffective|p1b: Zacian\n|-damage|p1b: Zacian|0 fnt\n|faint|p1b: Zacian\n|move|p2a: Tornadus|Bleakwind Storm|p1a: Cresselia\n|-damage|p1a: Cresselia|45/100\n|-unboost|p1a: Cresselia|spe|1\n|\n|-weather|Snowscape|[upkeep]\n|upkeep\n|\n|t:|1746122364\n|switch|p1b: Miraidon|Miraidon, L50|100/100\n|-fieldstart|move: Electric Terrain|[from] ability: Hadron Engine|[of] p1b: Miraidon\n|turn|5\n|\n|t:|1746122374\n|move|p2a: Tornadus|Protect|p2a: Tornadus\n|-singleturn|p2a: Tornadus|Protect\n|move|p1b: Miraidon|Protect|p1b: Miraidon\n|-singleturn|p1b: Miraidon|Protect\n|move|p1a: Cresselia|Icy Wind|p2b: Kyurem|[spread] p2b\n|-activate|p2a: Tornadus|move: Protect\n|-supereffective|p2b: Kyurem\n|-damage|p2b: Kyurem|62/100\n|-unboost|p2b: Kyurem|spe|1\n|move|p2b: Kyurem|Blizzard|p1b: Miraidon|[spread] p1a\n|-activate|p1b: Miraidon|move: Protect\n|-damage|p1a: Cresselia|8/100\n|\n|-weather|none\n|-fieldend|move: Trick Room\n|upkeep\n|turn|6\n|\n|t:|1746122399\n|-terastallize|p1b: Miraidon|Electric\n|move|p2a: Tornadus|Tailwind|p2a: Tornadus\n|-sidestart|p2: mavvyvgc|move: Tailwind\n|move|p1b: Miraidon|Electro Drift|p2a: Tornadus\n|-supereffective|p2a: Tornadus\n|-damage|p2a: Tornadus|0 fnt\n|faint|p2a: Tornadus\n|-damage|p1b: Miraidon|91/100|[from] item: Life Orb\n|move|p2b: Kyurem|Blizzard|p1b: Miraidon|[spread] p1b\n|-miss|p2b: Kyurem|p1a: Cresselia\n|-damage|p1b: Miraidon|39/100\n|move|p1a: Cresselia|Lunar Blessing|p1a: Cresselia|[spread] p1a,p1b\n|-heal|p1a: Cresselia|33/100\n|-heal|p1b: Miraidon|64/100\n|\n|upkeep\n|inactive|mavvyvgc has 30 seconds left.\n|\n|t:|1746122426\n|switch|p2a: Calyrex|Calyrex-Shadow, L50|100/100\n|-ability|p2a: Calyrex|As One\n|-ability|p2a: Calyrex|Unnerve\n|turn|7\n|\n|t:|1746122441\n|move|p2a: Calyrex|Astral Barrage|p1b: Miraidon|[spread] p1a,p1b\n|-supereffective|p1a: Cresselia\n|-damage|p1a: Cresselia|0 fnt\n|-damage|p1b: Miraidon|18/100\n|faint|p1a: Cresselia\n|-ability|p2a: Calyrex|Grim Neigh|boost\n|-boost|p2a: Calyrex|spa|1\n|move|p1b: Miraidon|Draco Meteor|p2b: Kyurem\n|-damage|p2b: Kyurem|0 fnt\n|-unboost|p1b: Miraidon|spa|2\n|faint|p2b: Kyurem\n|-damage|p1b: Miraidon|8/100|[from] item: Life Orb\n|\n|upkeep\n|\n|t:|1746122454\n|switch|p2b: Incineroar|Incineroar, L50, F|100/100\n|switch|p1a: Flutter Mane|Flutter Mane, L50|40/100\n|-ability|p2b: Incineroar|Intimidate|boost\n|-unboost|p1a: Flutter Mane|atk|1\n|-unboost|p1b: Miraidon|atk|1\n|turn|8\n|\n|t:|1746122466\n|move|p2b: Incineroar|Fake Out|p1b: Miraidon\n|-damage|p1b: Miraidon|0 fnt\n|faint|p1b: Miraidon\n|move|p2a: Calyrex|Astral Barrage|p1a: Flutter Mane\n|-supereffective|p1a: Flutter Mane\n|-damage|p1a: Flutter Mane|0 fnt\n|faint|p1a: Flutter Mane\n|-end|p1a: Flutter Mane|Protosynthesis|[silent]\n|\n|win|mavvyvgc\n||spence.hl is ready for game 2.\n|inactive|mavvyvgc has 30 seconds to confirm battle start!\n||mavvyvgc is ready for game 2.\n|uhtml|next|Next: <a href=\"/battle-gen9vgc2025regibo3-2354819204\"><strong>Game 2 of 3</strong></a>\n", "uploadtime": 1746123043, "views": 8, "formatid": "gen9vgc2025regibo3", "rating": null, "private": 0, "password": null}