{"id": "gen9vgc2025regibo3-2355119929", "format": "[Gen 9] VGC 2025 Reg I (Bo3)", "players": ["stanhoff", "RobbyRabs"], "log": "|j|\u2606stanhoff\n|j|\u2606RobbyRabs\n|html|<table width=\"100%\"><tr><td align=\"left\">stanhoff</td><td align=\"right\">RobbyRabs</tr><tr><td align=\"left\"><i class=\"fa fa-circle\"></i> <i class=\"fa fa-circle-o\"></i> </td><td align=\"right\"><i class=\"fa fa-circle-o\"></i> <i class=\"fa fa-circle-o\"></i> </tr></table>\n|uhtml|bestof|<h2><strong>Game 2</strong> of <a href=\"/game-bestof3-gen9vgc2025regibo3-2355119133\">a best-of-3</a></h2>\n|t:|1746154985\n|gametype|doubles\n|player|p1|stanhoff|falkner|1140\n|player|p2|RobbyRabs|265|1151\n|teamsize|p1|6\n|teamsize|p2|6\n|gen|9\n|tier|[Gen 9] VGC 2025 Reg I (Bo3)\n|rated|\n|rule|Species Clause: Limit one of each Pok\u00e9mon\n|rule|Item Clause: Limit 1 of each item\n|clearpoke\n|poke|p1|Calyrex-Shadow, L50|\n|poke|p1|Miraidon, L50|\n|poke|p1|Indeedee-F, L50, F|\n|poke|p1|Brute Bonnet, L50|\n|poke|p1|Iron Bundle, L50|\n|poke|p1|Sneasler, L50, M|\n|poke|p2|Calyrex-Ice, L50|\n|poke|p2|Kyurem-White, L50|\n|poke|p2|Ninetales-Alola, L50, M|\n|poke|p2|Indeedee-F, L50, F|\n|poke|p2|Urshifu-*, L50, F|\n|poke|p2|Ursaluna-Bloodmoon, L50, M|\n|teampreview|4\n|showteam|p1|Calyrex-Shadow||FocusSash|AsOneSpectrier|AstralBarrage,ExpandingForce,Disable,Protect||||||50|,,,,,Ghost]Miraidon||LifeOrb|HadronEngine|ElectroDrift,DracoMeteor,DazzlingGleam,Protect||||||50|,,,,,Fairy]Indeedee-F||PsychicSeed|PsychicSurge|FollowMe,AlluringVoice,TrickRoom,Imprison|||F|||50|,,,,,Fairy]Brute Bonnet||CovertCloak|Protosynthesis|Spore,SuckerPunch,SeedBomb,RagePowder||||||50|,,,,,Water]Iron Bundle||KingsRock|QuarkDrive|IcyWind,FreezeDry,Fling,Protect||||||50|,,,,,Grass]Sneasler||ElectricSeed|Unburden|FakeOut,Taunt,CloseCombat,Protect|||M|||50|,,,,,Dark\n|showteam|p2|Calyrex-Ice||ClearAmulet|AsOneGlastrier|GlacialLance,CloseCombat,TrickRoom,Protect||||||50|,,,,,Fire]Kyurem-White||AssaultVest|Turboblaze|Blizzard,FreezeDry,EarthPower,DracoMeteor||||||50|,,,,,Poison]Ninetales-Alola||FocusSash|SnowWarning|IcyWind,Moonblast,AuroraVeil,Protect|||M|||50|,,,,,Water]Indeedee-F||SafetyGoggles|PsychicSurge|FollowMe,TrickRoom,Imprison,ShadowBall|||F|||50|,,,,,Fairy]Urshifu||ChoiceBand|UnseenFist|WickedBlow,CloseCombat,SuckerPunch,PoisonJab|||F|||50|,,,,,Grass]Ursaluna-Bloodmoon||LifeOrb|MindsEye|BloodMoon,HyperVoice,EarthPower,Protect|||M|||50|,,,,,Normal\n|inactive|Battle timer is ON: inactive players will automatically lose when time's up. (requested by RobbyRabs)\n|inactive|stanhoff has 60 seconds left.\n|\n|t:|1746155019\n|start\n|switch|p1a: Calyrex|Calyrex-Shadow, L50|100/100\n|switch|p1b: Iron Bundle|Iron Bundle, L50|100/100\n|switch|p2a: Indeedee|Indeedee-F, L50, F|100/100\n|switch|p2b: Calyrex|Calyrex-Ice, L50|100/100\n|-ability|p1a: Calyrex|As One\n|-ability|p1a: Calyrex|Unnerve\n|-ability|p2b: Calyrex|As One\n|-ability|p2b: Calyrex|Unnerve\n|-fieldstart|move: Psychic Terrain|[from] ability: Psychic Surge|[of] p2a: Indeedee\n|turn|1\n|inactive|stanhoff has 30 seconds left.\n|\n|t:|1746155052\n|-end|p1b: Iron Bundle|Quark Drive|[silent]\n|switch|p1b: Brute Bonnet|Brute Bonnet, L50|100/100\n|-terastallize|p1a: Calyrex|Ghost\n|move|p2a: Indeedee|Follow Me|p2a: Indeedee\n|-singleturn|p2a: Indeedee|move: Follow Me\n|move|p1a: Calyrex|Astral Barrage|p2a: Indeedee|[spread] p2b\n|-immune|p2a: Indeedee\n|-supereffective|p2b: Calyrex\n|-damage|p2b: Calyrex|4/100\n|move|p2b: Calyrex|Trick Room|p2b: Calyrex\n|-fieldstart|move: Trick Room|[of] p2b: Calyrex\n|\n|upkeep\n|turn|2\n|inactive|stanhoff has 30 seconds left.\n|inactive|stanhoff has 20 seconds left.\n|\n|t:|1746155090\n|move|p1a: Calyrex|Protect|p1a: Calyrex\n|-singleturn|p1a: Calyrex|Protect\n|move|p2b: Calyrex|Glacial Lance|p1a: Calyrex|[spread] p1b\n|-activate|p1a: Calyrex|move: Protect\n|-supereffective|p1b: Brute Bonnet\n|-damage|p1b: Brute Bonnet|18/100\n|move|p1b: Brute Bonnet|Spore|p2a: Indeedee\n|-activate|p2a: Indeedee|item: Safety Goggles|Spore\n|move|p2a: Indeedee|Shadow Ball|p1a: Calyrex\n|-activate|p1a: Calyrex|move: Protect\n|\n|upkeep\n|turn|3\n|\n|t:|1746155110\n|switch|p1a: Miraidon|Miraidon, L50|100/100\n|-fieldstart|move: Electric Terrain|[from] ability: Hadron Engine|[of] p1a: Miraidon\n|move|p1b: Brute Bonnet|Sucker Punch|p2b: Calyrex\n|-supereffective|p2b: Calyrex\n|-damage|p2b: Calyrex|0 fnt\n|faint|p2b: Calyrex\n|move|p2a: Indeedee|Shadow Ball|p1a: Miraidon\n|-damage|p1a: Miraidon|85/100\n|\n|upkeep\n|\n|t:|1746155120\n|switch|p2b: Kyurem|Kyurem-White, L50|100/100\n|-ability|p2b: Kyurem|Turboblaze\n|turn|4\n|\n|t:|1746155141\n|-terastallize|p2b: Kyurem|Poison\n|move|p1a: Miraidon|Protect|p1a: Miraidon\n|-singleturn|p1a: Miraidon|Protect\n|move|p2a: Indeedee|Follow Me|p2a: Indeedee\n|-singleturn|p2a: Indeedee|move: Follow Me\n|move|p1b: Brute Bonnet|Seed Bomb|p2a: Indeedee\n|-damage|p2a: Indeedee|70/100\n|move|p2b: Kyurem|Earth Power|p1a: Miraidon\n|-activate|p1a: Miraidon|move: Protect\n|\n|upkeep\n|turn|5\n|\n|t:|1746155164\n|switch|p1a: Calyrex|Calyrex-Shadow, L50, tera:Ghost|100/100\n|-ability|p1a: Calyrex|As One\n|-ability|p1a: Calyrex|Unnerve\n|move|p1b: Brute Bonnet|Rage Powder|p1b: Brute Bonnet\n|-singleturn|p1b: Brute Bonnet|move: Rage Powder\n|move|p2a: Indeedee|Follow Me|p2a: Indeedee\n|-singleturn|p2a: Indeedee|move: Follow Me\n|move|p2b: Kyurem|Blizzard|p1a: Calyrex|[spread] p1a,p1b\n|-supereffective|p1b: Brute Bonnet\n|-damage|p1a: Calyrex|42/100\n|-damage|p1b: Brute Bonnet|0 fnt\n|faint|p1b: Brute Bonnet\n|-end|p1b: Brute Bonnet|Protosynthesis|[silent]\n|\n|-fieldend|move: Trick Room\n|upkeep\n|inactive|stanhoff has 30 seconds left.\n|\n|t:|1746155194\n|switch|p1b: Miraidon|Miraidon, L50|85/100\n|-activate|p1b: Miraidon|ability: Hadron Engine\n|turn|6\n|inactive|stanhoff has 30 seconds left.\n|\n|t:|1746155220\n|move|p1a: Calyrex|Protect|p1a: Calyrex\n|-singleturn|p1a: Calyrex|Protect\n|move|p2a: Indeedee|Follow Me|p2a: Indeedee\n|-singleturn|p2a: Indeedee|move: Follow Me\n|move|p1b: Miraidon|Electro Drift|p2a: Indeedee\n|-damage|p2a: Indeedee|0 fnt\n|faint|p2a: Indeedee\n|-damage|p1b: Miraidon|75/100|[from] item: Life Orb\n|move|p2b: Kyurem|Freeze-Dry|p1a: Calyrex\n|-activate|p1a: Calyrex|move: Protect\n|\n|upkeep\n|\n|t:|1746155223\n|switch|p2a: Urshifu|Urshifu, L50, F|100/100\n|turn|7\n|inactive|stanhoff has 30 seconds left.\n|\n|t:|1746155259\n|switch|p1a: Iron Bundle|Iron Bundle, L50|100/100\n|-activate|p1a: Iron Bundle|ability: Quark Drive\n|-start|p1a: Iron Bundle|quarkdrivespe\n|move|p2a: Urshifu|Sucker Punch|p1b: Miraidon\n|-damage|p1b: Miraidon|17/100\n|move|p1b: Miraidon|Dazzling Gleam|p2a: Urshifu|[spread] p2a,p2b\n|-supereffective|p2a: Urshifu\n|-resisted|p2b: Kyurem\n|-damage|p2a: Urshifu|0 fnt\n|-damage|p2b: Kyurem|90/100\n|faint|p2a: Urshifu\n|-damage|p1b: Miraidon|7/100|[from] item: Life Orb\n|move|p2b: Kyurem|Freeze-Dry|p1b: Miraidon\n|-supereffective|p1b: Miraidon\n|-damage|p1b: Miraidon|0 fnt\n|faint|p1b: Miraidon\n|\n|-fieldend|move: Electric Terrain\n|-end|p1a: Iron Bundle|Quark Drive\n|upkeep\n|\n|t:|1746155272\n|switch|p1b: Calyrex|Calyrex-Shadow, L50, tera:Ghost|42/100\n|-ability|p1b: Calyrex|As One\n|-ability|p1b: Calyrex|Unnerve\n|turn|8\n|\n|t:|1746155279\n|move|p1b: Calyrex|Expanding Force|p2b: Kyurem\n|-supereffective|p2b: Kyurem\n|-damage|p2b: Kyurem|38/100\n|move|p1a: Iron Bundle|Fling|p2b: Kyurem\n|-damage|p2b: Kyurem|34/100\n|-enditem|p1a: Iron Bundle|King's Rock|[from] move: Fling\n|cant|p2b: Kyurem|flinch\n|\n|upkeep\n|turn|9\n|\n|t:|1746155290\n|move|p1b: Calyrex|Expanding Force|p2b: Kyurem\n|-supereffective|p2b: Kyurem\n|-damage|p2b: Kyurem|0 fnt\n|faint|p2b: Kyurem\n|\n|win|stanhoff\n|raw|stanhoff's rating: 1140 &rarr; <strong>1166</strong><br />(+26 for winning)\n|raw|RobbyRabs's rating: 1151 &rarr; <strong>1125</strong><br />(-26 for losing)\n|l|\u2606RobbyRabs\n|player|p2|\n|l|\u2606stanhoff\n|player|p1|\n", "uploadtime": 1746155558, "views": 7, "formatid": "gen9vgc2025regibo3", "rating": 1125, "private": 0, "password": null}