{"id": "gen9vgc2025regibo3-2354506003", "format": "[Gen 9] VGC 2025 Reg I (Bo3)", "players": ["Jwwt", "merrypasta"], "log": "|j|\u2606Jwwt\n|j|\u2606merrypasta\n|html|<table width=\"100%\"><tr><td align=\"left\">Jwwt</td><td align=\"right\">merrypasta</tr><tr><td align=\"left\"><i class=\"fa fa-circle\"></i> <i class=\"fa fa-circle-o\"></i> </td><td align=\"right\"><i class=\"fa fa-circle-o\"></i> <i class=\"fa fa-circle-o\"></i> </tr></table>\n|uhtml|bestof|<h2><strong>Game 2</strong> of <a href=\"/game-bestof3-gen9vgc2025regibo3-2354504120\">a best-of-3</a></h2>\n|t:|1746083743\n|gametype|doubles\n|player|p1|Jwwt|waitress-gen4|1081\n|player|p2|merrypasta|lady|1076\n|teamsize|p1|6\n|teamsize|p2|6\n|gen|9\n|tier|[Gen 9] VGC 2025 Reg I (Bo3)\n|rated|\n|rule|Species Clause: Limit one of each Pok\u00e9mon\n|rule|Item Clause: Limit 1 of each item\n|clearpoke\n|poke|p1|Kyogre, L50|\n|poke|p1|Overqwil, L50, F|\n|poke|p1|Urshifu-*, L50, M|\n|poke|p1|Indeedee-F, L50, F|\n|poke|p1|Terapagos, L50, M|\n|poke|p1|Landorus, L50, M|\n|poke|p2|Lunala, L50|\n|poke|p2|Indeedee-F, L50, F|\n|poke|p2|Zacian-*, L50|\n|poke|p2|Volcarona, L50, F|\n|poke|p2|Roaring Moon, L50|\n|poke|p2|Milotic, L50, F|\n|teampreview|4\n|showteam|p1|Kyogre||SitrusBerry|Drizzle|OriginPulse,CalmMind,IceBeam,Protect||||||50|,,,,,Grass]Overqwil||CovertCloak|SwiftSwim|Acupressure,DestinyBond,PoisonJab,Taunt|||F|||50|,,,,,Fairy]Urshifu-Rapid-Strike||ChoiceScarf|UnseenFist|SurgingStrikes,AquaJet,CloseCombat,Uturn|||M|||50|,,,,,Water]Indeedee-F||PsychicSeed|PsychicSurge|HealPulse,FollowMe,TrickRoom,Psychic|||F|||50|,,,,,Grass]Terapagos||Leftovers|TeraShift|CalmMind,TeraStarstorm,Protect,Substitute|||M|||50|,,,,,Stellar]Landorus||LifeOrb|SheerForce|SandsearStorm,EarthPower,SludgeBomb,Protect|||M|||50|,,,,,Poison\n|showteam|p2|Lunala||PowerHerb|ShadowShield|MoongeistBeam,ExpandingForce,MeteorBeam,WideGuard||||||50|,,,,,Dark]Indeedee-F||PsychicSeed|PsychicSurge|Psychic,FollowMe,HelpingHand,TrickRoom|||F|||50|,,,,,Fairy]Zacian-Crowned||RustedSword|IntrepidSword|behemothblade,PlayRough,Protect,SwordsDance||||||50|,,,,,Water]Volcarona||CovertCloak|FlameBody|FieryDance,GigaDrain,Protect,QuiverDance|||F|||50|,,,,,Dragon]Roaring Moon||BoosterEnergy|Protosynthesis|KnockOff,Acrobatics,Protect,Tailwind||||||50|,,,,,Flying]Milotic||SafetyGoggles|Competitive|Scald,IcyWind,Protect,Safeguard|||F|||50|,,,,,Grass\n|inactive|Battle timer is ON: inactive players will automatically lose when time's up. (requested by Jwwt)\n|inactive|merrypasta has 60 seconds left.\n|l|\u2606Jwwt\n|inactive|Jwwt disconnected and has a minute to reconnect!\n|player|p1|\n|j|\u2606Jwwt\n|inactive|Jwwt reconnected.\n|player|p1|Jwwt|waitress-gen4|\n|inactive|merrypasta has 30 seconds left.\n|\n|t:|1746083822\n|start\n|switch|p1a: Sea slug|Kyogre, L50|100/100\n|switch|p1b: Nurse|Indeedee-F, L50, F|100/100\n|switch|p2a: Volcarona|Volcarona, L50, F|100/100\n|switch|p2b: Zacian|Zacian-Crowned, L50|100/100\n|-ability|p2b: Zacian|Intrepid Sword|boost\n|-boost|p2b: Zacian|atk|1\n|-weather|RainDance|[from] ability: Drizzle|[of] p1a: Sea slug\n|-fieldstart|move: Psychic Terrain|[from] ability: Psychic Surge|[of] p1b: Nurse\n|-enditem|p1b: Nurse|Psychic Seed\n|-boost|p1b: Nurse|spd|1|[from] item: Psychic Seed\n|turn|1\n|\n|t:|1746083840\n|move|p2a: Volcarona|Protect|p2a: Volcarona\n|-singleturn|p2a: Volcarona|Protect\n|move|p2b: Zacian|Swords Dance|p2b: Zacian\n|-boost|p2b: Zacian|atk|2\n|move|p1a: Sea slug|Calm Mind|p1a: Sea slug\n|-boost|p1a: Sea slug|spa|1\n|-boost|p1a: Sea slug|spd|1\n|move|p1b: Nurse|Trick Room|p1b: Nurse\n|-fieldstart|move: Trick Room|[of] p1b: Nurse\n|\n|-weather|RainDance|[upkeep]\n|upkeep\n|turn|2\n|l|\u2606Jwwt\n|inactive|Jwwt disconnected and has a minute to reconnect!\n|player|p1|\n|inactive|Jwwt has 30 seconds left.\n|inactive|merrypasta has 30 seconds left.\n|j|\u2606Jwwt\n|inactive|Jwwt reconnected and has 30 seconds left.\n|player|p1|Jwwt|waitress-gen4|\n|inactive|merrypasta has 20 seconds left.\n|\n|t:|1746083876\n|switch|p2a: Lunala|Lunala, L50|100/100\n|-terastallize|p2b: Zacian|Water\n|move|p1b: Nurse|Psychic|p2b: Zacian\n|-damage|p2b: Zacian|67/100\n|move|p1a: Sea slug|Origin Pulse|p2b: Zacian|[spread] p2a,p2b\n|-resisted|p2b: Zacian\n|-damage|p2a: Lunala|64/100\n|-damage|p2b: Zacian|22/100\n|move|p2b: Zacian|Play Rough|p1a: Sea slug\n|-damage|p1a: Sea slug|0 fnt\n|faint|p1a: Sea slug\n|\n|-weather|RainDance|[upkeep]\n|upkeep\n|\n|t:|1746083892\n|switch|p1a: Terapagos|Terapagos, L50, M|100/100\n|-activate|p1a: Terapagos|ability: Tera Shift\n|detailschange|p1a: Terapagos|Terapagos-Terastal, L50, M\n|-heal|p1a: Terapagos|100/100|[silent]\n|turn|3\n|l|\u2606Jwwt\n|inactive|Jwwt disconnected and has a minute to reconnect!\n|player|p1|\n|inactive|merrypasta has 30 seconds left.\n|\n|t:|1746083920\n|switch|p2a: Indeedee|Indeedee-F, L50, F|100/100\n|-enditem|p2a: Indeedee|Psychic Seed\n|-boost|p2a: Indeedee|spd|1|[from] item: Psychic Seed\n|move|p2b: Zacian|Protect|p2b: Zacian\n|-singleturn|p2b: Zacian|Protect\n|move|p1b: Nurse|Follow Me|p1b: Nurse\n|-singleturn|p1b: Nurse|move: Follow Me\n|move|p1a: Terapagos|Calm Mind|p1a: Terapagos\n|-boost|p1a: Terapagos|spa|1\n|-boost|p1a: Terapagos|spd|1\n|\n|-weather|RainDance|[upkeep]\n|upkeep\n|turn|4\n|j|\u2606Jwwt\n|inactive|Jwwt reconnected and has 55 seconds left.\n|player|p1|Jwwt|waitress-gen4|\n|\n|t:|1746083936\n|-terastallize|p1a: Terapagos|Stellar\n|detailschange|p1a: Terapagos|Terapagos-Stellar, L50, M, tera:Stellar\n|-heal|p1a: Terapagos|100/100|[silent]\n|-ability|p1a: Terapagos|Teraform Zero\n|-weather|none\n|-fieldend|move: Psychic Terrain\n|move|p2a: Indeedee|Follow Me|p2a: Indeedee\n|-singleturn|p2a: Indeedee|move: Follow Me\n|move|p1b: Nurse|Psychic|p2a: Indeedee\n|-resisted|p2a: Indeedee\n|-damage|p2a: Indeedee|90/100\n|move|p1a: Terapagos|Tera Starstorm|p2b: Zacian|[spread] p2a,p2b\n|-supereffective|p2b: Zacian\n|-damage|p2a: Indeedee|50/100\n|-damage|p2b: Zacian|0 fnt\n|faint|p2b: Zacian\n|\n|upkeep\n|\n|t:|1746083948\n|switch|p2b: Volcarona|Volcarona, L50, F|100/100\n|turn|5\n|\n|t:|1746083962\n|move|p1b: Nurse|Follow Me|p1b: Nurse\n|-singleturn|p1b: Nurse|move: Follow Me\n|move|p2a: Indeedee|Follow Me|p2a: Indeedee\n|-singleturn|p2a: Indeedee|move: Follow Me\n|move|p1a: Terapagos|Calm Mind|p1a: Terapagos\n|-boost|p1a: Terapagos|spa|1\n|-boost|p1a: Terapagos|spd|1\n|move|p2b: Volcarona|Quiver Dance|p2b: Volcarona\n|-boost|p2b: Volcarona|spa|1\n|-boost|p2b: Volcarona|spd|1\n|-boost|p2b: Volcarona|spe|1\n|\n|-fieldend|move: Trick Room\n|upkeep\n|turn|6\n|l|\u2606Jwwt\n|inactive|Jwwt disconnected and has a minute to reconnect!\n|player|p1|\n|inactive|Jwwt has 30 seconds left.\n|inactive|merrypasta has 30 seconds left.\n|j|\u2606Jwwt\n|inactive|Jwwt reconnected and has 25 seconds left.\n|player|p1|Jwwt|waitress-gen4|\n|inactive|Jwwt has 20 seconds left.\n|inactive|merrypasta has 20 seconds left.\n|\n|t:|1746084000\n|move|p2b: Volcarona|Quiver Dance|p2b: Volcarona\n|-boost|p2b: Volcarona|spa|1\n|-boost|p2b: Volcarona|spd|1\n|-boost|p2b: Volcarona|spe|1\n|move|p1a: Terapagos|Tera Starstorm|p2a: Indeedee|[spread] p2a,p2b\n|-crit|p2a: Indeedee\n|-damage|p2a: Indeedee|0 fnt\n|-damage|p2b: Volcarona|66/100\n|faint|p2a: Indeedee\n|move|p1b: Nurse|Psychic|p2b: Volcarona\n|-damage|p2b: Volcarona|53/100\n|\n|upkeep\n|\n|t:|1746084007\n|switch|p2a: Lunala|Lunala, L50|64/100\n|turn|7\n|\n|t:|1746084015\n|switch|p1b: Overqwil|Overqwil, L50, F|100/100\n|move|p2a: Lunala|Wide Guard|p2a: Lunala\n|-singleturn|p2a: Lunala|Wide Guard\n|move|p2b: Volcarona|Quiver Dance|p2b: Volcarona\n|-boost|p2b: Volcarona|spa|1\n|-boost|p2b: Volcarona|spd|1\n|-boost|p2b: Volcarona|spe|1\n|move|p1a: Terapagos|Calm Mind|p1a: Terapagos\n|-boost|p1a: Terapagos|spa|1\n|-boost|p1a: Terapagos|spd|1\n|\n|upkeep\n|turn|8\n|l|\u2606Jwwt\n|inactive|Jwwt disconnected and has a minute to reconnect!\n|player|p1|\n|inactive|Jwwt has 30 seconds left.\n|j|\u2606Jwwt\n|inactive|Jwwt reconnected and has 30 seconds left.\n|player|p1|Jwwt|waitress-gen4|\n|inactive|Jwwt has 20 seconds left.\n|\n|t:|1746084052\n|move|p2a: Lunala|Wide Guard|p2a: Lunala\n|-singleturn|p2a: Lunala|Wide Guard\n|move|p2b: Volcarona|Fiery Dance|p1b: Overqwil\n|-damage|p1b: Overqwil|0 fnt\n|-boost|p2b: Volcarona|spa|1\n|faint|p1b: Overqwil\n|move|p1a: Terapagos|Substitute|p1a: Terapagos\n|-start|p1a: Terapagos|Substitute\n|-damage|p1a: Terapagos|76/100\n|\n|-heal|p1a: Terapagos|82/100|[from] item: Leftovers\n|upkeep\n|\n|t:|1746084065\n|switch|p1b: Nurse|Indeedee-F, L50, F|100/100\n|-fieldstart|move: Psychic Terrain|[from] ability: Psychic Surge|[of] p1b: Nurse\n|turn|9\n|\n|t:|1746084071\n|move|p2a: Lunala|Wide Guard|p2a: Lunala\n|-singleturn|p2a: Lunala|Wide Guard\n|move|p2b: Volcarona|Giga Drain|p1b: Nurse\n|-damage|p1b: Nurse|30/100\n|-heal|p2b: Volcarona|86/100|[from] drain|[of] p1b: Nurse\n|move|p1a: Terapagos|Calm Mind|p1a: Terapagos\n|-boost|p1a: Terapagos|spa|1\n|-boost|p1a: Terapagos|spd|1\n|move|p1b: Nurse|Trick Room|p1b: Nurse\n|-fieldstart|move: Trick Room|[of] p1b: Nurse\n|\n|-heal|p1a: Terapagos|88/100|[from] item: Leftovers\n|upkeep\n|turn|10\n|l|\u2606Jwwt\n|inactive|Jwwt disconnected and has a minute to reconnect!\n|player|p1|\n|inactive|Jwwt has 30 seconds left.\n|j|\u2606Jwwt\n|inactive|Jwwt reconnected and has 25 seconds left.\n|player|p1|Jwwt|waitress-gen4|\n|inactive|Jwwt has 20 seconds left.\n|\n|t:|1746084109\n|move|p2a: Lunala|Wide Guard|p2a: Lunala\n|-singleturn|p2a: Lunala|Wide Guard\n|move|p1b: Nurse|Psychic|p2a: Lunala\n|-resisted|p2a: Lunala\n|-damage|p2a: Lunala|49/100\n|move|p1a: Terapagos|Calm Mind|p1a: Terapagos\n|-boost|p1a: Terapagos|spa|1\n|-boost|p1a: Terapagos|spd|1\n|move|p2b: Volcarona|Fiery Dance|p1b: Nurse\n|-damage|p1b: Nurse|0 fnt\n|-boost|p2b: Volcarona|spa|1\n|faint|p1b: Nurse\n|\n|-heal|p1a: Terapagos|94/100|[from] item: Leftovers\n|upkeep\n|turn|11\n|inactive|merrypasta has 30 seconds left.\n|\n|t:|1746084137\n|move|p2a: Lunala|Wide Guard|p2a: Lunala\n|-singleturn|p2a: Lunala|Wide Guard\n|move|p1a: Terapagos|Tera Starstorm|p2b: Volcarona|[spread] \n|-activate|p2a: Lunala|move: Wide Guard\n|-activate|p2b: Volcarona|move: Wide Guard\n|move|p2b: Volcarona|Fiery Dance|p1a: Terapagos\n|-activate|p1a: Terapagos|move: Substitute|[damage]\n|-boost|p2b: Volcarona|spa|1\n|\n|-heal|p1a: Terapagos|99/100|[from] item: Leftovers\n|upkeep\n|turn|12\n|\n|t:|1746084161\n|move|p2a: Lunala|Wide Guard|p2a: Lunala\n|-singleturn|p2a: Lunala|Wide Guard\n|move|p1a: Terapagos|Calm Mind|p1a: Terapagos\n|-boost|p1a: Terapagos|spa|1\n|-boost|p1a: Terapagos|spd|1\n|move|p2b: Volcarona|Fiery Dance|p1a: Terapagos\n|-end|p1a: Terapagos|Substitute\n|\n|-heal|p1a: Terapagos|100/100|[from] item: Leftovers\n|upkeep\n|turn|13\n|\n|t:|1746084173\n|move|p2a: Lunala|Wide Guard|p2a: Lunala\n|-singleturn|p2a: Lunala|Wide Guard\n|move|p1a: Terapagos|Substitute|p1a: Terapagos\n|-start|p1a: Terapagos|Substitute\n|-damage|p1a: Terapagos|76/100\n|move|p2b: Volcarona|Fiery Dance|p1a: Terapagos\n|-activate|p1a: Terapagos|move: Substitute|[damage]\n|\n|-heal|p1a: Terapagos|82/100|[from] item: Leftovers\n|-fieldend|move: Trick Room\n|-fieldend|move: Psychic Terrain\n|upkeep\n|turn|14\n|\n|t:|1746084184\n|move|p1a: Terapagos|Protect|p1a: Terapagos\n|-singleturn|p1a: Terapagos|Protect\n|move|p2a: Lunala|Wide Guard|p2a: Lunala\n|-singleturn|p2a: Lunala|Wide Guard\n|move|p2b: Volcarona|Fiery Dance|p1a: Terapagos\n|-activate|p1a: Terapagos|move: Protect\n|\n|-heal|p1a: Terapagos|88/100|[from] item: Leftovers\n|upkeep\n|turn|15\n|\n|t:|1746084198\n|move|p2a: Lunala|Wide Guard|p2a: Lunala\n|-singleturn|p2a: Lunala|Wide Guard\n|move|p2b: Volcarona|Fiery Dance|p1a: Terapagos\n|-end|p1a: Terapagos|Substitute\n|move|p1a: Terapagos|Tera Starstorm|p2b: Volcarona|[spread] \n|-activate|p2a: Lunala|move: Wide Guard\n|-activate|p2b: Volcarona|move: Wide Guard\n|\n|-heal|p1a: Terapagos|94/100|[from] item: Leftovers\n|upkeep\n|turn|16\n|\n|t:|1746084210\n|move|p1a: Terapagos|Protect|p1a: Terapagos\n|-singleturn|p1a: Terapagos|Protect\n|move|p2a: Lunala|Wide Guard|p2a: Lunala\n|-singleturn|p2a: Lunala|Wide Guard\n|move|p2b: Volcarona|Fiery Dance|p1a: Terapagos\n|-activate|p1a: Terapagos|move: Protect\n|\n|-heal|p1a: Terapagos|99/100|[from] item: Leftovers\n|upkeep\n|turn|17\n|\n|t:|1746084222\n|move|p2a: Lunala|Wide Guard|p2a: Lunala\n|-singleturn|p2a: Lunala|Wide Guard\n|move|p2b: Volcarona|Fiery Dance|p1a: Terapagos\n|-damage|p1a: Terapagos|76/100\n|move|p1a: Terapagos|Substitute|p1a: Terapagos\n|-start|p1a: Terapagos|Substitute\n|-damage|p1a: Terapagos|51/100\n|\n|-heal|p1a: Terapagos|57/100|[from] item: Leftovers\n|upkeep\n|turn|18\n|\n|t:|1746084237\n|move|p1a: Terapagos|Protect|p1a: Terapagos\n|-singleturn|p1a: Terapagos|Protect\n|move|p2a: Lunala|Wide Guard|p2a: Lunala\n|-singleturn|p2a: Lunala|Wide Guard\n|move|p2b: Volcarona|Fiery Dance|p1a: Terapagos\n|-activate|p1a: Terapagos|move: Protect\n|\n|-heal|p1a: Terapagos|63/100|[from] item: Leftovers\n|upkeep\n|turn|19\n|\n|t:|1746084254\n|move|p2b: Volcarona|Fiery Dance|p1a: Terapagos\n|-activate|p1a: Terapagos|move: Substitute|[damage]\n|move|p2a: Lunala|Meteor Beam||[still]\n|-prepare|p2a: Lunala|Meteor Beam\n|-boost|p2a: Lunala|spa|1\n|-enditem|p2a: Lunala|Power Herb\n|-anim|p2a: Lunala|Meteor Beam|p1a: Terapagos\n|-end|p1a: Terapagos|Substitute\n|move|p1a: Terapagos|Substitute|p1a: Terapagos\n|-start|p1a: Terapagos|Substitute\n|-damage|p1a: Terapagos|38/100\n|\n|-heal|p1a: Terapagos|44/100|[from] item: Leftovers\n|upkeep\n|turn|20\n|l|\u2606Jwwt\n|inactive|Jwwt disconnected and has a minute to reconnect!\n|player|p1|\n|inactive|Jwwt has 30 seconds left.\n|inactive|merrypasta has 30 seconds left.\n|j|\u2606Jwwt\n|inactive|Jwwt reconnected and has 25 seconds left.\n|player|p1|Jwwt|waitress-gen4|\n|inactive|Jwwt has 20 seconds left.\n|\n|t:|1746084293\n|move|p2b: Volcarona|Protect|p2b: Volcarona\n|-singleturn|p2b: Volcarona|Protect\n|move|p1a: Terapagos|Protect|p1a: Terapagos\n|-singleturn|p1a: Terapagos|Protect\n|move|p2a: Lunala|Meteor Beam||[still]\n|-prepare|p2a: Lunala|Meteor Beam\n|-boost|p2a: Lunala|spa|1\n|\n|-heal|p1a: Terapagos|50/100|[from] item: Leftovers\n|upkeep\n|turn|21\n|\n|t:|1746084315\n|move|p1a: Terapagos|Protect||[still]\n|-fail|p1a: Terapagos\n|move|p2b: Volcarona|Fiery Dance|p1a: Terapagos\n|-end|p1a: Terapagos|Substitute\n|move|p2a: Lunala|Meteor Beam|p1a: Terapagos|[from] lockedmove\n|-damage|p1a: Terapagos|36/100\n|\n|-heal|p1a: Terapagos|42/100|[from] item: Leftovers\n|upkeep\n|turn|22\n|\n|t:|1746084326\n|move|p1a: Terapagos|Protect|p1a: Terapagos\n|-singleturn|p1a: Terapagos|Protect\n|move|p2a: Lunala|Wide Guard|p2a: Lunala\n|-singleturn|p2a: Lunala|Wide Guard\n|move|p2b: Volcarona|Fiery Dance|p1a: Terapagos\n|-activate|p1a: Terapagos|move: Protect\n|\n|-heal|p1a: Terapagos|48/100|[from] item: Leftovers\n|upkeep\n|turn|23\n|\n|t:|1746084338\n|move|p2a: Lunala|Wide Guard|p2a: Lunala\n|-singleturn|p2a: Lunala|Wide Guard\n|move|p2b: Volcarona|Fiery Dance|p1a: Terapagos\n|-damage|p1a: Terapagos|26/100\n|move|p1a: Terapagos|Tera Starstorm|p2a: Lunala|[spread] \n|-activate|p2a: Lunala|move: Wide Guard\n|-activate|p2b: Volcarona|move: Wide Guard\n|\n|-heal|p1a: Terapagos|32/100|[from] item: Leftovers\n|upkeep\n|turn|24\n|\n|t:|1746084347\n|move|p1a: Terapagos|Protect|p1a: Terapagos\n|-singleturn|p1a: Terapagos|Protect\n|move|p2b: Volcarona|Fiery Dance|p1a: Terapagos\n|-activate|p1a: Terapagos|move: Protect\n|move|p2a: Lunala|Meteor Beam||[still]\n|-prepare|p2a: Lunala|Meteor Beam\n|-boost|p2a: Lunala|spa|1\n|\n|-heal|p1a: Terapagos|38/100|[from] item: Leftovers\n|upkeep\n|turn|25\n|\n|t:|1746084362\n|move|p2b: Volcarona|Fiery Dance|p1a: Terapagos\n|-damage|p1a: Terapagos|13/100\n|move|p2a: Lunala|Meteor Beam|p1a: Terapagos|[from] lockedmove\n|-damage|p1a: Terapagos|0 fnt\n|faint|p1a: Terapagos\n|\n|win|merrypasta\n|inactive|Jwwt has 30 seconds to confirm battle start!\n|inactive|merrypasta has 30 seconds to confirm battle start!\n||Jwwt is ready for game 3.\n||merrypasta is ready for game 3.\n|uhtml|next|Next: <a href=\"/battle-gen9vgc2025regibo3-2354509063\"><strong>Game 3 of 3</strong></a>\n|l|\u2606merrypasta\n|player|p2|\n|l|\u2606Jwwt\n|player|p1|\n", "uploadtime": 1746084698, "views": 7, "formatid": "gen9vgc2025regibo3", "rating": null, "private": 0, "password": null}