{"id": "gen9vgc2025regibo3-2354209942", "format": "[Gen 9] VGC 2025 Reg I (Bo3)", "players": ["shucklestrats", "MidoMidori"], "log": "|j|\u2606shucklestrats\n|j|\u2606MidoMidori\n|html|<table width=\"100%\"><tr><td align=\"left\">shucklestrats</td><td align=\"right\">MidoMidori</tr><tr><td align=\"left\"><i class=\"fa fa-circle\"></i> <i class=\"fa fa-circle-o\"></i> </td><td align=\"right\"><i class=\"fa fa-circle-o\"></i> <i class=\"fa fa-circle-o\"></i> </tr></table>\n|uhtml|bestof|<h2><strong>Game 2</strong> of <a href=\"/game-bestof3-gen9vgc2025regibo3-2354206182\">a best-of-3</a></h2>\n|t:|1746044937\n|gametype|doubles\n|player|p1|shucklestrats|artist-gen8|1146\n|player|p2|MidoMidori|roxanne-gen6|1219\n|teamsize|p1|6\n|teamsize|p2|6\n|gen|9\n|tier|[Gen 9] VGC 2025 Reg I (Bo3)\n|rated|\n|rule|Species Clause: Limit one of each Pok\u00e9mon\n|rule|Item Clause: Limit 1 of each item\n|clearpoke\n|poke|p1|Lunala, L50|\n|poke|p1|Groudon, L50|\n|poke|p1|Sableye, L50, F|\n|poke|p1|Lilligant-Hisui, L50, F|\n|poke|p1|Raging Bolt, L50|\n|poke|p1|Rillaboom, L50, M|\n|poke|p2|Koraidon, L50|\n|poke|p2|Ho-Oh, L50|\n|poke|p2|Incineroar, L50, M|\n|poke|p2|Flutter Mane, L50|\n|poke|p2|Raging Bolt, L50|\n|poke|p2|Iron Treads, L50|\n|teampreview|4\n|showteam|p1|Lunala||PowerHerb|ShadowShield|MoongeistBeam,MeteorBeam,Hypnosis,Protect||||||50|,,,,,Fairy]Groudon||ChoiceBand|Drought|PrecipiceBlades,HighHorsepower,HeatCrash,FirePunch||||||50|,,,,,Fire]Sableye||SafetyGoggles|Prankster|Gravity,Quash,Disable,Encore|||F|||50|,,,,,Steel]Lilligant-Hisui||FocusSash|Chlorophyll|CloseCombat,SleepPowder,AfterYou,Protect|||F|||50|,,,,,Ghost]Raging Bolt||LifeOrb|Protosynthesis|Thunderbolt,DracoMeteor,Thunderclap,Protect||||||50|,,,,,Electric]Rillaboom||AssaultVest|GrassySurge|WoodHammer,GrassyGlide,FakeOut,Uturn|||M|||50|,,,,,Fire\n|showteam|p2|Koraidon||LoadedDice|OrichalcumPulse|CollisionCourse,FlareBlitz,ScaleShot,Protect||||||50|,,,,,Fire]Ho-Oh||ClearAmulet|Regenerator|SacredFire,BraveBird,Tailwind,Protect||||||50|,,,,,Grass]Incineroar||RockyHelmet|Intimidate|FakeOut,FlareBlitz,KnockOff,PartingShot|||M|||50|,,,,,Ghost]Flutter Mane||FocusSash|Protosynthesis|Moonblast,ShadowBall,IcyWind,Protect||||||50|,,,,,Stellar]Raging Bolt||AssaultVest|Protosynthesis|Thunderclap,DracoMeteor,VoltSwitch,Snarl||||||50|,,,,,Electric]Iron Treads||LifeOrb|QuarkDrive|IronHead,HighHorsepower,KnockOff,Protect||||||50|,,,,,Ghost\n|inactive|Battle timer is ON: inactive players will automatically lose when time's up. (requested by shucklestrats)\n|\n|t:|1746044963\n|start\n|switch|p1a: Groudon|Groudon, L50|100/100\n|switch|p1b: Lilligant|Lilligant-Hisui, L50, F|100/100\n|switch|p2a: Flutter Mane|Flutter Mane, L50|100/100\n|switch|p2b: Koraidon|Koraidon, L50|100/100\n|-weather|SunnyDay|[from] ability: Orichalcum Pulse|[of] p2b: Koraidon\n|-activate|p2a: Flutter Mane|ability: Protosynthesis\n|-start|p2a: Flutter Mane|protosynthesisspe\n|-activate|p2b: Koraidon|Orichalcum Pulse|[source]\n|turn|1\n|\n|t:|1746044984\n|move|p1b: Lilligant|Sleep Powder|p2a: Flutter Mane\n|-status|p2a: Flutter Mane|slp|[from] move: Sleep Powder\n|cant|p2a: Flutter Mane|slp\n|move|p2b: Koraidon|Collision Course|p1a: Groudon\n|-damage|p1a: Groudon|52/100\n|move|p1a: Groudon|Precipice Blades|p2b: Koraidon|[spread] p2b\n|-miss|p1a: Groudon|p2a: Flutter Mane\n|-damage|p2b: Koraidon|19/100\n|\n|-weather|SunnyDay|[upkeep]\n|upkeep\n|turn|2\n|\n|t:|1746044996\n|move|p2b: Koraidon|Protect|p2b: Koraidon\n|-singleturn|p2b: Koraidon|Protect\n|move|p1b: Lilligant|After You|p1a: Groudon\n|-activate|p1a: Groudon|move: After You\n|move|p1a: Groudon|Precipice Blades|p2b: Koraidon|[spread] p2a\n|-activate|p2b: Koraidon|move: Protect\n|-enditem|p2a: Flutter Mane|Focus Sash\n|-damage|p2a: Flutter Mane|1/100 slp\n|-curestatus|p2a: Flutter Mane|slp|[msg]\n|move|p2a: Flutter Mane|Icy Wind|p1a: Groudon|[spread] p1a,p1b\n|-supereffective|p1a: Groudon\n|-supereffective|p1b: Lilligant\n|-damage|p1a: Groudon|23/100\n|-damage|p1b: Lilligant|57/100\n|-unboost|p1a: Groudon|spe|1\n|-unboost|p1b: Lilligant|spe|1\n|\n|-weather|SunnyDay|[upkeep]\n|upkeep\n|turn|3\n|c|\u2606shucklestrats|hmm\n|\n|t:|1746045024\n|switch|p1b: Lunala|Lunala, L50|100/100\n|switch|p1a: Sableye|Sableye, L50, F|100/100\n|move|p2a: Flutter Mane|Moonblast|p1a: Sableye\n|-supereffective|p1a: Sableye\n|-damage|p1a: Sableye|0 fnt\n|faint|p1a: Sableye\n|move|p2b: Koraidon|Flare Blitz|p1b: Lunala\n|-damage|p1b: Lunala|75/100\n|-damage|p2b: Koraidon|7/100|[from] Recoil\n|\n|-weather|SunnyDay|[upkeep]\n|upkeep\n|\n|t:|1746045027\n|switch|p1a: Lilligant|Lilligant-Hisui, L50, F|57/100\n|turn|4\n|\n|t:|1746045038\n|move|p1a: Lilligant|After You|p1b: Lunala\n|-activate|p1b: Lunala|move: After You\n|move|p1b: Lunala|Meteor Beam||[still]\n|-prepare|p1b: Lunala|Meteor Beam\n|-boost|p1b: Lunala|spa|1\n|-enditem|p1b: Lunala|Power Herb\n|-anim|p1b: Lunala|Meteor Beam|p2b: Koraidon\n|-resisted|p2b: Koraidon\n|-damage|p2b: Koraidon|0 fnt\n|faint|p2b: Koraidon\n|move|p2a: Flutter Mane|Shadow Ball|p1b: Lunala\n|-supereffective|p1b: Lunala\n|-damage|p1b: Lunala|0 fnt\n|faint|p1b: Lunala\n|\n|-weather|SunnyDay|[upkeep]\n|upkeep\n|\n|t:|1746045042\n|switch|p2b: Incineroar|Incineroar, L50, M|100/100\n|switch|p1b: Groudon|Groudon, L50|23/100\n|-ability|p2b: Incineroar|Intimidate|boost\n|-unboost|p1a: Lilligant|atk|1\n|-unboost|p1b: Groudon|atk|1\n|turn|5\n|\n|t:|1746045051\n|move|p2a: Flutter Mane|Protect|p2a: Flutter Mane\n|-singleturn|p2a: Flutter Mane|Protect\n|move|p2b: Incineroar|Fake Out|p1b: Groudon\n|-damage|p1b: Groudon|14/100\n|move|p1a: Lilligant|Sleep Powder|p2a: Flutter Mane\n|-activate|p2a: Flutter Mane|move: Protect\n|cant|p1b: Groudon|flinch\n|\n|-weather|none\n|-end|p2a: Flutter Mane|Protosynthesis\n|upkeep\n|turn|6\n|inactive|shucklestrats has 30 seconds left.\n|\n|t:|1746045084\n|move|p2a: Flutter Mane|Moonblast|p1b: Groudon\n|-damage|p1b: Groudon|0 fnt\n|faint|p1b: Groudon\n|move|p1a: Lilligant|Close Combat|p2b: Incineroar\n|-supereffective|p2b: Incineroar\n|-damage|p2b: Incineroar|23/100\n|-unboost|p1a: Lilligant|def|1\n|-unboost|p1a: Lilligant|spd|1\n|-damage|p1a: Lilligant|40/100|[from] item: Rocky Helmet|[of] p2b: Incineroar\n|move|p2b: Incineroar|Flare Blitz|p1a: Lilligant\n|-supereffective|p1a: Lilligant\n|-damage|p1a: Lilligant|0 fnt\n|faint|p1a: Lilligant\n|-damage|p2b: Incineroar|14/100|[from] Recoil\n|\n|win|MidoMidori\n|c|\u2606shucklestrats|gg\n||MidoMidori is ready for game 3.\n||shucklestrats is ready for game 3.\n|uhtml|next|Next: <a href=\"/battle-gen9vgc2025regibo3-2354211449\"><strong>Game 3 of 3</strong></a>\n|l|\u2606shucklestrats\n|player|p1|\n", "uploadtime": 1746045515, "views": 7, "formatid": "gen9vgc2025regibo3", "rating": null, "private": 0, "password": null}