{"id": "gen9vgc2025regibo3-2354435649", "format": "[Gen 9] VGC 2025 Reg I (Bo3)", "players": ["juacox300", "maximilian sheldon"], "log": "|j|\u2606juacox300\n|j|\u2606maximilian sheldon\n|html|<table width=\"100%\"><tr><td align=\"left\">juacox300</td><td align=\"right\">maximilian sheldon</tr><tr><td align=\"left\"><i class=\"fa fa-circle\"></i> <i class=\"fa fa-circle-o\"></i> </td><td align=\"right\"><i class=\"fa fa-circle-o\"></i> <i class=\"fa fa-circle\"></i> </tr></table>\n|uhtml|bestof|<h2><strong>Game 3</strong> of <a href=\"/game-bestof3-gen9vgc2025regibo3-2354433534\">a best-of-3</a></h2>\n|t:|1746071310\n|gametype|doubles\n|player|p1|juacox300|unknown|1381\n|player|p2|maximilian sheldon|266|1506\n|teamsize|p1|6\n|teamsize|p2|6\n|gen|9\n|tier|[Gen 9] VGC 2025 Reg I (Bo3)\n|rated|\n|rule|Species Clause: Limit one of each Pok\u00e9mon\n|rule|Item Clause: Limit 1 of each item\n|clearpoke\n|poke|p1|Miraidon, L50|\n|poke|p1|Iron Hands, L50|\n|poke|p1|Calyrex-Ice, L50|\n|poke|p1|Incineroar, L50, M|\n|poke|p1|Chi-Yu, L50|\n|poke|p1|Alcremie-Salted-Cream, L50, F|\n|poke|p2|Calyrex-Ice, L50|\n|poke|p2|Amoonguss, L50, M|\n|poke|p2|Kyogre, L50|\n|poke|p2|Rillaboom, L50, F|\n|poke|p2|Urshifu-*, L50, F|\n|poke|p2|Roaring Moon, L50|\n|teampreview|4\n|showteam|p1|Miraidon||LifeOrb|HadronEngine|ElectroDrift,DracoMeteor,Protect,DazzlingGleam||||||50|,,,,,Fairy]Iron Hands||AssaultVest|QuarkDrive|WildCharge,LowKick,FakeOut,HeavySlam||||||50|,,,,,Fire]Calyrex-Ice||ClearAmulet|AsOneGlastrier|GlacialLance,HighHorsepower,Protect,TrickRoom||||||50|,,,,,Dragon]Incineroar||RockyHelmet|Intimidate|KnockOff,FlareBlitz,FakeOut,Taunt|||M|||50|,,,,,Poison]Chi-Yu||ChoiceScarf|BeadsofRuin|HeatWave,Snarl,Overheat,DarkPulse||||||50|,,,,,Ghost]Alcremie-Salted-Cream||CovertCloak|AromaVeil|AlluringVoice,Decorate,Protect,Encore|||F|||50|,,,,,Grass\n|showteam|p2|Calyrex-Ice||ClearAmulet|AsOneGlastrier|GlacialLance,HighHorsepower,TrickRoom,Protect||||||50|,,,,,Fire]Amoonguss||RockyHelmet|Regenerator|RagePowder,Spore,SludgeBomb,Protect|||M|||50|,,,,,Fairy]Kyogre||MysticWater|Drizzle|WaterSpout,OriginPulse,IceBeam,Protect||||||50|,,,,,Grass]Rillaboom||AssaultVest|GrassySurge|WoodHammer,GrassyGlide,Uturn,FakeOut|||F|||50|,,,,,Normal]Urshifu-Rapid-Strike||ChoiceScarf|UnseenFist|SurgingStrikes,CloseCombat,AquaJet,Uturn|||F|||50|,,,,,Ghost]Roaring Moon||BoosterEnergy|Protosynthesis|KnockOff,BreakingSwipe,Tailwind,Protect||||||50|,,,,,Poison\n|\n|t:|1746071331\n|start\n|switch|p1a: Calyrex|Calyrex-Ice, L50|100/100\n|switch|p1b: FerroNalgada|Iron Hands, L50|100/100\n|switch|p2a: Kyogre|Kyogre, L50|100/100\n|switch|p2b: Amoonguss|Amoonguss, L50, M|100/100\n|-ability|p1a: Calyrex|As One\n|-ability|p1a: Calyrex|Unnerve\n|-weather|RainDance|[from] ability: Drizzle|[of] p2a: Kyogre\n|turn|1\n|\n|t:|1746071344\n|switch|p1a: Miraidon|Miraidon, L50|100/100\n|-fieldstart|move: Electric Terrain|[from] ability: Hadron Engine|[of] p1a: Miraidon\n|-activate|p1b: FerroNalgada|ability: Quark Drive\n|-start|p1b: FerroNalgada|quarkdriveatk\n|move|p2a: Kyogre|Protect|p2a: Kyogre\n|-singleturn|p2a: Kyogre|Protect\n|move|p2b: Amoonguss|Protect|p2b: Amoonguss\n|-singleturn|p2b: Amoonguss|Protect\n|move|p1b: FerroNalgada|Fake Out|p2a: Kyogre\n|-activate|p2a: Kyogre|move: Protect\n|\n|-weather|RainDance|[upkeep]\n|upkeep\n|turn|2\n|\n|t:|1746071363\n|switch|p2a: Rillaboom|Rillaboom, L50, F|100/100\n|-fieldstart|move: Grassy Terrain|[from] ability: Grassy Surge|[of] p2a: Rillaboom\n|-end|p1b: FerroNalgada|Quark Drive\n|move|p1a: Miraidon|Draco Meteor|p2a: Rillaboom\n|-damage|p2a: Rillaboom|40/100\n|-unboost|p1a: Miraidon|spa|2\n|-damage|p1a: Miraidon|91/100|[from] item: Life Orb\n|move|p1b: FerroNalgada|Wild Charge|p2a: Rillaboom\n|-resisted|p2a: Rillaboom\n|-damage|p2a: Rillaboom|15/100\n|-damage|p1b: FerroNalgada|95/100|[from] Recoil\n|move|p2b: Amoonguss|Sludge Bomb|p1a: Miraidon\n|-damage|p1a: Miraidon|67/100\n|\n|-weather|RainDance|[upkeep]\n|-heal|p1a: Miraidon|72/100|[from] Grassy Terrain\n|-heal|p2a: Rillaboom|20/100|[from] Grassy Terrain\n|-heal|p1b: FerroNalgada|100/100|[from] Grassy Terrain\n|upkeep\n|turn|3\n|\n|t:|1746071391\n|switch|p1a: Elena|Alcremie-Salted-Cream, L50, F|100/100\n|switch|p2a: Calyrex|Calyrex-Ice, L50|100/100\n|-ability|p2a: Calyrex|As One\n|-ability|p2a: Calyrex|Unnerve\n|move|p1b: FerroNalgada|Low Kick|p2a: Calyrex\n|-damage|p2a: Calyrex|60/100\n|move|p2b: Amoonguss|Spore|p1b: FerroNalgada\n|-status|p1b: FerroNalgada|slp|[from] move: Spore\n|\n|-weather|RainDance|[upkeep]\n|-heal|p2a: Calyrex|66/100|[from] Grassy Terrain\n|upkeep\n|turn|4\n|\n|t:|1746071412\n|move|p1a: Elena|Protect|p1a: Elena\n|-singleturn|p1a: Elena|Protect\n|cant|p1b: FerroNalgada|slp\n|move|p2a: Calyrex|Glacial Lance|p1a: Elena|[spread] p1b\n|-activate|p1a: Elena|move: Protect\n|-damage|p1b: FerroNalgada|63/100 slp\n|move|p2b: Amoonguss|Spore|p1b: FerroNalgada\n|-fail|p1b: FerroNalgada|slp\n|\n|-weather|RainDance|[upkeep]\n|-heal|p1b: FerroNalgada|69/100 slp|[from] Grassy Terrain\n|-heal|p2a: Calyrex|72/100|[from] Grassy Terrain\n|upkeep\n|turn|5\n|\n|t:|1746071430\n|-end|p1b: FerroNalgada|Quark Drive|[silent]\n|switch|p1b: Calyrex|Calyrex-Ice, L50|100/100\n|-ability|p1b: Calyrex|As One\n|-ability|p1b: Calyrex|Unnerve\n|move|p1a: Elena|Decorate|p1b: Calyrex\n|-boost|p1b: Calyrex|atk|2\n|-boost|p1b: Calyrex|spa|2\n|move|p2a: Calyrex|Glacial Lance|p1a: Elena|[spread] p1a,p1b\n|-resisted|p1b: Calyrex\n|-damage|p1a: Elena|38/100\n|-damage|p1b: Calyrex|84/100\n|move|p2b: Amoonguss|Sludge Bomb|p1a: Elena\n|-supereffective|p1a: Elena\n|-damage|p1a: Elena|0 fnt\n|faint|p1a: Elena\n|\n|-weather|none\n|-heal|p1b: Calyrex|90/100|[from] Grassy Terrain\n|-heal|p2a: Calyrex|77/100|[from] Grassy Terrain\n|upkeep\n|\n|t:|1746071437\n|switch|p1a: Miraidon|Miraidon, L50|72/100\n|-fieldstart|move: Electric Terrain|[from] ability: Hadron Engine|[of] p1a: Miraidon\n|turn|6\n|\n|t:|1746071453\n|-terastallize|p1a: Miraidon|Fairy\n|move|p2a: Calyrex|Protect|p2a: Calyrex\n|-singleturn|p2a: Calyrex|Protect\n|move|p2b: Amoonguss|Protect|p2b: Amoonguss\n|-singleturn|p2b: Amoonguss|Protect\n|move|p1a: Miraidon|Dazzling Gleam|p2a: Calyrex|[spread] \n|-activate|p2a: Calyrex|move: Protect\n|-activate|p2b: Amoonguss|move: Protect\n|move|p1b: Calyrex|Glacial Lance|p2b: Amoonguss|[spread] \n|-activate|p2a: Calyrex|move: Protect\n|-activate|p2b: Amoonguss|move: Protect\n|\n|upkeep\n|turn|7\n|\n|t:|1746071479\n|switch|p2b: Rillaboom|Rillaboom, L50, F|20/100\n|-fieldstart|move: Grassy Terrain|[from] ability: Grassy Surge|[of] p2b: Rillaboom\n|move|p1a: Miraidon|Dazzling Gleam|p2b: Rillaboom|[spread] p2a,p2b\n|-crit|p2b: Rillaboom\n|-damage|p2a: Calyrex|49/100\n|-damage|p2b: Rillaboom|0 fnt\n|faint|p2b: Rillaboom\n|-damage|p1a: Miraidon|63/100|[from] item: Life Orb\n|move|p2a: Calyrex|Glacial Lance|p1b: Calyrex|[spread] p1a,p1b\n|-resisted|p1b: Calyrex\n|-damage|p1a: Miraidon|3/100\n|-damage|p1b: Calyrex|72/100\n|move|p1b: Calyrex|Glacial Lance|p2a: Calyrex\n|-resisted|p2a: Calyrex\n|-damage|p2a: Calyrex|3/100\n|\n|-heal|p1a: Miraidon|8/100|[from] Grassy Terrain\n|-heal|p2a: Calyrex|9/100|[from] Grassy Terrain\n|-heal|p1b: Calyrex|78/100|[from] Grassy Terrain\n|upkeep\n|\n|t:|1746071500\n|switch|p2b: Kyogre|Kyogre, L50|100/100\n|-weather|RainDance|[from] ability: Drizzle|[of] p2b: Kyogre\n|turn|8\n|\n|t:|1746071516\n|switch|p1a: FerroNalgada|Iron Hands, L50|69/100 slp\n|move|p2b: Kyogre|Protect|p2b: Kyogre\n|-singleturn|p2b: Kyogre|Protect\n|move|p1b: Calyrex|Protect|p1b: Calyrex\n|-singleturn|p1b: Calyrex|Protect\n|move|p2a: Calyrex|Glacial Lance|p1a: FerroNalgada|[spread] p1a\n|-activate|p1b: Calyrex|move: Protect\n|-damage|p1a: FerroNalgada|30/100 slp\n|\n|-weather|RainDance|[upkeep]\n|-heal|p1a: FerroNalgada|37/100 slp|[from] Grassy Terrain\n|-heal|p1b: Calyrex|84/100|[from] Grassy Terrain\n|-heal|p2a: Calyrex|15/100|[from] Grassy Terrain\n|upkeep\n|turn|9\n|\n|t:|1746071526\n|-curestatus|p1a: FerroNalgada|slp|[msg]\n|move|p1a: FerroNalgada|Fake Out|p2b: Kyogre\n|-damage|p2b: Kyogre|88/100\n|cant|p2b: Kyogre|flinch\n|move|p1b: Calyrex|Glacial Lance|p2b: Kyogre|[spread] p2a,p2b\n|-resisted|p2a: Calyrex\n|-resisted|p2b: Kyogre\n|-damage|p2a: Calyrex|0 fnt\n|-damage|p2b: Kyogre|43/100\n|faint|p2a: Calyrex\n|-ability|p1b: Calyrex|Chilling Neigh|boost\n|-boost|p1b: Calyrex|atk|1\n|\n|-weather|RainDance|[upkeep]\n|-heal|p2b: Kyogre|49/100|[from] Grassy Terrain\n|-heal|p1a: FerroNalgada|43/100|[from] Grassy Terrain\n|-heal|p1b: Calyrex|90/100|[from] Grassy Terrain\n|upkeep\n|\n|t:|1746071541\n|switch|p2a: Amoonguss|Amoonguss, L50, M|100/100\n|turn|10\n|\n|t:|1746071550\n|-end|p1a: FerroNalgada|Quark Drive|[silent]\n|switch|p1a: Miraidon|Miraidon, L50, tera:Fairy|8/100\n|-fieldstart|move: Electric Terrain|[from] ability: Hadron Engine|[of] p1a: Miraidon\n|-terastallize|p2a: Amoonguss|Fairy\n|move|p1b: Calyrex|Protect|p1b: Calyrex\n|-singleturn|p1b: Calyrex|Protect\n|move|p2b: Kyogre|Origin Pulse|p1b: Calyrex|[spread] p1a\n|-activate|p1b: Calyrex|move: Protect\n|-damage|p1a: Miraidon|0 fnt\n|faint|p1a: Miraidon\n|move|p2a: Amoonguss|Sludge Bomb|p1b: Calyrex\n|-activate|p1b: Calyrex|move: Protect\n|\n|-weather|RainDance|[upkeep]\n|upkeep\n|\n|t:|1746071554\n|switch|p1a: FerroNalgada|Iron Hands, L50|43/100\n|-activate|p1a: FerroNalgada|ability: Quark Drive\n|-start|p1a: FerroNalgada|quarkdriveatk\n|turn|11\n|\n|t:|1746071567\n|move|p2b: Kyogre|Protect|p2b: Kyogre\n|-singleturn|p2b: Kyogre|Protect\n|move|p2a: Amoonguss|Protect|p2a: Amoonguss\n|-singleturn|p2a: Amoonguss|Protect\n|move|p1a: FerroNalgada|Fake Out|p2b: Kyogre\n|-activate|p2b: Kyogre|move: Protect\n|move|p1b: Calyrex|Trick Room|p1b: Calyrex\n|-fieldstart|move: Trick Room|[of] p1b: Calyrex\n|\n|-weather|RainDance|[upkeep]\n|upkeep\n|turn|12\n|\n|t:|1746071574\n|move|p2a: Amoonguss|Sludge Bomb|p1b: Calyrex\n|-damage|p1b: Calyrex|74/100\n|move|p1b: Calyrex|Glacial Lance|p2a: Amoonguss|[spread] p2a,p2b\n|-resisted|p2b: Kyogre\n|-damage|p2a: Amoonguss|0 fnt\n|-damage|p2b: Kyogre|0 fnt\n|faint|p2a: Amoonguss\n|faint|p2b: Kyogre\n|\n|win|juacox300\n|raw|juacox300's rating: 1381 &rarr; <strong>1408</strong><br />(+27 for winning)\n|raw|maximilian sheldon's rating: 1506 &rarr; <strong>1479</strong><br />(-27 for losing)\n|l|\u2606maximilian sheldon\n|player|p2|\n", "uploadtime": 1746071598, "views": 16, "formatid": "gen9vgc2025regibo3", "rating": 1408, "private": 0, "password": null}