{"id": "gen9vgc2025regibo3-2353741710", "format": "[Gen 9] VGC 2025 Reg I (Bo3)", "players": ["Jwwt", "sharkym02"], "log": "|j|\u2606Jwwt\n|j|\u2606sharkym02\n|html|<table width=\"100%\"><tr><td align=\"left\">Jwwt</td><td align=\"right\">sharkym02</tr><tr><td align=\"left\"><i class=\"fa fa-circle-o\"></i> <i class=\"fa fa-circle-o\"></i> </td><td align=\"right\"><i class=\"fa fa-circle-o\"></i> <i class=\"fa fa-circle-o\"></i> </tr></table>\n|uhtml|bestof|<h2><strong>Game 1</strong> of <a href=\"/game-bestof3-gen9vgc2025regibo3-2353741709\">a best-of-3</a></h2>\n|t:|1745992039\n|gametype|doubles\n|player|p1|Jwwt|waitress-gen4|1026\n|player|p2|sharkym02|266|1044\n|teamsize|p1|6\n|teamsize|p2|6\n|gen|9\n|tier|[Gen 9] VGC 2025 Reg I (Bo3)\n|rated|\n|rule|Species Clause: Limit one of each Pok\u00e9mon\n|rule|Item Clause: Limit 1 of each item\n|clearpoke\n|poke|p1|Kyogre, L50|\n|poke|p1|Overqwil, L50, M|\n|poke|p1|Urshifu-*, L50, M|\n|poke|p1|Indeedee-F, L50, F|\n|poke|p1|Terapagos, L50, M|\n|poke|p1|Landorus, L50, M|\n|poke|p2|Zamazenta-*, L50|\n|poke|p2|Tornadus, L50, M|\n|poke|p2|Calyrex-Shadow, L50|\n|poke|p2|Rillaboom, L50, M|\n|poke|p2|Urshifu-*, L50, M|\n|poke|p2|Raging Bolt, L50|\n|teampreview|4\n|showteam|p1|Kyogre||SitrusBerry|Drizzle|OriginPulse,CalmMind,IceBeam,Protect||||||50|,,,,,Grass]Overqwil||CovertCloak|SwiftSwim|Acupressure,DestinyBond,PoisonJab,Taunt|||M|||50|,,,,,Fairy]Urshifu-Rapid-Strike||ChoiceScarf|UnseenFist|SurgingStrikes,AquaJet,CloseCombat,Uturn|||M|||50|,,,,,Water]Indeedee-F||PsychicSeed|PsychicSurge|HealPulse,FollowMe,TrickRoom,Psychic|||F|||50|,,,,,Grass]Terapagos||Leftovers|TeraShift|CalmMind,TeraStarstorm,Protect,Substitute|||M|||50|,,,,,Stellar]Landorus||LifeOrb|SheerForce|SandsearStorm,EarthPower,SludgeBomb,Protect|||M|||50|,,,,,Poison\n|showteam|p2|Zamazenta-Crowned||RustedShield|DauntlessShield|BodyPress,HeavySlam,WideGuard,Protect||||||50|,,,,,Dragon]Tornadus||CovertCloak|Prankster|BleakwindStorm,Tailwind,Taunt,RainDance|||M|||50|,,,,,Dark]Calyrex-Shadow||FocusSash|AsOneSpectrier|AstralBarrage,Psychic,NastyPlot,Protect||||||50|,,,,,Dark]Rillaboom||AssaultVest|GrassySurge|GrassyGlide,WoodHammer,KnockOff,FakeOut|||M|||50|,,,,,Fire]Urshifu-Rapid-Strike||ChoiceScarf|UnseenFist|SurgingStrikes,CloseCombat,Uturn,PoisonJab|||M|||50|,,,,,Water]Raging Bolt||BoosterEnergy|Protosynthesis|Thunderclap,Thunderbolt,DracoMeteor,Protect||||||50|,,,,,Electric\n|inactive|Battle timer is ON: inactive players will automatically lose when time's up. (requested by Jwwt)\n|inactive|sharkym02 has 60 seconds left.\n|inactive|sharkym02 has 30 seconds left.\n|\n|t:|1745992106\n|start\n|switch|p1a: Sea slug|Kyogre, L50|100/100\n|switch|p1b: Overqwil|Overqwil, L50, M|100/100\n|switch|p2a: Urshifu|Urshifu-Rapid-Strike, L50, M|100/100\n|switch|p2b: Raging Bolt|Raging Bolt, L50|100/100\n|-weather|RainDance|[from] ability: Drizzle|[of] p1a: Sea slug\n|-enditem|p2b: Raging Bolt|Booster Energy\n|-activate|p2b: Raging Bolt|ability: Protosynthesis|[fromitem]\n|-start|p2b: Raging Bolt|protosynthesisspa\n|turn|1\n|\n|t:|1745992130\n|-terastallize|p1a: Sea slug|Grass\n|-terastallize|p2b: Raging Bolt|Electric\n|move|p1b: Overqwil|Acupressure|p1a: Sea slug\n|-boost|p1a: Sea slug|spe|2\n|move|p1a: Sea slug|Ice Beam|p2b: Raging Bolt\n|-damage|p2b: Raging Bolt|71/100\n|move|p2a: Urshifu|U-turn|p1b: Overqwil\n|-damage|p1b: Overqwil|74/100\n|\n|t:|1745992140\n|switch|p2a: Rillaboom|Rillaboom, L50, M|100/100|[from] U-turn\n|-fieldstart|move: Grassy Terrain|[from] ability: Grassy Surge|[of] p2a: Rillaboom\n|move|p2b: Raging Bolt|Thunderbolt|p1a: Sea slug\n|-resisted|p1a: Sea slug\n|-damage|p1a: Sea slug|69/100\n|\n|-weather|RainDance|[upkeep]\n|-heal|p1b: Overqwil|80/100|[from] Grassy Terrain\n|-heal|p1a: Sea slug|75/100|[from] Grassy Terrain\n|-heal|p2b: Raging Bolt|78/100|[from] Grassy Terrain\n|upkeep\n|turn|2\n|\n|t:|1745992158\n|move|p1a: Sea slug|Protect|p1a: Sea slug\n|-singleturn|p1a: Sea slug|Protect\n|move|p2a: Rillaboom|Fake Out|p1b: Overqwil\n|-damage|p1b: Overqwil|67/100\n|move|p1b: Overqwil|Acupressure|p1a: Sea slug\n|-boost|p1a: Sea slug|def|2\n|move|p2b: Raging Bolt|Thunderbolt|p1b: Overqwil\n|-damage|p1b: Overqwil|0 fnt\n|faint|p1b: Overqwil\n|\n|-weather|RainDance|[upkeep]\n|-heal|p1a: Sea slug|81/100|[from] Grassy Terrain\n|-heal|p2b: Raging Bolt|84/100|[from] Grassy Terrain\n|upkeep\n|\n|t:|1745992174\n|switch|p1b: Angry cloud|Landorus, L50, M|100/100\n|turn|3\n|\n|t:|1745992187\n|move|p1a: Sea slug|Ice Beam|p2a: Rillaboom\n|-supereffective|p2a: Rillaboom\n|-damage|p2a: Rillaboom|56/100\n|move|p1b: Angry cloud|Sandsear Storm|p2b: Raging Bolt|[spread] p2a,p2b\n|-resisted|p2a: Rillaboom\n|-supereffective|p2b: Raging Bolt\n|-damage|p2a: Rillaboom|34/100\n|-damage|p2b: Raging Bolt|0 fnt\n|faint|p2b: Raging Bolt\n|-end|p2b: Raging Bolt|Protosynthesis|[silent]\n|move|p2a: Rillaboom|Wood Hammer|p1b: Angry cloud\n|-damage|p1b: Angry cloud|4/100\n|-damage|p2a: Rillaboom|9/100|[from] Recoil\n|\n|-weather|RainDance|[upkeep]\n|-heal|p1a: Sea slug|87/100|[from] Grassy Terrain\n|-heal|p2a: Rillaboom|15/100|[from] Grassy Terrain\n|upkeep\n|\n|t:|1745992194\n|switch|p2b: Urshifu|Urshifu-Rapid-Strike, L50, M|100/100\n|turn|4\n|\n|t:|1745992211\n|move|p1b: Angry cloud|Protect|p1b: Angry cloud\n|-singleturn|p1b: Angry cloud|Protect\n|move|p2a: Rillaboom|Grassy Glide|p1b: Angry cloud\n|-activate|p1b: Angry cloud|move: Protect\n|move|p1a: Sea slug|Origin Pulse|p2a: Rillaboom|[spread] p2a,p2b\n|-resisted|p2a: Rillaboom\n|-resisted|p2b: Urshifu\n|-damage|p2a: Rillaboom|0 fnt\n|-damage|p2b: Urshifu|49/100\n|faint|p2a: Rillaboom\n|move|p2b: Urshifu|Poison Jab|p1a: Sea slug\n|-supereffective|p1a: Sea slug\n|-damage|p1a: Sea slug|64/100\n|-status|p1a: Sea slug|psn\n|\n|-weather|RainDance|[upkeep]\n|-heal|p1a: Sea slug|70/100 psn|[from] Grassy Terrain\n|-heal|p2b: Urshifu|55/100|[from] Grassy Terrain\n|-damage|p1a: Sea slug|57/100 psn|[from] psn\n|upkeep\n|\n|t:|1745992215\n|switch|p2a: Calyrex|Calyrex-Shadow, L50|100/100\n|-ability|p2a: Calyrex|As One\n|-ability|p2a: Calyrex|Unnerve\n|turn|5\n|\n|t:|1745992226\n|move|p1a: Sea slug|Origin Pulse|p2b: Urshifu|[spread] p2a\n|-miss|p1a: Sea slug|p2b: Urshifu\n|-damage|p2a: Calyrex|36/100\n|move|p2b: Urshifu|Poison Jab|p1b: Angry cloud\n|-resisted|p1b: Angry cloud\n|-damage|p1b: Angry cloud|0 fnt\n|faint|p1b: Angry cloud\n|move|p2a: Calyrex|Nasty Plot|p2a: Calyrex\n|-boost|p2a: Calyrex|spa|2\n|\n|-weather|none\n|-heal|p1a: Sea slug|63/100 psn|[from] Grassy Terrain\n|-heal|p2b: Urshifu|60/100|[from] Grassy Terrain\n|-heal|p2a: Calyrex|42/100|[from] Grassy Terrain\n|-damage|p1a: Sea slug|51/100 psn|[from] psn\n|-fieldend|move: Grassy Terrain\n|upkeep\n|\n|t:|1745992230\n|switch|p1b: Terapagos|Terapagos, L50, M|100/100\n|-activate|p1b: Terapagos|ability: Tera Shift\n|detailschange|p1b: Terapagos|Terapagos-Terastal, L50, M\n|-heal|p1b: Terapagos|100/100|[silent]\n|turn|6\n|\n|t:|1745992247\n|move|p1a: Sea slug|Origin Pulse|p2b: Urshifu|[spread] p2a,p2b\n|-resisted|p2b: Urshifu\n|-damage|p2a: Calyrex|3/100\n|-damage|p2b: Urshifu|25/100\n|move|p2b: Urshifu|Poison Jab|p1a: Sea slug\n|-supereffective|p1a: Sea slug\n|-damage|p1a: Sea slug|28/100 psn\n|move|p2a: Calyrex|Astral Barrage|p1b: Terapagos|[spread] p1a\n|-immune|p1b: Terapagos\n|-damage|p1a: Sea slug|0 fnt\n|faint|p1a: Sea slug\n|-ability|p2a: Calyrex|Grim Neigh|boost\n|-boost|p2a: Calyrex|spa|1\n|move|p1b: Terapagos|Tera Starstorm|p2b: Urshifu\n|-damage|p2b: Urshifu|0 fnt\n|faint|p2b: Urshifu\n|\n|upkeep\n|turn|7\n|\n|t:|1745992265\n|move|p2a: Calyrex|Psychic|p1b: Terapagos\n|-activate|p1b: Terapagos|ability: Tera Shell\n|-resisted|p1b: Terapagos\n|-damage|p1b: Terapagos|53/100\n|move|p1b: Terapagos|Tera Starstorm|p2a: Calyrex\n|-immune|p2a: Calyrex\n|\n|-heal|p1b: Terapagos|59/100|[from] item: Leftovers\n|upkeep\n|turn|8\n|\n|t:|1745992276\n|move|p1b: Terapagos|Protect|p1b: Terapagos\n|-singleturn|p1b: Terapagos|Protect\n|move|p2a: Calyrex|Psychic|p1b: Terapagos\n|-activate|p1b: Terapagos|move: Protect\n|\n|-heal|p1b: Terapagos|65/100|[from] item: Leftovers\n|upkeep\n|turn|9\n|\n|t:|1745992283\n|move|p2a: Calyrex|Psychic|p1b: Terapagos\n|-damage|p1b: Terapagos|0 fnt\n|faint|p1b: Terapagos\n|\n|win|sharkym02\n||sharkym02 is ready for game 2.\n||Jwwt is ready for game 2.\n|uhtml|next|Next: <a href=\"/battle-gen9vgc2025regibo3-2353743132\"><strong>Game 2 of 3</strong></a>\n|l|\u2606Jwwt\n|player|p1|\n", "uploadtime": 1745992560, "views": 6, "formatid": "gen9vgc2025regibo3", "rating": null, "private": 0, "password": null}