{"id": "gen9vgc2025regibo3-2354392242", "format": "[Gen 9] VGC 2025 Reg I (Bo3)", "players": ["iiFWM", "pantsuit"], "log": "|j|\u2606iiFWM\n|j|\u2606pantsuit\n|html|<table width=\"100%\"><tr><td align=\"left\">iiFWM</td><td align=\"right\">pantsuit</tr><tr><td align=\"left\"><i class=\"fa fa-circle-o\"></i> <i class=\"fa fa-circle-o\"></i> </td><td align=\"right\"><i class=\"fa fa-circle-o\"></i> <i class=\"fa fa-circle\"></i> </tr></table>\n|uhtml|bestof|<h2><strong>Game 2</strong> of <a href=\"/game-bestof3-gen9vgc2025regibo3-2354390041\">a best-of-3</a></h2>\n|t:|1746065709\n|gametype|doubles\n|player|p1|iiFWM|cyrus|1367\n|player|p2|pantsuit|2|1339\n|teamsize|p1|6\n|teamsize|p2|6\n|gen|9\n|tier|[Gen 9] VGC 2025 Reg I (Bo3)\n|rated|\n|rule|Species Clause: Limit one of each Pok\u00e9mon\n|rule|Item Clause: Limit 1 of each item\n|clearpoke\n|poke|p1|Miraidon, L50|\n|poke|p1|Ho-Oh, L50|\n|poke|p1|Iron Treads, L50|\n|poke|p1|Iron Hands, L50|\n|poke|p1|Farigiraf, L50, M|\n|poke|p1|Chien-Pao, L50|\n|poke|p2|Koraidon, L50|\n|poke|p2|Lunala, L50|\n|poke|p2|Chi-Yu, L50|\n|poke|p2|Ursaluna, L50, M|\n|poke|p2|Brute Bonnet, L50|\n|poke|p2|Flutter Mane, L50|\n|teampreview|4\n|showteam|p1|Miraidon||ChoiceSpecs|HadronEngine|ElectroDrift,DracoMeteor,DazzlingGleam,VoltSwitch||||||50|,,,,,Fairy]Ho-Oh||ClearAmulet|Regenerator|Tailwind,SacredFire,BraveBird,Protect||||||50|,,,,,Grass]Iron Treads||ChoiceBand|QuarkDrive|SteelRoller,IronHead,HighHorsepower,KnockOff||||||50|,,,,,Ghost]Iron Hands||AssaultVest|QuarkDrive|DrainPunch,FakeOut,LowKick,HeavySlam||||||50|,,,,,Water]Farigiraf||ElectricSeed|ArmorTail|FoulPlay,Psychic,TrickRoom,HelpingHand|||M|||50|,,,,,Water]Chien-Pao||FocusSash|SwordofRuin|IcicleCrash,Crunch,SuckerPunch,Protect||||||50|,,,,,Stellar\n|showteam|p2|Koraidon||LifeOrb|OrichalcumPulse|FlareBlitz,FlameCharge,CloseCombat,Protect||||||50|,,,,,Fire]Lunala||PowerHerb|ShadowShield|MoongeistBeam,MeteorBeam,WideGuard,TrickRoom||||||50|,,,,,Water]Chi-Yu||ChoiceScarf|BeadsofRuin|Overheat,HeatWave,DarkPulse,Snarl||||||50|,,,,,Ghost]Ursaluna||FlameOrb|Guts|Facade,Earthquake,HeadlongRush,Protect|||M|||50|,,,,,Water]Brute Bonnet||CovertCloak|Protosynthesis|SeedBomb,SuckerPunch,Spore,RagePowder||||||50|,,,,,Water]Flutter Mane||FocusSash|Protosynthesis|Moonblast,IcyWind,ShadowBall,Protect||||||50|,,,,,Normal\n|inactive|Battle timer is ON: inactive players will automatically lose when time's up. (requested by iiFWM)\n|inactive|iiFWM has 60 seconds left.\n|inactive|pantsuit has 60 seconds left.\n|inactive|iiFWM has 30 seconds left.\n|inactive|pantsuit has 30 seconds left.\n|inactive|pantsuit has 20 seconds left.\n|inactive|pantsuit has 15 seconds left.\n|inactive|pantsuit has 10 seconds left.\n|\n|t:|1746065791\n|start\n|switch|p1a: Miraidon|Miraidon, L50|100/100\n|switch|p1b: Iron Treads|Iron Treads, L50|100/100\n|switch|p2a: Koraidon|Koraidon, L50|100/100\n|switch|p2b: Flutter Mane|Flutter Mane, L50|100/100\n|-weather|SunnyDay|[from] ability: Orichalcum Pulse|[of] p2a: Koraidon\n|-activate|p2b: Flutter Mane|ability: Protosynthesis\n|-start|p2b: Flutter Mane|protosynthesisspe\n|-activate|p2a: Koraidon|Orichalcum Pulse|[source]\n|-fieldstart|move: Electric Terrain|[from] ability: Hadron Engine|[of] p1a: Miraidon\n|-activate|p1b: Iron Treads|ability: Quark Drive\n|-start|p1b: Iron Treads|quarkdrivespe\n|turn|1\n|inactive|iiFWM has 30 seconds left.\n|\n|t:|1746065823\n|-terastallize|p2a: Koraidon|Fire\n|move|p2b: Flutter Mane|Icy Wind|p1a: Miraidon|[spread] p1a,p1b\n|-supereffective|p1a: Miraidon\n|-damage|p1a: Miraidon|73/100\n|-damage|p1b: Iron Treads|81/100\n|-unboost|p1a: Miraidon|spe|1\n|-unboost|p1b: Iron Treads|spe|1\n|move|p2a: Koraidon|Flame Charge|p1b: Iron Treads\n|-supereffective|p1b: Iron Treads\n|-damage|p1b: Iron Treads|0 fnt\n|-boost|p2a: Koraidon|spe|1\n|faint|p1b: Iron Treads\n|-end|p1b: Iron Treads|Quark Drive|[silent]\n|-damage|p2a: Koraidon|91/100|[from] item: Life Orb\n|move|p1a: Miraidon|Draco Meteor|p2a: Koraidon\n|-damage|p2a: Koraidon|0 fnt\n|-unboost|p1a: Miraidon|spa|2\n|faint|p2a: Koraidon\n|\n|-weather|SunnyDay|[upkeep]\n|upkeep\n|\n|t:|1746065848\n|switch|p2a: Chi-Yu|Chi-Yu, L50|100/100\n|switch|p1b: Chien-Pao|Chien-Pao, L50|100/100\n|-ability|p2a: Chi-Yu|Beads of Ruin\n|-ability|p1b: Chien-Pao|Sword of Ruin\n|turn|2\n|\n|t:|1746065860\n|switch|p1a: Ho-Oh|Ho-Oh, L50|100/100\n|move|p1b: Chien-Pao|Protect|p1b: Chien-Pao\n|-singleturn|p1b: Chien-Pao|Protect\n|move|p2b: Flutter Mane|Moonblast|p1a: Ho-Oh\n|-resisted|p1a: Ho-Oh\n|-damage|p1a: Ho-Oh|82/100\n|move|p2a: Chi-Yu|Heat Wave|p1a: Ho-Oh|[spread] p1a\n|-activate|p1b: Chien-Pao|move: Protect\n|-resisted|p1a: Ho-Oh\n|-damage|p1a: Ho-Oh|58/100\n|\n|-weather|SunnyDay|[upkeep]\n|upkeep\n|turn|3\n|inactive|iiFWM has 30 seconds left.\n|\n|t:|1746065889\n|move|p1b: Chien-Pao|Sucker Punch|p2b: Flutter Mane\n|-damage|p2b: Flutter Mane|4/100\n|move|p2b: Flutter Mane|Icy Wind|p1b: Chien-Pao|[spread] p1a,p1b\n|-resisted|p1b: Chien-Pao\n|-damage|p1a: Ho-Oh|48/100\n|-damage|p1b: Chien-Pao|84/100\n|-unboost|p1b: Chien-Pao|spe|1\n|move|p2a: Chi-Yu|Heat Wave|p1a: Ho-Oh|[spread] p1a,p1b\n|-resisted|p1a: Ho-Oh\n|-supereffective|p1b: Chien-Pao\n|-damage|p1a: Ho-Oh|25/100\n|-damage|p1b: Chien-Pao|0 fnt\n|faint|p1b: Chien-Pao\n|move|p1a: Ho-Oh|Tailwind|p1a: Ho-Oh\n|-sidestart|p1: iiFWM|move: Tailwind\n|\n|-weather|SunnyDay|[upkeep]\n|upkeep\n|\n|t:|1746065899\n|switch|p1b: Miraidon|Miraidon, L50|73/100\n|-activate|p1b: Miraidon|ability: Hadron Engine\n|turn|4\n|inactive|iiFWM has 30 seconds left.\n|inactive|iiFWM has 20 seconds left.\n|\n|t:|1746065939\n|-terastallize|p1b: Miraidon|Fairy\n|move|p1b: Miraidon|Electro Drift|p2a: Chi-Yu\n|-damage|p2a: Chi-Yu|0 fnt\n|faint|p2a: Chi-Yu\n|move|p2b: Flutter Mane|Moonblast|p1b: Miraidon\n|-damage|p1b: Miraidon|29/100\n|-unboost|p1b: Miraidon|spa|1\n|move|p1a: Ho-Oh|Sacred Fire|p2b: Flutter Mane\n|-damage|p2b: Flutter Mane|0 fnt\n|faint|p2b: Flutter Mane\n|-end|p2b: Flutter Mane|Protosynthesis|[silent]\n|\n|-weather|SunnyDay|[upkeep]\n|upkeep\n|\n|t:|1746065953\n|switch|p2b: Lunala|Lunala, L50|100/100\n|turn|5\n|\n|t:|1746065965\n|move|p1b: Miraidon|Electro Drift|p2b: Lunala\n|-damage|p2b: Lunala|67/100\n|move|p1a: Ho-Oh|Sacred Fire|p2b: Lunala\n|-damage|p2b: Lunala|8/100\n|-status|p2b: Lunala|brn\n|move|p2b: Lunala|Moongeist Beam|p1b: Miraidon\n|-damage|p1b: Miraidon|0 fnt\n|faint|p1b: Miraidon\n|\n|-weather|none\n|-damage|p2b: Lunala|2/100 brn|[from] brn\n|-fieldend|move: Electric Terrain\n|upkeep\n|turn|6\n|\n|t:|1746065980\n|move|p1a: Ho-Oh|Protect|p1a: Ho-Oh\n|-singleturn|p1a: Ho-Oh|Protect\n|move|p2b: Lunala|Moongeist Beam|p1a: Ho-Oh\n|-activate|p1a: Ho-Oh|move: Protect\n|\n|-damage|p2b: Lunala|0 fnt|[from] brn\n|faint|p2b: Lunala\n|\n|win|iiFWM\n||iiFWM is ready for game 3.\n||pantsuit is ready for game 3.\n|uhtml|next|Next: <a href=\"/battle-gen9vgc2025regibo3-2354394439\"><strong>Game 3 of 3</strong></a>\n|l|\u2606iiFWM\n|player|p1|\n|l|\u2606pantsuit\n|player|p2|\n", "uploadtime": 1746066237, "views": 25, "formatid": "gen9vgc2025regibo3", "rating": null, "private": 0, "password": null}