{"id": "gen9vgc2025regibo3-2353994365", "format": "[Gen 9] VGC 2025 Reg I (Bo3)", "players": ["Sawadaburner", "Big Willy J"], "log": "|j|\u2606Sawadaburner\n|j|\u2606Big Willy J\n|html|<table width=\"100%\"><tr><td align=\"left\">Sawadaburner</td><td align=\"right\">Big Willy J</tr><tr><td align=\"left\"><i class=\"fa fa-circle\"></i> <i class=\"fa fa-circle-o\"></i> </td><td align=\"right\"><i class=\"fa fa-circle-o\"></i> <i class=\"fa fa-circle-o\"></i> </tr></table>\n|uhtml|bestof|<h2><strong>Game 2</strong> of <a href=\"/game-bestof3-gen9vgc2025regibo3-2353990474\">a best-of-3</a></h2>\n|t:|1746025829\n|gametype|doubles\n|player|p1|Sawadaburner|169|1326\n|player|p2|Big Willy J|1|1315\n|teamsize|p1|6\n|teamsize|p2|6\n|gen|9\n|tier|[Gen 9] VGC 2025 Reg I (Bo3)\n|rated|\n|rule|Species Clause: Limit one of each Pok\u00e9mon\n|rule|Item Clause: Limit 1 of each item\n|clearpoke\n|poke|p1|Lunala, L50|\n|poke|p1|Koraidon, L50|\n|poke|p1|Jumpluff, L50, M|\n|poke|p1|Raging Bolt, L50|\n|poke|p1|Ursaluna, L50, F|\n|poke|p1|Incineroar, L50, M|\n|poke|p2|Miraidon, L50|\n|poke|p2|Tornadus, L50, M|\n|poke|p2|Calyrex-Shadow, L50|\n|poke|p2|Urshifu-*, L50, M|\n|poke|p2|Incineroar, L50, F|\n|poke|p2|Ogerpon-Hearthflame, L50, F|\n|teampreview|4\n|showteam|p1|Lunala||PowerHerb|ShadowShield|MeteorBeam,MoongeistBeam,WideGuard,TrickRoom||||||50|,,,,,Water]Koraidon||LifeOrb|OrichalcumPulse|CloseCombat,FlareBlitz,BreakingSwipe,Protect||||||50|,,,,,Fire]Jumpluff||CovertCloak|Chlorophyll|Tailwind,SleepPowder,RagePowder,Encore|||M|||50|,,,,,Dark]Raging Bolt||AssaultVest|Protosynthesis|Thunderclap,Thunderbolt,Snarl,DracoMeteor||||||50|,,,,,Electric]Ursaluna||FlameOrb|Guts|HeadlongRush,Facade,Earthquake,Protect|||F|||50|,,,,,Normal]Incineroar||SafetyGoggles|Intimidate|KnockOff,PartingShot,FlareBlitz,FakeOut|||M|||50|,,,,,Water\n|showteam|p2|Miraidon||ChoiceScarf|HadronEngine|VoltSwitch,ElectroDrift,DracoMeteor,Snarl||||||50|,,,,,Electric]Tornadus||CovertCloak|Prankster|BleakwindStorm,Tailwind,RainDance,Protect|||M|||50|,,,,,Dark]Calyrex-Shadow||LifeOrb|AsOneSpectrier|Protect,AstralBarrage,Psyshock,PollenPuff||||||50|,,,,,Dark]Urshifu-Rapid-Strike||MysticWater|UnseenFist|SurgingStrikes,AquaJet,CloseCombat,Detect|||M|||50|,,,,,Water]Incineroar||RockyHelmet|Intimidate|FakeOut,HelpingHand,KnockOff,Uturn|||F|||50|,,,,,Ghost]Ogerpon-Hearthflame||HearthflameMask|MoldBreaker|SpikyShield,IvyCudgel,FollowMe,WoodHammer|||F|||50|,,,,,Fire\n|inactive|Battle timer is ON: inactive players will automatically lose when time's up. (requested by Big Willy J)\n|inactive|Big Willy J has 60 seconds left.\n|\n|t:|1746025865\n|start\n|switch|p1a: Angiolina|Lunala, L50|100/100\n|switch|p1b: Delusione|Incineroar, L50, M|100/100\n|switch|p2a: Blackadder|Calyrex-Shadow, L50|100/100\n|switch|p2b: Incineroar|Incineroar, L50, F|100/100\n|-ability|p2a: Blackadder|As One\n|-ability|p2a: Blackadder|Unnerve\n|-ability|p2b: Incineroar|Intimidate|boost\n|-unboost|p1a: Angiolina|atk|1\n|-unboost|p1b: Delusione|atk|1\n|-ability|p1b: Delusione|Intimidate|boost\n|-unboost|p2a: Blackadder|atk|1\n|-unboost|p2b: Incineroar|atk|1\n|turn|1\n|inactive|Sawadaburner has 30 seconds left.\n|inactive|Sawadaburner has 20 seconds left.\n|\n|t:|1746025900\n|-terastallize|p2a: Blackadder|Dark\n|-terastallize|p1a: Angiolina|Water\n|move|p2b: Incineroar|Helping Hand|p2a: Blackadder\n|-singleturn|p2a: Blackadder|Helping Hand|[of] p2b: Incineroar\n|move|p2a: Blackadder|Astral Barrage|p1b: Delusione|[spread] p1a,p1b\n|-resisted|p1b: Delusione\n|-damage|p1a: Angiolina|64/100\n|-damage|p1b: Delusione|58/100\n|-damage|p2a: Blackadder|91/100|[from] item: Life Orb\n|move|p1a: Angiolina|Meteor Beam||[still]\n|-prepare|p1a: Angiolina|Meteor Beam\n|-boost|p1a: Angiolina|spa|1\n|-enditem|p1a: Angiolina|Power Herb\n|-anim|p1a: Angiolina|Meteor Beam|p2b: Incineroar|[miss]\n|-miss|p1a: Angiolina|p2b: Incineroar\n|move|p1b: Delusione|Knock Off|p2a: Blackadder\n|-resisted|p2a: Blackadder\n|-damage|p2a: Blackadder|75/100\n|-enditem|p2a: Blackadder|Life Orb|[from] move: Knock Off|[of] p1b: Delusione\n|\n|upkeep\n|turn|2\n|inactive|Big Willy J has 30 seconds left.\n|\n|t:|1746025927\n|move|p2a: Blackadder|Astral Barrage|p1a: Angiolina|[spread] p1a,p1b\n|-resisted|p1b: Delusione\n|-damage|p1a: Angiolina|26/100\n|-damage|p1b: Delusione|38/100\n|move|p2b: Incineroar|U-turn|p1a: Angiolina\n|-damage|p1a: Angiolina|17/100\n|\n|t:|1746025935\n|switch|p2b: Ogerpon|Ogerpon-Hearthflame, L50, F|100/100|[from] U-turn\n|-ability|p2b: Ogerpon|Mold Breaker\n|move|p1b: Delusione|Flare Blitz|p2a: Blackadder\n|-damage|p2a: Blackadder|36/100\n|-status|p2a: Blackadder|brn\n|-damage|p1b: Delusione|27/100|[from] Recoil\n|move|p1a: Angiolina|Trick Room|p1a: Angiolina\n|-fieldstart|move: Trick Room|[of] p1a: Angiolina\n|\n|-damage|p2a: Blackadder|30/100 brn|[from] brn\n|upkeep\n|turn|3\n|\n|t:|1746025945\n|switch|p2a: Incineroar|Incineroar, L50, F|100/100\n|-ability|p2a: Incineroar|Intimidate|boost\n|-unboost|p1a: Angiolina|atk|1\n|-unboost|p1b: Delusione|atk|1\n|move|p2b: Ogerpon|Spiky Shield|p2b: Ogerpon\n|-singleturn|p2b: Ogerpon|move: Protect\n|move|p1b: Delusione|Flare Blitz|p2b: Ogerpon\n|-activate|p2b: Ogerpon|move: Protect\n|-damage|p1b: Delusione|14/100|[from] Spiky Shield|[of] p2b: Ogerpon\n|move|p1a: Angiolina|Moongeist Beam|p2b: Ogerpon\n|-activate|p2b: Ogerpon|move: Protect\n|\n|upkeep\n|turn|4\n|\n|t:|1746025966\n|move|p2a: Incineroar|Fake Out|p1a: Angiolina\n|-damage|p1a: Angiolina|9/100\n|move|p1b: Delusione|Parting Shot|p2b: Ogerpon\n|-unboost|p2b: Ogerpon|atk|1\n|-unboost|p2b: Ogerpon|spa|1\n|\n|t:|1746025972\n|switch|p1b: Gianni|Koraidon, L50|100/100|[from] Parting Shot\n|-weather|SunnyDay|[from] ability: Orichalcum Pulse|[of] p1b: Gianni\n|-activate|p1b: Gianni|Orichalcum Pulse|[source]\n|cant|p1a: Angiolina|flinch\n|move|p2b: Ogerpon|Ivy Cudgel|p1b: Gianni|[anim] Ivy Cudgel Fire\n|-resisted|p1b: Gianni\n|-damage|p1b: Gianni|73/100\n|\n|-weather|SunnyDay|[upkeep]\n|upkeep\n|turn|5\n|\n|t:|1746025988\n|switch|p1a: Delusione|Incineroar, L50, M|14/100\n|-ability|p1a: Delusione|Intimidate|boost\n|-unboost|p2a: Incineroar|atk|1\n|-unboost|p2b: Ogerpon|atk|1\n|move|p2a: Incineroar|U-turn|p1a: Delusione\n|-damage|p1a: Delusione|4/100\n|\n|t:|1746025994\n|switch|p2a: Tornadus|Tornadus, L50, M|100/100|[from] U-turn\n|move|p2b: Ogerpon|Ivy Cudgel|p1a: Delusione|[anim] Ivy Cudgel Fire\n|-resisted|p1a: Delusione\n|-damage|p1a: Delusione|0 fnt\n|faint|p1a: Delusione\n|move|p1b: Gianni|Close Combat|p2a: Tornadus\n|-resisted|p2a: Tornadus\n|-damage|p2a: Tornadus|41/100\n|-unboost|p1b: Gianni|def|1\n|-unboost|p1b: Gianni|spd|1\n|-damage|p1b: Gianni|64/100|[from] item: Life Orb\n|\n|-weather|SunnyDay|[upkeep]\n|upkeep\n|\n|t:|1746025997\n|switch|p1a: Luciana|Raging Bolt, L50|100/100\n|-activate|p1a: Luciana|ability: Protosynthesis\n|-start|p1a: Luciana|protosynthesisspa\n|turn|6\n|\n|t:|1746026007\n|switch|p2b: Incineroar|Incineroar, L50, F|100/100\n|-ability|p2b: Incineroar|Intimidate|boost\n|-unboost|p1a: Luciana|atk|1\n|-unboost|p1b: Gianni|atk|1\n|move|p2a: Tornadus|Protect|p2a: Tornadus\n|-singleturn|p2a: Tornadus|Protect\n|move|p1a: Luciana|Thunderbolt|p2a: Tornadus\n|-activate|p2a: Tornadus|move: Protect\n|move|p1b: Gianni|Close Combat|p2b: Incineroar\n|-supereffective|p2b: Incineroar\n|-damage|p2b: Incineroar|0 fnt\n|-unboost|p1b: Gianni|def|1\n|-unboost|p1b: Gianni|spd|1\n|-damage|p1b: Gianni|47/100|[from] item: Rocky Helmet|[of] p2b: Incineroar\n|faint|p2b: Incineroar\n|-damage|p1b: Gianni|37/100|[from] item: Life Orb\n|\n|-weather|SunnyDay|[upkeep]\n|-fieldend|move: Trick Room\n|upkeep\n|\n|t:|1746026019\n|switch|p2b: Ogerpon|Ogerpon-Hearthflame, L50, F|100/100\n|-ability|p2b: Ogerpon|Mold Breaker\n|turn|7\n|\n|t:|1746026031\n|switch|p1b: Angiolina|Lunala, L50, tera:Water|9/100\n|move|p2a: Tornadus|Tailwind|p2a: Tornadus\n|-sidestart|p2: Big Willy J|move: Tailwind\n|move|p2b: Ogerpon|Ivy Cudgel|p1b: Angiolina|[anim] Ivy Cudgel Fire\n|-resisted|p1b: Angiolina\n|-crit|p1b: Angiolina\n|-damage|p1b: Angiolina|0 fnt\n|faint|p1b: Angiolina\n|move|p1a: Luciana|Thunderbolt|p2a: Tornadus\n|-supereffective|p2a: Tornadus\n|-damage|p2a: Tornadus|0 fnt\n|faint|p2a: Tornadus\n|\n|-weather|SunnyDay|[upkeep]\n|upkeep\n|\n|t:|1746026034\n|switch|p2a: Blackadder|Calyrex-Shadow, L50, tera:Dark|30/100 brn\n|switch|p1b: Gianni|Koraidon, L50|37/100\n|-ability|p2a: Blackadder|As One\n|-ability|p2a: Blackadder|Unnerve\n|-activate|p1b: Gianni|ability: Orichalcum Pulse\n|turn|8\n|\n|t:|1746026048\n|move|p2a: Blackadder|Protect|p2a: Blackadder\n|-singleturn|p2a: Blackadder|Protect\n|move|p1b: Gianni|Protect|p1b: Gianni\n|-singleturn|p1b: Gianni|Protect\n|move|p2b: Ogerpon|Ivy Cudgel|p1a: Luciana|[anim] Ivy Cudgel Fire\n|-resisted|p1a: Luciana\n|-damage|p1a: Luciana|64/100\n|move|p1a: Luciana|Snarl|p2a: Blackadder|[spread] p2b\n|-activate|p2a: Blackadder|move: Protect\n|-damage|p2b: Ogerpon|82/100\n|-unboost|p2b: Ogerpon|spa|1\n|\n|-weather|none\n|-end|p1a: Luciana|Protosynthesis\n|-damage|p2a: Blackadder|24/100 brn|[from] brn\n|upkeep\n|turn|9\n|\n|t:|1746026065\n|move|p1b: Gianni|Protect||[still]\n|-fail|p1b: Gianni\n|move|p2b: Ogerpon|Follow Me|p2b: Ogerpon\n|-singleturn|p2b: Ogerpon|move: Follow Me\n|move|p2a: Blackadder|Astral Barrage|p1b: Gianni|[spread] p1a,p1b\n|-damage|p1a: Luciana|31/100\n|-damage|p1b: Gianni|0 fnt\n|faint|p1b: Gianni\n|-ability|p2a: Blackadder|Grim Neigh|boost\n|-boost|p2a: Blackadder|spa|1\n|move|p1a: Luciana|Snarl|p2a: Blackadder|[spread] p2a,p2b\n|-resisted|p2a: Blackadder\n|-crit|p2b: Ogerpon\n|-damage|p2a: Blackadder|18/100 brn\n|-damage|p2b: Ogerpon|61/100\n|-unboost|p2a: Blackadder|spa|1\n|-unboost|p2b: Ogerpon|spa|1\n|\n|-damage|p2a: Blackadder|12/100 brn|[from] brn\n|upkeep\n|turn|10\n|\n|t:|1746026076\n|move|p2b: Ogerpon|Follow Me|p2b: Ogerpon\n|-singleturn|p2b: Ogerpon|move: Follow Me\n|move|p1a: Luciana|Thunderclap||[still]\n|-fail|p1a: Luciana\n|move|p2a: Blackadder|Astral Barrage|p1a: Luciana\n|-damage|p1a: Luciana|0 fnt\n|faint|p1a: Luciana\n|-end|p1a: Luciana|Protosynthesis|[silent]\n|\n|win|Big Willy J\n||Sawadaburner is ready for game 3.\n||Big Willy J is ready for game 3.\n|uhtml|next|Next: <a href=\"/battle-gen9vgc2025regibo3-2353997295\"><strong>Game 3 of 3</strong></a>\n|l|\u2606Sawadaburner\n|player|p1|\n", "uploadtime": 1746026271, "views": 6, "formatid": "gen9vgc2025regibo3", "rating": null, "private": 0, "password": null}