{"id": "gen9vgc2025regibo3-2353444353", "format": "[Gen 9] VGC 2025 Reg I (Bo3)", "players": ["Toxicroak Guy", "thepostmanp"], "log": "|j|\u2606Toxicroak Guy\n|j|\u2606thepostmanp\n|html|<table width=\"100%\"><tr><td align=\"left\">Toxicroak Guy</td><td align=\"right\">thepostmanp</tr><tr><td align=\"left\"><i class=\"fa fa-circle-o\"></i> <i class=\"fa fa-circle-o\"></i> </td><td align=\"right\"><i class=\"fa fa-circle-o\"></i> <i class=\"fa fa-circle-o\"></i> </tr></table>\n|uhtml|bestof|<h2><strong>Game 1</strong> of <a href=\"/game-bestof3-gen9vgc2025regibo3-2353444352\">a best-of-3</a></h2>\n|t:|1745956511\n|gametype|doubles\n|player|p1|Toxicroak Guy|2|1108\n|player|p2|thepostmanp|ethan|1145\n|teamsize|p1|6\n|teamsize|p2|6\n|gen|9\n|tier|[Gen 9] VGC 2025 Reg I (Bo3)\n|rated|\n|rule|Species Clause: Limit one of each Pok\u00e9mon\n|rule|Item Clause: Limit 1 of each item\n|clearpoke\n|poke|p1|Lunala, L50|\n|poke|p1|Groudon, L50|\n|poke|p1|Ogerpon-Hearthflame, L50, F|\n|poke|p1|Raging Bolt, L50|\n|poke|p1|Incineroar, L50, M|\n|poke|p1|Jumpluff, L50, F|\n|poke|p2|Kyogre, L50|\n|poke|p2|Miraidon, L50|\n|poke|p2|Farigiraf, L50, M|\n|poke|p2|Iron Hands, L50|\n|poke|p2|Whimsicott, L50, F|\n|poke|p2|Urshifu-*, L50, F|\n|teampreview|4\n|showteam|p1|Lunala||Leftovers|ShadowShield|Moonblast,MoongeistBeam,WideGuard,TrickRoom||||||50|,,,,,Fairy]Groudon||ClearAmulet|Drought|PrecipiceBlades,HeatCrash,BulkUp,Protect||||||50|,,,,,Fire]Ogerpon-Hearthflame||HearthflameMask|MoldBreaker|IvyCudgel,WoodHammer,FollowMe,SpikyShield|||F|||50|,,,,,Fire]Raging Bolt||AssaultVest|Protosynthesis|Thunderbolt,Thunderclap,DracoMeteor,VoltSwitch||||||50|,,,,,Fairy]Incineroar||RockyHelmet|Intimidate|FakeOut,WillOWisp,PartingShot,KnockOff|||M|||50|,,,,,Grass]Jumpluff||CovertCloak|Chlorophyll|Tailwind,SleepPowder,RagePowder,PollenPuff|||F|||50|,,,,,Dark\n|showteam|p2|Kyogre||MysticWater|Drizzle|Protect,WaterSpout,OriginPulse,IceBeam||||||50|,,,,,Grass]Miraidon||ChoiceSpecs|HadronEngine|VoltSwitch,DracoMeteor,DazzlingGleam,ElectroDrift||||||50|,,,,,Fairy]Farigiraf||ElectricSeed|ArmorTail|TrickRoom,Roar,Psychic,HelpingHand|||M|||50|,,,,,Water]Iron Hands||AssaultVest|QuarkDrive|FakeOut,LowKick,DrainPunch,HeavySlam||||||50|,,,,,Bug]Whimsicott||CovertCloak|Prankster|Moonblast,Tailwind,Encore,LightScreen|||F|||50|,,,,,Dark]Urshifu-Rapid-Strike||FocusSash|UnseenFist|SurgingStrikes,CloseCombat,AquaJet,Detect|||F|||50|,,,,,Stellar\n|j| Lexicon\n|\n|t:|1745956568\n|start\n|switch|p1a: Luna Luna Yay!|Lunala, L50|100/100\n|switch|p1b: Joeverpon|Ogerpon-Hearthflame, L50, F|100/100\n|switch|p2a: Miraidon|Miraidon, L50|100/100\n|switch|p2b: Farigiraf|Farigiraf, L50, M|100/100\n|-fieldstart|move: Electric Terrain|[from] ability: Hadron Engine|[of] p2a: Miraidon\n|-enditem|p2b: Farigiraf|Electric Seed\n|-boost|p2b: Farigiraf|def|1|[from] item: Electric Seed\n|-ability|p1b: Joeverpon|Mold Breaker\n|turn|1\n|\n|t:|1745956616\n|move|p2a: Miraidon|Draco Meteor|p1b: Joeverpon\n|-crit|p1b: Joeverpon\n|-damage|p1b: Joeverpon|0 fnt\n|-unboost|p2a: Miraidon|spa|2\n|faint|p1b: Joeverpon\n|move|p1a: Luna Luna Yay!|Moonblast|p2a: Miraidon\n|-supereffective|p2a: Miraidon\n|-damage|p2a: Miraidon|47/100\n|move|p2b: Farigiraf|Roar|p2a: Miraidon\n|drag|p2a: Kyogre|Kyogre, L50|100/100\n|-weather|RainDance|[from] ability: Drizzle|[of] p2a: Kyogre\n|\n|-weather|RainDance|[upkeep]\n|upkeep\n|\n|t:|1745956630\n|switch|p1b: Pool Floatie!|Raging Bolt, L50|100/100\n|turn|2\n|\n|t:|1745956657\n|switch|p2a: Iron Hands|Iron Hands, L50|100/100\n|-activate|p2a: Iron Hands|ability: Quark Drive\n|-start|p2a: Iron Hands|quarkdriveatk\n|move|p1b: Pool Floatie!|Thunderbolt|p2b: Farigiraf\n|-damage|p2b: Farigiraf|43/100\n|-status|p2b: Farigiraf|par\n|move|p1a: Luna Luna Yay!|Trick Room|p1a: Luna Luna Yay!\n|-fieldstart|move: Trick Room|[of] p1a: Luna Luna Yay!\n|move|p2b: Farigiraf|Trick Room|p2b: Farigiraf\n|-fieldend|move: Trick Room\n|\n|-weather|RainDance|[upkeep]\n|upkeep\n|turn|3\n|\n|t:|1745956680\n|move|p2b: Farigiraf|Helping Hand|p2a: Iron Hands\n|-singleturn|p2a: Iron Hands|Helping Hand|[of] p2b: Farigiraf\n|move|p1a: Luna Luna Yay!|Moonblast|p2a: Iron Hands\n|-supereffective|p2a: Iron Hands\n|-damage|p2a: Iron Hands|64/100\n|move|p1b: Pool Floatie!|Thunderbolt|p2b: Farigiraf\n|-damage|p2b: Farigiraf|0 fnt\n|faint|p2b: Farigiraf\n|move|p2a: Iron Hands|Drain Punch|p1b: Pool Floatie!\n|-damage|p1b: Pool Floatie!|36/100\n|-heal|p2a: Iron Hands|94/100|[from] drain|[of] p1b: Pool Floatie!\n|\n|-weather|RainDance|[upkeep]\n|upkeep\n|\n|t:|1745956691\n|switch|p2b: Miraidon|Miraidon, L50|47/100\n|-activate|p2b: Miraidon|ability: Hadron Engine\n|turn|4\n|\n|t:|1745956715\n|move|p1a: Luna Luna Yay!|Wide Guard|p1a: Luna Luna Yay!\n|-singleturn|p1a: Luna Luna Yay!|Wide Guard\n|move|p1b: Pool Floatie!|Thunderclap|p2b: Miraidon\n|-resisted|p2b: Miraidon\n|-damage|p2b: Miraidon|38/100\n|move|p2b: Miraidon|Volt Switch|p1a: Luna Luna Yay!\n|-damage|p1a: Luna Luna Yay!|67/100\n|\n|t:|1745956723\n|switch|p2b: Kyogre|Kyogre, L50|100/100|[from] Volt Switch\n|move|p2a: Iron Hands|Low Kick|p1b: Pool Floatie!\n|-damage|p1b: Pool Floatie!|0 fnt\n|faint|p1b: Pool Floatie!\n|-end|p1b: Pool Floatie!|Protosynthesis|[silent]\n|\n|-weather|RainDance|[upkeep]\n|-heal|p1a: Luna Luna Yay!|74/100|[from] item: Leftovers\n|upkeep\n|\n|t:|1745956731\n|switch|p1b: HOT TO GO|Groudon, L50|100/100\n|-weather|SunnyDay|[from] ability: Drought|[of] p1b: HOT TO GO\n|turn|5\n|\n|t:|1745956753\n|-terastallize|p2a: Iron Hands|Bug\n|move|p1b: HOT TO GO|Protect|p1b: HOT TO GO\n|-singleturn|p1b: HOT TO GO|Protect\n|move|p2b: Kyogre|Water Spout|p1a: Luna Luna Yay!|[spread] p1a\n|-activate|p1b: HOT TO GO|move: Protect\n|-damage|p1a: Luna Luna Yay!|47/100\n|move|p2a: Iron Hands|Low Kick|p1b: HOT TO GO\n|-activate|p1b: HOT TO GO|move: Protect\n|move|p1a: Luna Luna Yay!|Trick Room|p1a: Luna Luna Yay!\n|-fieldstart|move: Trick Room|[of] p1a: Luna Luna Yay!\n|\n|-weather|SunnyDay|[upkeep]\n|-heal|p1a: Luna Luna Yay!|53/100|[from] item: Leftovers\n|-fieldend|move: Electric Terrain\n|-end|p2a: Iron Hands|Quark Drive\n|upkeep\n|turn|6\n|\n|t:|1745956780\n|move|p2a: Iron Hands|Low Kick|p1b: HOT TO GO\n|-damage|p1b: HOT TO GO|58/100\n|move|p2b: Kyogre|Ice Beam|p1b: HOT TO GO\n|-supereffective|p1b: HOT TO GO\n|-damage|p1b: HOT TO GO|0 fnt\n|faint|p1b: HOT TO GO\n|move|p1a: Luna Luna Yay!|Moongeist Beam|p2b: Kyogre\n|-damage|p2b: Kyogre|64/100\n|\n|-weather|SunnyDay|[upkeep]\n|-heal|p1a: Luna Luna Yay!|59/100|[from] item: Leftovers\n|upkeep\n|turn|7\n|\n|t:|1745956796\n|switch|p2b: Miraidon|Miraidon, L50|38/100\n|-fieldstart|move: Electric Terrain|[from] ability: Hadron Engine|[of] p2b: Miraidon\n|-activate|p2a: Iron Hands|ability: Quark Drive\n|-start|p2a: Iron Hands|quarkdriveatk\n|move|p2a: Iron Hands|Heavy Slam|p1a: Luna Luna Yay!\n|-damage|p1a: Luna Luna Yay!|32/100\n|move|p1a: Luna Luna Yay!|Moongeist Beam|p2b: Miraidon\n|-damage|p2b: Miraidon|0 fnt\n|faint|p2b: Miraidon\n|\n|-weather|SunnyDay|[upkeep]\n|-heal|p1a: Luna Luna Yay!|39/100|[from] item: Leftovers\n|upkeep\n|\n|t:|1745956806\n|switch|p2b: Kyogre|Kyogre, L50|64/100\n|-weather|RainDance|[from] ability: Drizzle|[of] p2b: Kyogre\n|turn|8\n|\n|t:|1745956818\n|move|p2a: Iron Hands|Heavy Slam|p1a: Luna Luna Yay!\n|-damage|p1a: Luna Luna Yay!|10/100\n|move|p2b: Kyogre|Water Spout|p1a: Luna Luna Yay!\n|-damage|p1a: Luna Luna Yay!|0 fnt\n|faint|p1a: Luna Luna Yay!\n|\n|win|thepostmanp\n||Toxicroak Guy is ready for game 2.\n|inactive|thepostmanp has 30 seconds to confirm battle start!\n||thepostmanp is ready for game 2.\n|uhtml|next|Next: <a href=\"/battle-gen9vgc2025regibo3-2353447948\"><strong>Game 2 of 3</strong></a>\n|l| Lexicon\n", "uploadtime": 1745956818, "views": 33, "formatid": "gen9vgc2025regibo3", "rating": null, "private": 0, "password": null}