{"id": "gen9vgc2025regibo3-2354317208", "format": "[Gen 9] VGC 2025 Reg I (Bo3)", "players": ["Gimffy", "Asisvz12"], "log": "|j|\u2606Gimffy\n|j|\u2606Asisvz12\n|html|<table width=\"100%\"><tr><td align=\"left\">Gimffy</td><td align=\"right\">Asisvz12</tr><tr><td align=\"left\"><i class=\"fa fa-circle\"></i> <i class=\"fa fa-circle-o\"></i> </td><td align=\"right\"><i class=\"fa fa-circle-o\"></i> <i class=\"fa fa-circle\"></i> </tr></table>\n|uhtml|bestof|<h2><strong>Game 3</strong> of <a href=\"/game-bestof3-gen9vgc2025regibo3-2354312482\">a best-of-3</a></h2>\n|t:|1746056606\n|gametype|doubles\n|player|p1|Gimffy|ingo|1154\n|player|p2|Asisvz12|biker|1051\n|teamsize|p1|6\n|teamsize|p2|6\n|gen|9\n|tier|[Gen 9] VGC 2025 Reg I (Bo3)\n|rated|\n|rule|Species Clause: Limit one of each Pok\u00e9mon\n|rule|Item Clause: Limit 1 of each item\n|clearpoke\n|poke|p1|Koraidon, L50|\n|poke|p1|Lunala, L50|\n|poke|p1|Flutter Mane, L50|\n|poke|p1|Chi-Yu, L50|\n|poke|p1|Indeedee-F, L50, F|\n|poke|p1|Brute Bonnet, L50|\n|poke|p2|Zacian-*, L50|\n|poke|p2|Rillaboom, L50, M|\n|poke|p2|Urshifu-*, L50, M|\n|poke|p2|Tornadus, L50, M|\n|poke|p2|Kyogre, L50|\n|poke|p2|Flutter Mane, L50|\n|teampreview|4\n|showteam|p1|Koraidon||ClearAmulet|OrichalcumPulse|CollisionCourse,FlareBlitz,FlameCharge,Protect||||||50|,,,,,Fire]Lunala||PowerHerb|ShadowShield|MoongeistBeam,ExpandingForce,MeteorBeam,TrickRoom||||||50|,,,,,Water]Flutter Mane||FocusSash|Protosynthesis|Moonblast,ShadowBall,IcyWind,Protect||||||50|,,,,,Fairy]Chi-Yu||ChoiceScarf|BeadsofRuin|DarkPulse,HeatWave,Overheat,Snarl||||||50|,,,,,Ghost]Indeedee-F||RockyHelmet|PsychicSurge|Psychic,FollowMe,Imprison,TrickRoom|||F|||50|,,,,,Grass]Brute Bonnet||CovertCloak|Protosynthesis|SeedBomb,SuckerPunch,RagePowder,Spore||||||50|,,,,,Poison\n|showteam|p2|Zacian-Crowned||RustedSword|IntrepidSword|behemothblade,SacredSword,Protect,PlayRough||||||50|,,,,,Ground]Rillaboom||AssaultVest|GrassySurge|GrassyGlide,HighHorsepower,KnockOff,FakeOut|||M|||50|,,,,,Fire]Urshifu-Rapid-Strike||FocusSash|UnseenFist|AquaJet,Protect,SurgingStrikes,CloseCombat|||M|||50|,,,,,Water]Tornadus||CovertCloak|Prankster|Tailwind,BleakwindStorm,Taunt,RainDance|||M|||50|,,,,,Steel]Kyogre||ChoiceScarf|Drizzle|WaterSpout,OriginPulse,Thunder,IceBeam||||||50|,,,,,Water]Flutter Mane||BoosterEnergy|Protosynthesis|Protect,DazzlingGleam,IcyWind,ShadowBall||||||50|,,,,,Fairy\n|inactive|Battle timer is ON: inactive players will automatically lose when time's up. (requested by Gimffy)\n|inactive|Asisvz12 has 60 seconds left.\n|\n|t:|1746056654\n|start\n|switch|p1a: Akira|Koraidon, L50|100/100\n|switch|p1b: Bruce Wane|Lunala, L50|100/100\n|switch|p2a: Tornadus|Tornadus, L50, M|100/100\n|switch|p2b: Kyogre|Kyogre, L50, shiny|100/100\n|-weather|RainDance|[from] ability: Drizzle|[of] p2b: Kyogre\n|-weather|SunnyDay|[from] ability: Orichalcum Pulse|[of] p1a: Akira\n|-activate|p1a: Akira|Orichalcum Pulse|[source]\n|turn|1\n|inactive|Asisvz12 has 30 seconds left.\n|\n|t:|1746056685\n|move|p1a: Akira|Protect|p1a: Akira\n|-singleturn|p1a: Akira|Protect\n|move|p2a: Tornadus|Taunt|p1b: Bruce Wane\n|-start|p1b: Bruce Wane|move: Taunt\n|move|p2b: Kyogre|Ice Beam|p1a: Akira\n|-activate|p1a: Akira|move: Protect\n|move|p1b: Bruce Wane|Meteor Beam||[still]\n|-prepare|p1b: Bruce Wane|Meteor Beam\n|-boost|p1b: Bruce Wane|spa|1\n|-enditem|p1b: Bruce Wane|Power Herb\n|-anim|p1b: Bruce Wane|Meteor Beam|p2a: Tornadus\n|-supereffective|p2a: Tornadus\n|-damage|p2a: Tornadus|0 fnt\n|faint|p2a: Tornadus\n|\n|-weather|SunnyDay|[upkeep]\n|upkeep\n|\n|t:|1746056707\n|switch|p2a: Rillaboom|Rillaboom, L50, M, shiny|100/100\n|-fieldstart|move: Grassy Terrain|[from] ability: Grassy Surge|[of] p2a: Rillaboom\n|turn|2\n|\n|t:|1746056727\n|switch|p2b: Urshifu|Urshifu-Rapid-Strike, L50, M|100/100\n|-terastallize|p1a: Akira|Fire\n|move|p2a: Rillaboom|Fake Out|p1a: Akira\n|-damage|p1a: Akira|86/100\n|cant|p1a: Akira|flinch\n|move|p1b: Bruce Wane|Moongeist Beam|p2b: Urshifu\n|-enditem|p2b: Urshifu|Focus Sash\n|-damage|p2b: Urshifu|1/100\n|\n|-weather|SunnyDay|[upkeep]\n|-heal|p1a: Akira|92/100|[from] Grassy Terrain\n|-heal|p2b: Urshifu|7/100|[from] Grassy Terrain\n|upkeep\n|turn|3\n|inactive|Asisvz12 has 30 seconds left.\n|inactive|Asisvz12 has 20 seconds left.\n|\n|t:|1746056764\n|switch|p1a: Imposter|Brute Bonnet, L50|100/100\n|-activate|p1a: Imposter|ability: Protosynthesis\n|-start|p1a: Imposter|protosynthesisdef\n|-terastallize|p2a: Rillaboom|Fire\n|move|p2b: Urshifu|Surging Strikes|p1a: Imposter\n|-resisted|p1a: Imposter\n|-crit|p1a: Imposter\n|-damage|p1a: Imposter|99/100\n|-resisted|p1a: Imposter\n|-crit|p1a: Imposter\n|-damage|p1a: Imposter|97/100\n|-resisted|p1a: Imposter\n|-crit|p1a: Imposter\n|-damage|p1a: Imposter|95/100\n|-hitcount|p1a: Imposter|3\n|move|p1b: Bruce Wane|Moongeist Beam|p2a: Rillaboom\n|-damage|p2a: Rillaboom|27/100\n|move|p2a: Rillaboom|Knock Off|p1b: Bruce Wane\n|-supereffective|p1b: Bruce Wane\n|-damage|p1b: Bruce Wane|58/100\n|\n|-weather|SunnyDay|[upkeep]\n|-heal|p2b: Urshifu|14/100|[from] Grassy Terrain\n|-heal|p1b: Bruce Wane|65/100|[from] Grassy Terrain\n|-heal|p2a: Rillaboom|33/100|[from] Grassy Terrain\n|-heal|p1a: Imposter|100/100|[from] Grassy Terrain\n|-end|p1b: Bruce Wane|move: Taunt\n|upkeep\n|turn|4\n|inactive|Asisvz12 has 30 seconds left.\n|\n|t:|1746056793\n|move|p2a: Rillaboom|Grassy Glide|p1b: Bruce Wane\n|-damage|p1b: Bruce Wane|30/100\n|move|p1a: Imposter|Sucker Punch||[still]\n|-fail|p1a: Imposter\n|move|p2b: Urshifu|Close Combat|p1a: Imposter\n|-supereffective|p1a: Imposter\n|-damage|p1a: Imposter|36/100\n|-unboost|p2b: Urshifu|def|1\n|-unboost|p2b: Urshifu|spd|1\n|move|p1b: Bruce Wane|Moongeist Beam|p2b: Urshifu\n|-damage|p2b: Urshifu|0 fnt\n|faint|p2b: Urshifu\n|\n|-weather|SunnyDay|[upkeep]\n|-heal|p1b: Bruce Wane|36/100|[from] Grassy Terrain\n|-heal|p2a: Rillaboom|39/100|[from] Grassy Terrain\n|-heal|p1a: Imposter|42/100|[from] Grassy Terrain\n|upkeep\n|inactive|Asisvz12 has 30 seconds left.\n|\n|t:|1746056822\n|switch|p2b: Kyogre|Kyogre, L50, shiny|100/100\n|-weather|RainDance|[from] ability: Drizzle|[of] p2b: Kyogre\n|-end|p1a: Imposter|Protosynthesis\n|turn|5\n|inactive|Asisvz12 has 30 seconds left.\n|\n|t:|1746056847\n|switch|p1b: Akira|Koraidon, L50, tera:Fire|92/100\n|-weather|SunnyDay|[from] ability: Orichalcum Pulse|[of] p1b: Akira\n|-activate|p1a: Imposter|ability: Protosynthesis\n|-start|p1a: Imposter|protosynthesisdef\n|-activate|p1b: Akira|Orichalcum Pulse|[source]\n|move|p1a: Imposter|Rage Powder|p1a: Imposter\n|-singleturn|p1a: Imposter|move: Rage Powder\n|move|p2b: Kyogre|Origin Pulse|p1a: Imposter|[spread] p1a,p1b\n|-resisted|p1a: Imposter\n|-supereffective|p1b: Akira\n|-damage|p1a: Imposter|31/100\n|-damage|p1b: Akira|40/100\n|move|p2a: Rillaboom|High Horsepower|p1a: Imposter\n|-resisted|p1a: Imposter\n|-damage|p1a: Imposter|24/100\n|\n|-weather|SunnyDay|[upkeep]\n|-heal|p1b: Akira|46/100|[from] Grassy Terrain\n|-heal|p2a: Rillaboom|45/100|[from] Grassy Terrain\n|-heal|p1a: Imposter|30/100|[from] Grassy Terrain\n|upkeep\n|turn|6\n|\n|t:|1746056870\n|move|p1b: Akira|Protect|p1b: Akira\n|-singleturn|p1b: Akira|Protect\n|move|p2b: Kyogre|Origin Pulse|p1a: Imposter|[spread] p1a\n|-activate|p1b: Akira|move: Protect\n|-resisted|p1a: Imposter\n|-damage|p1a: Imposter|20/100\n|move|p2a: Rillaboom|Knock Off|p1a: Imposter\n|-resisted|p1a: Imposter\n|-damage|p1a: Imposter|12/100\n|-enditem|p1a: Imposter|Covert Cloak|[from] move: Knock Off|[of] p2a: Rillaboom\n|move|p1a: Imposter|Seed Bomb|p2b: Kyogre\n|-supereffective|p2b: Kyogre\n|-damage|p2b: Kyogre|2/100\n|\n|-weather|SunnyDay|[upkeep]\n|-heal|p2b: Kyogre|8/100|[from] Grassy Terrain\n|-heal|p1b: Akira|52/100|[from] Grassy Terrain\n|-heal|p2a: Rillaboom|51/100|[from] Grassy Terrain\n|-heal|p1a: Imposter|18/100|[from] Grassy Terrain\n|-fieldend|move: Grassy Terrain\n|upkeep\n|turn|7\n|-message|Asisvz12 forfeited.\n|raw|Gimffy's rating: 1154 &rarr; <strong>1172</strong><br />(+18 for winning)\n|raw|Asisvz12's rating: 1051 &rarr; <strong>1038</strong><br />(-13 for losing)\n|\n|win|Gimffy\n|l|\u2606Asisvz12\n|player|p2|\n", "uploadtime": 1746056891, "views": 7, "formatid": "gen9vgc2025regibo3", "rating": 1038, "private": 0, "password": null}