{"id": "gen9vgc2025regibo3-2354463471", "format": "[Gen 9] VGC 2025 Reg I (Bo3)", "players": ["myshirtisdirty", "Fayzginger"], "log": "|j|\u2606myshirtisdirty\n|j|\u2606Fayzginger\n|html|<table width=\"100%\"><tr><td align=\"left\">myshirtisdirty</td><td align=\"right\">Fayzginger</tr><tr><td align=\"left\"><i class=\"fa fa-circle\"></i> <i class=\"fa fa-circle-o\"></i> </td><td align=\"right\"><i class=\"fa fa-circle-o\"></i> <i class=\"fa fa-circle\"></i> </tr></table>\n|uhtml|bestof|<h2><strong>Game 3</strong> of <a href=\"/game-bestof3-gen9vgc2025regibo3-2354460499\">a best-of-3</a></h2>\n|t:|1746075559\n|gametype|doubles\n|player|p1|myshirtisdirty|102|1212\n|player|p2|Fayzginger|102|1230\n|teamsize|p1|6\n|teamsize|p2|6\n|gen|9\n|tier|[Gen 9] VGC 2025 Reg I (Bo3)\n|rated|\n|rule|Species Clause: Limit one of each Pok\u00e9mon\n|rule|Item Clause: Limit 1 of each item\n|clearpoke\n|poke|p1|Koraidon, L50|\n|poke|p1|Lunala, L50|\n|poke|p1|Chi-Yu, L50|\n|poke|p1|Ursaluna, L50, M|\n|poke|p1|Brute Bonnet, L50|\n|poke|p1|Flutter Mane, L50|\n|poke|p2|Zacian-*, L50|\n|poke|p2|Kyogre, L50|\n|poke|p2|Tornadus, L50, M|\n|poke|p2|Landorus, L50, M|\n|poke|p2|Rillaboom, L50, M|\n|poke|p2|Urshifu-*, L50, F|\n|teampreview|4\n|showteam|p1|Koraidon||LifeOrb|OrichalcumPulse|FlareBlitz,FlameCharge,CloseCombat,Protect||||||50|,,,,,Fire]Lunala||PowerHerb|ShadowShield|MoongeistBeam,MeteorBeam,WideGuard,TrickRoom||||||50|,,,,,Water]Chi-Yu||ChoiceScarf|BeadsofRuin|Overheat,HeatWave,DarkPulse,Snarl||||||50|,,,,,Ghost]Ursaluna||FlameOrb|Guts|Facade,Earthquake,HeadlongRush,Protect|||M|||50|,,,,,Ghost]Brute Bonnet||CovertCloak|Protosynthesis|SeedBomb,SuckerPunch,Spore,RagePowder||||||50|,,,,,Water]Flutter Mane||FocusSash|Protosynthesis|Moonblast,IcyWind,ShadowBall,Protect||||||50|,,,,,Normal\n|showteam|p2|Zacian-Crowned||RustedSword|IntrepidSword|Protect,behemothblade,PlayRough,SacredSword||||||50|,,,,,Ground]Kyogre||MysticWater|Drizzle|Protect,WaterSpout,OriginPulse,IceBeam||||||50|,,,,,Grass]Tornadus||CovertCloak|Prankster|BleakwindStorm,RainDance,Tailwind,Taunt|||M|||50|,,,,,Dark]Landorus||LifeOrb|SheerForce|Protect,SandsearStorm,EarthPower,SludgeBomb|||M|||50|,,,,,Water]Rillaboom||AssaultVest|GrassySurge|FakeOut,GrassyGlide,WoodHammer,Uturn|||M|||50|,,,,,Fire]Urshifu-Rapid-Strike||FocusSash|UnseenFist|Detect,SurgingStrikes,CloseCombat,AquaJet|||F|||50|,,,,,Stellar\n|inactive|Battle timer is ON: inactive players will automatically lose when time's up. (requested by myshirtisdirty)\n|\n|t:|1746075610\n|start\n|switch|p1a: Brute Bonnet|Brute Bonnet, L50|100/100\n|switch|p1b: Lunala|Lunala, L50|100/100\n|switch|p2a: Steve|Rillaboom, L50, M, shiny|100/100\n|switch|p2b: Flint|Tornadus, L50, M|100/100\n|-fieldstart|move: Grassy Terrain|[from] ability: Grassy Surge|[of] p2a: Steve\n|turn|1\n|inactive|myshirtisdirty has 30 seconds left.\n|\n|t:|1746075642\n|switch|p1b: Koraidon|Koraidon, L50|100/100\n|-weather|SunnyDay|[from] ability: Orichalcum Pulse|[of] p1b: Koraidon\n|-activate|p1a: Brute Bonnet|ability: Protosynthesis\n|-start|p1a: Brute Bonnet|protosynthesisdef\n|-activate|p1b: Koraidon|Orichalcum Pulse|[source]\n|move|p2b: Flint|Taunt|p1b: Koraidon\n|-start|p1b: Koraidon|move: Taunt\n|move|p2a: Steve|U-turn|p1a: Brute Bonnet\n|-supereffective|p1a: Brute Bonnet\n|-damage|p1a: Brute Bonnet|51/100\n|\n|t:|1746075661\n|switch|p2a: The Nether|Kyogre, L50|100/100|[from] U-turn\n|-weather|RainDance|[from] ability: Drizzle|[of] p2a: The Nether\n|-end|p1a: Brute Bonnet|Protosynthesis\n|move|p1a: Brute Bonnet|Spore|p2b: Flint\n|-status|p2b: Flint|slp|[from] move: Spore\n|\n|-weather|RainDance|[upkeep]\n|-heal|p1a: Brute Bonnet|57/100|[from] Grassy Terrain\n|upkeep\n|turn|2\n|inactive|myshirtisdirty has 30 seconds left.\n|\n|t:|1746075694\n|-end|p1a: Brute Bonnet|Protosynthesis|[silent]\n|switch|p1a: Lunala|Lunala, L50|100/100\n|move|p1b: Koraidon|Close Combat|p2a: The Nether\n|-damage|p2a: The Nether|23/100\n|-unboost|p1b: Koraidon|def|1\n|-unboost|p1b: Koraidon|spd|1\n|-damage|p1b: Koraidon|91/100|[from] item: Life Orb\n|cant|p2b: Flint|slp\n|move|p2a: The Nether|Origin Pulse|p1b: Koraidon|[spread] p1a,p1b\n|-resisted|p1b: Koraidon\n|-damage|p1a: Lunala|67/100\n|-damage|p1b: Koraidon|16/100\n|\n|-weather|RainDance|[upkeep]\n|-heal|p1b: Koraidon|22/100|[from] Grassy Terrain\n|-heal|p1a: Lunala|73/100|[from] Grassy Terrain\n|-heal|p2a: The Nether|30/100|[from] Grassy Terrain\n|upkeep\n|turn|3\n|inactive|myshirtisdirty has 30 seconds left.\n|inactive|Fayzginger has 30 seconds left.\n|inactive|Fayzginger has 20 seconds left.\n|inactive|Fayzginger has 15 seconds left.\n|\n|t:|1746075737\n|move|p2a: The Nether|Protect|p2a: The Nether\n|-singleturn|p2a: The Nether|Protect\n|cant|p2b: Flint|slp\n|move|p1b: Koraidon|Close Combat|p2a: The Nether\n|-activate|p2a: The Nether|move: Protect\n|move|p1a: Lunala|Meteor Beam||[still]\n|-prepare|p1a: Lunala|Meteor Beam\n|-boost|p1a: Lunala|spa|1\n|-enditem|p1a: Lunala|Power Herb\n|-anim|p1a: Lunala|Meteor Beam|p2b: Flint\n|-supereffective|p2b: Flint\n|-damage|p2b: Flint|0 fnt\n|faint|p2b: Flint\n|\n|-weather|RainDance|[upkeep]\n|-heal|p1b: Koraidon|28/100|[from] Grassy Terrain\n|-heal|p1a: Lunala|79/100|[from] Grassy Terrain\n|-heal|p2a: The Nether|36/100|[from] Grassy Terrain\n|-end|p1b: Koraidon|move: Taunt\n|upkeep\n|\n|t:|1746075744\n|switch|p2b: Buck Chucket|Zacian-Crowned, L50|100/100\n|-ability|p2b: Buck Chucket|Intrepid Sword|boost\n|-boost|p2b: Buck Chucket|atk|1\n|turn|4\n|inactive|myshirtisdirty has 30 seconds left.\n|inactive|myshirtisdirty has 20 seconds left.\n|inactive|myshirtisdirty has 15 seconds left.\n|inactive|myshirtisdirty has 10 seconds left.\n|inactive|myshirtisdirty has 5 seconds left.\n|\n|t:|1746075795\n|move|p2b: Buck Chucket|Behemoth Blade|p1a: Lunala\n|-damage|p1a: Lunala|7/100\n|move|p1b: Koraidon|Close Combat|p2a: The Nether\n|-damage|p2a: The Nether|0 fnt\n|-unboost|p1b: Koraidon|def|1\n|-unboost|p1b: Koraidon|spd|1\n|faint|p2a: The Nether\n|-damage|p1b: Koraidon|19/100|[from] item: Life Orb\n|move|p1a: Lunala|Trick Room|p1a: Lunala\n|-fieldstart|move: Trick Room|[of] p1a: Lunala\n|\n|-weather|RainDance|[upkeep]\n|-heal|p1a: Lunala|14/100|[from] Grassy Terrain\n|-heal|p1b: Koraidon|25/100|[from] Grassy Terrain\n|upkeep\n|\n|t:|1746075799\n|switch|p2a: Steve|Rillaboom, L50, M, shiny|100/100\n|turn|5\n|\n|t:|1746075817\n|move|p2a: Steve|Grassy Glide|p1a: Lunala\n|-damage|p1a: Lunala|0 fnt\n|faint|p1a: Lunala\n|move|p1b: Koraidon|Close Combat|p2a: Steve\n|-damage|p2a: Steve|10/100\n|-unboost|p1b: Koraidon|def|1\n|-unboost|p1b: Koraidon|spd|1\n|-damage|p1b: Koraidon|15/100|[from] item: Life Orb\n|move|p2b: Buck Chucket|Behemoth Blade|p1b: Koraidon\n|-damage|p1b: Koraidon|0 fnt\n|faint|p1b: Koraidon\n|\n|-weather|none\n|-heal|p2a: Steve|17/100|[from] Grassy Terrain\n|-fieldend|move: Grassy Terrain\n|upkeep\n|\n|t:|1746075829\n|switch|p1a: Ursaluna|Ursaluna, L50, M|100/100\n|switch|p1b: Brute Bonnet|Brute Bonnet, L50|57/100\n|turn|6\n|inactive|myshirtisdirty has 30 seconds left.\n|\n|t:|1746075861\n|-terastallize|p1a: Ursaluna|Ghost\n|move|p2b: Buck Chucket|Protect|p2b: Buck Chucket\n|-singleturn|p2b: Buck Chucket|Protect\n|move|p1b: Brute Bonnet|Rage Powder|p1b: Brute Bonnet\n|-singleturn|p1b: Brute Bonnet|move: Rage Powder\n|move|p1a: Ursaluna|Facade|p2a: Steve\n|-damage|p2a: Steve|0 fnt\n|faint|p2a: Steve\n|\n|-status|p1a: Ursaluna|brn|[from] item: Flame Orb\n|upkeep\n|turn|7\n|\n|t:|1746075878\n|-terastallize|p2b: Buck Chucket|Ground\n|move|p1a: Ursaluna|Headlong Rush|p2b: Buck Chucket\n|-damage|p2b: Buck Chucket|0 fnt\n|-unboost|p1a: Ursaluna|def|1\n|-unboost|p1a: Ursaluna|spd|1\n|faint|p2b: Buck Chucket\n|\n|win|myshirtisdirty\n|raw|myshirtisdirty's rating: 1212 &rarr; <strong>1238</strong><br />(+26 for winning)\n|raw|Fayzginger's rating: 1230 &rarr; <strong>1204</strong><br />(-26 for losing)\n", "uploadtime": 1746075890, "views": 12, "formatid": "gen9vgc2025regibo3", "rating": 1204, "private": 0, "password": null}