{"id": "gen9vgc2025regibo3-2354315509", "format": "[Gen 9] VGC 2025 Reg I (Bo3)", "players": ["RegGsBiggestHater", "Ales n Dragons"], "log": "|j|\u2606RegGsBiggestHater\n|j|\u2606Ales n Dragons\n|html|<table width=\"100%\"><tr><td align=\"left\">RegGsBiggestHater</td><td align=\"right\">Ales n Dragons</tr><tr><td align=\"left\"><i class=\"fa fa-circle-o\"></i> <i class=\"fa fa-circle-o\"></i> </td><td align=\"right\"><i class=\"fa fa-circle-o\"></i> <i class=\"fa fa-circle-o\"></i> </tr></table>\n|uhtml|bestof|<h2><strong>Game 1</strong> of <a href=\"/game-bestof3-gen9vgc2025regibo3-2354315508\">a best-of-3</a></h2>\n|t:|1746056407\n|gametype|doubles\n|player|p1|RegGsBiggestHater|byron|1000\n|player|p2|Ales n Dragons|veteran-gen4|1066\n|teamsize|p1|6\n|teamsize|p2|6\n|gen|9\n|tier|[Gen 9] VGC 2025 Reg I (Bo3)\n|rated|\n|rule|Species Clause: Limit one of each Pok\u00e9mon\n|rule|Item Clause: Limit 1 of each item\n|clearpoke\n|poke|p1|Miraidon, L50|\n|poke|p1|Ho-Oh, L50|\n|poke|p1|Iron Hands, L50|\n|poke|p1|Farigiraf, L50, M|\n|poke|p1|Iron Treads, L50|\n|poke|p1|Urshifu-*, L50, F|\n|poke|p2|Ho-Oh, L50|\n|poke|p2|Groudon, L50|\n|poke|p2|Chi-Yu, L50|\n|poke|p2|Rillaboom, L50, M|\n|poke|p2|Flutter Mane, L50|\n|poke|p2|Brute Bonnet, L50|\n|teampreview|4\n|showteam|p1|Miraidon||ChoiceSpecs|HadronEngine|ElectroDrift,DazzlingGleam,VoltSwitch,DracoMeteor||||||50|,,,,,Fairy]Ho-Oh||CovertCloak|Regenerator|SacredFire,Tailwind,Protect,BraveBird||||||50|,,,,,Grass]Iron Hands||AssaultVest|QuarkDrive|FakeOut,LowKick,DrainPunch,WildCharge||||||50|,,,,,Bug]Farigiraf||ElectricSeed|ArmorTail|TrickRoom,FoulPlay,HelpingHand,Psychic|||M|||50|,,,,,Water]Iron Treads||ChoiceBand|QuarkDrive|Earthquake,IronHead,HighHorsepower,KnockOff||||||50|,,,,,Ghost]Urshifu-Rapid-Strike||ChoiceScarf|UnseenFist|SurgingStrikes,CloseCombat,AquaJet,Uturn|||F|||50|,,,,,Water\n|showteam|p2|Ho-Oh||ClearAmulet|Regenerator|SacredFire,BraveBird,Protect,Tailwind||||||50|,,,,,Fire]Groudon||AssaultVest|Drought|HeatCrash,ThunderPunch,PrecipiceBlades,HeavySlam||||||50|,,,,,Fire]Chi-Yu||ChoiceScarf|BeadsofRuin|Snarl,DarkPulse,HeatWave,Overheat||||||50|,,,,,Ghost]Rillaboom||MiracleSeed|GrassySurge|FakeOut,Taunt,GrassyGlide,Protect|||M|||50|,,,,,Fire]Flutter Mane||BoosterEnergy|Protosynthesis|IcyWind,ShadowBall,Moonblast,Protect||||||50|,,,,,Fairy]Brute Bonnet||CovertCloak|Protosynthesis|Spore,SeedBomb,RagePowder,SuckerPunch||||||50|,,,,,Grass\n|inactive|Battle timer is ON: inactive players will automatically lose when time's up. (requested by Ales n Dragons)\n|inactive|Ales n Dragons has 60 seconds left.\n|inactive|RegGsBiggestHater has 60 seconds left.\n|\n|t:|1746056480\n|start\n|switch|p1a: Iron Treads|Iron Treads, L50|100/100\n|switch|p1b: Ho-Oh|Ho-Oh, L50, shiny|100/100\n|switch|p2a: Ho-Oh|Ho-Oh, L50|100/100\n|switch|p2b: Rillaboom|Rillaboom, L50, M|100/100\n|-fieldstart|move: Grassy Terrain|[from] ability: Grassy Surge|[of] p2b: Rillaboom\n|turn|1\n|inactive|RegGsBiggestHater has 30 seconds left.\n|inactive|Ales n Dragons has 30 seconds left.\n|inactive|RegGsBiggestHater has 20 seconds left.\n|inactive|RegGsBiggestHater has 15 seconds left.\n|inactive|Ales n Dragons has 20 seconds left.\n|inactive|RegGsBiggestHater has 10 seconds left.\n|\n|t:|1746056526\n|-terastallize|p2b: Rillaboom|Fire\n|move|p2b: Rillaboom|Fake Out|p1a: Iron Treads\n|-resisted|p1a: Iron Treads\n|-damage|p1a: Iron Treads|95/100\n|cant|p1a: Iron Treads|flinch\n|move|p1b: Ho-Oh|Tailwind|p1b: Ho-Oh\n|-sidestart|p1: RegGsBiggestHater|move: Tailwind\n|move|p2a: Ho-Oh|Sacred Fire|p1a: Iron Treads\n|-supereffective|p1a: Iron Treads\n|-damage|p1a: Iron Treads|0 fnt\n|faint|p1a: Iron Treads\n|-end|p1a: Iron Treads|Quark Drive|[silent]\n|\n|upkeep\n|\n|t:|1746056541\n|switch|p1a: Miraidon|Miraidon, L50|100/100\n|-fieldstart|move: Electric Terrain|[from] ability: Hadron Engine|[of] p1a: Miraidon\n|turn|2\n|\n|t:|1746056555\n|switch|p2a: Groudon|Groudon, L50|100/100\n|-weather|SunnyDay|[from] ability: Drought|[of] p2a: Groudon\n|move|p2b: Rillaboom|Protect|p2b: Rillaboom\n|-singleturn|p2b: Rillaboom|Protect\n|move|p1a: Miraidon|Volt Switch|p2a: Groudon\n|-immune|p2a: Groudon\n|move|p1b: Ho-Oh|Brave Bird|p2b: Rillaboom\n|-activate|p2b: Rillaboom|move: Protect\n|\n|-weather|SunnyDay|[upkeep]\n|upkeep\n|turn|3\n|inactive|Ales n Dragons has 30 seconds left.\n|\n|t:|1746056590\n|switch|p2a: Ho-Oh|Ho-Oh, L50|100/100\n|move|p1b: Ho-Oh|Protect|p1b: Ho-Oh\n|-singleturn|p1b: Ho-Oh|Protect\n|move|p1a: Miraidon|Volt Switch|p2b: Rillaboom\n|-damage|p2b: Rillaboom|7/100\n|\n|t:|1746056597\n|switch|p1a: Iron Hands|Iron Hands, L50|100/100|[from] Volt Switch\n|-activate|p1a: Iron Hands|ability: Quark Drive\n|-start|p1a: Iron Hands|quarkdriveatk\n|move|p2b: Rillaboom|Grassy Glide|p1a: Iron Hands\n|-damage|p1a: Iron Hands|76/100\n|\n|-weather|SunnyDay|[upkeep]\n|upkeep\n|turn|4\n|inactive|RegGsBiggestHater has 30 seconds left.\n|inactive|RegGsBiggestHater has 20 seconds left.\n|inactive|RegGsBiggestHater has 15 seconds left.\n|\n|t:|1746056639\n|switch|p2b: Flutter Mane|Flutter Mane, L50|100/100\n|-activate|p2b: Flutter Mane|ability: Protosynthesis\n|-start|p2b: Flutter Mane|protosynthesisspe\n|move|p2a: Ho-Oh|Protect|p2a: Ho-Oh\n|-singleturn|p2a: Ho-Oh|Protect\n|move|p1a: Iron Hands|Fake Out|p2b: Flutter Mane\n|-immune|p2b: Flutter Mane\n|move|p1b: Ho-Oh|Brave Bird|p2a: Ho-Oh\n|-activate|p2a: Ho-Oh|move: Protect\n|\n|-weather|SunnyDay|[upkeep]\n|-sideend|p1: RegGsBiggestHater|move: Tailwind\n|upkeep\n|turn|5\n|inactive|Ales n Dragons has 30 seconds left.\n|inactive|Ales n Dragons has 20 seconds left.\n|\n|t:|1746056674\n|-terastallize|p1a: Iron Hands|Bug\n|move|p2b: Flutter Mane|Icy Wind|p1a: Iron Hands|[spread] p1a,p1b\n|-damage|p1a: Iron Hands|70/100\n|-damage|p1b: Ho-Oh|93/100\n|-unboost|p1a: Iron Hands|spe|1\n|move|p1b: Ho-Oh|Tailwind|p1b: Ho-Oh\n|-sidestart|p1: RegGsBiggestHater|move: Tailwind\n|move|p2a: Ho-Oh|Sacred Fire|p1a: Iron Hands\n|-supereffective|p1a: Iron Hands\n|-damage|p1a: Iron Hands|0 fnt\n|faint|p1a: Iron Hands\n|-end|p1a: Iron Hands|Quark Drive|[silent]\n|\n|-weather|SunnyDay|[upkeep]\n|upkeep\n|\n|t:|1746056686\n|switch|p1a: Miraidon|Miraidon, L50|100/100\n|-activate|p1a: Miraidon|ability: Hadron Engine\n|turn|6\n|\n|t:|1746056710\n|switch|p2a: Rillaboom|Rillaboom, L50, M, tera:Fire|7/100\n|-fieldstart|move: Grassy Terrain|[from] ability: Grassy Surge|[of] p2a: Rillaboom\n|move|p1a: Miraidon|Electro Drift|p2b: Flutter Mane\n|-damage|p2b: Flutter Mane|26/100\n|move|p2b: Flutter Mane|Moonblast|p1a: Miraidon\n|-supereffective|p1a: Miraidon\n|-damage|p1a: Miraidon|27/100\n|-unboost|p1a: Miraidon|spa|1\n|move|p1b: Ho-Oh|Brave Bird|p2a: Rillaboom\n|-damage|p2a: Rillaboom|0 fnt\n|faint|p2a: Rillaboom\n|-damage|p1b: Ho-Oh|91/100|[from] Recoil\n|\n|-weather|none\n|-end|p2b: Flutter Mane|Protosynthesis\n|-heal|p1a: Miraidon|33/100|[from] Grassy Terrain\n|-heal|p2b: Flutter Mane|32/100|[from] Grassy Terrain\n|upkeep\n|-enditem|p2b: Flutter Mane|Booster Energy\n|-activate|p2b: Flutter Mane|ability: Protosynthesis|[fromitem]\n|-start|p2b: Flutter Mane|protosynthesisspe\n|\n|t:|1746056731\n|switch|p2a: Groudon|Groudon, L50|100/100\n|-weather|SunnyDay|[from] ability: Drought|[of] p2a: Groudon\n|turn|7\n|\n|t:|1746056750\n|move|p2b: Flutter Mane|Protect|p2b: Flutter Mane\n|-singleturn|p2b: Flutter Mane|Protect\n|move|p1a: Miraidon|Electro Drift|p2b: Flutter Mane\n|-activate|p2b: Flutter Mane|move: Protect\n|move|p1b: Ho-Oh|Brave Bird|p2a: Groudon\n|-damage|p2a: Groudon|58/100\n|-damage|p1b: Ho-Oh|77/100|[from] Recoil\n|move|p2a: Groudon|Precipice Blades|p1a: Miraidon|[spread] p1a\n|-immune|p1b: Ho-Oh\n|-supereffective|p1a: Miraidon\n|-damage|p1a: Miraidon|0 fnt\n|faint|p1a: Miraidon\n|\n|-weather|SunnyDay|[upkeep]\n|-heal|p2b: Flutter Mane|38/100|[from] Grassy Terrain\n|-heal|p2a: Groudon|64/100|[from] Grassy Terrain\n|upkeep\n|turn|8\n|-message|RegGsBiggestHater forfeited.\n|\n|win|Ales n Dragons\n|l|\u2606RegGsBiggestHater\n|player|p1|\n||RegGsBiggestHater is ready for game 2.\n||Ales n Dragons is ready for game 2.\n|uhtml|next|Next: <a href=\"/battle-gen9vgc2025regibo3-2354318683\"><strong>Game 2 of 3</strong></a>\n|l|\u2606Ales n Dragons\n|player|p2|\n|j|\u2606RegGsBiggestHater\n|player|p1|RegGsBiggestHater|byron|\n", "uploadtime": 1746057503, "views": 10, "formatid": "gen9vgc2025regibo3", "rating": null, "private": 0, "password": null}