{"id": "gen9vgc2025regibo3-2353535257", "format": "[Gen 9] VGC 2025 Reg I (Bo3)", "players": ["JamPhi96", "PresidentObuga"], "log": "|j|\u2606JamPhi96\n|j|\u2606PresidentObuga\n|html|<table width=\"100%\"><tr><td align=\"left\">JamPhi96</td><td align=\"right\">PresidentObuga</tr><tr><td align=\"left\"><i class=\"fa fa-circle-o\"></i> <i class=\"fa fa-circle-o\"></i> </td><td align=\"right\"><i class=\"fa fa-circle-o\"></i> <i class=\"fa fa-circle-o\"></i> </tr></table>\n|uhtml|bestof|<h2><strong>Game 1</strong> of <a href=\"/game-bestof3-gen9vgc2025regibo3-2353535256\">a best-of-3</a></h2>\n|t:|1745965544\n|gametype|doubles\n|player|p1|JamPhi96|2|1073\n|player|p2|PresidentObuga|ghetsis|1148\n|teamsize|p1|6\n|teamsize|p2|6\n|gen|9\n|tier|[Gen 9] VGC 2025 Reg I (Bo3)\n|rated|\n|rule|Species Clause: Limit one of each Pok\u00e9mon\n|rule|Item Clause: Limit 1 of each item\n|clearpoke\n|poke|p1|Brute Bonnet, L50|\n|poke|p1|Koraidon, L50|\n|poke|p1|Raging Bolt, L50|\n|poke|p1|Zamazenta-*, L50|\n|poke|p1|Whimsicott, L50, M|\n|poke|p1|Slither Wing, L50|\n|poke|p2|Indeedee-F, L50, F|\n|poke|p2|Raging Bolt, L50|\n|poke|p2|Torkoal, L50, M|\n|poke|p2|Lunala, L50|\n|poke|p2|Koraidon, L50|\n|poke|p2|Incineroar, L50, F|\n|teampreview|4\n|showteam|p1|Brute Bonnet||RockyHelmet|Protosynthesis|RagePowder,SuckerPunch,Spore,Trailblaze||||||50|,,,,,Fairy]Koraidon||LifeOrb|OrichalcumPulse|Protect,FlameCharge,FlareBlitz,CloseCombat||||||50|,,,,,Fire]Raging Bolt||AssaultVest|Protosynthesis|Electroweb,Thunderclap,VoltSwitch,DracoMeteor||||||50|,,,,,Fairy]Zamazenta-Crowned||RustedShield|DauntlessShield|BodyPress,WideGuard,behemothbash,Protect||||||50|,,,,,Ghost]Whimsicott||CovertCloak|Prankster|Tailwind,SunnyDay,Moonblast,Protect|||M|||50|,,,,,Water]Slither Wing||FocusSash|Protosynthesis|FirstImpression,Uturn,Protect,SunnyDay||||||50|,,,,,Bug\n|showteam|p2|Indeedee-F||SafetyGoggles|PsychicSurge|FollowMe,TrickRoom,Psychic,HelpingHand|||F|||50|,,,,,Fairy]Raging Bolt||AssaultVest|Protosynthesis|Thunderclap,DracoMeteor,Thunderbolt,VoltSwitch||||||50|,,,,,Fairy]Torkoal||ChoiceSpecs|Drought|EarthPower,HeatWave,WeatherBall,Eruption|||M|||50|,,,,,Fire]Lunala||PowerHerb|ShadowShield|MoongeistBeam,MeteorBeam,WideGuard,TrickRoom||||||50|,,,,,Water]Koraidon||LifeOrb|OrichalcumPulse|FlameCharge,FlareBlitz,CloseCombat,Protect||||||50|,,,,,Fire]Incineroar||SitrusBerry|Intimidate|FakeOut,PartingShot,Protect,FlareBlitz|||F|||50|,,,,,Ghost\n|inactive|Battle timer is ON: inactive players will automatically lose when time's up. (requested by JamPhi96)\n|inactive|PresidentObuga has 60 seconds left.\n|\n|t:|1745965610\n|start\n|switch|p1a: Koraidon|Koraidon, L50|100/100\n|switch|p1b: Slither Wing|Slither Wing, L50|100/100\n|switch|p2a: Koraidon|Koraidon, L50|100/100\n|switch|p2b: Incineroar|Incineroar, L50, F|100/100\n|-weather|SunnyDay|[from] ability: Orichalcum Pulse|[of] p2a: Koraidon\n|-activate|p1b: Slither Wing|ability: Protosynthesis\n|-start|p1b: Slither Wing|protosynthesisatk\n|-activate|p2a: Koraidon|Orichalcum Pulse|[source]\n|-activate|p1a: Koraidon|ability: Orichalcum Pulse\n|-ability|p2b: Incineroar|Intimidate|boost\n|-unboost|p1a: Koraidon|atk|1\n|-unboost|p1b: Slither Wing|atk|1\n|turn|1\n|\n|t:|1745965633\n|-terastallize|p2a: Koraidon|Fire\n|move|p1a: Koraidon|Protect|p1a: Koraidon\n|-singleturn|p1a: Koraidon|Protect\n|move|p1b: Slither Wing|Protect|p1b: Slither Wing\n|-singleturn|p1b: Slither Wing|Protect\n|move|p2b: Incineroar|Fake Out|p1b: Slither Wing\n|-activate|p1b: Slither Wing|move: Protect\n|move|p2a: Koraidon|Flame Charge|p1b: Slither Wing\n|-activate|p1b: Slither Wing|move: Protect\n|\n|-weather|SunnyDay|[upkeep]\n|upkeep\n|turn|2\n|inactive|JamPhi96 has 30 seconds left.\n|inactive|JamPhi96 has 20 seconds left.\n|inactive|JamPhi96 has 15 seconds left.\n|\n|t:|1745965674\n|switch|p2b: Lunala|Lunala, L50|100/100\n|move|p2a: Koraidon|Flame Charge|p1b: Slither Wing\n|-supereffective|p1b: Slither Wing\n|-enditem|p1b: Slither Wing|Focus Sash\n|-damage|p1b: Slither Wing|1/100\n|-boost|p2a: Koraidon|spe|1\n|-damage|p2a: Koraidon|91/100|[from] item: Life Orb\n|move|p1a: Koraidon|Close Combat|p2a: Koraidon\n|-damage|p2a: Koraidon|24/100\n|-unboost|p1a: Koraidon|def|1\n|-unboost|p1a: Koraidon|spd|1\n|-damage|p1a: Koraidon|91/100|[from] item: Life Orb\n|move|p1b: Slither Wing|U-turn|p2b: Lunala\n|-damage|p2b: Lunala|89/100\n|inactive|JamPhi96 has 30 seconds left.\n|\n|t:|1745965701\n|-end|p1b: Slither Wing|Protosynthesis|[silent]\n|switch|p1b: Zamazenta|Zamazenta-Crowned, L50|100/100|[from] U-turn\n|-ability|p1b: Zamazenta|Dauntless Shield|boost\n|-boost|p1b: Zamazenta|def|1\n|\n|-weather|SunnyDay|[upkeep]\n|upkeep\n|turn|3\n|inactive|JamPhi96 has 30 seconds left.\n|\n|t:|1745965729\n|switch|p1a: Slither Wing|Slither Wing, L50|1/100\n|-activate|p1a: Slither Wing|ability: Protosynthesis\n|-start|p1a: Slither Wing|protosynthesisatk\n|-terastallize|p1b: Zamazenta|Ghost\n|move|p2a: Koraidon|Close Combat|p1a: Slither Wing\n|-resisted|p1a: Slither Wing\n|-damage|p1a: Slither Wing|0 fnt\n|-unboost|p2a: Koraidon|def|1\n|-unboost|p2a: Koraidon|spd|1\n|faint|p1a: Slither Wing\n|-end|p1a: Slither Wing|Protosynthesis|[silent]\n|-damage|p2a: Koraidon|14/100|[from] item: Life Orb\n|move|p1b: Zamazenta|Body Press|p2a: Koraidon\n|-damage|p2a: Koraidon|0 fnt\n|faint|p2a: Koraidon\n|move|p2b: Lunala|Trick Room|p2b: Lunala\n|-fieldstart|move: Trick Room|[of] p2b: Lunala\n|\n|-weather|SunnyDay|[upkeep]\n|upkeep\n|\n|t:|1745965749\n|switch|p1a: Brute Bonnet|Brute Bonnet, L50|100/100\n|switch|p2a: Torkoal|Torkoal, L50, M|100/100\n|-activate|p1a: Brute Bonnet|ability: Protosynthesis\n|-start|p1a: Brute Bonnet|protosynthesisatk\n|turn|4\n|\n|t:|1745965764\n|move|p1b: Zamazenta|Wide Guard|p1b: Zamazenta\n|-singleturn|p1b: Zamazenta|Wide Guard\n|move|p1a: Brute Bonnet|Sucker Punch|p2b: Lunala\n|-supereffective|p2b: Lunala\n|-damage|p2b: Lunala|0 fnt\n|faint|p2b: Lunala\n|move|p2a: Torkoal|Weather Ball|p1a: Brute Bonnet\n|-supereffective|p1a: Brute Bonnet\n|-damage|p1a: Brute Bonnet|0 fnt\n|faint|p1a: Brute Bonnet\n|-end|p1a: Brute Bonnet|Protosynthesis|[silent]\n|\n|-weather|SunnyDay|[upkeep]\n|upkeep\n|\n|t:|1745965776\n|switch|p2b: Incineroar|Incineroar, L50, F|100/100\n|switch|p1a: Koraidon|Koraidon, L50|91/100\n|-ability|p2b: Incineroar|Intimidate|boost\n|-unboost|p1a: Koraidon|atk|1\n|-unboost|p1b: Zamazenta|atk|1\n|-activate|p1a: Koraidon|ability: Orichalcum Pulse\n|turn|5\n|\n|t:|1745965793\n|move|p1b: Zamazenta|Protect||[still]\n|-fail|p1b: Zamazenta\n|move|p1a: Koraidon|Protect|p1a: Koraidon\n|-singleturn|p1a: Koraidon|Protect\n|move|p2a: Torkoal|Weather Ball|p1b: Zamazenta\n|-damage|p1b: Zamazenta|34/100\n|move|p2b: Incineroar|Flare Blitz|p1a: Koraidon\n|-activate|p1a: Koraidon|move: Protect\n|\n|-weather|none\n|upkeep\n|turn|6\n|inactive|JamPhi96 has 30 seconds left.\n|inactive|PresidentObuga has 30 seconds left.\n|\n|t:|1745965826\n|move|p2a: Torkoal|Weather Ball|p1a: Koraidon\n|-damage|p1a: Koraidon|68/100\n|move|p2b: Incineroar|Flare Blitz|p1b: Zamazenta\n|-damage|p1b: Zamazenta|17/100\n|-status|p1b: Zamazenta|brn\n|-damage|p2b: Incineroar|95/100|[from] Recoil\n|move|p1b: Zamazenta|Body Press|p2a: Torkoal\n|-crit|p2a: Torkoal\n|-damage|p2a: Torkoal|62/100\n|move|p1a: Koraidon|Close Combat|p2b: Incineroar\n|-supereffective|p2b: Incineroar\n|-damage|p2b: Incineroar|0 fnt\n|-unboost|p1a: Koraidon|def|1\n|-unboost|p1a: Koraidon|spd|1\n|faint|p2b: Incineroar\n|-damage|p1a: Koraidon|59/100|[from] item: Life Orb\n|\n|-damage|p1b: Zamazenta|11/100 brn|[from] brn\n|upkeep\n|turn|7\n|-message|PresidentObuga forfeited.\n|\n|win|JamPhi96\n|l|\u2606PresidentObuga\n|player|p2|\n||PresidentObuga is ready for game 2.\n|l|\u2606JamPhi96\n|player|p1|\n|inactive|JamPhi96 has 30 seconds to confirm battle start!\n||JamPhi96 is ready for game 2.\n|uhtml|next|Next: <a href=\"/battle-gen9vgc2025regibo3-2353537972\"><strong>Game 2 of 3</strong></a>\n", "uploadtime": 1745966153, "views": 6, "formatid": "gen9vgc2025regibo3", "rating": null, "private": 0, "password": null}