{"id": "gen9vgc2025regibo3-2354456918", "format": "[Gen 9] VGC 2025 Reg I (Bo3)", "players": ["elunex", "wizzpoower"], "log": "|j|\u2606elunex\n|j|\u2606wizzpoower\n|html|<table width=\"100%\"><tr><td align=\"left\">elunex</td><td align=\"right\">wizzpoower</tr><tr><td align=\"left\"><i class=\"fa fa-circle-o\"></i> <i class=\"fa fa-circle-o\"></i> </td><td align=\"right\"><i class=\"fa fa-circle-o\"></i> <i class=\"fa fa-circle\"></i> </tr></table>\n|uhtml|bestof|<h2><strong>Game 2</strong> of <a href=\"/game-bestof3-gen9vgc2025regibo3-2354455577\">a best-of-3</a></h2>\n|t:|1746074457\n|gametype|doubles\n|player|p1|elunex|169|1180\n|player|p2|wizzpoower|cheren-masters|1262\n|teamsize|p1|6\n|teamsize|p2|6\n|gen|9\n|tier|[Gen 9] VGC 2025 Reg I (Bo3)\n|rated|\n|rule|Species Clause: Limit one of each Pok\u00e9mon\n|rule|Item Clause: Limit 1 of each item\n|clearpoke\n|poke|p1|Zacian-*, L50|\n|poke|p1|Kyogre, L50|\n|poke|p1|Tornadus, L50, M|\n|poke|p1|Farigiraf, L50, F|\n|poke|p1|Weezing, L50, M|\n|poke|p1|Rillaboom, L50, M|\n|poke|p2|Miraidon, L50|\n|poke|p2|Urshifu-*, L50, F|\n|poke|p2|Iron Hands, L50|\n|poke|p2|Iron Treads, L50|\n|poke|p2|Farigiraf, L50, M|\n|poke|p2|Ho-Oh, L50|\n|teampreview|4\n|showteam|p1|Zacian-Crowned||RustedSword|IntrepidSword|behemothblade,PlayRough,SacredSword,Protect||||||50|,,,,,Grass]Kyogre||ChoiceScarf|Drizzle|TeraBlast,WaterSpout,OriginPulse,IceBeam||||||50|,,,,,Water]Tornadus||CovertCloak|Prankster|BleakwindStorm,Taunt,RainDance,Tailwind|||M|||50|,,,,,Dark]Farigiraf||AguavBerry|ArmorTail|FoulPlay,HelpingHand,Imprison,TrickRoom|||F|||50|,,,,,Ground]Weezing||SitrusBerry|NeutralizingGas|GunkShot,Taunt,WillOWisp,Protect|||M|||50|,,,,,Dark]Rillaboom||AssaultVest|GrassySurge|WoodHammer,GrassyGlide,HighHorsepower,FakeOut|||M|||50|,,,,,Steel\n|showteam|p2|Miraidon||ChoiceSpecs|HadronEngine|ElectroDrift,VoltSwitch,DracoMeteor,DazzlingGleam||||||50|,,,,,Fairy]Urshifu||FocusSash|UnseenFist|WickedBlow,SuckerPunch,CloseCombat,Detect|||F|||50|,,,,,Dark]Iron Hands||AssaultVest|QuarkDrive|DrainPunch,LowKick,HeavySlam,FakeOut||||||50|,,,,,Poison]Iron Treads||ChoiceBand|QuarkDrive|HighHorsepower,IronHead,SteelRoller,RockSlide||||||50|,,,,,Ghost]Farigiraf||ElectricSeed|ArmorTail|Psychic,Roar,TrickRoom,HelpingHand|||M|||50|,,,,,Water]Ho-Oh||ClearAmulet|Regenerator|BraveBird,SacredFire,Protect,Tailwind||||||50|,,,,,Grass\n|inactive|Battle timer is ON: inactive players will automatically lose when time's up. (requested by elunex)\n|\n|t:|1746074478\n|start\n|switch|p1a: Kyogre|Kyogre, L50|100/100\n|switch|p1b: Farigiraf|Farigiraf, L50, F|100/100\n|switch|p2a: crimsonracer|Iron Treads, L50, shiny|100/100\n|switch|p2b: megabeast:3|Miraidon, L50|100/100\n|-weather|RainDance|[from] ability: Drizzle|[of] p1a: Kyogre\n|-fieldstart|move: Electric Terrain|[from] ability: Hadron Engine|[of] p2b: megabeast:3\n|-activate|p2a: crimsonracer|ability: Quark Drive\n|-start|p2a: crimsonracer|quarkdrivespe\n|turn|1\n|\n|t:|1746074502\n|switch|p1b: Rillaboom|Rillaboom, L50, M|100/100\n|-fieldstart|move: Grassy Terrain|[from] ability: Grassy Surge|[of] p1b: Rillaboom\n|-end|p2a: crimsonracer|Quark Drive\n|-terastallize|p1a: Kyogre|Water\n|move|p1a: Kyogre|Water Spout|p2b: megabeast:3|[spread] p2a,p2b\n|-supereffective|p2a: crimsonracer\n|-resisted|p2b: megabeast:3\n|-damage|p2a: crimsonracer|0 fnt\n|-damage|p2b: megabeast:3|50/100\n|faint|p2a: crimsonracer\n|-end|p2a: crimsonracer|Quark Drive|[silent]\n|move|p2b: megabeast:3|Volt Switch|p1a: Kyogre\n|-supereffective|p1a: Kyogre\n|-damage|p1a: Kyogre|5/100\n|\n|t:|1746074513\n|switch|p2b: mythicdreamr|Farigiraf, L50, M, shiny|100/100|[from] Volt Switch\n|\n|-weather|RainDance|[upkeep]\n|-heal|p1a: Kyogre|11/100|[from] Grassy Terrain\n|upkeep\n|\n|t:|1746074514\n|switch|p2a: megabeast:3|Miraidon, L50|50/100\n|-fieldstart|move: Electric Terrain|[from] ability: Hadron Engine|[of] p2a: megabeast:3\n|-enditem|p2b: mythicdreamr|Electric Seed\n|-boost|p2b: mythicdreamr|def|1|[from] item: Electric Seed\n|turn|2\n|\n|t:|1746074526\n|switch|p1a: Farigiraf|Farigiraf, L50, F|100/100\n|move|p2a: megabeast:3|Draco Meteor|p1b: Rillaboom\n|-damage|p1b: Rillaboom|14/100\n|-unboost|p2a: megabeast:3|spa|2\n|move|p1b: Rillaboom|High Horsepower|p2a: megabeast:3\n|-supereffective|p2a: megabeast:3\n|-damage|p2a: megabeast:3|0 fnt\n|faint|p2a: megabeast:3\n|move|p2b: mythicdreamr|Psychic|p1a: Farigiraf\n|-resisted|p1a: Farigiraf\n|-damage|p1a: Farigiraf|86/100\n|\n|-weather|RainDance|[upkeep]\n|upkeep\n|\n|t:|1746074533\n|switch|p2a: radicalqueen|Urshifu, L50, F|100/100\n|turn|3\n|\n|t:|1746074547\n|move|p2a: radicalqueen|Wicked Blow|p1a: Farigiraf\n|-supereffective|p1a: Farigiraf\n|-crit|p1a: Farigiraf\n|-damage|p1a: Farigiraf|0 fnt\n|faint|p1a: Farigiraf\n|move|p1b: Rillaboom|Wood Hammer|p2a: radicalqueen\n|-crit|p2a: radicalqueen\n|-damage|p2a: radicalqueen|4/100\n|-damage|p1b: Rillaboom|0 fnt|[from] Recoil\n|faint|p1b: Rillaboom\n|move|p2b: mythicdreamr|Psychic|p1: Farigiraf|[notarget]\n|-fail|p2b: mythicdreamr\n|\n|-weather|RainDance|[upkeep]\n|upkeep\n|\n|t:|1746074553\n|switch|p1b: Zacian|Zacian-Crowned, L50|100/100\n|switch|p1a: Kyogre|Kyogre, L50, tera:Water|11/100\n|-ability|p1b: Zacian|Intrepid Sword|boost\n|-boost|p1b: Zacian|atk|1\n|turn|4\n|inactive|wizzpoower has 30 seconds left.\n|inactive|wizzpoower has 20 seconds left.\n|inactive|wizzpoower has 15 seconds left.\n|inactive|wizzpoower has 10 seconds left.\n|inactive|wizzpoower has 5 seconds left.\n|\n|t:|1746074604\n|-terastallize|p2b: mythicdreamr|Water\n|move|p2a: radicalqueen|Sucker Punch|p1a: Kyogre\n|-damage|p1a: Kyogre|0 fnt\n|faint|p1a: Kyogre\n|move|p1b: Zacian|Behemoth Blade|p2a: radicalqueen\n|-damage|p2a: radicalqueen|0 fnt\n|faint|p2a: radicalqueen\n|move|p2b: mythicdreamr|Psychic|p1b: Zacian\n|-resisted|p1b: Zacian\n|-damage|p1b: Zacian|85/100\n|\n|-weather|RainDance|[upkeep]\n|upkeep\n|turn|5\n|\n|t:|1746074612\n|move|p1b: Zacian|Play Rough|p2b: mythicdreamr\n|-damage|p2b: mythicdreamr|59/100\n|move|p2b: mythicdreamr|Psychic|p1b: Zacian\n|-resisted|p1b: Zacian\n|-damage|p1b: Zacian|70/100\n|\n|-weather|none\n|upkeep\n|turn|6\n|\n|t:|1746074618\n|move|p1b: Zacian|Play Rough|p2b: mythicdreamr\n|-damage|p2b: mythicdreamr|17/100\n|move|p2b: mythicdreamr|Psychic|p1b: Zacian\n|-resisted|p1b: Zacian\n|-damage|p1b: Zacian|55/100\n|-unboost|p1b: Zacian|spd|1\n|\n|-fieldend|move: Electric Terrain\n|upkeep\n|turn|7\n|\n|t:|1746074621\n|move|p1b: Zacian|Sacred Sword|p2b: mythicdreamr\n|-damage|p2b: mythicdreamr|0 fnt\n|faint|p2b: mythicdreamr\n|\n|win|elunex\n||elunex is ready for game 3.\n||wizzpoower is ready for game 3.\n|uhtml|next|Next: <a href=\"/battle-gen9vgc2025regibo3-2354457965\"><strong>Game 3 of 3</strong></a>\n|l|\u2606elunex\n|player|p1|\n", "uploadtime": 1746074942, "views": 9, "formatid": "gen9vgc2025regibo3", "rating": null, "private": 0, "password": null}