{"id": "gen9vgc2025regibo3-2354177612", "format": "[Gen 9] VGC 2025 Reg I (Bo3)", "players": ["LaTentacion", "Schroombert"], "log": "|j|\u2606LaTentacion\n|j|\u2606Schroombert\n|html|<table width=\"100%\"><tr><td align=\"left\">LaTentacion</td><td align=\"right\">Schroombert</tr><tr><td align=\"left\"><i class=\"fa fa-circle\"></i> <i class=\"fa fa-circle-o\"></i> </td><td align=\"right\"><i class=\"fa fa-circle-o\"></i> <i class=\"fa fa-circle\"></i> </tr></table>\n|uhtml|bestof|<h2><strong>Game 3</strong> of <a href=\"/game-bestof3-gen9vgc2025regibo3-2354174314\">a best-of-3</a></h2>\n|t:|1746041779\n|gametype|doubles\n|player|p1|LaTentacion|265|1371\n|player|p2|Schroombert|rancher|1358\n|teamsize|p1|6\n|teamsize|p2|6\n|gen|9\n|tier|[Gen 9] VGC 2025 Reg I (Bo3)\n|rated|\n|rule|Species Clause: Limit one of each Pok\u00e9mon\n|rule|Item Clause: Limit 1 of each item\n|clearpoke\n|poke|p1|Groudon, L50|\n|poke|p1|Grimmsnarl, L50, M|\n|poke|p1|Volcarona, L50, M|\n|poke|p1|Miraidon, L50|\n|poke|p1|Iron Hands, L50|\n|poke|p1|Farigiraf, L50, F|\n|poke|p2|Calyrex-Shadow, L50|\n|poke|p2|Koraidon, L50|\n|poke|p2|Brute Bonnet, L50|\n|poke|p2|Raging Bolt, L50|\n|poke|p2|Flutter Mane, L50|\n|poke|p2|Chi-Yu, L50|\n|teampreview|4\n|showteam|p1|Groudon||AssaultVest|Drought|PrecipiceBlades,HeatCrash,HighHorsepower,ThunderPunch||||||50|,,,,,Fire]Grimmsnarl||CovertCloak|Prankster|ThunderWave,Taunt,LightScreen,FoulPlay|||M|||50|,,,,,Ghost]Volcarona||Leftovers|FlameBody|Protect,QuiverDance,FieryDance,GigaDrain|||M|||50|,,,,,Grass]Miraidon||ChoiceSpecs|HadronEngine|ElectroDrift,DracoMeteor,VoltSwitch,DazzlingGleam||||||50|,,,,,Fairy]Iron Hands||ClearAmulet|QuarkDrive|FakeOut,CloseCombat,WildCharge,HeavySlam||||||50|,,,,,Grass]Farigiraf||ElectricSeed|ArmorTail|FoulPlay,PsychicNoise,HelpingHand,TrickRoom|||F|||50|,,,,,Water\n|showteam|p2|Calyrex-Shadow||FocusSash|AsOneSpectrier|AstralBarrage,Psyshock,NastyPlot,Protect||||||50|,,,,,Ghost]Koraidon||ClearAmulet|OrichalcumPulse|FlareBlitz,CollisionCourse,FlameCharge,Protect||||||50|,,,,,Fire]Brute Bonnet||CovertCloak|Protosynthesis|SuckerPunch,SeedBomb,RagePowder,Spore||||||50|,,,,,Water]Raging Bolt||AssaultVest|Protosynthesis|Snarl,DracoMeteor,Thunderclap,Electroweb||||||50|,,,,,Electric]Flutter Mane||BoosterEnergy|Protosynthesis|Moonblast,ShadowBall,IcyWind,Protect||||||50|,,,,,Fairy]Chi-Yu||ChoiceScarf|BeadsofRuin|Snarl,DarkPulse,HeatWave,Overheat||||||50|,,,,,Ghost\n|inactive|Battle timer is ON: inactive players will automatically lose when time's up. (requested by Schroombert)\n|\n|t:|1746041809\n|start\n|switch|p1a: Grimmsnarl|Grimmsnarl, L50, M|100/100\n|switch|p1b: Groudon|Groudon, L50|100/100\n|switch|p2a: Brute Bonnet|Brute Bonnet, L50, shiny|100/100\n|switch|p2b: Koraidon|Koraidon, L50|100/100\n|-weather|SunnyDay|[from] ability: Orichalcum Pulse|[of] p2b: Koraidon\n|-activate|p2a: Brute Bonnet|ability: Protosynthesis\n|-start|p2a: Brute Bonnet|protosynthesisdef\n|-activate|p2b: Koraidon|Orichalcum Pulse|[source]\n|turn|1\n|inactive|LaTentacion has 30 seconds left.\n|inactive|Schroombert has 30 seconds left.\n|\n|t:|1746041837\n|switch|p1a: Miraidon|Miraidon, L50|100/100\n|-fieldstart|move: Electric Terrain|[from] ability: Hadron Engine|[of] p1a: Miraidon\n|move|p2a: Brute Bonnet|Rage Powder|p2a: Brute Bonnet\n|-singleturn|p2a: Brute Bonnet|move: Rage Powder\n|move|p2b: Koraidon|Flame Charge|p1a: Miraidon\n|-resisted|p1a: Miraidon\n|-damage|p1a: Miraidon|80/100\n|-boost|p2b: Koraidon|spe|1\n|move|p1b: Groudon|Precipice Blades|p2b: Koraidon|[spread] p2b\n|-miss|p1b: Groudon|p2a: Brute Bonnet\n|-damage|p2b: Koraidon|62/100\n|\n|-weather|SunnyDay|[upkeep]\n|upkeep\n|turn|2\n|\n|t:|1746041857\n|move|p2b: Koraidon|Protect|p2b: Koraidon\n|-singleturn|p2b: Koraidon|Protect\n|move|p2a: Brute Bonnet|Sucker Punch|p1b: Groudon\n|-damage|p1b: Groudon|79/100\n|move|p1a: Miraidon|Volt Switch|p2b: Koraidon\n|-activate|p2b: Koraidon|move: Protect\n|move|p1b: Groudon|Heat Crash|p2a: Brute Bonnet\n|-supereffective|p2a: Brute Bonnet\n|-damage|p2a: Brute Bonnet|35/100\n|\n|-weather|SunnyDay|[upkeep]\n|upkeep\n|turn|3\n|\n|t:|1746041880\n|switch|p1a: Volcarona|Volcarona, L50, M|100/100\n|move|p2a: Brute Bonnet|Sucker Punch||[still]\n|-fail|p2a: Brute Bonnet\n|move|p2b: Koraidon|Collision Course|p1a: Volcarona\n|-resisted|p1a: Volcarona\n|-damage|p1a: Volcarona|55/100\n|move|p1b: Groudon|Precipice Blades|p2b: Koraidon|[spread] p2a,p2b\n|-resisted|p2a: Brute Bonnet\n|-damage|p2a: Brute Bonnet|22/100\n|-damage|p2b: Koraidon|22/100\n|\n|-weather|SunnyDay|[upkeep]\n|-heal|p1a: Volcarona|60/100|[from] item: Leftovers\n|upkeep\n|turn|4\n|\n|t:|1746041897\n|move|p2a: Brute Bonnet|Sucker Punch|p1b: Groudon\n|-damage|p1b: Groudon|60/100\n|move|p2b: Koraidon|Collision Course|p1b: Groudon\n|-damage|p1b: Groudon|10/100\n|move|p1a: Volcarona|Quiver Dance|p1a: Volcarona\n|-boost|p1a: Volcarona|spa|1\n|-boost|p1a: Volcarona|spd|1\n|-boost|p1a: Volcarona|spe|1\n|move|p1b: Groudon|Precipice Blades|p2a: Brute Bonnet|[spread] p2a,p2b\n|-resisted|p2a: Brute Bonnet\n|-damage|p2a: Brute Bonnet|9/100\n|-damage|p2b: Koraidon|0 fnt\n|faint|p2b: Koraidon\n|\n|-weather|SunnyDay|[upkeep]\n|-heal|p1a: Volcarona|66/100|[from] item: Leftovers\n|upkeep\n|\n|t:|1746041915\n|switch|p2b: Calyrex|Calyrex-Shadow, L50|100/100\n|-ability|p2b: Calyrex|As One\n|-ability|p2b: Calyrex|Unnerve\n|turn|5\n|\n|t:|1746041926\n|switch|p1b: Grimmsnarl|Grimmsnarl, L50, M|100/100\n|-terastallize|p2b: Calyrex|Ghost\n|move|p1a: Volcarona|Protect|p1a: Volcarona\n|-singleturn|p1a: Volcarona|Protect\n|move|p2a: Brute Bonnet|Sucker Punch||[still]\n|-fail|p2a: Brute Bonnet\n|move|p2b: Calyrex|Astral Barrage|p1b: Grimmsnarl|[spread] p1b\n|-activate|p1a: Volcarona|move: Protect\n|-resisted|p1b: Grimmsnarl\n|-damage|p1b: Grimmsnarl|70/100\n|\n|-weather|none\n|-end|p2a: Brute Bonnet|Protosynthesis\n|-heal|p1a: Volcarona|72/100|[from] item: Leftovers\n|-fieldend|move: Electric Terrain\n|upkeep\n|turn|6\n|inactive|LaTentacion has 30 seconds left.\n|\n|t:|1746041953\n|-terastallize|p1a: Volcarona|Grass\n|move|p2a: Brute Bonnet|Rage Powder|p2a: Brute Bonnet\n|-singleturn|p2a: Brute Bonnet|move: Rage Powder\n|move|p1b: Grimmsnarl|Light Screen|p1b: Grimmsnarl\n|-sidestart|p1: LaTentacion|move: Light Screen\n|move|p1a: Volcarona|Fiery Dance|p2b: Calyrex\n|-damage|p2b: Calyrex|38/100\n|move|p2b: Calyrex|Astral Barrage|p1a: Volcarona|[spread] p1a,p1b\n|-resisted|p1b: Grimmsnarl\n|-damage|p1a: Volcarona|40/100\n|-damage|p1b: Grimmsnarl|50/100\n|\n|-heal|p1a: Volcarona|46/100|[from] item: Leftovers\n|upkeep\n|turn|7\n|\n|t:|1746041969\n|-end|p2a: Brute Bonnet|Protosynthesis|[silent]\n|switch|p2a: Chi-Yu|Chi-Yu, L50|100/100\n|-ability|p2a: Chi-Yu|Beads of Ruin\n|move|p1a: Volcarona|Protect|p1a: Volcarona\n|-singleturn|p1a: Volcarona|Protect\n|move|p2b: Calyrex|Protect|p2b: Calyrex\n|-singleturn|p2b: Calyrex|Protect\n|move|p1b: Grimmsnarl|Foul Play|p2b: Calyrex\n|-activate|p2b: Calyrex|move: Protect\n|\n|-heal|p1a: Volcarona|51/100|[from] item: Leftovers\n|upkeep\n|turn|8\n|\n|t:|1746041991\n|switch|p2b: Brute Bonnet|Brute Bonnet, L50, shiny|9/100\n|move|p1b: Grimmsnarl|Thunder Wave|p2b: Brute Bonnet\n|-hint|Since gen 7, Dark is immune to Prankster moves.\n|-immune|p2b: Brute Bonnet\n|move|p2a: Chi-Yu|Heat Wave|p1b: Grimmsnarl|[spread] p1a,p1b\n|-supereffective|p1a: Volcarona\n|-damage|p1a: Volcarona|6/100\n|-damage|p1b: Grimmsnarl|18/100\n|move|p1a: Volcarona|Fiery Dance|p2b: Brute Bonnet\n|-supereffective|p2b: Brute Bonnet\n|-damage|p2b: Brute Bonnet|0 fnt\n|faint|p2b: Brute Bonnet\n|-end|p2b: Brute Bonnet|Protosynthesis|[silent]\n|\n|-heal|p1a: Volcarona|11/100|[from] item: Leftovers\n|upkeep\n|\n|t:|1746041999\n|switch|p2b: Calyrex|Calyrex-Shadow, L50, tera:Ghost|38/100\n|-ability|p2b: Calyrex|As One\n|-ability|p2b: Calyrex|Unnerve\n|turn|9\n|\n|t:|1746042007\n|move|p1a: Volcarona|Protect|p1a: Volcarona\n|-singleturn|p1a: Volcarona|Protect\n|move|p2b: Calyrex|Protect|p2b: Calyrex\n|-singleturn|p2b: Calyrex|Protect\n|move|p1b: Grimmsnarl|Light Screen||[still]\n|-fail|p1b: Grimmsnarl\n|move|p2a: Chi-Yu|Heat Wave|p1b: Grimmsnarl|[spread] \n|-activate|p1a: Volcarona|move: Protect\n|-miss|p2a: Chi-Yu|p1b: Grimmsnarl\n|\n|-heal|p1a: Volcarona|17/100|[from] item: Leftovers\n|upkeep\n|turn|10\n|\n|t:|1746042022\n|move|p2b: Calyrex|Protect||[still]\n|-fail|p2b: Calyrex\n|move|p1b: Grimmsnarl|Thunder Wave|p2b: Calyrex\n|-status|p2b: Calyrex|par\n|move|p2a: Chi-Yu|Heat Wave|p1a: Volcarona|[spread] p1a,p1b\n|-supereffective|p1a: Volcarona\n|-damage|p1a: Volcarona|0 fnt\n|-damage|p1b: Grimmsnarl|0 fnt\n|faint|p1a: Volcarona\n|faint|p1b: Grimmsnarl\n|\n|-sideend|p1: LaTentacion|move: Light Screen\n|upkeep\n|\n|t:|1746042028\n|switch|p1a: Miraidon|Miraidon, L50|80/100\n|switch|p1b: Groudon|Groudon, L50|10/100\n|-fieldstart|move: Electric Terrain|[from] ability: Hadron Engine|[of] p1a: Miraidon\n|-weather|SunnyDay|[from] ability: Drought|[of] p1b: Groudon\n|turn|11\n|\n|t:|1746042046\n|move|p2a: Chi-Yu|Heat Wave|p1b: Groudon|[spread] p1a,p1b\n|-resisted|p1a: Miraidon\n|-damage|p1a: Miraidon|47/100\n|-damage|p1b: Groudon|0 fnt\n|faint|p1b: Groudon\n|move|p1a: Miraidon|Dazzling Gleam|p2a: Chi-Yu|[spread] p2a,p2b\n|-damage|p2a: Chi-Yu|50/100\n|-damage|p2b: Calyrex|0 fnt\n|faint|p2b: Calyrex\n|\n|-weather|SunnyDay|[upkeep]\n|upkeep\n|turn|12\n|\n|t:|1746042054\n|move|p2a: Chi-Yu|Heat Wave|p1a: Miraidon\n|-resisted|p1a: Miraidon\n|-damage|p1a: Miraidon|1/100\n|move|p1a: Miraidon|Dazzling Gleam|p2a: Chi-Yu\n|-damage|p2a: Chi-Yu|0 fnt\n|faint|p2a: Chi-Yu\n|\n|win|LaTentacion\n|raw|LaTentacion's rating: 1371 &rarr; <strong>1390</strong><br />(+19 for winning)\n|raw|Schroombert's rating: 1358 &rarr; <strong>1339</strong><br />(-19 for losing)\n|l|\u2606Schroombert\n|player|p2|\n|l|\u2606LaTentacion\n|player|p1|\n|j|\u2606LaTentacion\n|player|p1|LaTentacion|265|\n", "uploadtime": 1746042112, "views": 20, "formatid": "gen9vgc2025regibo3", "rating": 1339, "private": 0, "password": null}