{"id": "gen9vgc2025regibo3-2353828469", "format": "[Gen 9] VGC 2025 Reg I (Bo3)", "players": ["PatmonVGC", "Fraudgos"], "log": "|j|\u203dPatmonVGC\n|j|\u2606Fraudgos\n|html|<table width=\"100%\"><tr><td align=\"left\">PatmonVGC</td><td align=\"right\">Fraudgos</tr><tr><td align=\"left\"><i class=\"fa fa-circle-o\"></i> <i class=\"fa fa-circle-o\"></i> </td><td align=\"right\"><i class=\"fa fa-circle-o\"></i> <i class=\"fa fa-circle-o\"></i> </tr></table>\n|uhtml|bestof|<h2><strong>Game 1</strong> of <a href=\"/game-bestof3-gen9vgc2025regibo3-2353828468\">a best-of-3</a></h2>\n|t:|1746006739\n|gametype|doubles\n|player|p1|PatmonVGC|grusha|1221\n|player|p2|Fraudgos|camper|1375\n|teamsize|p1|6\n|teamsize|p2|6\n|gen|9\n|tier|[Gen 9] VGC 2025 Reg I (Bo3)\n|rated|\n|rule|Species Clause: Limit one of each Pok\u00e9mon\n|rule|Item Clause: Limit 1 of each item\n|clearpoke\n|poke|p1|Kyogre, L50|\n|poke|p1|Tornadus, L50, M|\n|poke|p1|Landorus, L50, M|\n|poke|p1|Chien-Pao, L50|\n|poke|p1|Basculegion, L50, M|\n|poke|p1|Zamazenta-*, L50|\n|poke|p2|Calyrex-Shadow, L50|\n|poke|p2|Koraidon, L50|\n|poke|p2|Chi-Yu, L50|\n|poke|p2|Raging Bolt, L50|\n|poke|p2|Brute Bonnet, L50|\n|poke|p2|Weezing-Galar, L50, F|\n|teampreview|4\n|showteam|p1|Kyogre||MysticWater|Drizzle|WaterSpout,HydroPump,IceBeam,Protect||||||50|,,,,,Grass]Tornadus||CovertCloak|Prankster|BleakwindStorm,Tailwind,RainDance,Taunt|||M|||50|,,,,,Dark]Landorus||ChoiceScarf|SheerForce|SandsearStorm,EarthPower,SludgeBomb,Uturn|||M|||50|,,,,,Water]Chien-Pao||FocusSash|SwordofRuin|IceSpinner,SuckerPunch,SacredSword,Protect||||||50|,,,,,Ghost]Basculegion||LifeOrb|SwiftSwim|WaveCrash,LastRespects,AquaJet,Protect|||M|||50|,,,,,Grass]Zamazenta-Crowned||RustedShield|DauntlessShield|BodyPress,behemothbash,WideGuard,Protect||||||50|,,,,,Dragon\n|showteam|p2|Calyrex-Shadow||LifeOrb|AsOneSpectrier|AstralBarrage,Psychic,NastyPlot,Protect||||||50|,,,,,Normal]Koraidon||AbilityShield|OrichalcumPulse|CollisionCourse,FlameCharge,FlareBlitz,Protect||||||50|,,,,,Fire]Chi-Yu||ChoiceScarf|BeadsofRuin|HeatWave,DarkPulse,Overheat,Snarl||||||50|,,,,,Ghost]Raging Bolt||AssaultVest|Protosynthesis|DracoMeteor,Thunderclap,Electroweb,VoltSwitch||||||50|,,,,,Fairy]Brute Bonnet||CovertCloak|Protosynthesis|SuckerPunch,SeedBomb,RagePowder,Spore||||||50|,,,,,Water]Weezing-Galar||SafetyGoggles|NeutralizingGas|DazzlingGleam,WillOWisp,Taunt,Protect|||F|||50|,,,,,Grass\n|inactive|Battle timer is ON: inactive players will automatically lose when time's up. (requested by PatmonVGC)\n|inactive|PatmonVGC has 60 seconds left.\n|inactive|Fraudgos has 60 seconds left.\n|\n|t:|1746006773\n|start\n|switch|p1a: Zamazenta|Zamazenta-Crowned, L50|100/100\n|switch|p1b: Landorus|Landorus, L50, M|100/100\n|switch|p2a: Koraidon|Koraidon, L50|100/100\n|switch|p2b: Weezing|Weezing-Galar, L50, F|100/100\n|-ability|p2b: Weezing|Neutralizing Gas\n|-block|p2a: Koraidon|item: Ability Shield\n|-weather|SunnyDay|[from] ability: Orichalcum Pulse|[of] p2a: Koraidon\n|-activate|p2a: Koraidon|Orichalcum Pulse|[source]\n|turn|1\n|inactive|PatmonVGC has 30 seconds left.\n|inactive|Fraudgos has 30 seconds left.\n|inactive|PatmonVGC has 20 seconds left.\n|\n|t:|1746006809\n|move|p1a: Zamazenta|Protect|p1a: Zamazenta\n|-singleturn|p1a: Zamazenta|Protect\n|move|p2b: Weezing|Protect|p2b: Weezing\n|-singleturn|p2b: Weezing|Protect\n|move|p1b: Landorus|Earth Power|p2a: Koraidon\n|-damage|p2a: Koraidon|58/100\n|move|p2a: Koraidon|Flare Blitz|p1b: Landorus\n|-damage|p1b: Landorus|0 fnt\n|faint|p1b: Landorus\n|-damage|p2a: Koraidon|29/100|[from] Recoil\n|\n|-weather|SunnyDay|[upkeep]\n|upkeep\n|\n|t:|1746006824\n|switch|p1b: Kyogre|Kyogre, L50|100/100\n|turn|2\n|\n|t:|1746006843\n|-terastallize|p1a: Zamazenta|Dragon\n|move|p1a: Zamazenta|Body Press|p2a: Koraidon\n|-damage|p2a: Koraidon|0 fnt\n|faint|p2a: Koraidon\n|move|p1b: Kyogre|Ice Beam|p2b: Weezing\n|-damage|p2b: Weezing|65/100\n|move|p2b: Weezing|Will-O-Wisp|p1a: Zamazenta\n|-status|p1a: Zamazenta|brn\n|\n|-weather|SunnyDay|[upkeep]\n|-damage|p1a: Zamazenta|95/100 brn|[from] brn\n|upkeep\n|\n|t:|1746006851\n|switch|p2a: Raging Bolt|Raging Bolt, L50|100/100\n|turn|3\n|\n|t:|1746006864\n|move|p1a: Zamazenta|Body Press|p2a: Raging Bolt\n|-damage|p2a: Raging Bolt|82/100\n|move|p1b: Kyogre|Ice Beam|p2a: Raging Bolt\n|-supereffective|p2a: Raging Bolt\n|-damage|p2a: Raging Bolt|42/100\n|move|p2a: Raging Bolt|Electroweb|p1b: Kyogre|[spread] p1a,p1b\n|-resisted|p1a: Zamazenta\n|-supereffective|p1b: Kyogre\n|-damage|p1a: Zamazenta|86/100 brn\n|-damage|p1b: Kyogre|73/100\n|-unboost|p1a: Zamazenta|spe|1\n|-unboost|p1b: Kyogre|spe|1\n|move|p2b: Weezing|Taunt|p1a: Zamazenta\n|-start|p1a: Zamazenta|move: Taunt\n|\n|-weather|SunnyDay|[upkeep]\n|-damage|p1a: Zamazenta|80/100 brn|[from] brn\n|upkeep\n|turn|4\n|\n|t:|1746006874\n|move|p1b: Kyogre|Protect|p1b: Kyogre\n|-singleturn|p1b: Kyogre|Protect\n|move|p1a: Zamazenta|Behemoth Bash|p2b: Weezing\n|-supereffective|p2b: Weezing\n|-damage|p2b: Weezing|34/100\n|move|p2a: Raging Bolt|Volt Switch|p1b: Kyogre\n|-activate|p1b: Kyogre|move: Protect\n|move|p2b: Weezing|Dazzling Gleam|p1b: Kyogre|[spread] p1a\n|-activate|p1b: Kyogre|move: Protect\n|-supereffective|p1a: Zamazenta\n|-damage|p1a: Zamazenta|51/100 brn\n|\n|-weather|SunnyDay|[upkeep]\n|-damage|p1a: Zamazenta|45/100 brn|[from] brn\n|upkeep\n|turn|5\n|\n|t:|1746006890\n|move|p2b: Weezing|Protect|p2b: Weezing\n|-singleturn|p2b: Weezing|Protect\n|move|p1a: Zamazenta|Behemoth Bash|p2b: Weezing\n|-activate|p2b: Weezing|move: Protect\n|move|p2a: Raging Bolt|Volt Switch|p1b: Kyogre\n|-supereffective|p1b: Kyogre\n|-damage|p1b: Kyogre|30/100\n|\n|t:|1746006893\n|-end|p2a: Raging Bolt|Protosynthesis|[silent]\n|switch|p2a: Calyrex|Calyrex-Shadow, L50|100/100|[from] Volt Switch\n|-ability|p2a: Calyrex|As One\n|-ability|p2a: Calyrex|Unnerve\n|move|p1b: Kyogre|Ice Beam|p2b: Weezing\n|-activate|p2b: Weezing|move: Protect\n|\n|-weather|none\n|-damage|p1a: Zamazenta|40/100 brn|[from] brn\n|upkeep\n|turn|6\n|\n|t:|1746006900\n|move|p1b: Kyogre|Protect|p1b: Kyogre\n|-singleturn|p1b: Kyogre|Protect\n|move|p2a: Calyrex|Astral Barrage|p1a: Zamazenta|[spread] p1a\n|-activate|p1b: Kyogre|move: Protect\n|-damage|p1a: Zamazenta|0 fnt\n|faint|p1a: Zamazenta\n|-ability|p2a: Calyrex|Grim Neigh|boost\n|-boost|p2a: Calyrex|spa|1\n|-damage|p2a: Calyrex|91/100|[from] item: Life Orb\n|move|p2b: Weezing|Dazzling Gleam|p1b: Kyogre\n|-activate|p1b: Kyogre|move: Protect\n|\n|upkeep\n|\n|t:|1746006903\n|switch|p1a: Basculegion|Basculegion, L50, M|100/100\n|turn|7\n|-message|PatmonVGC forfeited.\n|\n|win|Fraudgos\n|l|\u203dPatmonVGC\n|player|p1|\n||PatmonVGC is ready for game 2.\n||Fraudgos is ready for game 2.\n|uhtml|next|Next: <a href=\"/battle-gen9vgc2025regibo3-2353829559\"><strong>Game 2 of 3</strong></a>\n|l|\u2606Fraudgos\n|player|p2|\n", "uploadtime": 1746007239, "views": 6, "formatid": "gen9vgc2025regibo3", "rating": null, "private": 0, "password": null}