{"id": "gen9vgc2025regibo3-2354786001", "format": "[Gen 9] VGC 2025 Reg I (Bo3)", "players": ["Solunex", "kotamager34"], "log": "|j|\u203dSolunex\n|j|\u2606kotamager34\n|html|<table width=\"100%\"><tr><td align=\"left\">Solunex</td><td align=\"right\">kotamager34</tr><tr><td align=\"left\"><i class=\"fa fa-circle-o\"></i> <i class=\"fa fa-circle-o\"></i> </td><td align=\"right\"><i class=\"fa fa-circle-o\"></i> <i class=\"fa fa-circle-o\"></i> </tr></table>\n|uhtml|bestof|<h2><strong>Game 1</strong> of <a href=\"/game-bestof3-gen9vgc2025regibo3-2354786000\">a best-of-3</a></h2>\n|t:|1746119624\n|gametype|doubles\n|player|p1|Solunex|101|1113\n|player|p2|kotamager34|ghetsis|1116\n|teamsize|p1|6\n|teamsize|p2|6\n|gen|9\n|tier|[Gen 9] VGC 2025 Reg I (Bo3)\n|rated|\n|rule|Species Clause: Limit one of each Pok\u00e9mon\n|rule|Item Clause: Limit 1 of each item\n|clearpoke\n|poke|p1|Rillaboom, L50, M|\n|poke|p1|Kyogre, L50|\n|poke|p1|Calyrex-Ice, L50|\n|poke|p1|Moltres-Galar, L50|\n|poke|p1|Tornadus, L50, M|\n|poke|p1|Landorus, L50, M|\n|poke|p2|Ting-Lu, L50|\n|poke|p2|Ogerpon-Hearthflame, L50, F|\n|poke|p2|Indeedee-F, L50, F|\n|poke|p2|Lunala, L50|\n|poke|p2|Koraidon, L50|\n|poke|p2|Brute Bonnet, L50|\n|teampreview|4\n|showteam|p1|Rillaboom||AssaultVest|GrassySurge|WoodHammer,GrassyGlide,FakeOut,Uturn|||M|||50|,,,,,Fire]Kyogre||MysticWater|Drizzle|WaterSpout,OriginPulse,IceBeam,Protect||||||50|,,,,,Water]Calyrex-Ice||ClearAmulet|AsOneGlastrier|GlacialLance,HighHorsepower,TrickRoom,Protect||||||50|,,,,,Grass]Moltres-Galar||Leftovers|Berserk|FieryWrath,Hurricane,HelpingHand,Protect||||||50|,,,,,Poison]Tornadus||CovertCloak|Prankster|BleakwindStorm,RainDance,Tailwind,Taunt|||M|||50|,,,,,Dark]Landorus||LifeOrb|SheerForce|SandsearStorm,EarthPower,SludgeBomb,Protect|||M|||50|,,,,,Ghost\n|showteam|p2|Ting-Lu||AssaultVest|VesselofRuin|LashOut,StompingTantrum,SandTomb,TeraBlast||||||50|,,,,,Fairy]Ogerpon-Hearthflame||HearthflameMask|MoldBreaker|SpikyShield,FollowMe,IvyCudgel,WoodHammer|||F|||50|,,,,,Fire]Indeedee-F||RockyHelmet|PsychicSurge|DazzlingGleam,FollowMe,HelpingHand,TrickRoom|||F|||50|,,,,,Fairy]Lunala||PowerHerb|ShadowShield|MoongeistBeam,MeteorBeam,ExpandingForce,TrickRoom||||||50|,,,,,Water]Koraidon||ClearAmulet|OrichalcumPulse|CollisionCourse,FlareBlitz,FlameCharge,Protect||||||50|,,,,,Fire]Brute Bonnet||CovertCloak|Protosynthesis|SuckerPunch,Spore,RagePowder,SeedBomb||||||50|,,,,,Water\n|inactive|Battle timer is ON: inactive players will automatically lose when time's up. (requested by kotamager34)\n|inactive|kotamager34 has 60 seconds left.\n|\n|t:|1746119680\n|start\n|switch|p1a: Calyrex|Calyrex-Ice, L50|100/100\n|switch|p1b: Rillaboom|Rillaboom, L50, M|100/100\n|switch|p2a: Indeedee|Indeedee-F, L50, F|100/100\n|switch|p2b: Lunala|Lunala, L50|100/100\n|-ability|p1a: Calyrex|As One\n|-ability|p1a: Calyrex|Unnerve\n|-fieldstart|move: Grassy Terrain|[from] ability: Grassy Surge|[of] p1b: Rillaboom\n|-fieldstart|move: Psychic Terrain|[from] ability: Psychic Surge|[of] p2a: Indeedee\n|turn|1\n|inactive|Solunex has 30 seconds left.\n|inactive|Solunex has 20 seconds left.\n|inactive|Solunex has 15 seconds left.\n|inactive|Solunex has 10 seconds left.\n|inactive|Solunex has 5 seconds left.\n|\n|t:|1746119731\n|move|p2a: Indeedee|Helping Hand|p2b: Lunala\n|-singleturn|p2b: Lunala|Helping Hand|[of] p2a: Indeedee\n|move|p2b: Lunala|Moongeist Beam|p1a: Calyrex\n|-supereffective|p1a: Calyrex\n|-damage|p1a: Calyrex|0 fnt\n|faint|p1a: Calyrex\n|move|p1b: Rillaboom|Wood Hammer|p2b: Lunala\n|-damage|p2b: Lunala|78/100\n|-damage|p1b: Rillaboom|92/100|[from] Recoil\n|\n|upkeep\n|\n|t:|1746119738\n|switch|p1a: Moltres|Moltres-Galar, L50|100/100\n|turn|2\n|\n|t:|1746119752\n|move|p2a: Indeedee|Follow Me|p2a: Indeedee\n|-singleturn|p2a: Indeedee|move: Follow Me\n|move|p2b: Lunala|Meteor Beam||[still]\n|-prepare|p2b: Lunala|Meteor Beam\n|-boost|p2b: Lunala|spa|1\n|-enditem|p2b: Lunala|Power Herb\n|-anim|p2b: Lunala|Meteor Beam|p1a: Moltres\n|-supereffective|p1a: Moltres\n|-damage|p1a: Moltres|1/100\n|-ability|p1a: Moltres|Berserk|boost\n|-boost|p1a: Moltres|spa|1\n|move|p1a: Moltres|Fiery Wrath|p2b: Lunala|[spread] p2a,p2b\n|-supereffective|p2a: Indeedee\n|-supereffective|p2b: Lunala\n|-damage|p2a: Indeedee|11/100\n|-damage|p2b: Lunala|0 fnt\n|faint|p2b: Lunala\n|move|p1b: Rillaboom|Wood Hammer|p2a: Indeedee\n|-damage|p2a: Indeedee|0 fnt\n|-damage|p1b: Rillaboom|75/100|[from] item: Rocky Helmet|[of] p2a: Indeedee\n|faint|p2a: Indeedee\n|-damage|p1b: Rillaboom|72/100|[from] Recoil\n|\n|-heal|p1a: Moltres|7/100|[from] item: Leftovers\n|upkeep\n|\n|t:|1746119764\n|switch|p2b: Scarlet johanson|Koraidon, L50|100/100\n|switch|p2a: Ting-Lu|Ting-Lu, L50|100/100\n|-weather|SunnyDay|[from] ability: Orichalcum Pulse|[of] p2b: Scarlet johanson\n|-activate|p2b: Scarlet johanson|Orichalcum Pulse|[source]\n|-ability|p2a: Ting-Lu|Vessel of Ruin\n|turn|3\n|\n|t:|1746119785\n|move|p1a: Moltres|Protect|p1a: Moltres\n|-singleturn|p1a: Moltres|Protect\n|move|p2b: Scarlet johanson|Flame Charge|p1b: Rillaboom\n|-supereffective|p1b: Rillaboom\n|-damage|p1b: Rillaboom|4/100\n|-boost|p2b: Scarlet johanson|spe|1\n|move|p1b: Rillaboom|U-turn|p2a: Ting-Lu\n|-supereffective|p2a: Ting-Lu\n|-damage|p2a: Ting-Lu|70/100\n|\n|t:|1746119795\n|switch|p1b: Kyogre|Kyogre, L50|100/100|[from] U-turn\n|-weather|RainDance|[from] ability: Drizzle|[of] p1b: Kyogre\n|move|p2a: Ting-Lu|Lash Out|p1a: Moltres\n|-activate|p1a: Moltres|move: Protect\n|\n|-weather|RainDance|[upkeep]\n|-heal|p1a: Moltres|13/100|[from] item: Leftovers\n|upkeep\n|turn|4\n|\n|t:|1746119808\n|-terastallize|p1b: Kyogre|Water\n|-terastallize|p2a: Ting-Lu|Fairy\n|move|p1a: Moltres|Helping Hand|p1b: Kyogre\n|-singleturn|p1b: Kyogre|Helping Hand|[of] p1a: Moltres\n|move|p2b: Scarlet johanson|Collision Course|p1a: Moltres\n|-damage|p1a: Moltres|0 fnt\n|faint|p1a: Moltres\n|move|p1b: Kyogre|Water Spout|p2a: Ting-Lu|[spread] p2a,p2b\n|-resisted|p2b: Scarlet johanson\n|-damage|p2a: Ting-Lu|0 fnt\n|-damage|p2b: Scarlet johanson|16/100\n|faint|p2a: Ting-Lu\n|\n|-weather|RainDance|[upkeep]\n|upkeep\n|\n|t:|1746119822\n|switch|p1a: Rillaboom|Rillaboom, L50, M|4/100\n|-fieldstart|move: Grassy Terrain|[from] ability: Grassy Surge|[of] p1a: Rillaboom\n|turn|5\n|\n|t:|1746119828\n|move|p2b: Scarlet johanson|Protect|p2b: Scarlet johanson\n|-singleturn|p2b: Scarlet johanson|Protect\n|move|p1a: Rillaboom|Fake Out|p2b: Scarlet johanson\n|-activate|p2b: Scarlet johanson|move: Protect\n|move|p1b: Kyogre|Water Spout|p2b: Scarlet johanson\n|-activate|p2b: Scarlet johanson|move: Protect\n|\n|-weather|RainDance|[upkeep]\n|-heal|p2b: Scarlet johanson|22/100|[from] Grassy Terrain\n|-heal|p1a: Rillaboom|10/100|[from] Grassy Terrain\n|upkeep\n|turn|6\n|\n|t:|1746119834\n|move|p1a: Rillaboom|Grassy Glide|p2b: Scarlet johanson\n|-resisted|p2b: Scarlet johanson\n|-damage|p2b: Scarlet johanson|7/100\n|move|p2b: Scarlet johanson|Collision Course|p1b: Kyogre\n|-damage|p1b: Kyogre|42/100\n|move|p1b: Kyogre|Ice Beam|p2b: Scarlet johanson\n|-supereffective|p2b: Scarlet johanson\n|-damage|p2b: Scarlet johanson|0 fnt\n|faint|p2b: Scarlet johanson\n|\n|win|Solunex\n||kotamager34 is ready for game 2.\n|inactive|Solunex has 30 seconds to confirm battle start!\n|inactive|Solunex has 20 seconds to confirm battle start!\n|inactive|Solunex has 10 seconds to confirm battle start!\n||Solunex is ready for game 2.\n|uhtml|next|Next: <a href=\"/battle-gen9vgc2025regibo3-2354788763\"><strong>Game 2 of 3</strong></a>\n|l|\u2606kotamager34\n|player|p2|\n", "uploadtime": 1746119848, "views": 7, "formatid": "gen9vgc2025regibo3", "rating": null, "private": 0, "password": null}