{"id": "gen9vgc2025regibo3-2354272653", "format": "[Gen 9] VGC 2025 Reg I (Bo3)", "players": ["pepepitufo", "ShDw Ace"], "log": "|j|\u2606pepepitufo\n|j|\u2606ShDw Ace\n|html|<table width=\"100%\"><tr><td align=\"left\">pepepitufo</td><td align=\"right\">ShDw Ace</tr><tr><td align=\"left\"><i class=\"fa fa-circle\"></i> <i class=\"fa fa-circle-o\"></i> </td><td align=\"right\"><i class=\"fa fa-circle-o\"></i> <i class=\"fa fa-circle\"></i> </tr></table>\n|uhtml|bestof|<h2><strong>Game 3</strong> of <a href=\"/game-bestof3-gen9vgc2025regibo3-2354267633\">a best-of-3</a></h2>\n|t:|1746051483\n|gametype|doubles\n|player|p1|pepepitufo|cynthia-gen4|1158\n|player|p2|ShDw Ace|steven|1133\n|teamsize|p1|6\n|teamsize|p2|6\n|gen|9\n|tier|[Gen 9] VGC 2025 Reg I (Bo3)\n|rated|\n|rule|Species Clause: Limit one of each Pok\u00e9mon\n|rule|Item Clause: Limit 1 of each item\n|clearpoke\n|poke|p1|Lunala, L50|\n|poke|p1|Koraidon, L50|\n|poke|p1|Flutter Mane, L50|\n|poke|p1|Incineroar, L50, M|\n|poke|p1|Rillaboom, L50, F|\n|poke|p1|Chien-Pao, L50|\n|poke|p2|Calyrex-Shadow, L50|\n|poke|p2|Muk-Alola, L50, M|\n|poke|p2|Smeargle, L50, M|\n|poke|p2|Dialga, L50|\n|poke|p2|Rillaboom, L50, M|\n|poke|p2|Torkoal, L50, M|\n|teampreview|4\n|showteam|p1|Lunala||PowerHerb|ShadowShield|MeteorBeam,Moonblast,MoongeistBeam,WideGuard||||||50|,,,,,Fairy]Koraidon||LifeOrb|OrichalcumPulse|FlareBlitz,CollisionCourse,FlameCharge,Protect||||||50|,,,,,Fire]Flutter Mane||BoosterEnergy|Protosynthesis|IcyWind,Moonblast,ShadowBall,Protect||||||50|,,,,,Fairy]Incineroar||RockyHelmet|Intimidate|KnockOff,PartingShot,FakeOut,WillOWisp|||M|||50|,,,,,Bug]Rillaboom||AssaultVest|GrassySurge|GrassyGlide,WoodHammer,FakeOut,Uturn|||F|||50|,,,,,Water]Chien-Pao||FocusSash|SwordofRuin|IcicleCrash,SuckerPunch,SacredSword,Protect||||||50|,,,,,Ghost\n|showteam|p2|Calyrex-Shadow||ClearAmulet|AsOneSpectrier|PsychUp,StoredPower,AstralBarrage,Protect||||||50|,,,,,Fairy]Muk-Alola||BlackSludge|PowerofAlchemy|Minimize,Protect,PoisonJab,KnockOff|||M|||50|,,,,,Grass]Smeargle||FocusSash|Moody|Spore,FollowMe,Explosion,FakeOut|||M|||50|,,,,,Ghost]Dialga||Leftovers|Pressure|PsychUp,ThunderWave,FlashCannon,Flamethrower||||||50|,,,,,Fire]Rillaboom||AssaultVest|GrassySurge|Uturn,GrassyGlide,FakeOut,Earthquake|||M|||50|,,,,,Fire]Torkoal||AirBalloon|Drought|Protect,BodyPress,ClearSmog,Overheat|||M|||50|,,,,,Water\n|inactive|Battle timer is ON: inactive players will automatically lose when time's up. (requested by pepepitufo)\n|\n|t:|1746051495\n|start\n|switch|p1a: Koraidon|Koraidon, L50|100/100\n|switch|p1b: Rillaboom|Rillaboom, L50, F|100/100\n|switch|p2a: Muk|Muk-Alola, L50, M, shiny|100/100\n|switch|p2b: Smeargle|Smeargle, L50, M, shiny|100/100\n|-weather|SunnyDay|[from] ability: Orichalcum Pulse|[of] p1a: Koraidon\n|-activate|p1a: Koraidon|Orichalcum Pulse|[source]\n|-fieldstart|move: Grassy Terrain|[from] ability: Grassy Surge|[of] p1b: Rillaboom\n|turn|1\n|j| Hydrion\n|l| Hydrion\n|j| Hydrion\n|\n|t:|1746051510\n|move|p2b: Smeargle|Fake Out|p1b: Rillaboom\n|-damage|p1b: Rillaboom|96/100\n|cant|p1b: Rillaboom|flinch\n|move|p1a: Koraidon|Flame Charge|p2b: Smeargle\n|-enditem|p2b: Smeargle|Focus Sash\n|-damage|p2b: Smeargle|1/100\n|-boost|p1a: Koraidon|spe|1\n|-damage|p1a: Koraidon|91/100|[from] item: Life Orb\n|move|p2a: Muk|Minimize|p2a: Muk\n|-boost|p2a: Muk|evasion|2\n|\n|-weather|SunnyDay|[upkeep]\n|-heal|p1a: Koraidon|96/100|[from] Grassy Terrain\n|-heal|p2b: Smeargle|7/100|[from] Grassy Terrain\n|-heal|p1b: Rillaboom|100/100|[from] Grassy Terrain\n|-ability|p2b: Smeargle|Moody|boost\n|-boost|p2b: Smeargle|spa|2\n|-unboost|p2b: Smeargle|def|1\n|upkeep\n|turn|2\n|\n|t:|1746051530\n|move|p2b: Smeargle|Follow Me|p2b: Smeargle\n|-singleturn|p2b: Smeargle|move: Follow Me\n|move|p1a: Koraidon|Flame Charge|p2b: Smeargle\n|-damage|p2b: Smeargle|0 fnt\n|-boost|p1a: Koraidon|spe|1\n|faint|p2b: Smeargle\n|-ability|p2a: Muk|Moody|[from] ability: Power of Alchemy|[of] p2b: Smeargle\n|-damage|p1a: Koraidon|87/100|[from] item: Life Orb\n|move|p1b: Rillaboom|Wood Hammer|p2a: Muk|[miss]\n|-miss|p1b: Rillaboom|p2a: Muk\n|move|p2a: Muk|Minimize|p2a: Muk\n|-boost|p2a: Muk|evasion|2\n|\n|-weather|SunnyDay|[upkeep]\n|-heal|p1a: Koraidon|92/100|[from] Grassy Terrain\n|-ability|p2a: Muk|Moody|boost\n|-boost|p2a: Muk|spa|2\n|-unboost|p2a: Muk|spe|1\n|upkeep\n|\n|t:|1746051552\n|switch|p2b: Rillaboom|Rillaboom, L50, M, shiny|100/100\n|turn|3\n|l| Hydrion\n|\n|t:|1746051575\n|move|p2b: Rillaboom|Fake Out|p1a: Koraidon\n|-damage|p1a: Koraidon|79/100\n|cant|p1a: Koraidon|flinch\n|move|p1b: Rillaboom|U-turn|p2b: Rillaboom\n|-supereffective|p2b: Rillaboom\n|-damage|p2b: Rillaboom|50/100\n|\n|t:|1746051582\n|switch|p1b: Lunala|Lunala, L50|100/100|[from] U-turn\n|move|p2a: Muk|Minimize|p2a: Muk\n|-boost|p2a: Muk|evasion|2\n|\n|-weather|SunnyDay|[upkeep]\n|-heal|p1a: Koraidon|85/100|[from] Grassy Terrain\n|-heal|p2b: Rillaboom|57/100|[from] Grassy Terrain\n|-ability|p2a: Muk|Moody|boost\n|-boost|p2a: Muk|spa|2\n|-unboost|p2a: Muk|atk|1\n|upkeep\n|turn|4\n|\n|t:|1746051600\n|-terastallize|p1a: Koraidon|Fire\n|move|p2b: Rillaboom|Grassy Glide|p1b: Lunala\n|-damage|p1b: Lunala|88/100\n|move|p1a: Koraidon|Flare Blitz|p2a: Muk|[miss]\n|-miss|p1a: Koraidon|p2a: Muk\n|move|p1b: Lunala|Meteor Beam||[still]\n|-prepare|p1b: Lunala|Meteor Beam\n|-boost|p1b: Lunala|spa|1\n|-enditem|p1b: Lunala|Power Herb\n|-anim|p1b: Lunala|Meteor Beam|p2b: Rillaboom\n|-damage|p2b: Rillaboom|21/100\n|move|p2a: Muk|Knock Off|p1b: Lunala\n|-supereffective|p1b: Lunala\n|-damage|p1b: Lunala|42/100\n|\n|-weather|SunnyDay|[upkeep]\n|-heal|p1a: Koraidon|91/100|[from] Grassy Terrain\n|-heal|p1b: Lunala|48/100|[from] Grassy Terrain\n|-heal|p2b: Rillaboom|27/100|[from] Grassy Terrain\n|-ability|p2a: Muk|Moody|boost\n|-boost|p2a: Muk|atk|2\n|-unboost|p2a: Muk|spa|1\n|upkeep\n|turn|5\n|\n|t:|1746051625\n|move|p2a: Muk|Protect|p2a: Muk\n|-singleturn|p2a: Muk|Protect\n|move|p2b: Rillaboom|Grassy Glide|p1b: Lunala\n|-damage|p1b: Lunala|20/100\n|move|p1a: Koraidon|Flare Blitz|p2a: Muk\n|-activate|p2a: Muk|move: Protect\n|move|p1b: Lunala|Moongeist Beam|p2b: Rillaboom\n|-damage|p2b: Rillaboom|0 fnt\n|faint|p2b: Rillaboom\n|\n|-weather|none\n|-heal|p1a: Koraidon|96/100|[from] Grassy Terrain\n|-heal|p1b: Lunala|26/100|[from] Grassy Terrain\n|-fieldend|move: Grassy Terrain\n|-ability|p2a: Muk|Moody|boost\n|-boost|p2a: Muk|def|2\n|-unboost|p2a: Muk|spd|1\n|upkeep\n|\n|t:|1746051644\n|switch|p2b: Calyrex|Calyrex-Shadow, L50|100/100\n|-ability|p2b: Calyrex|As One\n|-ability|p2b: Calyrex|Unnerve\n|turn|6\n|\n|t:|1746051656\n|move|p2b: Calyrex|Protect|p2b: Calyrex\n|-singleturn|p2b: Calyrex|Protect\n|move|p1a: Koraidon|Flare Blitz|p2b: Calyrex\n|-activate|p2b: Calyrex|move: Protect\n|move|p1b: Lunala|Moonblast|p2a: Muk|[miss]\n|-miss|p1b: Lunala|p2a: Muk\n|move|p2a: Muk|Knock Off|p1a: Koraidon\n|-damage|p1a: Koraidon|48/100\n|-enditem|p1a: Koraidon|Life Orb|[from] move: Knock Off|[of] p2a: Muk\n|\n|-ability|p2a: Muk|Moody|boost\n|-boost|p2a: Muk|def|2\n|-unboost|p2a: Muk|spe|1\n|upkeep\n|turn|7\n|inactive|ShDw Ace has 30 seconds left.\n|\n|t:|1746051682\n|-terastallize|p2b: Calyrex|Fairy\n|move|p1b: Lunala|Wide Guard|p1b: Lunala\n|-singleturn|p1b: Lunala|Wide Guard\n|move|p1a: Koraidon|Flare Blitz|p2b: Calyrex\n|-damage|p2b: Calyrex|16/100\n|-damage|p1a: Koraidon|20/100|[from] Recoil\n|move|p2b: Calyrex|Psych Up|p2a: Muk\n|-copyboost|p2b: Calyrex|p2a: Muk|[from] move: Psych Up\n|move|p2a: Muk|Poison Jab|p1a: Koraidon\n|-damage|p1a: Koraidon|0 fnt\n|faint|p1a: Koraidon\n|\n|-ability|p2a: Muk|Moody|boost\n|-boost|p2a: Muk|spa|2\n|-unboost|p2a: Muk|atk|1\n|upkeep\n|\n|t:|1746051692\n|switch|p1a: Rillaboom|Rillaboom, L50, F|100/100\n|-fieldstart|move: Grassy Terrain|[from] ability: Grassy Surge|[of] p1a: Rillaboom\n|turn|8\n|\n|t:|1746051712\n|move|p1b: Lunala|Wide Guard|p1b: Lunala\n|-singleturn|p1b: Lunala|Wide Guard\n|move|p1a: Rillaboom|Grassy Glide|p2b: Calyrex|[miss]\n|-miss|p1a: Rillaboom|p2b: Calyrex\n|move|p2b: Calyrex|Stored Power|p1a: Rillaboom\n|-damage|p1a: Rillaboom|0 fnt\n|faint|p1a: Rillaboom\n|-ability|p2b: Calyrex|Grim Neigh|boost\n|-boost|p2b: Calyrex|spa|1\n|move|p2a: Muk|Poison Jab|p1b: Lunala\n|-resisted|p1b: Lunala\n|-damage|p1b: Lunala|17/100\n|\n|-heal|p1b: Lunala|23/100|[from] Grassy Terrain\n|-heal|p2b: Calyrex|23/100|[from] Grassy Terrain\n|-ability|p2a: Muk|Moody|boost\n|-boost|p2a: Muk|spe|2\n|-unboost|p2a: Muk|spd|1\n|upkeep\n|\n|t:|1746051719\n|switch|p1a: Chien-Pao|Chien-Pao, L50|100/100\n|-ability|p1a: Chien-Pao|Sword of Ruin\n|turn|9\n|\n|t:|1746051739\n|move|p2b: Calyrex|Protect|p2b: Calyrex\n|-singleturn|p2b: Calyrex|Protect\n|move|p1b: Lunala|Wide Guard|p1b: Lunala\n|-singleturn|p1b: Lunala|Wide Guard\n|move|p1a: Chien-Pao|Icicle Crash|p2b: Calyrex\n|-activate|p2b: Calyrex|move: Protect\n|move|p2a: Muk|Knock Off|p1a: Chien-Pao\n|-resisted|p1a: Chien-Pao\n|-damage|p1a: Chien-Pao|79/100\n|-enditem|p1a: Chien-Pao|Focus Sash|[from] move: Knock Off|[of] p2a: Muk\n|\n|-heal|p1a: Chien-Pao|84/100|[from] Grassy Terrain\n|-heal|p1b: Lunala|29/100|[from] Grassy Terrain\n|-heal|p2b: Calyrex|29/100|[from] Grassy Terrain\n|-ability|p2a: Muk|Moody|boost\n|-boost|p2a: Muk|spe|2\n|-unboost|p2a: Muk|spd|1\n|upkeep\n|turn|10\n|\n|t:|1746051761\n|move|p1b: Lunala|Wide Guard|p1b: Lunala\n|-singleturn|p1b: Lunala|Wide Guard\n|move|p1a: Chien-Pao|Icicle Crash|p2b: Calyrex\n|-crit|p2b: Calyrex\n|-damage|p2b: Calyrex|0 fnt\n|faint|p2b: Calyrex\n|move|p2a: Muk|Poison Jab|p1a: Chien-Pao\n|-damage|p1a: Chien-Pao|44/100\n|\n|-heal|p1a: Chien-Pao|50/100|[from] Grassy Terrain\n|-heal|p1b: Lunala|35/100|[from] Grassy Terrain\n|-ability|p2a: Muk|Moody|boost\n|-boost|p2a: Muk|atk|2\n|-unboost|p2a: Muk|spd|1\n|upkeep\n|turn|11\n|\n|t:|1746051776\n|move|p2a: Muk|Protect|p2a: Muk\n|-singleturn|p2a: Muk|Protect\n|move|p1a: Chien-Pao|Icicle Crash|p2a: Muk\n|-activate|p2a: Muk|move: Protect\n|move|p1b: Lunala|Moonblast|p2a: Muk\n|-activate|p2a: Muk|move: Protect\n|\n|-heal|p1a: Chien-Pao|55/100|[from] Grassy Terrain\n|-heal|p1b: Lunala|41/100|[from] Grassy Terrain\n|-ability|p2a: Muk|Moody|boost\n|-boost|p2a: Muk|spe|2\n|-unboost|p2a: Muk|spa|1\n|upkeep\n|turn|12\n|\n|t:|1746051795\n|move|p2a: Muk|Knock Off|p1b: Lunala\n|-supereffective|p1b: Lunala\n|-damage|p1b: Lunala|0 fnt\n|faint|p1b: Lunala\n|move|p1a: Chien-Pao|Sacred Sword|p2a: Muk\n|-damage|p2a: Muk|59/100\n|\n|-heal|p2a: Muk|65/100|[from] Grassy Terrain\n|-heal|p2a: Muk|71/100|[from] item: Black Sludge\n|-heal|p1a: Chien-Pao|61/100|[from] Grassy Terrain\n|-fieldend|move: Grassy Terrain\n|-ability|p2a: Muk|Moody|boost\n|-boost|p2a: Muk|spa|2\n|-unboost|p2a: Muk|def|1\n|upkeep\n|turn|13\n|\n|t:|1746051809\n|move|p2a: Muk|Poison Jab|p1a: Chien-Pao\n|-damage|p1a: Chien-Pao|0 fnt\n|faint|p1a: Chien-Pao\n|\n|win|ShDw Ace\n|raw|pepepitufo's rating: 1158 &rarr; <strong>1131</strong><br />(-27 for losing)\n|raw|ShDw Ace's rating: 1133 &rarr; <strong>1160</strong><br />(+27 for winning)\n|c|\u2606pepepitufo|f you\n|c|\u2606ShDw Ace|Thanks buddy\n|c|\u2606ShDw Ace|free win\n|c|\u2606pepepitufo|nd ypu momma\n|c|\u2606ShDw Ace|I\u2019ll let her know\n|l|\u2606pepepitufo\n|player|p1|\n|l|\u2606ShDw Ace\n|player|p2|\n", "uploadtime": 1746052129, "views": 7, "formatid": "gen9vgc2025regibo3", "rating": 1131, "private": 0, "password": null}