{"id": "gen9vgc2025regibo3-2354463477", "format": "[Gen 9] VGC 2025 Reg I (Bo3)", "players": ["McDubbieEnthusiast", "Jakobtc"], "log": "|j|\u2606McDubbieEnthusiast\n|j|\u2606Jakobtc\n|html|<table width=\"100%\"><tr><td align=\"left\">McDubbieEnthusiast</td><td align=\"right\">Jakobtc</tr><tr><td align=\"left\"><i class=\"fa fa-circle-o\"></i> <i class=\"fa fa-circle-o\"></i> </td><td align=\"right\"><i class=\"fa fa-circle-o\"></i> <i class=\"fa fa-circle\"></i> </tr></table>\n|uhtml|bestof|<h2><strong>Game 2</strong> of <a href=\"/game-bestof3-gen9vgc2025regibo3-2354460566\">a best-of-3</a></h2>\n|t:|1746075560\n|gametype|doubles\n|player|p1|McDubbieEnthusiast|kimonogirl|1223\n|player|p2|Jakobtc|riley|1261\n|teamsize|p1|6\n|teamsize|p2|6\n|gen|9\n|tier|[Gen 9] VGC 2025 Reg I (Bo3)\n|rated|\n|rule|Species Clause: Limit one of each Pok\u00e9mon\n|rule|Item Clause: Limit 1 of each item\n|clearpoke\n|poke|p1|Calyrex-Ice, L50|\n|poke|p1|Lunala, L50|\n|poke|p1|Indeedee-F, L50, F|\n|poke|p1|Ursaluna, L50, M|\n|poke|p1|Smeargle, L50, M|\n|poke|p1|Zapdos-Galar, L50|\n|poke|p2|Calyrex-Shadow, L50|\n|poke|p2|Zacian-*, L50|\n|poke|p2|Incineroar, L50, F|\n|poke|p2|Rillaboom, L50, F|\n|poke|p2|Urshifu-*, L50, M|\n|poke|p2|Tornadus, L50, M|\n|teampreview|4\n|showteam|p1|Calyrex-Ice||NeverMeltIce|AsOneGlastrier|GlacialLance,CloseCombat,TrickRoom,Protect||||||50|,,,,,Fire]Lunala||PowerHerb|ShadowShield|MoongeistBeam,Moonblast,MeteorBeam,TrickRoom||||||50|,,,,,Fairy]Indeedee-F||PsychicSeed|PsychicSurge|Psychic,TrickRoom,FollowMe,HealPulse|||F|||50|,,,,,Water]Ursaluna||FlameOrb|Guts|Facade,HeadlongRush,Earthquake,Protect|||M|||50|,,,,,Bug]Smeargle||FocusSash|OwnTempo|FakeOut,Spore,FollowMe,Decorate|||M|||50|,,,,,Grass]Zapdos-Galar||PowerBracer|Defiant|BraveBird,ThunderousKick,QuickGuard,Coaching||||||50|,,,,,Grass\n|showteam|p2|Calyrex-Shadow||FocusSash|AsOneSpectrier|AstralBarrage,Psychic,Taunt,Protect||||||50|,,,,,Stellar]Zacian-Crowned||RustedSword|IntrepidSword|behemothblade,PlayRough,SacredSword,Protect||||||50|,,,,,Water]Incineroar||SafetyGoggles|Intimidate|FakeOut,KnockOff,HelpingHand,PartingShot|||F|||50|,,,,,Bug]Rillaboom||AssaultVest|GrassySurge|FakeOut,GrassyGlide,WoodHammer,Uturn|||F|||50|,,,,,Fire]Urshifu-Rapid-Strike||ChoiceScarf|UnseenFist|SurgingStrikes,CloseCombat,AquaJet,Uturn|||M|||50|,,,,,Water]Tornadus||CovertCloak|Prankster|BleakwindStorm,Tailwind,RainDance,Protect|||M|||50|,,,,,Dark\n|inactive|Battle timer is ON: inactive players will automatically lose when time's up. (requested by Jakobtc)\n|\n|t:|1746075594\n|start\n|switch|p1a: Lunala|Lunala, L50|100/100\n|switch|p1b: Indeedee|Indeedee-F, L50, F|100/100\n|switch|p2a: My Cat|Incineroar, L50, F|100/100\n|switch|p2b: WOOOOOOO|Zacian-Crowned, L50|100/100\n|-ability|p2b: WOOOOOOO|Intrepid Sword|boost\n|-boost|p2b: WOOOOOOO|atk|1\n|-fieldstart|move: Psychic Terrain|[from] ability: Psychic Surge|[of] p1b: Indeedee\n|-enditem|p1b: Indeedee|Psychic Seed\n|-boost|p1b: Indeedee|spd|1|[from] item: Psychic Seed\n|-ability|p2a: My Cat|Intimidate|boost\n|-unboost|p1a: Lunala|atk|1\n|-unboost|p1b: Indeedee|atk|1\n|turn|1\n|\n|t:|1746075615\n|switch|p2a: Monke|Rillaboom, L50, F|100/100\n|-fieldstart|move: Grassy Terrain|[from] ability: Grassy Surge|[of] p2a: Monke\n|move|p2b: WOOOOOOO|Behemoth Blade|p1a: Lunala\n|-damage|p1a: Lunala|63/100\n|move|p1a: Lunala|Meteor Beam||[still]\n|-prepare|p1a: Lunala|Meteor Beam\n|-boost|p1a: Lunala|spa|1\n|-enditem|p1a: Lunala|Power Herb\n|-anim|p1a: Lunala|Meteor Beam|p2a: Monke\n|-damage|p2a: Monke|56/100\n|move|p1b: Indeedee|Trick Room|p1b: Indeedee\n|-fieldstart|move: Trick Room|[of] p1b: Indeedee\n|\n|-heal|p1a: Lunala|69/100|[from] Grassy Terrain\n|-heal|p2a: Monke|62/100|[from] Grassy Terrain\n|upkeep\n|turn|2\n|inactive|McDubbieEnthusiast has 30 seconds left.\n|inactive|McDubbieEnthusiast has 20 seconds left.\n|inactive|McDubbieEnthusiast has 15 seconds left.\n|\n|t:|1746075656\n|switch|p2a: My Cat|Incineroar, L50, F|100/100\n|-ability|p2a: My Cat|Intimidate|boost\n|-unboost|p1a: Lunala|atk|1\n|-unboost|p1b: Indeedee|atk|1\n|move|p1b: Indeedee|Heal Pulse|p1a: Lunala\n|-heal|p1a: Lunala|100/100\n|move|p1a: Lunala|Moongeist Beam|p2b: WOOOOOOO\n|-damage|p2b: WOOOOOOO|21/100\n|move|p2b: WOOOOOOO|Behemoth Blade|p1a: Lunala\n|-damage|p1a: Lunala|62/100\n|\n|-heal|p1a: Lunala|68/100|[from] Grassy Terrain\n|-heal|p2b: WOOOOOOO|27/100|[from] Grassy Terrain\n|upkeep\n|turn|3\n|inactive|McDubbieEnthusiast has 30 seconds left.\n|inactive|Jakobtc has 30 seconds left.\n|inactive|McDubbieEnthusiast has 20 seconds left.\n|\n|t:|1746075695\n|move|p2b: WOOOOOOO|Protect|p2b: WOOOOOOO\n|-singleturn|p2b: WOOOOOOO|Protect\n|move|p2a: My Cat|Parting Shot|p1a: Lunala\n|-unboost|p1a: Lunala|atk|1\n|-unboost|p1a: Lunala|spa|1\n|\n|t:|1746075704\n|switch|p2a: Monke|Rillaboom, L50, F|62/100|[from] Parting Shot\n|move|p1b: Indeedee|Heal Pulse|p1a: Lunala\n|-heal|p1a: Lunala|100/100\n|move|p1a: Lunala|Moongeist Beam|p2b: WOOOOOOO\n|-activate|p2b: WOOOOOOO|move: Protect\n|\n|-heal|p2a: Monke|68/100|[from] Grassy Terrain\n|-heal|p2b: WOOOOOOO|33/100|[from] Grassy Terrain\n|upkeep\n|turn|4\n|\n|t:|1746075728\n|switch|p1b: THICCTHICCLY|Ursaluna, L50, M|100/100\n|move|p2a: Monke|Grassy Glide|p1a: Lunala\n|-damage|p1a: Lunala|85/100\n|move|p1a: Lunala|Moongeist Beam|p2b: WOOOOOOO\n|-damage|p2b: WOOOOOOO|0 fnt\n|faint|p2b: WOOOOOOO\n|\n|-heal|p1a: Lunala|91/100|[from] Grassy Terrain\n|-heal|p2a: Monke|74/100|[from] Grassy Terrain\n|-status|p1b: THICCTHICCLY|brn|[from] item: Flame Orb\n|upkeep\n|\n|t:|1746075745\n|switch|p2b: Severus|Calyrex-Shadow, L50|100/100\n|-ability|p2b: Severus|As One\n|-ability|p2b: Severus|Unnerve\n|turn|5\n|\n|t:|1746075761\n|switch|p2a: My Cat|Incineroar, L50, F|100/100\n|-ability|p2a: My Cat|Intimidate|boost\n|-unboost|p1a: Lunala|atk|1\n|-unboost|p1b: THICCTHICCLY|atk|1\n|move|p2b: Severus|Protect|p2b: Severus\n|-singleturn|p2b: Severus|Protect\n|move|p1b: THICCTHICCLY|Headlong Rush|p2b: Severus\n|-activate|p2b: Severus|move: Protect\n|move|p1a: Lunala|Moonblast|p2b: Severus\n|-activate|p2b: Severus|move: Protect\n|\n|-heal|p1a: Lunala|97/100|[from] Grassy Terrain\n|-damage|p1b: THICCTHICCLY|95/100 brn|[from] brn\n|-fieldend|move: Trick Room\n|-fieldend|move: Grassy Terrain\n|upkeep\n|turn|6\n|inactive|McDubbieEnthusiast has 30 seconds left.\n|inactive|Jakobtc has 30 seconds left.\n|inactive|McDubbieEnthusiast has 20 seconds left.\n|inactive|McDubbieEnthusiast has 15 seconds left.\n|inactive|McDubbieEnthusiast has 10 seconds left.\n|\n|t:|1746075807\n|switch|p1a: Redacted|Smeargle, L50, M, shiny|100/100\n|-terastallize|p2b: Severus|Stellar\n|move|p2a: My Cat|Helping Hand|p2b: Severus\n|-singleturn|p2b: Severus|Helping Hand|[of] p2a: My Cat\n|move|p2b: Severus|Psychic|p1b: THICCTHICCLY\n|-damage|p1b: THICCTHICCLY|0 fnt\n|faint|p1b: THICCTHICCLY\n|-ability|p2b: Severus|Grim Neigh|boost\n|-boost|p2b: Severus|spa|1\n|\n|upkeep\n|inactive|McDubbieEnthusiast has 30 seconds left.\n|\n|t:|1746075835\n|switch|p1b: Indeedee|Indeedee-F, L50, F|100/100\n|-fieldstart|move: Psychic Terrain|[from] ability: Psychic Surge|[of] p1b: Indeedee\n|turn|7\n|\n|t:|1746075854\n|move|p2b: Severus|Psychic|p1a: Redacted\n|-enditem|p1a: Redacted|Focus Sash\n|-damage|p1a: Redacted|1/100\n|move|p1a: Redacted|Spore|p2b: Severus\n|-status|p2b: Severus|slp|[from] move: Spore\n|move|p2a: My Cat|Knock Off|p1a: Redacted\n|-damage|p1a: Redacted|0 fnt\n|faint|p1a: Redacted\n|move|p1b: Indeedee|Trick Room|p1b: Indeedee\n|-fieldstart|move: Trick Room|[of] p1b: Indeedee\n|\n|upkeep\n|\n|t:|1746075862\n|switch|p1a: Lunala|Lunala, L50|97/100\n|turn|8\n|inactive|McDubbieEnthusiast has 30 seconds left.\n|\n|t:|1746075889\n|move|p2a: My Cat|Knock Off|p1a: Lunala\n|-supereffective|p1a: Lunala\n|-damage|p1a: Lunala|0 fnt\n|faint|p1a: Lunala\n|move|p1b: Indeedee|Heal Pulse|p1: Lunala|[notarget]\n|-fail|p1b: Indeedee\n|cant|p2b: Severus|slp\n|\n|upkeep\n|turn|9\n|-message|McDubbieEnthusiast forfeited.\n|\n|win|Jakobtc\n|raw|McDubbieEnthusiast's rating: 1223 &rarr; <strong>1201</strong><br />(-22 for losing)\n|raw|Jakobtc's rating: 1261 &rarr; <strong>1283</strong><br />(+22 for winning)\n", "uploadtime": 1746075899, "views": 12, "formatid": "gen9vgc2025regibo3", "rating": 1201, "private": 0, "password": null}