{"id": "gen9vgc2025regibo3-2353667819", "format": "[Gen 9] VGC 2025 Reg I (Bo3)", "players": ["CityPopThatThang", "navicorrin"], "log": "|j|\u2606CityPopThatThang\n|j|\u2606navicorrin\n|html|<table width=\"100%\"><tr><td align=\"left\">CityPopThatThang</td><td align=\"right\">navicorrin</tr><tr><td align=\"left\"><i class=\"fa fa-circle-o\"></i> <i class=\"fa fa-circle-o\"></i> </td><td align=\"right\"><i class=\"fa fa-circle-o\"></i> <i class=\"fa fa-circle-o\"></i> </tr></table>\n|uhtml|bestof|<h2><strong>Game 1</strong> of <a href=\"/game-bestof3-gen9vgc2025regibo3-2353667818\">a best-of-3</a></h2>\n|t:|1745981172\n|gametype|doubles\n|player|p1|CityPopThatThang|guzma|1071\n|player|p2|navicorrin|caitlin|1026\n|teamsize|p1|6\n|teamsize|p2|6\n|gen|9\n|tier|[Gen 9] VGC 2025 Reg I (Bo3)\n|rated|\n|rule|Species Clause: Limit one of each Pok\u00e9mon\n|rule|Item Clause: Limit 1 of each item\n|clearpoke\n|poke|p1|Calyrex-Ice, L50|\n|poke|p1|Lunala, L50|\n|poke|p1|Indeedee-F, L50, F|\n|poke|p1|Ursaluna-Bloodmoon, L50, M|\n|poke|p1|Urshifu-*, L50, M|\n|poke|p1|Smeargle, L50, M|\n|poke|p2|Amoonguss, L50, M|\n|poke|p2|Rillaboom, L50, F|\n|poke|p2|Toxapex, L50, F|\n|poke|p2|Kyogre, L50|\n|poke|p2|Zamazenta-*, L50|\n|poke|p2|Snorlax, L50, M|\n|teampreview|4\n|showteam|p1|Calyrex-Ice||NeverMeltIce|AsOneGlastrier|GlacialLance,HighHorsepower,TrickRoom,Protect||||||50|,,,,,Fire]Lunala||PowerHerb|ShadowShield|MoongeistBeam,ExpandingForce,MeteorBeam,TrickRoom||||||50|,,,,,Water]Indeedee-F||PsychicSeed|PsychicSurge|AlluringVoice,TrickRoom,FollowMe,HealPulse|||F|||50|,,,,,Fairy]Ursaluna-Bloodmoon||LifeOrb|MindsEye|HyperVoice,EarthPower,BloodMoon,Protect|||M|||50|,,,,,Poison]Urshifu||ChoiceBand|UnseenFist|WickedBlow,CloseCombat,SuckerPunch,IronHead|||M|||50|,,,,,Grass]Smeargle||FocusSash|OwnTempo|FollowMe,FakeOut,Spore,Decorate|||M|||50|,,,,,Grass\n|showteam|p2|Amoonguss||RockyHelmet|Regenerator|PollenPuff,RagePowder,Protect,Spore|||M|||50|,,,,,Dragon]Rillaboom||AssaultVest|GrassySurge|GrassyGlide,Uturn,FakeOut,WoodHammer|||F|||50|,,,,,Water]Toxapex||CovertCloak|Regenerator|Infestation,BanefulBunker,Recover,Toxic|||F|||50|,,,,,Dark]Kyogre||MysticWater|Drizzle|WaterSpout,OriginPulse,Thunder,IceBeam||||||50|,,,,,Grass]Zamazenta-Crowned||RustedShield|DauntlessShield|WideGuard,Protect,BodyPress,behemothbash||||||50|,,,,,Water]Snorlax||AguavBerry|Gluttony|Crunch,Yawn,Protect,DoubleEdge|||M|||50|,,,,,Fairy\n|inactive|Battle timer is ON: inactive players will automatically lose when time's up. (requested by navicorrin)\n|\n|t:|1745981229\n|start\n|switch|p1a: Lunala|Lunala, L50|100/100\n|switch|p1b: Smeargle|Smeargle, L50, M|100/100\n|switch|p2a: Snorlax|Snorlax, L50, M, shiny|100/100\n|switch|p2b: Toxapex|Toxapex, L50, F, shiny|100/100\n|turn|1\n|inactive|CityPopThatThang has 30 seconds left.\n|\n|t:|1745981256\n|move|p2b: Toxapex|Baneful Bunker|p2b: Toxapex\n|-singleturn|p2b: Toxapex|move: Protect\n|move|p1b: Smeargle|Spore|p2a: Snorlax\n|-status|p2a: Snorlax|slp|[from] move: Spore\n|move|p1a: Lunala|Expanding Force|p2b: Toxapex\n|-activate|p2b: Toxapex|move: Protect\n|cant|p2a: Snorlax|slp\n|\n|upkeep\n|turn|2\n|inactive|navicorrin has 30 seconds left.\n|\n|t:|1745981289\n|-terastallize|p2b: Toxapex|Dark\n|cant|p2a: Snorlax|slp\n|move|p1b: Smeargle|Decorate|p1a: Lunala\n|-boost|p1a: Lunala|atk|2\n|-boost|p1a: Lunala|spa|2\n|move|p1a: Lunala|Meteor Beam||[still]\n|-prepare|p1a: Lunala|Meteor Beam\n|-boost|p1a: Lunala|spa|1\n|-enditem|p1a: Lunala|Power Herb\n|-anim|p1a: Lunala|Meteor Beam|p2b: Toxapex|[miss]\n|-miss|p1a: Lunala|p2b: Toxapex\n|move|p2b: Toxapex|Toxic|p1a: Lunala\n|-status|p1a: Lunala|tox\n|\n|-damage|p1a: Lunala|95/100 tox|[from] psn\n|upkeep\n|turn|3\n|inactive|CityPopThatThang has 30 seconds left.\n|\n|t:|1745981316\n|-curestatus|p2a: Snorlax|slp|[msg]\n|move|p2a: Snorlax|Protect|p2a: Snorlax\n|-singleturn|p2a: Snorlax|Protect\n|move|p1b: Smeargle|Decorate|p1a: Lunala\n|-boost|p1a: Lunala|atk|2\n|-boost|p1a: Lunala|spa|2\n|move|p1a: Lunala|Expanding Force|p2a: Snorlax\n|-activate|p2a: Snorlax|move: Protect\n|move|p2b: Toxapex|Infestation|p1a: Lunala\n|-damage|p1a: Lunala|92/100 tox\n|-activate|p1a: Lunala|move: Infestation|[of] p2b: Toxapex\n|\n|-damage|p1a: Lunala|81/100 tox|[from] psn\n|-damage|p1a: Lunala|69/100 tox|[from] move: Infestation|[partiallytrapped]\n|upkeep\n|turn|4\n|inactive|navicorrin has 30 seconds left.\n|inactive|CityPopThatThang has 30 seconds left.\n|\n|t:|1745981356\n|switch|p1b: Calyrex|Calyrex-Ice, L50|100/100\n|-ability|p1b: Calyrex|As One\n|-ability|p1b: Calyrex|Unnerve\n|move|p1a: Lunala|Expanding Force|p2a: Snorlax\n|-damage|p2a: Snorlax|0 fnt\n|faint|p2a: Snorlax\n|move|p2b: Toxapex|Toxic|p1b: Calyrex\n|-status|p1b: Calyrex|tox\n|\n|-damage|p1a: Lunala|51/100 tox|[from] psn\n|-damage|p1b: Calyrex|95/100 tox|[from] psn\n|-damage|p1a: Lunala|39/100 tox|[from] move: Infestation|[partiallytrapped]\n|upkeep\n|inactive|navicorrin has 30 seconds left.\n|\n|t:|1745981382\n|switch|p2a: Zamazenta|Zamazenta-Crowned, L50|100/100\n|-ability|p2a: Zamazenta|Dauntless Shield|boost\n|-boost|p2a: Zamazenta|def|1\n|turn|5\n|\n|t:|1745981406\n|-terastallize|p1b: Calyrex|Fire\n|move|p2a: Zamazenta|Protect|p2a: Zamazenta\n|-singleturn|p2a: Zamazenta|Protect\n|move|p1a: Lunala|Moongeist Beam|p2a: Zamazenta\n|-activate|p2a: Zamazenta|move: Protect\n|move|p2b: Toxapex|Infestation|p1b: Calyrex\n|-resisted|p1b: Calyrex\n|-damage|p1b: Calyrex|94/100 tox\n|-activate|p1b: Calyrex|move: Infestation|[of] p2b: Toxapex\n|move|p1b: Calyrex|Trick Room|p1b: Calyrex\n|-fieldstart|move: Trick Room|[of] p1b: Calyrex\n|\n|-damage|p1b: Calyrex|82/100 tox|[from] psn\n|-damage|p1a: Lunala|16/100 tox|[from] psn\n|-damage|p1b: Calyrex|70/100 tox|[from] move: Infestation|[partiallytrapped]\n|-damage|p1a: Lunala|4/100 tox|[from] move: Infestation|[partiallytrapped]\n|upkeep\n|turn|6\n|inactive|navicorrin has 30 seconds left.\n|inactive|navicorrin has 20 seconds left.\n|inactive|navicorrin has 15 seconds left.\n|\n|t:|1745981450\n|switch|p1a: Indeedee|Indeedee-F, L50, F|100/100\n|-fieldstart|move: Psychic Terrain|[from] ability: Psychic Surge|[of] p1a: Indeedee\n|-enditem|p1a: Indeedee|Psychic Seed\n|-boost|p1a: Indeedee|spd|1|[from] item: Psychic Seed\n|move|p1b: Calyrex|Glacial Lance|p2b: Toxapex|[spread] p2a,p2b\n|-resisted|p2a: Zamazenta\n|-damage|p2a: Zamazenta|86/100\n|-damage|p2b: Toxapex|58/100\n|move|p2b: Toxapex|Infestation|p1a: Indeedee\n|-supereffective|p1a: Indeedee\n|-damage|p1a: Indeedee|96/100\n|-activate|p1a: Indeedee|move: Infestation|[of] p2b: Toxapex\n|move|p2a: Zamazenta|Body Press|p1b: Calyrex\n|-damage|p1b: Calyrex|29/100 tox\n|\n|-damage|p1b: Calyrex|12/100 tox|[from] psn\n|-damage|p1b: Calyrex|0 fnt|[from] move: Infestation|[partiallytrapped]\n|faint|p1b: Calyrex\n|-damage|p1a: Indeedee|84/100|[from] move: Infestation|[partiallytrapped]\n|upkeep\n|\n|t:|1745981462\n|switch|p1b: Lunala|Lunala, L50|4/100 tox\n|turn|7\n|\n|t:|1745981479\n|move|p2a: Zamazenta|Protect|p2a: Zamazenta\n|-singleturn|p2a: Zamazenta|Protect\n|move|p2b: Toxapex|Toxic|p1a: Indeedee|[miss]\n|-miss|p2b: Toxapex|p1a: Indeedee\n|move|p1a: Indeedee|Heal Pulse|p1b: Lunala\n|-heal|p1b: Lunala|54/100 tox\n|move|p1b: Lunala|Moongeist Beam|p2b: Toxapex\n|-resisted|p2b: Toxapex\n|-damage|p2b: Toxapex|31/100\n|\n|-damage|p1b: Lunala|48/100 tox|[from] psn\n|-damage|p1a: Indeedee|72/100|[from] move: Infestation|[partiallytrapped]\n|upkeep\n|turn|8\n|\n|t:|1745981501\n|move|p2b: Toxapex|Recover|p2b: Toxapex\n|-heal|p2b: Toxapex|81/100\n|move|p1a: Indeedee|Heal Pulse|p1b: Lunala\n|-heal|p1b: Lunala|98/100 tox\n|move|p1b: Lunala|Moongeist Beam|p2b: Toxapex\n|-resisted|p2b: Toxapex\n|-damage|p2b: Toxapex|55/100\n|move|p2a: Zamazenta|Body Press|p1a: Indeedee\n|-damage|p1a: Indeedee|10/100\n|\n|-damage|p1b: Lunala|87/100 tox|[from] psn\n|-damage|p1a: Indeedee|0 fnt|[from] move: Infestation|[partiallytrapped]\n|faint|p1a: Indeedee\n|upkeep\n|\n|t:|1745981505\n|switch|p1a: Smeargle|Smeargle, L50, M|100/100\n|turn|9\n|\n|t:|1745981523\n|move|p2b: Toxapex|Infestation|p1b: Lunala\n|-damage|p1b: Lunala|84/100 tox\n|-activate|p1b: Lunala|move: Infestation|[of] p2b: Toxapex\n|move|p1b: Lunala|Meteor Beam||[still]\n|-prepare|p1b: Lunala|Meteor Beam\n|-boost|p1b: Lunala|spa|1\n|move|p1a: Smeargle|Spore|p2a: Zamazenta\n|-status|p2a: Zamazenta|slp|[from] move: Spore\n|cant|p2a: Zamazenta|slp\n|\n|-damage|p1b: Lunala|67/100 tox|[from] psn\n|-damage|p1b: Lunala|55/100 tox|[from] move: Infestation|[partiallytrapped]\n|-fieldend|move: Trick Room\n|upkeep\n|turn|10\n|\n|t:|1745981544\n|-curestatus|p2a: Zamazenta|slp|[msg]\n|move|p2a: Zamazenta|Protect|p2a: Zamazenta\n|-singleturn|p2a: Zamazenta|Protect\n|move|p2b: Toxapex|Baneful Bunker|p2b: Toxapex\n|-singleturn|p2b: Toxapex|move: Protect\n|move|p1a: Smeargle|Decorate|p1b: Lunala\n|-boost|p1b: Lunala|atk|2\n|-boost|p1b: Lunala|spa|2\n|move|p1b: Lunala|Meteor Beam|p2b: Toxapex|[from] lockedmove\n|-activate|p2b: Toxapex|move: Protect\n|\n|-damage|p1b: Lunala|31/100 tox|[from] psn\n|-damage|p1b: Lunala|19/100 tox|[from] move: Infestation|[partiallytrapped]\n|-fieldend|move: Psychic Terrain\n|upkeep\n|turn|11\n|\n|t:|1745981565\n|move|p1a: Smeargle|Follow Me|p1a: Smeargle\n|-singleturn|p1a: Smeargle|move: Follow Me\n|move|p2a: Zamazenta|Body Press|p1a: Smeargle\n|-supereffective|p1a: Smeargle\n|-enditem|p1a: Smeargle|Focus Sash\n|-damage|p1a: Smeargle|1/100\n|move|p1b: Lunala|Moongeist Beam|p2a: Zamazenta\n|-damage|p2a: Zamazenta|0 fnt\n|faint|p2a: Zamazenta\n|move|p2b: Toxapex|Toxic|p1a: Smeargle\n|-status|p1a: Smeargle|tox\n|\n|-damage|p1a: Smeargle|0 fnt|[from] psn\n|faint|p1a: Smeargle\n|-damage|p1b: Lunala|0 fnt|[from] psn\n|faint|p1b: Lunala\n|\n|win|navicorrin\n||CityPopThatThang is ready for game 2.\n|inactive|navicorrin has 30 seconds to confirm battle start!\n||navicorrin is ready for game 2.\n|uhtml|next|Next: <a href=\"/battle-gen9vgc2025regibo3-2353671135\"><strong>Game 2 of 3</strong></a>\n", "uploadtime": 1745982097, "views": 13, "formatid": "gen9vgc2025regibo3", "rating": null, "private": 0, "password": null}