{"id": "gen9vgc2025regibo3-2353990265", "format": "[Gen 9] VGC 2025 Reg I (Bo3)", "players": ["EBnilla", "warriorooyt"], "log": "|j|\u2606EBnilla\n|j|\u2606warriorooyt\n|html|<table width=\"100%\"><tr><td align=\"left\">EBnilla</td><td align=\"right\">warriorooyt</tr><tr><td align=\"left\"><i class=\"fa fa-circle-o\"></i> <i class=\"fa fa-circle-o\"></i> </td><td align=\"right\"><i class=\"fa fa-circle-o\"></i> <i class=\"fa fa-circle-o\"></i> </tr></table>\n|uhtml|bestof|<h2><strong>Game 1</strong> of <a href=\"/game-bestof3-gen9vgc2025regibo3-2353990264\">a best-of-3</a></h2>\n|t:|1746025471\n|gametype|doubles\n|player|p1|EBnilla|backpacker|1143\n|player|p2|warriorooyt|170|1104\n|teamsize|p1|6\n|teamsize|p2|6\n|gen|9\n|tier|[Gen 9] VGC 2025 Reg I (Bo3)\n|rated|\n|rule|Species Clause: Limit one of each Pok\u00e9mon\n|rule|Item Clause: Limit 1 of each item\n|clearpoke\n|poke|p1|Calyrex-Shadow, L50|\n|poke|p1|Koraidon, L50|\n|poke|p1|Flutter Mane, L50|\n|poke|p1|Smeargle, L50, F|\n|poke|p1|Rillaboom, L50, M|\n|poke|p1|Grimmsnarl, L50, M|\n|poke|p2|Kyogre, L50|\n|poke|p2|Archaludon, L50, M|\n|poke|p2|Calyrex-Ice, L50|\n|poke|p2|Armarouge, L50, F|\n|poke|p2|Indeedee-F, L50, F|\n|poke|p2|Smeargle, L50, M|\n|teampreview|4\n|showteam|p1|Calyrex-Shadow||SpellTag|AsOneSpectrier|AstralBarrage,DrainingKiss,Encore,Protect||||||50|,,,,,Fairy]Koraidon||ClearAmulet|OrichalcumPulse|CollisionCourse,FlameCharge,HelpingHand,Protect||||||50|,,,,,Fire]Flutter Mane||ChoiceSpecs|Protosynthesis|Moonblast,ShadowBall,DazzlingGleam,PowerGem||||||50|,,,,,Fairy]Smeargle||FocusSash|Moody|FakeOut,Spore,Decorate,FollowMe|||F|||50|,,,,,Ghost]Rillaboom||ChoiceBand|GrassySurge|GrassyGlide,WoodHammer,HighHorsepower,Uturn|||M|||50|,,,,,Grass]Grimmsnarl||LightClay|Prankster|SpiritBreak,Reflect,LightScreen,PartingShot|||M|||50|,,,,,Ghost\n|showteam|p2|Kyogre||ChoiceScarf|Drizzle|WaterSpout,OriginPulse,IceBeam,Thunder||||||50|,,,,,Water]Archaludon||AssaultVest|Stamina|ElectroShot,FlashCannon,BodyPress,DracoMeteor|||M|||50|,,,,,Flying]Calyrex-Ice||NeverMeltIce|AsOneGlastrier|HighHorsepower,GlacialLance,Protect,TrickRoom||||||50|,,,,,Water]Armarouge||LifeOrb|FlashFire|ExpandingForce,ArmorCannon,Protect,DarkPulse|||F|||50|,,,,,Grass]Indeedee-F||SitrusBerry|PsychicSurge|FollowMe,TrickRoom,Psychic,HelpingHand|||F|||50|,,,,,Grass]Smeargle||FocusSash|Moody|WideGuard,FollowMe,FakeOut,Tailwind|||M|||50|,,,,,Ghost\n|inactive|Battle timer is ON: inactive players will automatically lose when time's up. (requested by warriorooyt)\n|\n|t:|1746025505\n|start\n|switch|p1a: Grimmsnarl|Grimmsnarl, L50, M|100/100\n|switch|p1b: Smeargle|Smeargle, L50, F|100/100\n|switch|p2a: Calyrex|Calyrex-Ice, L50|100/100\n|switch|p2b: Indeedee|Indeedee-F, L50, F|100/100\n|-ability|p2a: Calyrex|As One\n|-ability|p2a: Calyrex|Unnerve\n|-fieldstart|move: Psychic Terrain|[from] ability: Psychic Surge|[of] p2b: Indeedee\n|turn|1\n|\n|t:|1746025525\n|move|p1a: Grimmsnarl|Reflect|p1a: Grimmsnarl\n|-sidestart|p1: EBnilla|Reflect\n|move|p1b: Smeargle|Spore|p2a: Calyrex\n|-status|p2a: Calyrex|slp|[from] move: Spore\n|cant|p2a: Calyrex|slp\n|move|p2b: Indeedee|Trick Room|p2b: Indeedee\n|-fieldstart|move: Trick Room|[of] p2b: Indeedee\n|\n|-ability|p1b: Smeargle|Moody|boost\n|-boost|p1b: Smeargle|spa|2\n|-unboost|p1b: Smeargle|spd|1\n|upkeep\n|turn|2\n|inactive|EBnilla has 30 seconds left.\n|\n|t:|1746025552\n|switch|p1a: Koraidon|Koraidon, L50|100/100\n|-weather|SunnyDay|[from] ability: Orichalcum Pulse|[of] p1a: Koraidon\n|-activate|p1a: Koraidon|Orichalcum Pulse|[source]\n|-terastallize|p2b: Indeedee|Grass\n|cant|p2a: Calyrex|slp\n|move|p2b: Indeedee|Psychic|p1b: Smeargle\n|-enditem|p1b: Smeargle|Focus Sash\n|-damage|p1b: Smeargle|1/100\n|-unboost|p1b: Smeargle|spd|1\n|move|p1b: Smeargle|Decorate|p1a: Koraidon\n|-boost|p1a: Koraidon|atk|2\n|-boost|p1a: Koraidon|spa|2\n|\n|-weather|SunnyDay|[upkeep]\n|-ability|p1b: Smeargle|Moody|boost\n|-boost|p1b: Smeargle|spa|2\n|-unboost|p1b: Smeargle|def|1\n|upkeep\n|turn|3\n|\n|t:|1746025577\n|-terastallize|p1a: Koraidon|Fire\n|move|p2b: Indeedee|Follow Me|p2b: Indeedee\n|-singleturn|p2b: Indeedee|move: Follow Me\n|-curestatus|p2a: Calyrex|slp|[msg]\n|move|p2a: Calyrex|Glacial Lance|p1a: Koraidon|[spread] p1a,p1b\n|-resisted|p1a: Koraidon\n|-damage|p1a: Koraidon|79/100\n|-damage|p1b: Smeargle|0 fnt\n|faint|p1b: Smeargle\n|-ability|p2a: Calyrex|Chilling Neigh|boost\n|-boost|p2a: Calyrex|atk|1\n|move|p1a: Koraidon|Collision Course|p2b: Indeedee\n|-damage|p2b: Indeedee|0 fnt\n|faint|p2b: Indeedee\n|\n|-weather|SunnyDay|[upkeep]\n|upkeep\n|\n|t:|1746025590\n|switch|p2b: Armarouge|Armarouge, L50, F|100/100\n|switch|p1b: Rillaboom|Rillaboom, L50, M|100/100\n|-fieldstart|move: Grassy Terrain|[from] ability: Grassy Surge|[of] p1b: Rillaboom\n|turn|4\n|inactive|warriorooyt has 30 seconds left.\n|\n|t:|1746025620\n|switch|p1b: Grimmsnarl|Grimmsnarl, L50, M|100/100\n|move|p1a: Koraidon|Protect|p1a: Koraidon\n|-singleturn|p1a: Koraidon|Protect\n|move|p2a: Calyrex|High Horsepower|p1a: Koraidon\n|-activate|p1a: Koraidon|move: Protect\n|move|p2b: Armarouge|Armor Cannon|p1a: Koraidon\n|-activate|p1a: Koraidon|move: Protect\n|\n|-weather|SunnyDay|[upkeep]\n|-heal|p1a: Koraidon|85/100|[from] Grassy Terrain\n|upkeep\n|turn|5\n|\n|t:|1746025639\n|move|p1b: Grimmsnarl|Light Screen|p1b: Grimmsnarl\n|-sidestart|p1: EBnilla|move: Light Screen\n|move|p2a: Calyrex|High Horsepower|p1a: Koraidon\n|-supereffective|p1a: Koraidon\n|-damage|p1a: Koraidon|12/100\n|move|p2b: Armarouge|Armor Cannon|p1b: Grimmsnarl\n|-damage|p1b: Grimmsnarl|17/100\n|-unboost|p2b: Armarouge|def|1\n|-unboost|p2b: Armarouge|spd|1\n|-damage|p2b: Armarouge|91/100|[from] item: Life Orb\n|move|p1a: Koraidon|Collision Course|p2a: Calyrex\n|-damage|p2a: Calyrex|15/100\n|\n|-weather|SunnyDay|[upkeep]\n|-heal|p2a: Calyrex|21/100|[from] Grassy Terrain\n|-heal|p1b: Grimmsnarl|22/100|[from] Grassy Terrain\n|-heal|p2b: Armarouge|97/100|[from] Grassy Terrain\n|-heal|p1a: Koraidon|19/100|[from] Grassy Terrain\n|-fieldend|move: Trick Room\n|upkeep\n|turn|6\n|\n|t:|1746025665\n|move|p2b: Armarouge|Protect|p2b: Armarouge\n|-singleturn|p2b: Armarouge|Protect\n|move|p2a: Calyrex|Protect|p2a: Calyrex\n|-singleturn|p2a: Calyrex|Protect\n|move|p1a: Koraidon|Collision Course|p2a: Calyrex\n|-activate|p2a: Calyrex|move: Protect\n|move|p1b: Grimmsnarl|Spirit Break|p2b: Armarouge\n|-activate|p2b: Armarouge|move: Protect\n|\n|-weather|none\n|-heal|p1a: Koraidon|25/100|[from] Grassy Terrain\n|-heal|p2b: Armarouge|100/100|[from] Grassy Terrain\n|-heal|p1b: Grimmsnarl|28/100|[from] Grassy Terrain\n|-heal|p2a: Calyrex|27/100|[from] Grassy Terrain\n|upkeep\n|turn|7\n|\n|t:|1746025687\n|move|p1a: Koraidon|Collision Course|p2a: Calyrex\n|-damage|p2a: Calyrex|0 fnt\n|faint|p2a: Calyrex\n|move|p2b: Armarouge|Armor Cannon|p1a: Koraidon\n|-resisted|p1a: Koraidon\n|-damage|p1a: Koraidon|0 fnt\n|-unboost|p2b: Armarouge|def|1\n|-unboost|p2b: Armarouge|spd|1\n|faint|p1a: Koraidon\n|-damage|p2b: Armarouge|91/100|[from] item: Life Orb\n|move|p1b: Grimmsnarl|Spirit Break|p2b: Armarouge\n|-resisted|p2b: Armarouge\n|-damage|p2b: Armarouge|60/100\n|-unboost|p2b: Armarouge|spa|1\n|\n|-heal|p2b: Armarouge|66/100|[from] Grassy Terrain\n|-heal|p1b: Grimmsnarl|34/100|[from] Grassy Terrain\n|upkeep\n|\n|t:|1746025695\n|switch|p1a: Rillaboom|Rillaboom, L50, M|100/100\n|switch|p2a: Kyogre|Kyogre, L50, shiny|100/100\n|-weather|RainDance|[from] ability: Drizzle|[of] p2a: Kyogre\n|turn|8\n|\n|t:|1746025717\n|move|p1a: Rillaboom|Grassy Glide|p2a: Kyogre\n|-supereffective|p2a: Kyogre\n|-damage|p2a: Kyogre|0 fnt\n|faint|p2a: Kyogre\n|move|p2b: Armarouge|Armor Cannon|p1a: Rillaboom\n|-supereffective|p1a: Rillaboom\n|-damage|p1a: Rillaboom|58/100\n|-unboost|p2b: Armarouge|def|1\n|-unboost|p2b: Armarouge|spd|1\n|-damage|p2b: Armarouge|56/100|[from] item: Life Orb\n|move|p1b: Grimmsnarl|Spirit Break|p2b: Armarouge\n|-resisted|p2b: Armarouge\n|-damage|p2b: Armarouge|19/100\n|-unboost|p2b: Armarouge|spa|1\n|\n|-weather|RainDance|[upkeep]\n|-heal|p1a: Rillaboom|64/100|[from] Grassy Terrain\n|-heal|p2b: Armarouge|25/100|[from] Grassy Terrain\n|-heal|p1b: Grimmsnarl|40/100|[from] Grassy Terrain\n|-sideend|p1: EBnilla|Reflect\n|-fieldend|move: Grassy Terrain\n|upkeep\n|turn|9\n|-message|warriorooyt forfeited.\n|\n|win|EBnilla\n|l|\u2606warriorooyt\n|player|p2|\n||EBnilla is ready for game 2.\n||warriorooyt is ready for game 2.\n|uhtml|next|Next: <a href=\"/battle-gen9vgc2025regibo3-2353993199\"><strong>Game 2 of 3</strong></a>\n|l|\u2606EBnilla\n|player|p1|\n", "uploadtime": 1746025995, "views": 6, "formatid": "gen9vgc2025regibo3", "rating": null, "private": 0, "password": null}