{"id": "gen9vgc2025regibo3-2353870987", "format": "[Gen 9] VGC 2025 Reg I (Bo3)", "players": ["Edozeg", "Marquis_VGC"], "log": "|j|\u2606Edozeg\n|j|\u2606Marquis_VGC\n|html|<table width=\"100%\"><tr><td align=\"left\">Edozeg</td><td align=\"right\">Marquis_VGC</tr><tr><td align=\"left\"><i class=\"fa fa-circle-o\"></i> <i class=\"fa fa-circle-o\"></i> </td><td align=\"right\"><i class=\"fa fa-circle-o\"></i> <i class=\"fa fa-circle-o\"></i> </tr></table>\n|uhtml|bestof|<h2><strong>Game 1</strong> of <a href=\"/game-bestof3-gen9vgc2025regibo3-2353870986\">a best-of-3</a></h2>\n|t:|1746013032\n|gametype|doubles\n|player|p1|Edozeg|grimsley|1110\n|player|p2|Marquis_VGC|170|1040\n|teamsize|p1|6\n|teamsize|p2|6\n|gen|9\n|tier|[Gen 9] VGC 2025 Reg I (Bo3)\n|rated|\n|rule|Species Clause: Limit one of each Pok\u00e9mon\n|rule|Item Clause: Limit 1 of each item\n|clearpoke\n|poke|p1|Kyogre, L50|\n|poke|p1|Zamazenta-*, L50|\n|poke|p1|Indeedee-F, L50, F|\n|poke|p1|Dragapult, L50, M|\n|poke|p1|Chien-Pao, L50|\n|poke|p1|Incineroar, L50, M|\n|poke|p2|Zamazenta-*, L50|\n|poke|p2|Tornadus, L50, M|\n|poke|p2|Kyogre, L50|\n|poke|p2|Tsareena, L50, F|\n|poke|p2|Landorus, L50, M|\n|poke|p2|Flutter Mane, L50|\n|teampreview|4\n|showteam|p1|Kyogre||ChoiceScarf|Drizzle|WaterSpout,IceBeam,OriginPulse,HydroPump||||||50|,,,,,Grass]Zamazenta-Crowned||RustedShield|DauntlessShield|BodyPress,HeavySlam,WideGuard,Protect||||||50|,,,,,Dragon]Indeedee-F||PsychicSeed|PsychicSurge|TrickRoom,FollowMe,HelpingHand,Imprison|||F|||50|,,,,,Fairy]Dragapult||FocusSash|ClearBody|PhantomForce,DragonDarts,DragonDance,Protect|||M|||50|,,,,,Normal]Chien-Pao||ClearAmulet|SwordofRuin|SuckerPunch,ThroatChop,SacredSword,Protect||||||50|,,,,,Stellar]Incineroar||RockyHelmet|Intimidate|Taunt,FakeOut,PartingShot,KnockOff|||M|||50|,,,,,Grass\n|showteam|p2|Zamazenta-Crowned||RustedShield|DauntlessShield|BodyPress,HeavySlam,WideGuard,Protect||||||50|,,,,,Dragon]Tornadus||CovertCloak|Prankster|BleakwindStorm,Tailwind,RainDance,Taunt|||M|||50|,,,,,Dark]Kyogre||AssaultVest|Drizzle|WaterSpout,OriginPulse,IceBeam,Thunder||||||50|,,,,,Grass]Tsareena||WideLens|QueenlyMajesty|TripleAxel,Taunt,Protect,PowerWhip|||F|||50|,,,,,Ice]Landorus||LifeOrb|SheerForce|EarthPower,SandsearStorm,SludgeBomb,Taunt|||M|||50|,,,,,Ghost]Flutter Mane||BoosterEnergy|Protosynthesis|Moonblast,ShadowBall,IcyWind,Protect||||||50|,,,,,Grass\n|inactive|Battle timer is ON: inactive players will automatically lose when time's up. (requested by Edozeg)\n|inactive|Marquis_VGC has 60 seconds left.\n|inactive|Edozeg has 60 seconds left.\n|\n|t:|1746013106\n|start\n|switch|p1a: Dragapult|Dragapult, L50, M|100/100\n|switch|p1b: Zamazenta|Zamazenta-Crowned, L50|100/100\n|switch|p2a: Tsareena|Tsareena, L50, F, shiny|100/100\n|switch|p2b: Tornadus|Tornadus, L50, M, shiny|100/100\n|-ability|p1b: Zamazenta|Dauntless Shield|boost\n|-boost|p1b: Zamazenta|def|1\n|turn|1\n|inactive|Marquis_VGC has 30 seconds left.\n|inactive|Marquis_VGC has 20 seconds left.\n|inactive|Marquis_VGC has 15 seconds left.\n|\n|t:|1746013147\n|move|p1a: Dragapult|Protect|p1a: Dragapult\n|-singleturn|p1a: Dragapult|Protect\n|move|p2b: Tornadus|Tailwind|p2b: Tornadus\n|-sidestart|p2: Marquis_VGC|move: Tailwind\n|move|p2a: Tsareena|Triple Axel|p1a: Dragapult\n|-activate|p1a: Dragapult|move: Protect\n|move|p1b: Zamazenta|Body Press|p2a: Tsareena\n|-damage|p2a: Tsareena|23/100\n|\n|upkeep\n|turn|2\n|inactive|Marquis_VGC has 30 seconds left.\n|\n|t:|1746013178\n|switch|p2a: Kyogre|Kyogre, L50|100/100\n|-weather|RainDance|[from] ability: Drizzle|[of] p2a: Kyogre\n|switch|p1a: Incineroar|Incineroar, L50, M|100/100\n|-ability|p1a: Incineroar|Intimidate|boost\n|-unboost|p2a: Kyogre|atk|1\n|-unboost|p2b: Tornadus|atk|1\n|move|p2b: Tornadus|Bleakwind Storm|p1a: Incineroar|[spread] p1a,p1b\n|-damage|p1a: Incineroar|67/100\n|-damage|p1b: Zamazenta|73/100\n|-unboost|p1b: Zamazenta|spe|1\n|move|p1b: Zamazenta|Body Press|p2b: Tornadus\n|-resisted|p2b: Tornadus\n|-damage|p2b: Tornadus|53/100\n|\n|-weather|RainDance|[upkeep]\n|upkeep\n|turn|3\n|inactive|Marquis_VGC has 30 seconds left.\n|\n|t:|1746013212\n|switch|p2b: Tsareena|Tsareena, L50, F, shiny|23/100\n|move|p1a: Incineroar|Fake Out||[still]\n|cant|p2b: Tsareena|ability: Queenly Majesty|Fake Out|[of] p1a: Incineroar\n|move|p2a: Kyogre|Water Spout|p1b: Zamazenta|[spread] p1a,p1b\n|-supereffective|p1a: Incineroar\n|-damage|p1a: Incineroar|0 fnt\n|-damage|p1b: Zamazenta|1/100\n|faint|p1a: Incineroar\n|move|p1b: Zamazenta|Body Press|p2a: Kyogre\n|-damage|p2a: Kyogre|34/100\n|\n|-weather|RainDance|[upkeep]\n|upkeep\n|\n|t:|1746013234\n|switch|p1a: Dragapult|Dragapult, L50, M|100/100\n|turn|4\n|\n|t:|1746013257\n|move|p1a: Dragapult|Protect|p1a: Dragapult\n|-singleturn|p1a: Dragapult|Protect\n|move|p2a: Kyogre|Ice Beam|p1a: Dragapult\n|-activate|p1a: Dragapult|move: Protect\n|move|p2b: Tsareena|Triple Axel|p1b: Zamazenta\n|-resisted|p1b: Zamazenta\n|-damage|p1b: Zamazenta|0 fnt\n|faint|p1b: Zamazenta\n|-hitcount|p1: Zamazenta|1\n|\n|-weather|RainDance|[upkeep]\n|-sideend|p2: Marquis_VGC|move: Tailwind\n|upkeep\n|\n|t:|1746013265\n|switch|p1b: Indeedee|Indeedee-F, L50, F|100/100\n|-fieldstart|move: Psychic Terrain|[from] ability: Psychic Surge|[of] p1b: Indeedee\n|-enditem|p1b: Indeedee|Psychic Seed\n|-boost|p1b: Indeedee|spd|1|[from] item: Psychic Seed\n|turn|5\n|inactive|Edozeg has 30 seconds left.\n|inactive|Marquis_VGC has 30 seconds left.\n|\n|t:|1746013292\n|move|p1b: Indeedee|Follow Me|p1b: Indeedee\n|-singleturn|p1b: Indeedee|move: Follow Me\n|move|p1a: Dragapult|Dragon Dance|p1a: Dragapult\n|-boost|p1a: Dragapult|atk|1\n|-boost|p1a: Dragapult|spe|1\n|move|p2a: Kyogre|Thunder|p1b: Indeedee\n|-damage|p1b: Indeedee|73/100\n|move|p2b: Tsareena|Power Whip|p1b: Indeedee\n|-damage|p1b: Indeedee|12/100\n|\n|-weather|RainDance|[upkeep]\n|upkeep\n|turn|6\n|\n|t:|1746013313\n|switch|p2a: Tornadus|Tornadus, L50, M, shiny|53/100\n|move|p1a: Dragapult|Dragon Darts|p2a: Tornadus\n|-damage|p2a: Tornadus|9/100\n|-anim|p1a: Dragapult|Dragon Darts|p2b: Tsareena\n|-damage|p2b: Tsareena|0 fnt\n|faint|p2b: Tsareena\n|move|p1b: Indeedee|Trick Room|p1b: Indeedee\n|-fieldstart|move: Trick Room|[of] p1b: Indeedee\n|\n|-weather|none\n|upkeep\n|inactive|Marquis_VGC has 30 seconds left.\n|\n|t:|1746013345\n|switch|p2b: Zamazenta|Zamazenta-Crowned, L50|100/100\n|-ability|p2b: Zamazenta|Dauntless Shield|boost\n|-boost|p2b: Zamazenta|def|1\n|turn|7\n|inactive|Edozeg has 30 seconds left.\n|\n|t:|1746013372\n|move|p1b: Indeedee|Helping Hand|p1a: Dragapult\n|-singleturn|p1a: Dragapult|Helping Hand|[of] p1b: Indeedee\n|move|p2b: Zamazenta|Wide Guard|p2b: Zamazenta\n|-singleturn|p2b: Zamazenta|Wide Guard\n|move|p2a: Tornadus|Bleakwind Storm|p1a: Dragapult|[spread] p1a,p1b\n|-damage|p1a: Dragapult|57/100\n|-damage|p1b: Indeedee|0 fnt\n|faint|p1b: Indeedee\n|move|p1a: Dragapult|Phantom Force||[still]\n|-prepare|p1a: Dragapult|Phantom Force\n|\n|upkeep\n|turn|8\n|\n|t:|1746013394\n|move|p2b: Zamazenta|Protect||[still]\n|-fail|p2b: Zamazenta\n|move|p2a: Tornadus|Bleakwind Storm|p1a: Dragapult|[miss]\n|-miss|p2a: Tornadus|p1a: Dragapult\n|move|p1a: Dragapult|Phantom Force|p2b: Zamazenta|[from] lockedmove\n|-damage|p2b: Zamazenta|75/100\n|\n|upkeep\n|turn|9\n|\n|t:|1746013416\n|move|p2a: Tornadus|Bleakwind Storm|p1a: Dragapult\n|-damage|p1a: Dragapult|0 fnt\n|faint|p1a: Dragapult\n|\n|win|Marquis_VGC\n", "uploadtime": 1746013423, "views": 8, "formatid": "gen9vgc2025regibo3", "rating": null, "private": 0, "password": null}