{"id": "gen9vgc2025regibo3-2355127031", "format": "[Gen 9] VGC 2025 Reg I (Bo3)", "players": ["mikewwm8", "girasolia"], "log": "|j|\u2606mikewwm8\n|j|\u2606girasolia\n|html|<table width=\"100%\"><tr><td align=\"left\">mikewwm8</td><td align=\"right\">girasolia</tr><tr><td align=\"left\"><i class=\"fa fa-circle\"></i> <i class=\"fa fa-circle-o\"></i> </td><td align=\"right\"><i class=\"fa fa-circle-o\"></i> <i class=\"fa fa-circle\"></i> </tr></table>\n|uhtml|bestof|<h2><strong>Game 3</strong> of <a href=\"/game-bestof3-gen9vgc2025regibo3-2355121734\">a best-of-3</a></h2>\n|t:|1746155901\n|gametype|doubles\n|player|p1|mikewwm8|265|1251\n|player|p2|girasolia|dawn-gen4pt|1350\n|teamsize|p1|6\n|teamsize|p2|6\n|gen|9\n|tier|[Gen 9] VGC 2025 Reg I (Bo3)\n|rated|\n|rule|Species Clause: Limit one of each Pok\u00e9mon\n|rule|Item Clause: Limit 1 of each item\n|clearpoke\n|poke|p1|Groudon, L50|\n|poke|p1|Miraidon, L50|\n|poke|p1|Ogerpon-Hearthflame, L50, F|\n|poke|p1|Whimsicott, L50, M|\n|poke|p1|Urshifu-*, L50, M|\n|poke|p1|Incineroar, L50, M|\n|poke|p2|Zamazenta-*, L50|\n|poke|p2|Kyogre, L50|\n|poke|p2|Chien-Pao, L50|\n|poke|p2|Urshifu-*, L50, F|\n|poke|p2|Tornadus, L50, M|\n|poke|p2|Amoonguss, L50, M|\n|teampreview|4\n|showteam|p1|Groudon||ClearAmulet|Drought|HeatCrash,PrecipiceBlades,StompingTantrum,Protect||||||50|,,,,,Fire]Miraidon||ChoiceSpecs|HadronEngine|DracoMeteor,ElectroDrift,VoltSwitch,DazzlingGleam||||||50|,,,,,Fairy]Ogerpon-Hearthflame||HearthflameMask|MoldBreaker|IvyCudgel,WoodHammer,FollowMe,SpikyShield|||F|||50|,,,,,Fire]Whimsicott||CovertCloak|Prankster|Moonblast,Tailwind,LightScreen,Encore|||M|||50|,,,,,Dark]Urshifu||FocusSash|UnseenFist|WickedBlow,CloseCombat,SuckerPunch,Protect|||M|||50|,,,,,Dark]Incineroar||RockyHelmet|Intimidate|KnockOff,FakeOut,WillOWisp,PartingShot|||M|||50|,,,,,Water\n|showteam|p2|Zamazenta-Crowned||RustedShield|DauntlessShield|BodyPress,behemothbash,WideGuard,Protect||||||50|,,,,,Dragon]Kyogre||MysticWater|Drizzle|WaterSpout,HydroPump,IceBeam,Protect||||||50|,,,,,Grass]Chien-Pao||FocusSash|SwordofRuin|IceSpinner,ThroatChop,SuckerPunch,Protect||||||50|,,,,,Stellar]Urshifu-Rapid-Strike||ChoiceScarf|UnseenFist|SurgingStrikes,CloseCombat,AquaJet,Uturn|||F|||50|,,,,,Water]Tornadus||CovertCloak|Prankster|BleakwindStorm,Tailwind,RainDance,Protect|||M|||50|,,,,,Dark]Amoonguss||RockyHelmet|Regenerator|PollenPuff,Spore,RagePowder,Protect|||M|||50|,,,,,Water\n|inactive|Battle timer is ON: inactive players will automatically lose when time's up. (requested by girasolia)\n|inactive|mikewwm8 has 60 seconds left.\n|inactive|girasolia has 60 seconds left.\n|\n|t:|1746155948\n|start\n|switch|p1a: D:|Miraidon, L50|100/100\n|switch|p1b: :3|Whimsicott, L50, M|100/100\n|switch|p2a: Kyogre|Kyogre, L50, shiny|100/100\n|switch|p2b: Chien-Pao|Chien-Pao, L50|100/100\n|-ability|p2b: Chien-Pao|Sword of Ruin\n|-fieldstart|move: Electric Terrain|[from] ability: Hadron Engine|[of] p1a: D:\n|-weather|RainDance|[from] ability: Drizzle|[of] p2a: Kyogre\n|turn|1\n|inactive|girasolia has 30 seconds left.\n|\n|t:|1746155976\n|switch|p1b: >:)|Incineroar, L50, M|100/100\n|-ability|p1b: >:)|Intimidate|boost\n|-unboost|p2a: Kyogre|atk|1\n|-unboost|p2b: Chien-Pao|atk|1\n|-terastallize|p2a: Kyogre|Grass\n|move|p2b: Chien-Pao|Ice Spinner|p1b: >:)\n|-resisted|p1b: >:)\n|-damage|p1b: >:)|88/100\n|-damage|p2b: Chien-Pao|84/100|[from] item: Rocky Helmet|[of] p1b: >:)\n|-fieldend|move: Electric Terrain\n|move|p1a: D:|Volt Switch|p2a: Kyogre\n|-resisted|p2a: Kyogre\n|-damage|p2a: Kyogre|79/100\n|\n|t:|1746155989\n|switch|p1a: Reignition|Groudon, L50|100/100|[from] Volt Switch\n|-weather|SunnyDay|[from] ability: Drought|[of] p1a: Reignition\n|move|p2a: Kyogre|Hydro Pump|p1a: Reignition\n|-supereffective|p1a: Reignition\n|-damage|p1a: Reignition|29/100\n|\n|-weather|SunnyDay|[upkeep]\n|upkeep\n|turn|2\n|inactive|girasolia has 30 seconds left.\n|\n|t:|1746156016\n|switch|p2b: Tornadus|Tornadus, L50, M|100/100\n|switch|p1a: :3|Whimsicott, L50, M|100/100\n|switch|p2a: Zamazenta|Zamazenta-Crowned, L50, shiny|100/100\n|-ability|p2a: Zamazenta|Dauntless Shield|boost\n|-boost|p2a: Zamazenta|def|1\n|move|p1b: >:)|Parting Shot|p2a: Zamazenta\n|-unboost|p2a: Zamazenta|atk|1\n|-unboost|p2a: Zamazenta|spa|1\n|\n|t:|1746156028\n|switch|p1b: D:|Miraidon, L50|100/100|[from] Parting Shot\n|-fieldstart|move: Electric Terrain|[from] ability: Hadron Engine|[of] p1b: D:\n|\n|-weather|SunnyDay|[upkeep]\n|upkeep\n|turn|3\n|inactive|girasolia has 30 seconds left.\n|\n|t:|1746156060\n|move|p2b: Tornadus|Tailwind|p2b: Tornadus\n|-sidestart|p2: girasolia|move: Tailwind\n|move|p2a: Zamazenta|Body Press|p1b: D:\n|-damage|p1b: D:|39/100\n|move|p1b: D:|Volt Switch|p2b: Tornadus\n|-supereffective|p2b: Tornadus\n|-damage|p2b: Tornadus|0 fnt\n|faint|p2b: Tornadus\n|\n|t:|1746156079\n|switch|p1b: >:)|Incineroar, L50, M|88/100|[from] Volt Switch\n|-ability|p1b: >:)|Intimidate|boost\n|-unboost|p2a: Zamazenta|atk|1\n|move|p1a: :3|Moonblast|p2a: Zamazenta\n|-damage|p2a: Zamazenta|82/100\n|\n|-weather|SunnyDay|[upkeep]\n|upkeep\n|\n|t:|1746156091\n|switch|p2b: Kyogre|Kyogre, L50, shiny, tera:Grass|79/100\n|-weather|RainDance|[from] ability: Drizzle|[of] p2b: Kyogre\n|turn|4\n|\n|t:|1746156113\n|move|p1b: >:)|Fake Out|p2b: Kyogre\n|-damage|p2b: Kyogre|69/100\n|move|p1a: :3|Light Screen|p1a: :3\n|-sidestart|p1: mikewwm8|move: Light Screen\n|move|p2a: Zamazenta|Body Press|p1a: :3\n|-resisted|p1a: :3\n|-damage|p1a: :3|63/100\n|cant|p2b: Kyogre|flinch\n|\n|-weather|RainDance|[upkeep]\n|upkeep\n|turn|5\n|inactive|mikewwm8 has 30 seconds left.\n|\n|t:|1746156141\n|move|p1a: :3|Tailwind|p1a: :3\n|-sidestart|p1: mikewwm8|move: Tailwind\n|move|p2a: Zamazenta|Body Press|p1b: >:)\n|-supereffective|p1b: >:)\n|-damage|p1b: >:)|0 fnt\n|-damage|p2a: Zamazenta|65/100|[from] item: Rocky Helmet|[of] p1b: >:)\n|faint|p1b: >:)\n|move|p2b: Kyogre|Water Spout|p1a: :3\n|-resisted|p1a: :3\n|-crit|p1a: :3\n|-damage|p1a: :3|0 fnt\n|faint|p1a: :3\n|\n|-weather|RainDance|[upkeep]\n|upkeep\n|\n|t:|1746156147\n|switch|p1a: D:|Miraidon, L50|39/100\n|switch|p1b: Reignition|Groudon, L50|29/100\n|-activate|p1a: D:|ability: Hadron Engine\n|-weather|SunnyDay|[from] ability: Drought|[of] p1b: Reignition\n|turn|6\n|inactive|girasolia has 30 seconds left.\n|inactive|girasolia has 20 seconds left.\n|inactive|girasolia has 15 seconds left.\n|\n|t:|1746156191\n|move|p2a: Zamazenta|Protect|p2a: Zamazenta\n|-singleturn|p2a: Zamazenta|Protect\n|move|p1b: Reignition|Protect|p1b: Reignition\n|-singleturn|p1b: Reignition|Protect\n|move|p1a: D:|Electro Drift|p2a: Zamazenta\n|-activate|p2a: Zamazenta|move: Protect\n|move|p2b: Kyogre|Ice Beam|p1a: D:\n|-supereffective|p1a: D:\n|-damage|p1a: D:|1/100\n|\n|-weather|SunnyDay|[upkeep]\n|-sideend|p2: girasolia|move: Tailwind\n|-fieldend|move: Electric Terrain\n|upkeep\n|turn|7\n|inactive|mikewwm8 has 30 seconds left.\n|inactive|girasolia has 30 seconds left.\n|inactive|girasolia has 20 seconds left.\n|inactive|girasolia has 15 seconds left.\n|inactive|mikewwm8 has 20 seconds left.\n|inactive|girasolia has 10 seconds left.\n|\n|t:|1746156240\n|move|p2b: Kyogre|Protect|p2b: Kyogre\n|-singleturn|p2b: Kyogre|Protect\n|move|p1a: D:|Electro Drift|p2a: Zamazenta\n|-crit|p2a: Zamazenta\n|-damage|p2a: Zamazenta|0 fnt\n|faint|p2a: Zamazenta\n|move|p1b: Reignition|Heat Crash|p2b: Kyogre\n|-activate|p2b: Kyogre|move: Protect\n|\n|-weather|SunnyDay|[upkeep]\n|upkeep\n|\n|t:|1746156250\n|switch|p2a: Chien-Pao|Chien-Pao, L50|84/100\n|-ability|p2a: Chien-Pao|Sword of Ruin\n|turn|8\n|\n|t:|1746156258\n|-terastallize|p1b: Reignition|Fire\n|move|p2a: Chien-Pao|Sucker Punch|p1a: D:\n|-damage|p1a: D:|0 fnt\n|faint|p1a: D:\n|move|p1b: Reignition|Heat Crash|p2b: Kyogre\n|-supereffective|p2b: Kyogre\n|-damage|p2b: Kyogre|0 fnt\n|faint|p2b: Kyogre\n|\n|-weather|SunnyDay|[upkeep]\n|-sideend|p1: mikewwm8|move: Light Screen\n|-sideend|p1: mikewwm8|move: Tailwind\n|upkeep\n|turn|9\n|c|\u2606mikewwm8|gg\n|\n|t:|1746156274\n|move|p2a: Chien-Pao|Throat Chop|p1b: Reignition\n|-crit|p1b: Reignition\n|-damage|p1b: Reignition|0 fnt\n|faint|p1b: Reignition\n|\n|win|girasolia\n|raw|mikewwm8's rating: 1251 &rarr; <strong>1233</strong><br />(-18 for losing)\n|raw|girasolia's rating: 1350 &rarr; <strong>1364</strong><br />(+14 for winning)\n|c|\u2606girasolia|gg\n|l|\u2606mikewwm8\n|player|p1|\n", "uploadtime": 1746156280, "views": 4, "formatid": "gen9vgc2025regibo3", "rating": 1233, "private": 0, "password": null}