{"id": "gen9vgc2025regibo3-2354797438", "format": "[Gen 9] VGC 2025 Reg I (Bo3)", "players": ["Io18", "Superandry"], "log": "|j|\u2606Io18\n|j|\u2606Superandry\n|html|<table width=\"100%\"><tr><td align=\"left\">Io18</td><td align=\"right\">Superandry</tr><tr><td align=\"left\"><i class=\"fa fa-circle\"></i> <i class=\"fa fa-circle-o\"></i> </td><td align=\"right\"><i class=\"fa fa-circle-o\"></i> <i class=\"fa fa-circle\"></i> </tr></table>\n|uhtml|bestof|<h2><strong>Game 3</strong> of <a href=\"/game-bestof3-gen9vgc2025regibo3-2354790132\">a best-of-3</a></h2>\n|t:|1746120609\n|gametype|doubles\n|player|p1|Io18|hugh|\n|player|p2|Superandry|palmer|\n|teamsize|p1|6\n|teamsize|p2|6\n|gen|9\n|tier|[Gen 9] VGC 2025 Reg I (Bo3)\n|rule|Species Clause: Limit one of each Pok\u00e9mon\n|rule|Item Clause: Limit 1 of each item\n|clearpoke\n|poke|p1|Lunala, L50|\n|poke|p1|Koraidon, L50|\n|poke|p1|Flutter Mane, L50|\n|poke|p1|Iron Hands, L50|\n|poke|p1|Indeedee-F, L50, F|\n|poke|p1|Ogerpon-Cornerstone, L50, F|\n|poke|p2|Koraidon, L50|\n|poke|p2|Calyrex-Shadow, L50|\n|poke|p2|Walking Wake, L50|\n|poke|p2|Jumpluff, L50, F|\n|poke|p2|Weezing-Galar, L50, M|\n|poke|p2|Iron Hands, L50|\n|teampreview|4\n|showteam|p1|Lunala||Leftovers|ShadowShield|ExpandingForce,MoongeistBeam,TrickRoom,WideGuard||||||50|,,,,,Fairy]Koraidon||ClearAmulet|OrichalcumPulse|CollisionCourse,FlameCharge,FlareBlitz,Protect||||||50|,,,,,Fire]Flutter Mane||FocusSash|Protosynthesis|DazzlingGleam,ShadowBall,IcyWind,Protect||||||50|,,,,,Fairy]Iron Hands||AssaultVest|QuarkDrive|DrainPunch,FakeOut,LowKick,WildCharge||||||50|,,,,,Water]Indeedee-F||PsychicSeed|PsychicSurge|HelpingHand,TrickRoom,FollowMe,DazzlingGleam|||F|||50|,,,,,Fairy]Ogerpon-Cornerstone||CornerstoneMask|Sturdy|HornLeech,IvyCudgel,SpikyShield,FollowMe|||F|||50|,,,,,Rock\n|showteam|p2|Koraidon||AbilityShield|OrichalcumPulse|CollisionCourse,FlareBlitz,FlameCharge,Protect||||||50|,,,,,Fire]Calyrex-Shadow||FocusSash|AsOneSpectrier|AstralBarrage,Psychic,Imprison,Protect||||||50|,,,,,Ghost]Walking Wake||MysticWater|Protosynthesis|HydroSteam,DracoMeteor,Snarl,Protect||||||50|,,,,,Grass]Jumpluff||CovertCloak|Chlorophyll|SleepPowder,PollenPuff,RagePowder,Tailwind|||F|||50|,,,,,Dark]Weezing-Galar||SitrusBerry|NeutralizingGas|StrangeSteam,PoisonGas,Taunt,Protect|||M|||50|,,,,,Dark]Iron Hands||AssaultVest|QuarkDrive|FakeOut,DrainPunch,LowKick,WildCharge||||||50|,,,,,Water\n|inactive|Battle timer is ON: inactive players will automatically lose when time's up. (requested by Superandry)\n|inactiveoff|Battle timer is now OFF.\n|\n|t:|1746120723\n|start\n|switch|p1a: Lunala|Lunala, L50|100/100\n|switch|p1b: Iron Hands|Iron Hands, L50|100/100\n|switch|p2a: Koraidon|Koraidon, L50|100/100\n|switch|p2b: Walking Wake|Walking Wake, L50|100/100\n|-weather|SunnyDay|[from] ability: Orichalcum Pulse|[of] p2a: Koraidon\n|-activate|p2b: Walking Wake|ability: Protosynthesis\n|-start|p2b: Walking Wake|protosynthesisspe\n|-activate|p2a: Koraidon|Orichalcum Pulse|[source]\n|turn|1\n|\n|t:|1746120764\n|switch|p2a: Weezing|Weezing-Galar, L50, M|100/100\n|-ability|p2a: Weezing|Neutralizing Gas\n|move|p1b: Iron Hands|Fake Out|p2a: Weezing\n|-damage|p2a: Weezing|87/100\n|move|p2b: Walking Wake|Snarl|p1b: Iron Hands|[spread] p1a\n|-miss|p2b: Walking Wake|p1b: Iron Hands\n|-supereffective|p1a: Lunala\n|-damage|p1a: Lunala|60/100\n|-unboost|p1a: Lunala|spa|1\n|move|p1a: Lunala|Moongeist Beam|p2b: Walking Wake\n|-crit|p2b: Walking Wake\n|-damage|p2b: Walking Wake|4/100\n|\n|-weather|SunnyDay|[upkeep]\n|-heal|p1a: Lunala|66/100|[from] item: Leftovers\n|upkeep\n|turn|2\n|\n|t:|1746120803\n|move|p2b: Walking Wake|Snarl|p1b: Iron Hands|[spread] p1a,p1b\n|-supereffective|p1a: Lunala\n|-resisted|p1b: Iron Hands\n|-damage|p1a: Lunala|26/100\n|-damage|p1b: Iron Hands|96/100\n|-unboost|p1a: Lunala|spa|1\n|-unboost|p1b: Iron Hands|spa|1\n|move|p1a: Lunala|Expanding Force|p2a: Weezing\n|-supereffective|p2a: Weezing\n|-damage|p2a: Weezing|34/100\n|-enditem|p2a: Weezing|Sitrus Berry|[eat]\n|-heal|p2a: Weezing|59/100|[from] item: Sitrus Berry\n|move|p2a: Weezing|Taunt|p1a: Lunala\n|-start|p1a: Lunala|move: Taunt\n|move|p1b: Iron Hands|Wild Charge|p2b: Walking Wake\n|-damage|p2b: Walking Wake|0 fnt\n|faint|p2b: Walking Wake\n|-end|p2b: Walking Wake|Protosynthesis|[silent]\n|-damage|p1b: Iron Hands|95/100|[from] Recoil\n|\n|-weather|SunnyDay|[upkeep]\n|-heal|p1a: Lunala|32/100|[from] item: Leftovers\n|upkeep\n|\n|t:|1746120816\n|switch|p2b: Calyrex|Calyrex-Shadow, L50|100/100\n|-ability|p2b: Calyrex|As One\n|-ability|p2b: Calyrex|Unnerve\n|turn|3\n|\n|t:|1746120835\n|-terastallize|p2b: Calyrex|Ghost\n|move|p2b: Calyrex|Astral Barrage|p1a: Lunala|[spread] p1a,p1b\n|-supereffective|p1a: Lunala\n|-damage|p1a: Lunala|0 fnt\n|-damage|p1b: Iron Hands|45/100\n|faint|p1a: Lunala\n|-ability|p2b: Calyrex|Grim Neigh|boost\n|-boost|p2b: Calyrex|spa|1\n|move|p2a: Weezing|Strange Steam|p1b: Iron Hands\n|-supereffective|p1b: Iron Hands\n|-damage|p1b: Iron Hands|9/100\n|-start|p1b: Iron Hands|confusion\n|-activate|p1b: Iron Hands|confusion\n|move|p1b: Iron Hands|Wild Charge|p2b: Calyrex\n|-damage|p2b: Calyrex|32/100\n|-damage|p1b: Iron Hands|0 fnt|[from] Recoil\n|faint|p1b: Iron Hands\n|-end|p1b: Iron Hands|Quark Drive|[silent]\n|\n|-weather|SunnyDay|[upkeep]\n|upkeep\n|\n|t:|1746120852\n|switch|p1a: Koraidon|Koraidon, L50|100/100\n|switch|p1b: Flutter Mane|Flutter Mane, L50|100/100\n|turn|4\n|\n|t:|1746120888\n|move|p1a: Koraidon|Protect|p1a: Koraidon\n|-singleturn|p1a: Koraidon|Protect\n|move|p2b: Calyrex|Astral Barrage|p1b: Flutter Mane|[spread] p1b\n|-activate|p1a: Koraidon|move: Protect\n|-supereffective|p1b: Flutter Mane\n|-enditem|p1b: Flutter Mane|Focus Sash\n|-damage|p1b: Flutter Mane|1/100\n|move|p1b: Flutter Mane|Icy Wind|p2a: Weezing|[spread] p2a,p2b\n|-damage|p2a: Weezing|40/100\n|-damage|p2b: Calyrex|14/100\n|-unboost|p2a: Weezing|spe|1\n|-unboost|p2b: Calyrex|spe|1\n|move|p2a: Weezing|Poison Gas|p1a: Koraidon|[spread] p1b\n|-activate|p1a: Koraidon|move: Protect\n|-status|p1b: Flutter Mane|psn\n|\n|-weather|SunnyDay|[upkeep]\n|-damage|p1b: Flutter Mane|0 fnt|[from] psn\n|faint|p1b: Flutter Mane\n|-end|p1b: Flutter Mane|Protosynthesis|[silent]\n|upkeep\n|turn|5\n|\n|t:|1746120929\n|-terastallize|p1a: Koraidon|Fire\n|move|p2b: Calyrex|Protect|p2b: Calyrex\n|-singleturn|p2b: Calyrex|Protect\n|move|p1a: Koraidon|Flame Charge|p2b: Calyrex\n|-activate|p2b: Calyrex|move: Protect\n|move|p2a: Weezing|Poison Gas|p1a: Koraidon\n|-status|p1a: Koraidon|psn\n|\n|-weather|none\n|-damage|p1a: Koraidon|88/100 psn|[from] psn\n|upkeep\n|turn|6\n|\n|t:|1746120945\n|move|p1a: Koraidon|Flame Charge|p2b: Calyrex\n|-damage|p2b: Calyrex|0 fnt\n|-boost|p1a: Koraidon|spe|1\n|faint|p2b: Calyrex\n|move|p2a: Weezing|Strange Steam|p1a: Koraidon\n|-resisted|p1a: Koraidon\n|-damage|p1a: Koraidon|74/100 psn\n|\n|-damage|p1a: Koraidon|62/100 psn|[from] psn\n|upkeep\n|\n|t:|1746120953\n|switch|p2b: Koraidon|Koraidon, L50|100/100\n|-weather|SunnyDay|[from] ability: Orichalcum Pulse|[of] p2b: Koraidon\n|-activate|p2b: Koraidon|Orichalcum Pulse|[source]\n|turn|7\n|\n|t:|1746120962\n|move|p2b: Koraidon|Protect|p2b: Koraidon\n|-singleturn|p2b: Koraidon|Protect\n|move|p2a: Weezing|Protect|p2a: Weezing\n|-singleturn|p2a: Weezing|Protect\n|move|p1a: Koraidon|Collision Course|p2b: Koraidon\n|-activate|p2b: Koraidon|move: Protect\n|\n|-weather|SunnyDay|[upkeep]\n|-damage|p1a: Koraidon|50/100 psn|[from] psn\n|upkeep\n|turn|8\n|\n|t:|1746120974\n|move|p1a: Koraidon|Collision Course|p2b: Koraidon\n|-damage|p2b: Koraidon|56/100\n|move|p2b: Koraidon|Collision Course|p1a: Koraidon\n|-damage|p1a: Koraidon|0 fnt\n|faint|p1a: Koraidon\n|\n|win|Superandry\n|l|\u2606Superandry\n|player|p2|\n", "uploadtime": 1746121120, "views": 7, "formatid": "gen9vgc2025regibo3", "rating": null, "private": 0, "password": null}