{"id": "gen9vgc2025regibo3-2354449702", "format": "[Gen 9] VGC 2025 Reg I (Bo3)", "players": ["idkloldude", "Hg125"], "log": "|j|\u2606idkloldude\n|j|\u2606Hg125\n|html|<table width=\"100%\"><tr><td align=\"left\">idkloldude</td><td align=\"right\">Hg125</tr><tr><td align=\"left\"><i class=\"fa fa-circle\"></i> <i class=\"fa fa-circle-o\"></i> </td><td align=\"right\"><i class=\"fa fa-circle-o\"></i> <i class=\"fa fa-circle\"></i> </tr></table>\n|uhtml|bestof|<h2><strong>Game 3</strong> of <a href=\"/game-bestof3-gen9vgc2025regibo3-2354444318\">a best-of-3</a></h2>\n|t:|1746073337\n|gametype|doubles\n|player|p1|idkloldude|elesa|\n|player|p2|Hg125|1|\n|teamsize|p1|6\n|teamsize|p2|6\n|gen|9\n|tier|[Gen 9] VGC 2025 Reg I (Bo3)\n|rule|Species Clause: Limit one of each Pok\u00e9mon\n|rule|Item Clause: Limit 1 of each item\n|clearpoke\n|poke|p1|Calyrex-Shadow, L50|\n|poke|p1|Terapagos, L50, M|\n|poke|p1|Rillaboom, L50, F|\n|poke|p1|Incineroar, L50, M|\n|poke|p1|Urshifu-*, L50, F|\n|poke|p1|Ogerpon-Cornerstone, L50, F|\n|poke|p2|Calyrex-Ice, L50|\n|poke|p2|Landorus, L50, M|\n|poke|p2|Iron Hands, L50|\n|poke|p2|Urshifu-*, L50, F|\n|poke|p2|Grimmsnarl, L50, M|\n|poke|p2|Miraidon, L50|\n|teampreview|4\n|showteam|p1|Calyrex-Shadow||FocusSash|AsOneSpectrier|AstralBarrage,WillOWisp,Disable,Protect||||||50|,,,,,Ghost]Terapagos||Leftovers|TeraShift|TeraStarstorm,CalmMind,EarthPower,Protect|||M|||50|,,,,,Stellar]Rillaboom||AssaultVest|GrassySurge|WoodHammer,GrassyGlide,Uturn,FakeOut|||F|||50|,,,,,Grass]Incineroar||SafetyGoggles|Intimidate|KnockOff,FakeOut,PartingShot,WillOWisp|||M|||50|,,,,,Ghost]Urshifu-Rapid-Strike||ChoiceScarf|UnseenFist|SurgingStrikes,CloseCombat,AquaJet,Uturn|||F|||50|,,,,,Water]Ogerpon-Cornerstone||CornerstoneMask|Sturdy|IvyCudgel,SpikyShield,FollowMe,PowerWhip|||F|||50|,,,,,Rock\n|showteam|p2|Calyrex-Ice||ClearAmulet|AsOneGlastrier|GlacialLance,HighHorsepower,TrickRoom,Protect||||||50|,,,,,Water]Landorus||LifeOrb|SheerForce|EarthPower,SandsearStorm,SludgeBomb,Protect|||M|||50|,,,,,Water]Iron Hands||AssaultVest|QuarkDrive|LowKick,DrainPunch,IronHead,FakeOut||||||50|,,,,,Bug]Urshifu||FocusSash|UnseenFist|WickedBlow,SuckerPunch,CloseCombat,Protect|||F|||50|,,,,,Stellar]Grimmsnarl||CovertCloak|Prankster|SpiritBreak,LightScreen,Reflect,ThunderWave|||M|||50|,,,,,Steel]Miraidon||ChoiceScarf|HadronEngine|DracoMeteor,DazzlingGleam,VoltSwitch,ElectroDrift||||||50|,,,,,Electric\n|inactive|Battle timer is ON: inactive players will automatically lose when time's up. (requested by idkloldude)\n|inactive|idkloldude has 60 seconds left.\n|inactive|idkloldude has 30 seconds left.\n|inactive|idkloldude has 20 seconds left.\n|inactive|idkloldude has 15 seconds left.\n|inactive|idkloldude has 10 seconds left.\n|\n|t:|1746073418\n|start\n|switch|p1a: Urshifu|Urshifu-Rapid-Strike, L50, F|100/100\n|switch|p1b: Rillaboom|Rillaboom, L50, F|100/100\n|switch|p2a: Iron Hands|Iron Hands, L50|100/100\n|switch|p2b: Urshifu|Urshifu, L50, F|100/100\n|-fieldstart|move: Grassy Terrain|[from] ability: Grassy Surge|[of] p1b: Rillaboom\n|turn|1\n|inactive|idkloldude has 30 seconds left.\n|inactive|Hg125 has 30 seconds left.\n|inactive|Hg125 has 20 seconds left.\n|inactive|Hg125 has 15 seconds left.\n|inactive|Hg125 has 10 seconds left.\n|inactive|Hg125 has 5 seconds left.\n|\n|t:|1746073472\n|-end|p2a: Iron Hands|Quark Drive|[silent]\n|switch|p2a: Miraidon|Miraidon, L50|100/100\n|-fieldstart|move: Electric Terrain|[from] ability: Hadron Engine|[of] p2a: Miraidon\n|move|p1a: Urshifu|Close Combat|p2b: Urshifu\n|-supereffective|p2b: Urshifu\n|-enditem|p2b: Urshifu|Focus Sash\n|-damage|p2b: Urshifu|1/100\n|-unboost|p1a: Urshifu|def|1\n|-unboost|p1a: Urshifu|spd|1\n|move|p2b: Urshifu|Wicked Blow|p1a: Urshifu\n|-resisted|p1a: Urshifu\n|-crit|p1a: Urshifu\n|-damage|p1a: Urshifu|55/100\n|move|p1b: Rillaboom|U-turn|p2a: Miraidon\n|-damage|p2a: Miraidon|80/100\n|\n|t:|1746073486\n|switch|p1b: Terapagos|Terapagos, L50, M|100/100|[from] U-turn\n|-activate|p1b: Terapagos|ability: Tera Shift\n|detailschange|p1b: Terapagos|Terapagos-Terastal, L50, M\n|-heal|p1b: Terapagos|100/100|[silent]\n|\n|upkeep\n|turn|2\n|\n|t:|1746073505\n|switch|p1a: Rillaboom|Rillaboom, L50, F|100/100\n|-fieldstart|move: Grassy Terrain|[from] ability: Grassy Surge|[of] p1a: Rillaboom\n|switch|p2b: Iron Hands|Iron Hands, L50|100/100\n|move|p2a: Miraidon|Volt Switch|p1a: Rillaboom\n|-resisted|p1a: Rillaboom\n|-damage|p1a: Rillaboom|89/100\n|\n|t:|1746073518\n|switch|p2a: Landorus|Landorus, L50, M|100/100|[from] Volt Switch\n|move|p1b: Terapagos|Calm Mind|p1b: Terapagos\n|-boost|p1b: Terapagos|spa|1\n|-boost|p1b: Terapagos|spd|1\n|\n|-heal|p1a: Rillaboom|95/100|[from] Grassy Terrain\n|upkeep\n|turn|3\n|inactive|idkloldude has 30 seconds left.\n|inactive|Hg125 has 30 seconds left.\n|\n|t:|1746073549\n|move|p1b: Terapagos|Tera Starstorm|p2a: Landorus\n|-damage|p2a: Landorus|30/100\n|move|p2a: Landorus|Sludge Bomb|p1a: Rillaboom\n|-supereffective|p1a: Rillaboom\n|-damage|p1a: Rillaboom|33/100\n|move|p1a: Rillaboom|U-turn|p2a: Landorus\n|-resisted|p2a: Landorus\n|-damage|p2a: Landorus|19/100\n|\n|t:|1746073557\n|switch|p1a: Urshifu|Urshifu-Rapid-Strike, L50, F|55/100|[from] U-turn\n|move|p2b: Iron Hands|Drain Punch|p1b: Terapagos\n|-activate|p1b: Terapagos|ability: Tera Shell\n|-resisted|p1b: Terapagos\n|-damage|p1b: Terapagos|87/100\n|\n|-heal|p1a: Urshifu|60/100|[from] Grassy Terrain\n|-heal|p1b: Terapagos|93/100|[from] Grassy Terrain\n|-heal|p1b: Terapagos|99/100|[from] item: Leftovers\n|upkeep\n|turn|4\n|\n|t:|1746073582\n|switch|p2a: Miraidon|Miraidon, L50|80/100\n|-fieldstart|move: Electric Terrain|[from] ability: Hadron Engine|[of] p2a: Miraidon\n|-activate|p2b: Iron Hands|ability: Quark Drive\n|-start|p2b: Iron Hands|quarkdriveatk\n|move|p1a: Urshifu|Surging Strikes|p2a: Miraidon\n|-resisted|p2a: Miraidon\n|-crit|p2a: Miraidon\n|-damage|p2a: Miraidon|70/100\n|-resisted|p2a: Miraidon\n|-crit|p2a: Miraidon\n|-damage|p2a: Miraidon|60/100\n|-resisted|p2a: Miraidon\n|-crit|p2a: Miraidon\n|-damage|p2a: Miraidon|50/100\n|-hitcount|p2a: Miraidon|3\n|move|p1b: Terapagos|Calm Mind|p1b: Terapagos\n|-boost|p1b: Terapagos|spa|1\n|-boost|p1b: Terapagos|spd|1\n|move|p2b: Iron Hands|Drain Punch|p1a: Urshifu\n|-damage|p1a: Urshifu|6/100\n|\n|-heal|p1b: Terapagos|100/100|[from] item: Leftovers\n|upkeep\n|turn|5\n|inactive|idkloldude has 30 seconds left.\n|inactive|Hg125 has 30 seconds left.\n|inactive|idkloldude has 20 seconds left.\n|inactive|idkloldude has 15 seconds left.\n|inactive|Hg125 has 20 seconds left.\n|inactive|Hg125 has 15 seconds left.\n|inactive|Hg125 has 10 seconds left.\n|\n|t:|1746073634\n|-terastallize|p1b: Terapagos|Stellar\n|detailschange|p1b: Terapagos|Terapagos-Stellar, L50, M, tera:Stellar\n|-heal|p1b: Terapagos|100/100|[silent]\n|-ability|p1b: Terapagos|Teraform Zero\n|-fieldend|move: Electric Terrain\n|-end|p2b: Iron Hands|Quark Drive\n|move|p2a: Miraidon|Volt Switch|p1b: Terapagos\n|-damage|p1b: Terapagos|86/100\n|\n|t:|1746073646\n|switch|p2a: Landorus|Landorus, L50, M|19/100|[from] Volt Switch\n|move|p1a: Urshifu|Surging Strikes|p2b: Iron Hands\n|-crit|p2b: Iron Hands\n|-damage|p2b: Iron Hands|87/100\n|-crit|p2b: Iron Hands\n|-damage|p2b: Iron Hands|71/100\n|-crit|p2b: Iron Hands\n|-damage|p2b: Iron Hands|57/100\n|-hitcount|p2b: Iron Hands|3\n|move|p1b: Terapagos|Tera Starstorm|p2b: Iron Hands|[spread] p2a,p2b\n|-damage|p2a: Landorus|0 fnt\n|-damage|p2b: Iron Hands|27/100\n|faint|p2a: Landorus\n|move|p2b: Iron Hands|Drain Punch|p1b: Terapagos\n|-supereffective|p1b: Terapagos\n|-damage|p1b: Terapagos|41/100\n|-heal|p2b: Iron Hands|52/100|[from] drain|[of] p1b: Terapagos\n|\n|-heal|p1b: Terapagos|48/100|[from] item: Leftovers\n|upkeep\n|inactive|Hg125 has 30 seconds left.\n|inactive|Hg125 has 20 seconds left.\n|inactive|Hg125 has 15 seconds left.\n|inactive|Hg125 has 10 seconds left.\n|inactive|Hg125 has 5 seconds left.\n|\n|t:|1746073700\n|switch|p2a: Miraidon|Miraidon, L50|50/100\n|-fieldstart|move: Electric Terrain|[from] ability: Hadron Engine|[of] p2a: Miraidon\n|-activate|p2b: Iron Hands|ability: Quark Drive\n|-start|p2b: Iron Hands|quarkdriveatk\n|turn|6\n|inactive|Hg125 has 30 seconds left.\n|\n|t:|1746073734\n|move|p1b: Terapagos|Protect|p1b: Terapagos\n|-singleturn|p1b: Terapagos|Protect\n|move|p2a: Miraidon|Volt Switch|p1a: Urshifu\n|-supereffective|p1a: Urshifu\n|-damage|p1a: Urshifu|0 fnt\n|faint|p1a: Urshifu\n|\n|t:|1746073741\n|switch|p2a: Urshifu|Urshifu, L50, F|1/100|[from] Volt Switch\n|move|p2b: Iron Hands|Drain Punch|p1b: Terapagos\n|-activate|p1b: Terapagos|move: Protect\n|\n|-heal|p1b: Terapagos|54/100|[from] item: Leftovers\n|upkeep\n|\n|t:|1746073744\n|switch|p1a: Rillaboom|Rillaboom, L50, F|33/100\n|-fieldstart|move: Grassy Terrain|[from] ability: Grassy Surge|[of] p1a: Rillaboom\n|-end|p2b: Iron Hands|Quark Drive\n|turn|7\n|inactive|Hg125 has 30 seconds left.\n|inactive|idkloldude has 30 seconds left.\n|\n|t:|1746073778\n|move|p2a: Urshifu|Protect|p2a: Urshifu\n|-singleturn|p2a: Urshifu|Protect\n|move|p1a: Rillaboom|Fake Out|p2a: Urshifu\n|-activate|p2a: Urshifu|move: Protect\n|move|p1b: Terapagos|Earth Power|p2b: Iron Hands\n|-supereffective|p2b: Iron Hands\n|-damage|p2b: Iron Hands|0 fnt\n|faint|p2b: Iron Hands\n|-end|p2b: Iron Hands|Quark Drive|[silent]\n|\n|-heal|p2a: Urshifu|7/100|[from] Grassy Terrain\n|-heal|p1b: Terapagos|60/100|[from] Grassy Terrain\n|-heal|p1b: Terapagos|66/100|[from] item: Leftovers\n|-heal|p1a: Rillaboom|39/100|[from] Grassy Terrain\n|upkeep\n|\n|t:|1746073791\n|switch|p2b: Miraidon|Miraidon, L50|50/100\n|-fieldstart|move: Electric Terrain|[from] ability: Hadron Engine|[of] p2b: Miraidon\n|turn|8\n|inactive|Hg125 has 30 seconds left.\n|inactive|Hg125 has 20 seconds left.\n|\n|t:|1746073828\n|switch|p1a: Calyrex|Calyrex-Shadow, L50|100/100\n|-ability|p1a: Calyrex|As One\n|-ability|p1a: Calyrex|Unnerve\n|-terastallize|p2a: Urshifu|Stellar\n|move|p2b: Miraidon|Electro Drift|p1a: Calyrex\n|-damage|p1a: Calyrex|2/100\n|move|p2a: Urshifu|Close Combat|p1b: Terapagos\n|-supereffective|p1b: Terapagos\n|-damage|p1b: Terapagos|0 fnt\n|-unboost|p2a: Urshifu|def|1\n|-unboost|p2a: Urshifu|spd|1\n|faint|p1b: Terapagos\n|\n|upkeep\n|\n|t:|1746073839\n|switch|p1b: Rillaboom|Rillaboom, L50, F|39/100\n|-fieldstart|move: Grassy Terrain|[from] ability: Grassy Surge|[of] p1b: Rillaboom\n|turn|9\n|inactive|Hg125 has 30 seconds left.\n|inactive|Hg125 has 20 seconds left.\n|inactive|Hg125 has 15 seconds left.\n|inactive|Hg125 has 10 seconds left.\n|inactive|Hg125 has 5 seconds left.\n|\n|t:|1746073889\n|move|p2a: Urshifu|Protect|p2a: Urshifu\n|-singleturn|p2a: Urshifu|Protect\n|move|p1b: Rillaboom|Fake Out|p2b: Miraidon\n|-damage|p2b: Miraidon|40/100\n|cant|p2b: Miraidon|flinch\n|move|p1a: Calyrex|Will-O-Wisp|p2a: Urshifu\n|-activate|p2a: Urshifu|move: Protect\n|\n|-heal|p2b: Miraidon|46/100|[from] Grassy Terrain\n|-heal|p1a: Calyrex|8/100|[from] Grassy Terrain\n|-heal|p2a: Urshifu|14/100|[from] Grassy Terrain\n|-heal|p1b: Rillaboom|45/100|[from] Grassy Terrain\n|upkeep\n|turn|10\n|inactive|Hg125 has 30 seconds left this turn.\n|inactive|Hg125 has 20 seconds left.\n|inactive|Hg125 has 15 seconds left.\n|inactive|Hg125 has 10 seconds left.\n|inactive|idkloldude has 30 seconds left.\n|inactive|Hg125 has 5 seconds left.\n|inactive|idkloldude has 20 seconds left.\n|\n|t:|1746073925\n|move|p1a: Calyrex|Protect|p1a: Calyrex\n|-singleturn|p1a: Calyrex|Protect\n|move|p1b: Rillaboom|Grassy Glide|p2a: Urshifu\n|-damage|p2a: Urshifu|0 fnt\n|faint|p2a: Urshifu\n|move|p2b: Miraidon|Electro Drift|p1a: Calyrex\n|-activate|p1a: Calyrex|move: Protect\n|\n|-heal|p2b: Miraidon|52/100|[from] Grassy Terrain\n|-heal|p1a: Calyrex|14/100|[from] Grassy Terrain\n|-heal|p1b: Rillaboom|50/100|[from] Grassy Terrain\n|upkeep\n|turn|11\n|inactive|Hg125 has 5 seconds left this turn.\n|-message|Hg125 lost due to inactivity.\n|\n|win|idkloldude\n|c|\u2606idkloldude|ggwp\n|c|\u2606Hg125|ggwp\n", "uploadtime": 1746074083, "views": 7, "formatid": "gen9vgc2025regibo3", "rating": null, "private": 0, "password": null}