{"id": "gen9vgc2025regibo3-2355010767", "format": "[Gen 9] VGC 2025 Reg I (Bo3)", "players": ["TrainerChrxs", "sudoz"], "log": "|j|\u2606TrainerChrxs\n|j|\u2606sudoz\n|html|<table width=\"100%\"><tr><td align=\"left\">TrainerChrxs</td><td align=\"right\">sudoz</tr><tr><td align=\"left\"><i class=\"fa fa-circle\"></i> <i class=\"fa fa-circle-o\"></i> </td><td align=\"right\"><i class=\"fa fa-circle-o\"></i> <i class=\"fa fa-circle\"></i> </tr></table>\n|uhtml|bestof|<h2><strong>Game 3</strong> of <a href=\"/game-bestof3-gen9vgc2025regibo3-2355008840\">a best-of-3</a></h2>\n|t:|1746141741\n|gametype|doubles\n|player|p1|TrainerChrxs|psychic-gen4|1217\n|player|p2|sudoz|iris-gen5bw2|1313\n|teamsize|p1|6\n|teamsize|p2|6\n|gen|9\n|tier|[Gen 9] VGC 2025 Reg I (Bo3)\n|rated|\n|rule|Species Clause: Limit one of each Pok\u00e9mon\n|rule|Item Clause: Limit 1 of each item\n|clearpoke\n|poke|p1|Dialga-Origin, L50|\n|poke|p1|Miraidon, L50|\n|poke|p1|Farigiraf, L50, M|\n|poke|p1|Ursaluna, L50, M|\n|poke|p1|Incineroar, L50, M|\n|poke|p1|Ogerpon-Cornerstone, L50, F|\n|poke|p2|Ho-Oh, L50|\n|poke|p2|Miraidon, L50|\n|poke|p2|Iron Hands, L50|\n|poke|p2|Farigiraf, L50, F|\n|poke|p2|Urshifu-*, L50, M|\n|poke|p2|Iron Treads, L50|\n|teampreview|4\n|showteam|p1|Dialga-Origin||AdamantCrystal|Telepathy|Protect,FlashCannon,DragonPulse,TrickRoom||||||50|,,,,,Fairy]Miraidon||ChoiceScarf|HadronEngine|ElectroDrift,Discharge,VoltSwitch,DracoMeteor||||||50|,,,,,Electric]Farigiraf||ElectricSeed|ArmorTail|FoulPlay,DazzlingGleam,HelpingHand,TrickRoom|||M|||50|,,,,,Ground]Ursaluna||FlameOrb|Guts|Protect,Facade,HeadlongRush,Earthquake|||M|||50|,,,,,Fairy]Incineroar||SitrusBerry|Intimidate|FakeOut,KnockOff,WillOWisp,PartingShot|||M|||50|,,,,,Water]Ogerpon-Cornerstone||CornerstoneMask|Sturdy|SpikyShield,IvyCudgel,HornLeech,FollowMe|||F|||50|,,,,,Rock\n|showteam|p2|Ho-Oh||ClearAmulet|Regenerator|Protect,BraveBird,SacredFire,Tailwind||||||50|,,,,,Grass]Miraidon||ChoiceSpecs|HadronEngine|ElectroDrift,DracoMeteor,VoltSwitch,DazzlingGleam||||||50|,,,,,Fairy]Iron Hands||AssaultVest|QuarkDrive|FakeOut,DrainPunch,WildCharge,LowKick||||||50|,,,,,Bug]Farigiraf||ElectricSeed|ArmorTail|TrickRoom,Psychic,FoulPlay,HelpingHand|||F|||50|,,,,,Water]Urshifu||FocusSash|UnseenFist|Protect,WickedBlow,CloseCombat,SuckerPunch|||M|||50|,,,,,Dark]Iron Treads||ChoiceBand|QuarkDrive|IronHead,HighHorsepower,Earthquake,RockSlide||||||50|,,,,,Ghost\n|inactive|Battle timer is ON: inactive players will automatically lose when time's up. (requested by sudoz)\n|\n|t:|1746141760\n|start\n|switch|p1a: Incineroar|Incineroar, L50, M|100/100\n|switch|p1b: Miraidon|Miraidon, L50|100/100\n|switch|p2a: Miraidon|Miraidon, L50|100/100\n|switch|p2b: Farigiraf|Farigiraf, L50, F|100/100\n|-fieldstart|move: Electric Terrain|[from] ability: Hadron Engine|[of] p1b: Miraidon\n|-enditem|p2b: Farigiraf|Electric Seed\n|-boost|p2b: Farigiraf|def|1|[from] item: Electric Seed\n|-activate|p2a: Miraidon|ability: Hadron Engine\n|-ability|p1a: Incineroar|Intimidate|boost\n|-unboost|p2a: Miraidon|atk|1\n|-unboost|p2b: Farigiraf|atk|1\n|turn|1\n|inactive|TrainerChrxs has 30 seconds left.\n|inactive|sudoz has 30 seconds left.\n|\n|t:|1746141793\n|switch|p1a: Ursaluna|Ursaluna, L50, M, shiny|100/100\n|move|p1b: Miraidon|Volt Switch|p2b: Farigiraf\n|-damage|p2b: Farigiraf|36/100\n|\n|t:|1746141800\n|switch|p1b: Incineroar|Incineroar, L50, M|100/100|[from] Volt Switch\n|-ability|p1b: Incineroar|Intimidate|boost\n|-unboost|p2a: Miraidon|atk|1\n|-unboost|p2b: Farigiraf|atk|1\n|move|p2a: Miraidon|Electro Drift|p1a: Ursaluna\n|-immune|p1a: Ursaluna\n|move|p2b: Farigiraf|Psychic|p1b: Incineroar\n|-immune|p1b: Incineroar\n|\n|-status|p1a: Ursaluna|brn|[from] item: Flame Orb\n|upkeep\n|turn|2\n|\n|t:|1746141821\n|switch|p1b: Dialga|Dialga-Origin, L50, shiny|100/100\n|move|p2a: Miraidon|Electro Drift|p1b: Dialga\n|-resisted|p1b: Dialga\n|-damage|p1b: Dialga|44/100\n|move|p2b: Farigiraf|Foul Play|p1a: Ursaluna\n|-damage|p1a: Ursaluna|75/100 brn\n|move|p1a: Ursaluna|Earthquake|p2a: Miraidon|[spread] p2a,p2b\n|-activate|p1b: Dialga|ability: Telepathy\n|-supereffective|p2a: Miraidon\n|-damage|p2a: Miraidon|0 fnt\n|-damage|p2b: Farigiraf|2/100\n|faint|p2a: Miraidon\n|\n|-damage|p1a: Ursaluna|69/100 brn|[from] brn\n|upkeep\n|\n|t:|1746141837\n|switch|p2a: Iron Hands|Iron Hands, L50|100/100\n|-activate|p2a: Iron Hands|ability: Quark Drive\n|-start|p2a: Iron Hands|quarkdriveatk\n|turn|3\n|inactive|TrainerChrxs has 30 seconds left.\n|inactive|sudoz has 30 seconds left.\n|\n|t:|1746141867\n|move|p1b: Dialga|Protect|p1b: Dialga\n|-singleturn|p1b: Dialga|Protect\n|move|p1a: Ursaluna|Protect|p1a: Ursaluna\n|-singleturn|p1a: Ursaluna|Protect\n|move|p2a: Iron Hands|Wild Charge|p1a: Ursaluna\n|-activate|p1a: Ursaluna|move: Protect\n|move|p2b: Farigiraf|Trick Room|p2b: Farigiraf\n|-fieldstart|move: Trick Room|[of] p2b: Farigiraf\n|\n|-damage|p1a: Ursaluna|63/100 brn|[from] brn\n|upkeep\n|turn|4\n|\n|t:|1746141885\n|switch|p1b: Incineroar|Incineroar, L50, M|100/100\n|-ability|p1b: Incineroar|Intimidate|boost\n|-unboost|p2a: Iron Hands|atk|1\n|-unboost|p2b: Farigiraf|atk|1\n|-terastallize|p1a: Ursaluna|Fairy\n|-terastallize|p2a: Iron Hands|Bug\n|move|p1a: Ursaluna|Earthquake|p2a: Iron Hands|[spread] p1b,p2a,p2b\n|-supereffective|p1b: Incineroar\n|-resisted|p2a: Iron Hands\n|-damage|p1b: Incineroar|0 fnt\n|-damage|p2a: Iron Hands|79/100\n|-damage|p2b: Farigiraf|0 fnt\n|faint|p1b: Incineroar\n|faint|p2b: Farigiraf\n|move|p2a: Iron Hands|Drain Punch|p1a: Ursaluna\n|-resisted|p1a: Ursaluna\n|-damage|p1a: Ursaluna|49/100 brn\n|-heal|p2a: Iron Hands|86/100|[from] drain|[of] p1a: Ursaluna\n|\n|-damage|p1a: Ursaluna|43/100 brn|[from] brn\n|upkeep\n|\n|t:|1746141900\n|switch|p1b: Dialga|Dialga-Origin, L50, shiny|44/100\n|switch|p2b: Urshifu|Urshifu, L50, M|100/100\n|turn|5\n|\n|t:|1746141924\n|move|p1a: Ursaluna|Facade|p2a: Iron Hands\n|-damage|p2a: Iron Hands|2/100\n|move|p2a: Iron Hands|Drain Punch|p1b: Dialga\n|-supereffective|p1b: Dialga\n|-damage|p1b: Dialga|0 fnt\n|-heal|p2a: Iron Hands|20/100|[from] drain|[of] p1b: Dialga\n|faint|p1b: Dialga\n|move|p2b: Urshifu|Wicked Blow|p1a: Ursaluna\n|-resisted|p1a: Ursaluna\n|-crit|p1a: Ursaluna\n|-damage|p1a: Ursaluna|21/100 brn\n|\n|-damage|p1a: Ursaluna|15/100 brn|[from] brn\n|-fieldend|move: Electric Terrain\n|-end|p2a: Iron Hands|Quark Drive\n|upkeep\n|\n|t:|1746141927\n|switch|p1b: Miraidon|Miraidon, L50|100/100\n|-fieldstart|move: Electric Terrain|[from] ability: Hadron Engine|[of] p1b: Miraidon\n|-activate|p2a: Iron Hands|ability: Quark Drive\n|-start|p2a: Iron Hands|quarkdrivedef\n|turn|6\n|inactive|TrainerChrxs has 30 seconds left.\n|inactive|sudoz has 30 seconds left.\n|\n|t:|1746141960\n|move|p2b: Urshifu|Sucker Punch|p1a: Ursaluna\n|-resisted|p1a: Ursaluna\n|-damage|p1a: Ursaluna|2/100 brn\n|move|p1a: Ursaluna|Facade|p2a: Iron Hands\n|-damage|p2a: Iron Hands|0 fnt\n|faint|p2a: Iron Hands\n|-end|p2a: Iron Hands|Quark Drive|[silent]\n|move|p1b: Miraidon|Electro Drift|p2b: Urshifu\n|-enditem|p2b: Urshifu|Focus Sash\n|-damage|p2b: Urshifu|1/100\n|\n|-damage|p1a: Ursaluna|0 fnt|[from] brn\n|faint|p1a: Ursaluna\n|upkeep\n|turn|7\n|\n|t:|1746141971\n|move|p2b: Urshifu|Close Combat|p1b: Miraidon\n|-damage|p1b: Miraidon|25/100\n|-unboost|p2b: Urshifu|def|1\n|-unboost|p2b: Urshifu|spd|1\n|move|p1b: Miraidon|Electro Drift|p2b: Urshifu\n|-damage|p2b: Urshifu|0 fnt\n|faint|p2b: Urshifu\n|\n|win|TrainerChrxs\n|raw|TrainerChrxs's rating: 1217 &rarr; <strong>1249</strong><br />(+32 for winning)\n|raw|sudoz's rating: 1313 &rarr; <strong>1288</strong><br />(-25 for losing)\n|l|\u2606sudoz\n|player|p2|\n|c|\u2606TrainerChrxs|Gg\n|c|\u2606TrainerChrxs|Close\n|l|\u2606TrainerChrxs\n|player|p1|\n", "uploadtime": 1746142280, "views": 9, "formatid": "gen9vgc2025regibo3", "rating": 1249, "private": 0, "password": null}