{"id": "gen9vgc2025regibo3-2353404764", "format": "[Gen 9] VGC 2025 Reg I (Bo3)", "players": ["Cagace", "Dryyn"], "log": "|j|\u203dCagace\n|j|\u2606Dryyn\n|html|<table width=\"100%\"><tr><td align=\"left\">Cagace</td><td align=\"right\">Dryyn</tr><tr><td align=\"left\"><i class=\"fa fa-circle\"></i> <i class=\"fa fa-circle-o\"></i> </td><td align=\"right\"><i class=\"fa fa-circle-o\"></i> <i class=\"fa fa-circle\"></i> </tr></table>\n|uhtml|bestof|<h2><strong>Game 3</strong> of <a href=\"/game-bestof3-gen9vgc2025regibo3-2353399412\">a best-of-3</a></h2>\n|t:|1745953009\n|gametype|doubles\n|player|p1|Cagace|clown|1071\n|player|p2|Dryyn|dawn|1089\n|teamsize|p1|6\n|teamsize|p2|6\n|gen|9\n|tier|[Gen 9] VGC 2025 Reg I (Bo3)\n|rated|\n|rule|Species Clause: Limit one of each Pok\u00e9mon\n|rule|Item Clause: Limit 1 of each item\n|clearpoke\n|poke|p1|Calyrex-Ice, L50|\n|poke|p1|Miraidon, L50|\n|poke|p1|Whimsicott, L50, M|\n|poke|p1|Iron Hands, L50|\n|poke|p1|Ogerpon-Hearthflame, L50, F|\n|poke|p1|Farigiraf, L50, F|\n|poke|p2|Zacian-*, L50|\n|poke|p2|Koraidon, L50|\n|poke|p2|Walking Wake, L50|\n|poke|p2|Chien-Pao, L50|\n|poke|p2|Ogerpon-Cornerstone, L50, F|\n|poke|p2|Thundurus, L50, M|\n|teampreview|4\n|showteam|p1|Calyrex-Ice||ClearAmulet|AsOneGlastrier|GlacialLance,HighHorsepower,TrickRoom,Protect||||||50|,,,,,Water]Miraidon||ChoiceSpecs|HadronEngine|VoltSwitch,ElectroDrift,DracoMeteor,DazzlingGleam||||||50|,,,,,Fairy]Whimsicott||CovertCloak|Prankster|Tailwind,Encore,Moonblast,LightScreen|||M|||50|,,,,,Dark]Iron Hands||AssaultVest|QuarkDrive|DrainPunch,LowKick,WildCharge,FakeOut||||||50|,,,,,Water]Ogerpon-Hearthflame||HearthflameMask|MoldBreaker|FollowMe,SpikyShield,WoodHammer,IvyCudgel|||F|||50|,,,,,Fire]Farigiraf||ElectricSeed|ArmorTail|FoulPlay,PsychicNoise,TrickRoom,HelpingHand|||F|||50|,,,,,Fighting\n|showteam|p2|Zacian-Crowned||RustedSword|IntrepidSword|behemothblade,PlayRough,Substitute,Protect||||||50|,,,,,Normal]Koraidon||ClearAmulet|OrichalcumPulse|FlareBlitz,ScaleShot,CollisionCourse,Protect||||||50|,,,,,Fire]Walking Wake||LifeOrb|Protosynthesis|HydroSteam,DracoMeteor,Snarl,Protect||||||50|,,,,,Water]Chien-Pao||FocusSash|SwordofRuin|IcicleCrash,Crunch,SuckerPunch,Protect||||||50|,,,,,Stellar]Ogerpon-Cornerstone||CornerstoneMask|Sturdy|IvyCudgel,PowerWhip,FollowMe,SpikyShield|||F|||50|,,,,,Rock]Thundurus||SitrusBerry|Prankster|WildboltStorm,ThunderWave,EerieImpulse,Leer|||M|||50|,,,,,Steel\n|inactive|Battle timer is ON: inactive players will automatically lose when time's up. (requested by Cagace)\n|\n|t:|1745953029\n|start\n|switch|p1a: Miraidon|Miraidon, L50|100/100\n|switch|p1b: Whimsicott|Whimsicott, L50, M|100/100\n|switch|p2a: Chien-Pao|Chien-Pao, L50|100/100\n|switch|p2b: Koraidon|Koraidon, L50|100/100\n|-ability|p2a: Chien-Pao|Sword of Ruin\n|-fieldstart|move: Electric Terrain|[from] ability: Hadron Engine|[of] p1a: Miraidon\n|-weather|SunnyDay|[from] ability: Orichalcum Pulse|[of] p2b: Koraidon\n|-activate|p2b: Koraidon|Orichalcum Pulse|[source]\n|turn|1\n|inactive|Cagace has 30 seconds left.\n|inactive|Dryyn has 30 seconds left.\n|\n|t:|1745953055\n|-terastallize|p2b: Koraidon|Fire\n|move|p1b: Whimsicott|Tailwind|p1b: Whimsicott\n|-sidestart|p1: Cagace|move: Tailwind\n|move|p1a: Miraidon|Volt Switch|p2b: Koraidon\n|-damage|p2b: Koraidon|6/100\n|\n|t:|1745953062\n|switch|p1a: Iron Hands|Iron Hands, L50|100/100|[from] Volt Switch\n|-activate|p1a: Iron Hands|ability: Quark Drive\n|-start|p1a: Iron Hands|quarkdriveatk\n|move|p2a: Chien-Pao|Icicle Crash|p1a: Iron Hands\n|-damage|p1a: Iron Hands|61/100\n|move|p2b: Koraidon|Scale Shot|p1a: Iron Hands\n|-damage|p1a: Iron Hands|42/100\n|-damage|p1a: Iron Hands|23/100\n|-damage|p1a: Iron Hands|5/100\n|-hitcount|p1a: Iron Hands|3\n|-unboost|p2b: Koraidon|def|1\n|-boost|p2b: Koraidon|spe|1\n|\n|-weather|SunnyDay|[upkeep]\n|upkeep\n|turn|2\n|\n|t:|1745953085\n|move|p2b: Koraidon|Protect|p2b: Koraidon\n|-singleturn|p2b: Koraidon|Protect\n|move|p1a: Iron Hands|Fake Out|p2b: Koraidon\n|-activate|p2b: Koraidon|move: Protect\n|move|p2a: Chien-Pao|Sucker Punch||[still]\n|-fail|p2a: Chien-Pao\n|move|p1b: Whimsicott|Moonblast|p2a: Chien-Pao\n|-supereffective|p2a: Chien-Pao\n|-enditem|p2a: Chien-Pao|Focus Sash\n|-damage|p2a: Chien-Pao|1/100\n|-unboost|p2a: Chien-Pao|spa|1\n|\n|-weather|SunnyDay|[upkeep]\n|upkeep\n|turn|3\n|\n|t:|1745953104\n|move|p2a: Chien-Pao|Protect|p2a: Chien-Pao\n|-singleturn|p2a: Chien-Pao|Protect\n|move|p1b: Whimsicott|Encore|p2b: Koraidon\n|-start|p2b: Koraidon|Encore\n|move|p2b: Koraidon|Protect||[still]\n|-fail|p2b: Koraidon\n|move|p1a: Iron Hands|Drain Punch|p2a: Chien-Pao\n|-activate|p2a: Chien-Pao|move: Protect\n|\n|-weather|SunnyDay|[upkeep]\n|upkeep\n|turn|4\n|\n|t:|1745953119\n|switch|p2b: Walking Wake|Walking Wake, L50|100/100\n|-activate|p2b: Walking Wake|ability: Protosynthesis\n|-start|p2b: Walking Wake|protosynthesisspe\n|move|p1b: Whimsicott|Moonblast|p2a: Chien-Pao\n|-supereffective|p2a: Chien-Pao\n|-damage|p2a: Chien-Pao|0 fnt\n|faint|p2a: Chien-Pao\n|move|p1a: Iron Hands|Drain Punch|p2b: Walking Wake\n|-damage|p2b: Walking Wake|33/100\n|-heal|p1a: Iron Hands|31/100|[from] drain|[of] p2b: Walking Wake\n|\n|-weather|SunnyDay|[upkeep]\n|-sideend|p1: Cagace|move: Tailwind\n|upkeep\n|c|\u2606Dryyn|sonb of a biq\u00dfutg9i\u00fc\u00e4pn\u00fc\n|\n|t:|1745953130\n|switch|p2a: Ogerpon|Ogerpon-Cornerstone, L50, F|100/100\n|turn|5\n|\n|t:|1745953136\n|move|p2b: Walking Wake|Protect|p2b: Walking Wake\n|-singleturn|p2b: Walking Wake|Protect\n|move|p1b: Whimsicott|Tailwind|p1b: Whimsicott\n|-sidestart|p1: Cagace|move: Tailwind\n|move|p2a: Ogerpon|Ivy Cudgel|p1a: Iron Hands|[anim] Ivy Cudgel Rock\n|-resisted|p1a: Iron Hands\n|-damage|p1a: Iron Hands|11/100\n|move|p1a: Iron Hands|Drain Punch|p2a: Ogerpon\n|-supereffective|p2a: Ogerpon\n|-ability|p2a: Ogerpon|Sturdy\n|-damage|p2a: Ogerpon|1/100\n|-heal|p1a: Iron Hands|45/100|[from] drain|[of] p2a: Ogerpon\n|\n|-weather|none\n|-end|p2b: Walking Wake|Protosynthesis\n|-fieldend|move: Electric Terrain\n|-end|p1a: Iron Hands|Quark Drive\n|upkeep\n|turn|6\n|c|\u2606Dryyn|hburensohn\n|c|\u2606Dryyn|fick deine negermutter\n|-message|Dryyn forfeited.\n|\n|win|Cagace\n", "uploadtime": 1745953147, "views": 6, "formatid": "gen9vgc2025regibo3", "rating": null, "private": 0, "password": null}