{"id": "gen9vgc2025regibo3-2355100317", "format": "[Gen 9] VGC 2025 Reg I (Bo3)", "players": ["G00bermeister69420", "Chai56"], "log": "|j|\u2606G00bermeister69420\n|j|\u2606Chai56\n|html|<table width=\"100%\"><tr><td align=\"left\">G00bermeister69420</td><td align=\"right\">Chai56</tr><tr><td align=\"left\"><i class=\"fa fa-circle-o\"></i> <i class=\"fa fa-circle-o\"></i> </td><td align=\"right\"><i class=\"fa fa-circle-o\"></i> <i class=\"fa fa-circle-o\"></i> </tr></table>\n|uhtml|bestof|<h2><strong>Game 1</strong> of <a href=\"/game-bestof3-gen9vgc2025regibo3-2355100316\">a best-of-3</a></h2>\n|t:|1746152498\n|gametype|doubles\n|player|p1|G00bermeister69420|hiker-gen4|1092\n|player|p2|Chai56|skierf|1040\n|teamsize|p1|5\n|teamsize|p2|6\n|gen|9\n|tier|[Gen 9] VGC 2025 Reg I (Bo3)\n|rated|\n|rule|Species Clause: Limit one of each Pok\u00e9mon\n|rule|Item Clause: Limit 1 of each item\n|clearpoke\n|poke|p1|Rampardos, L50, M|\n|poke|p1|Crabominable, L50, F|\n|poke|p1|Cresselia, L50, F|\n|poke|p1|Necrozma-Dusk-Mane, L50|\n|poke|p1|Farigiraf, L50, F|\n|poke|p2|Chi-Yu, L50|\n|poke|p2|Altaria, L50, F|\n|poke|p2|Cresselia, L50, F|\n|poke|p2|Gholdengo, L50|\n|poke|p2|Calyrex-Ice, L50|\n|poke|p2|Lunala, L50|\n|teampreview|4\n|showteam|p1|Rampardos||PowerLens|SheerForce|StoneEdge,RockSlide,Protect,FocusEnergy|||M|||50|,,,,,Rock]Crabominable||ClearAmulet|HyperCutter|IceHammer,CloseCombat,BrickBreak,Protect|||F|||50|,,,,,Fighting]Cresselia|||Levitate|TrickRoom,Gravity,LunarBlessing,HelpingHand|||F|||50|,,,,,Normal]Necrozma-Dusk-Mane||IronBall|PrismArmor|SunsteelStrike,PhotonGeyser,TrickRoom,Fling||||||50|,,,,,Normal]Farigiraf||ThroatSpray|ArmorTail|TrickRoom,Protect,Gravity,HyperVoice|||F|||50|,,,,,Water\n|showteam|p2|Chi-Yu||LifeOrb|BeadsofRuin|Flamethrower,ZenHeadbutt,DarkPulse,NastyPlot||||||50|,,,,,Fire]Altaria||ChoiceSpecs|NaturalCure|TeraBlast,DragonBreath,Moonblast,HyperVoice|||F|||50|,,,,,Flying]Cresselia||Leftovers|Levitate|DazzlingGleam,LunarBlessing,Reflect,LightScreen|||F|||50|,,,,,Psychic]Gholdengo||ClearAmulet|GoodasGold|MakeItRain,ShadowBall,TeraBlast,NastyPlot||||||50|,,,,,Dragon]Calyrex-Ice||FocusSash|AsOneGlastrier|CloseCombat,GlacialLance,EnergyBall,StompingTantrum||||||50|,,,,,Fire]Lunala||SafetyGoggles|ShadowShield|TrickRoom,DazzlingGleam,Poltergeist,WideGuard||||||50|,,,,,Psychic\n|inactive|Battle timer is ON: inactive players will automatically lose when time's up. (requested by G00bermeister69420)\n|\n|t:|1746152546\n|start\n|switch|p1a: Cresselia|Cresselia, L50, F|100/100\n|switch|p1b: Necrozma|Necrozma-Dusk-Mane, L50|100/100\n|switch|p2a: Lunala|Lunala, L50, shiny|100/100\n|switch|p2b: Moon|Cresselia, L50, F, shiny|100/100\n|turn|1\n|\n|t:|1746152568\n|move|p2b: Moon|Light Screen|p2b: Moon\n|-sidestart|p2: Chai56|move: Light Screen\n|move|p1b: Necrozma|Sunsteel Strike|p2a: Lunala\n|-damage|p2a: Lunala|75/100\n|move|p2a: Lunala|Trick Room|p2a: Lunala\n|-fieldstart|move: Trick Room|[of] p2a: Lunala\n|move|p1a: Cresselia|Trick Room|p1a: Cresselia\n|-fieldend|move: Trick Room\n|\n|upkeep\n|turn|2\n|inactive|Chai56 has 30 seconds left.\n|inactive|Chai56 has 20 seconds left.\n|inactive|Chai56 has 15 seconds left.\n|inactive|Chai56 has 10 seconds left.\n|\n|t:|1746152617\n|move|p2a: Lunala|Dazzling Gleam|p1b: Necrozma|[spread] p1a,p1b\n|-resisted|p1b: Necrozma\n|-damage|p1a: Cresselia|89/100\n|-damage|p1b: Necrozma|93/100\n|move|p2b: Moon|Lunar Blessing|p2b: Moon|[spread] p2a,p2b\n|-heal|p2a: Lunala|99/100\n|move|p1b: Necrozma|Fling|p2a: Lunala\n|-supereffective|p2a: Lunala\n|-damage|p2a: Lunala|0 fnt\n|-enditem|p1b: Necrozma|Iron Ball|[from] move: Fling\n|faint|p2a: Lunala\n|move|p1a: Cresselia|Trick Room|p1a: Cresselia\n|-fieldstart|move: Trick Room|[of] p1a: Cresselia\n|\n|upkeep\n|\n|t:|1746152632\n|switch|p2a: Calyrex|Calyrex-Ice, L50|100/100\n|-ability|p2a: Calyrex|As One\n|-ability|p2a: Calyrex|Unnerve\n|turn|3\n|inactive|Chai56 has 30 seconds left.\n|inactive|Chai56 has 20 seconds left.\n|\n|t:|1746152668\n|move|p2a: Calyrex|Glacial Lance|p1a: Cresselia|[spread] p1a,p1b\n|-resisted|p1b: Necrozma\n|-damage|p1a: Cresselia|52/100\n|-damage|p1b: Necrozma|69/100\n|move|p1b: Necrozma|Sunsteel Strike|p2b: Moon\n|-damage|p2b: Moon|56/100\n|move|p1a: Cresselia|Gravity|p1a: Cresselia\n|-fieldstart|move: Gravity\n|move|p2b: Moon|Lunar Blessing|p2b: Moon|[spread] p2a,p2b\n|-heal|p2b: Moon|81/100\n|\n|-heal|p2b: Moon|87/100|[from] item: Leftovers\n|upkeep\n|turn|4\n|inactive|Chai56 has 30 seconds left.\n|\n|t:|1746152697\n|move|p1a: Cresselia|Helping Hand|p1b: Necrozma\n|-singleturn|p1b: Necrozma|Helping Hand|[of] p1a: Cresselia\n|move|p2a: Calyrex|Stomping Tantrum|p1b: Necrozma\n|-supereffective|p1b: Necrozma\n|-damage|p1b: Necrozma|32/100\n|move|p1b: Necrozma|Sunsteel Strike|p2a: Calyrex\n|-supereffective|p2a: Calyrex\n|-enditem|p2a: Calyrex|Focus Sash\n|-damage|p2a: Calyrex|1/100\n|move|p2b: Moon|Reflect|p2b: Moon\n|-sidestart|p2: Chai56|Reflect\n|\n|-heal|p2b: Moon|93/100|[from] item: Leftovers\n|upkeep\n|turn|5\n|inactive|Chai56 has 30 seconds left.\n|\n|t:|1746152726\n|move|p2a: Calyrex|Stomping Tantrum|p1b: Necrozma\n|-supereffective|p1b: Necrozma\n|-damage|p1b: Necrozma|0 fnt\n|faint|p1b: Necrozma\n|-ability|p2a: Calyrex|Chilling Neigh|boost\n|-boost|p2a: Calyrex|atk|1\n|move|p1a: Cresselia|Lunar Blessing|p1a: Cresselia\n|-heal|p1a: Cresselia|77/100\n|move|p2b: Moon|Dazzling Gleam|p1a: Cresselia\n|-damage|p1a: Cresselia|68/100\n|\n|-heal|p2b: Moon|99/100|[from] item: Leftovers\n|-sideend|p2: Chai56|move: Light Screen\n|upkeep\n|\n|t:|1746152732\n|switch|p1b: Ginshakaklook|Rampardos, L50, M|100/100\n|turn|6\n|inactive|Chai56 has 30 seconds left.\n|inactive|Chai56 has 20 seconds left.\n|inactive|Chai56 has 15 seconds left.\n|\n|t:|1746152774\n|-terastallize|p1b: Ginshakaklook|Rock\n|move|p1a: Cresselia|Helping Hand|p1b: Ginshakaklook\n|-singleturn|p1b: Ginshakaklook|Helping Hand|[of] p1a: Cresselia\n|move|p1b: Ginshakaklook|Rock Slide|p2a: Calyrex|[spread] p2a,p2b\n|-supereffective|p2a: Calyrex\n|-damage|p2a: Calyrex|0 fnt\n|-damage|p2b: Moon|52/100\n|faint|p2a: Calyrex\n|move|p2b: Moon|Lunar Blessing|p2b: Moon\n|-heal|p2b: Moon|77/100\n|\n|-heal|p2b: Moon|83/100|[from] item: Leftovers\n|-fieldend|move: Trick Room\n|upkeep\n|\n|t:|1746152789\n|switch|p2a: Altaria|Altaria, L50, F, shiny|100/100\n|turn|7\n|\n|t:|1746152803\n|move|p1b: Ginshakaklook|Protect|p1b: Ginshakaklook\n|-singleturn|p1b: Ginshakaklook|Protect\n|move|p2b: Moon|Lunar Blessing|p2b: Moon|[spread] p2a,p2b\n|-heal|p2b: Moon|100/100\n|move|p2a: Altaria|Hyper Voice|p1a: Cresselia|[spread] p1a\n|-activate|p1b: Ginshakaklook|move: Protect\n|-damage|p1a: Cresselia|53/100\n|move|p1a: Cresselia|Trick Room|p1a: Cresselia\n|-fieldstart|move: Trick Room|[of] p1a: Cresselia\n|\n|-fieldend|move: Gravity\n|upkeep\n|turn|8\n|inactive|Chai56 has 30 seconds left.\n|inactive|Chai56 has 20 seconds left.\n|\n|t:|1746152841\n|move|p1b: Ginshakaklook|Rock Slide|p2b: Moon|[spread] p2a,p2b\n|-supereffective|p2a: Altaria\n|-damage|p2a: Altaria|0 fnt\n|-damage|p2b: Moon|66/100\n|faint|p2a: Altaria\n|move|p1a: Cresselia|Gravity|p1a: Cresselia\n|-fieldstart|move: Gravity\n|move|p2b: Moon|Light Screen|p2b: Moon\n|-sidestart|p2: Chai56|move: Light Screen\n|\n|-heal|p2b: Moon|72/100|[from] item: Leftovers\n|-sideend|p2: Chai56|Reflect\n|upkeep\n|turn|9\n|\n|t:|1746152861\n|move|p1a: Cresselia|Helping Hand|p1b: Ginshakaklook\n|-singleturn|p1b: Ginshakaklook|Helping Hand|[of] p1a: Cresselia\n|move|p1b: Ginshakaklook|Stone Edge|p2b: Moon\n|-damage|p2b: Moon|0 fnt\n|faint|p2b: Moon\n|\n|win|G00bermeister69420\n||G00bermeister69420 is ready for game 2.\n|l|\u2606Chai56\n|player|p2|\n|inactive|Chai56 has 30 seconds to confirm battle start!\n|inactive|Chai56 has 20 seconds to confirm battle start!\n||Chai56 is ready for game 2.\n|uhtml|next|Next: <a href=\"/battle-gen9vgc2025regibo3-2355103421\"><strong>Game 2 of 3</strong></a>\n|l|\u2606G00bermeister69420\n|player|p1|\n", "uploadtime": 1746153206, "views": 4, "formatid": "gen9vgc2025regibo3", "rating": null, "private": 0, "password": null}