{"id": "gen9vgc2025regibo3-2354424872", "format": "[Gen 9] VGC 2025 Reg I (Bo3)", "players": ["soyjoas", "Bigboyblue3451"], "log": "|j|\u2606soyjoas\n|j|\u2606Bigboyblue3451\n|html|<table width=\"100%\"><tr><td align=\"left\">soyjoas</td><td align=\"right\">Bigboyblue3451</tr><tr><td align=\"left\"><i class=\"fa fa-circle\"></i> <i class=\"fa fa-circle-o\"></i> </td><td align=\"right\"><i class=\"fa fa-circle-o\"></i> <i class=\"fa fa-circle-o\"></i> </tr></table>\n|uhtml|bestof|<h2><strong>Game 2</strong> of <a href=\"/game-bestof3-gen9vgc2025regibo3-2354423490\">a best-of-3</a></h2>\n|t:|1746069854\n|gametype|doubles\n|player|p1|soyjoas|hilbert|1032\n|player|p2|Bigboyblue3451|1|1134\n|teamsize|p1|6\n|teamsize|p2|6\n|gen|9\n|tier|[Gen 9] VGC 2025 Reg I (Bo3)\n|rated|\n|rule|Species Clause: Limit one of each Pok\u00e9mon\n|rule|Item Clause: Limit 1 of each item\n|clearpoke\n|poke|p1|Necrozma-Dawn-Wings, L50|\n|poke|p1|Indeedee-F, L50, F|\n|poke|p1|Ursaluna, L50, M|\n|poke|p1|Torkoal, L50, F|\n|poke|p1|Calyrex-Ice, L50|\n|poke|p1|Brute Bonnet, L50|\n|poke|p2|Miraidon, L50|\n|poke|p2|Ho-Oh, L50|\n|poke|p2|Iron Hands, L50|\n|poke|p2|Farigiraf, L50, F|\n|poke|p2|Iron Bundle, L50|\n|poke|p2|Ogerpon-Cornerstone, L50, F|\n|teampreview|4\n|showteam|p1|Necrozma-Dawn-Wings||Leftovers|PrismArmor|TrickRoom,ExpandingForce,CalmMind,MoongeistBeam||||||50|,,,,,Grass]Indeedee-F||SitrusBerry|PsychicSurge|FollowMe,TrickRoom,HelpingHand,DazzlingGleam|||F|||50|,,,,,Fairy]Ursaluna||FlameOrb|Guts|Protect,Facade,HeadlongRush,SwordsDance|||M|||50|,,,,,Ghost]Torkoal||ChoiceSpecs|Drought|Eruption,Overheat,EarthPower,SludgeBomb|||F|||50|,,,,,Fire]Calyrex-Ice||ClearAmulet|AsOneGlastrier|SwordsDance,TrickRoom,GlacialLance,HighHorsepower||||||50|,,,,,Fire]Brute Bonnet||CovertCloak|Protosynthesis|Protect,Spore,Crunch,RagePowder||||||50|,,,,,Grass\n|showteam|p2|Miraidon||ChoiceSpecs|HadronEngine|ElectroDrift,DracoMeteor,VoltSwitch,DazzlingGleam||||||50|,,,,,Fairy]Ho-Oh||ClearAmulet|Regenerator|SacredFire,BraveBird,Tailwind,Protect||||||50|,,,,,Grass]Iron Hands||AssaultVest|QuarkDrive|DrainPunch,WildCharge,LowKick,FakeOut||||||50|,,,,,Bug]Farigiraf||ElectricSeed|ArmorTail|FoulPlay,Psychic,HelpingHand,TrickRoom|||F|||50|,,,,,Fairy]Iron Bundle||FocusSash|QuarkDrive|IcyWind,FreezeDry,Encore,Protect||||||50|,,,,,Ghost]Ogerpon-Cornerstone||CornerstoneMask|Sturdy|IvyCudgel,PowerWhip,FollowMe,SpikyShield|||F|||50|,,,,,Rock\n|\n|t:|1746069878\n|start\n|switch|p1a: Indeedee|Indeedee-F, L50, F|100/100\n|switch|p1b: Necrozma|Necrozma-Dawn-Wings, L50|100/100\n|switch|p2a: Farigiraf|Farigiraf, L50, F|100/100\n|switch|p2b: Ho-Oh|Ho-Oh, L50|100/100\n|-fieldstart|move: Psychic Terrain|[from] ability: Psychic Surge|[of] p1a: Indeedee\n|turn|1\n|\n|t:|1746069897\n|switch|p2b: Miraidon|Miraidon, L50|100/100\n|-fieldstart|move: Electric Terrain|[from] ability: Hadron Engine|[of] p2b: Miraidon\n|-enditem|p2a: Farigiraf|Electric Seed\n|-boost|p2a: Farigiraf|def|1|[from] item: Electric Seed\n|move|p1a: Indeedee|Follow Me|p1a: Indeedee\n|-singleturn|p1a: Indeedee|move: Follow Me\n|move|p2a: Farigiraf|Foul Play|p1a: Indeedee\n|-supereffective|p1a: Indeedee\n|-damage|p1a: Indeedee|74/100\n|move|p1b: Necrozma|Trick Room|p1b: Necrozma\n|-fieldstart|move: Trick Room|[of] p1b: Necrozma\n|\n|upkeep\n|turn|2\n|\n|t:|1746069931\n|move|p1a: Indeedee|Helping Hand|p1b: Necrozma\n|-singleturn|p1b: Necrozma|Helping Hand|[of] p1a: Indeedee\n|move|p2a: Farigiraf|Foul Play|p1b: Necrozma\n|-supereffective|p1b: Necrozma\n|-damage|p1b: Necrozma|50/100\n|move|p1b: Necrozma|Moongeist Beam|p2b: Miraidon\n|-damage|p2b: Miraidon|7/100\n|move|p2b: Miraidon|Dazzling Gleam|p1b: Necrozma|[spread] p1a,p1b\n|-damage|p1a: Indeedee|39/100\n|-damage|p1b: Necrozma|21/100\n|-enditem|p1a: Indeedee|Sitrus Berry|[eat]\n|-heal|p1a: Indeedee|64/100|[from] item: Sitrus Berry\n|\n|-heal|p1b: Necrozma|26/100|[from] item: Leftovers\n|upkeep\n|turn|3\n|\n|t:|1746069955\n|switch|p1b: Torkoal|Torkoal, L50, F|100/100\n|-weather|SunnyDay|[from] ability: Drought|[of] p1b: Torkoal\n|switch|p2b: Ho-Oh|Ho-Oh, L50|100/100\n|move|p1a: Indeedee|Dazzling Gleam|p2a: Farigiraf|[spread] p2a,p2b\n|-resisted|p2b: Ho-Oh\n|-damage|p2a: Farigiraf|87/100\n|-damage|p2b: Ho-Oh|97/100\n|move|p2a: Farigiraf|Trick Room|p2a: Farigiraf\n|-fieldend|move: Trick Room\n|\n|-weather|SunnyDay|[upkeep]\n|upkeep\n|turn|4\n|\n|t:|1746069987\n|move|p1a: Indeedee|Follow Me|p1a: Indeedee\n|-singleturn|p1a: Indeedee|move: Follow Me\n|move|p2b: Ho-Oh|Sacred Fire|p1a: Indeedee\n|-damage|p1a: Indeedee|0 fnt\n|faint|p1a: Indeedee\n|move|p2a: Farigiraf|Psychic|p1b: Torkoal\n|-damage|p1b: Torkoal|54/100\n|move|p1b: Torkoal|Eruption|p2b: Ho-Oh|[spread] p2a,p2b\n|-resisted|p2b: Ho-Oh\n|-damage|p2a: Farigiraf|32/100\n|-damage|p2b: Ho-Oh|81/100\n|\n|-weather|SunnyDay|[upkeep]\n|upkeep\n|\n|t:|1746070003\n|switch|p1a: Calyrex|Calyrex-Ice, L50|100/100\n|-ability|p1a: Calyrex|As One\n|-ability|p1a: Calyrex|Unnerve\n|turn|5\n|\n|t:|1746070031\n|-terastallize|p1a: Calyrex|Fire\n|move|p2b: Ho-Oh|Brave Bird|p1b: Torkoal\n|-crit|p1b: Torkoal\n|-damage|p1b: Torkoal|0 fnt\n|faint|p1b: Torkoal\n|-damage|p2b: Ho-Oh|67/100|[from] Recoil\n|move|p2a: Farigiraf|Trick Room|p2a: Farigiraf\n|-fieldstart|move: Trick Room|[of] p2a: Farigiraf\n|move|p1a: Calyrex|Trick Room|p1a: Calyrex\n|-fieldend|move: Trick Room\n|\n|-weather|SunnyDay|[upkeep]\n|-fieldend|move: Electric Terrain\n|upkeep\n|\n|t:|1746070042\n|switch|p1b: Necrozma|Necrozma-Dawn-Wings, L50|26/100\n|turn|6\n|\n|t:|1746070063\n|switch|p2a: Iron Hands|Iron Hands, L50|100/100\n|move|p2b: Ho-Oh|Sacred Fire|p1b: Necrozma\n|-damage|p1b: Necrozma|0 fnt\n|faint|p1b: Necrozma\n|move|p1a: Calyrex|Glacial Lance|p2a: Iron Hands|[spread] p2a,p2b\n|-damage|p2a: Iron Hands|56/100\n|-damage|p2b: Ho-Oh|14/100\n|\n|-weather|SunnyDay|[upkeep]\n|upkeep\n|turn|7\n|\n|t:|1746070075\n|switch|p2b: Miraidon|Miraidon, L50|7/100\n|-fieldstart|move: Electric Terrain|[from] ability: Hadron Engine|[of] p2b: Miraidon\n|-activate|p2a: Iron Hands|ability: Quark Drive\n|-start|p2a: Iron Hands|quarkdriveatk\n|move|p2a: Iron Hands|Fake Out|p1a: Calyrex\n|-damage|p1a: Calyrex|88/100\n|cant|p1a: Calyrex|flinch\n|\n|-weather|none\n|upkeep\n|turn|8\n|\n|t:|1746070086\n|move|p2b: Miraidon|Electro Drift|p1a: Calyrex\n|-damage|p1a: Calyrex|0 fnt\n|faint|p1a: Calyrex\n|\n|win|Bigboyblue3451\n||soyjoas is ready for game 3.\n||Bigboyblue3451 is ready for game 3.\n|uhtml|next|Next: <a href=\"/battle-gen9vgc2025regibo3-2354426635\"><strong>Game 3 of 3</strong></a>\n|l|\u2606soyjoas\n|player|p1|\n", "uploadtime": 1746070332, "views": 14, "formatid": "gen9vgc2025regibo3", "rating": null, "private": 0, "password": null}