{"id": "gen9vgc2025regibo3-2353571534", "format": "[Gen 9] VGC 2025 Reg I (Bo3)", "players": ["EtienneN7", "miraidons the goat"], "log": "|j|\u2606EtienneN7\n|j|\u2606miraidons the goat\n|html|<table width=\"100%\"><tr><td align=\"left\">EtienneN7</td><td align=\"right\">miraidons the goat</tr><tr><td align=\"left\"><i class=\"fa fa-circle-o\"></i> <i class=\"fa fa-circle-o\"></i> </td><td align=\"right\"><i class=\"fa fa-circle-o\"></i> <i class=\"fa fa-circle-o\"></i> </tr></table>\n|uhtml|bestof|<h2><strong>Game 1</strong> of <a href=\"/game-bestof3-gen9vgc2025regibo3-2353571533\">a best-of-3</a></h2>\n|t:|1745969700\n|gametype|doubles\n|player|p1|EtienneN7|dawn|1121\n|player|p2|miraidons the goat|lisia-masters|1230\n|teamsize|p1|6\n|teamsize|p2|6\n|gen|9\n|tier|[Gen 9] VGC 2025 Reg I (Bo3)\n|rated|\n|rule|Species Clause: Limit one of each Pok\u00e9mon\n|rule|Item Clause: Limit 1 of each item\n|clearpoke\n|poke|p1|Zamazenta-*, L50|\n|poke|p1|Incineroar, L50, F|\n|poke|p1|Tornadus, L50, M|\n|poke|p1|Urshifu-*, L50, F|\n|poke|p1|Groudon, L50|\n|poke|p1|Cresselia, L50, F|\n|poke|p2|Calyrex-Shadow, L50|\n|poke|p2|Koraidon, L50|\n|poke|p2|Chi-Yu, L50|\n|poke|p2|Indeedee-F, L50, F|\n|poke|p2|Whimsicott, L50, F|\n|poke|p2|Ditto, L50|\n|teampreview|4\n|showteam|p1|Zamazenta-Crowned||RustedShield|DauntlessShield|BodyPress,HeavySlam,WideGuard,IronDefense||||||50|,,,,,Ground]Incineroar||RockyHelmet|Intimidate|FakeOut,Uturn,DarkestLariat,WillOWisp|||F|||50|,,,,,Ghost]Tornadus||CovertCloak|Prankster|Tailwind,Taunt,BleakwindStorm,SunnyDay|||M|||50|,,,,,Flying]Urshifu-Rapid-Strike||FocusSash|UnseenFist|AquaJet,SurgingStrikes,Detect,CloseCombat|||F|||50|,,,,,Fighting]Groudon||ChoiceSpecs|Drought|Protect,EarthPower,Eruption,SolarBeam||||||50|,,,,,Grass]Cresselia||Leftovers|Levitate|Protect,HelpingHand,TrickRoom,IceBeam|||F|||50|,,,,,Psychic\n|showteam|p2|Calyrex-Shadow||ChoiceSpecs|AsOneSpectrier|AstralBarrage,ExpandingForce,PollenPuff,Psyshock||||||50|,,,,,Dark]Koraidon||LifeOrb|OrichalcumPulse|CloseCombat,FlareBlitz,DragonClaw,Protect||||||50|,,,,,Fire]Chi-Yu||ChoiceScarf|BeadsofRuin|Snarl,DarkPulse,HeatWave,Overheat||||||50|,,,,,Fire]Indeedee-F||PsychicSeed|PsychicSurge|FollowMe,TrickRoom,HelpingHand,ShadowBall|||F|||50|,,,,,Steel]Whimsicott||CovertCloak|Prankster|Tailwind,Encore,Moonblast,SunnyDay|||F|||50|,,,,,Dark]Ditto||FocusSash|Imposter|Transform||||||50|,,,,,Ghost\n|\n|t:|1745969766\n|start\n|switch|p1a: Cresselia|Cresselia, L50, F|100/100\n|switch|p1b: Groudon|Groudon, L50|100/100\n|switch|p2a: cott|Whimsicott, L50, F, shiny|100/100\n|switch|p2b: better bike|Koraidon, L50|100/100\n|-weather|SunnyDay|[from] ability: Orichalcum Pulse|[of] p2b: better bike\n|-activate|p2b: better bike|Orichalcum Pulse|[source]\n|turn|1\n|c|\u2606EtienneN7|glhf\n|inactive|Battle timer is ON: inactive players will automatically lose when time's up. (requested by EtienneN7)\n|\n|t:|1745969806\n|-terastallize|p2b: better bike|Fire\n|move|p1a: Cresselia|Helping Hand|p1b: Groudon\n|-singleturn|p1b: Groudon|Helping Hand|[of] p1a: Cresselia\n|move|p2a: cott|Tailwind|p2a: cott\n|-sidestart|p2: miraidons the goat|move: Tailwind\n|move|p2b: better bike|Flare Blitz|p1a: Cresselia\n|-damage|p1a: Cresselia|0 fnt\n|faint|p1a: Cresselia\n|-damage|p2b: better bike|58/100|[from] Recoil\n|-damage|p2b: better bike|48/100|[from] item: Life Orb\n|move|p1b: Groudon|Eruption|p2a: cott|[spread] p2a,p2b\n|-supereffective|p2a: cott\n|-resisted|p2b: better bike\n|-damage|p2a: cott|0 fnt\n|-damage|p2b: better bike|0 fnt\n|faint|p2a: cott\n|faint|p2b: better bike\n|\n|-weather|SunnyDay|[upkeep]\n|upkeep\n|\n|t:|1745969828\n|switch|p2b: mental trauma|Calyrex-Shadow, L50|100/100\n|switch|p2a: fat|Indeedee-F, L50, F, shiny|100/100\n|switch|p1a: Zamazenta|Zamazenta-Crowned, L50|100/100\n|-ability|p2b: mental trauma|As One\n|-ability|p2b: mental trauma|Unnerve\n|-fieldstart|move: Psychic Terrain|[from] ability: Psychic Surge|[of] p2a: fat\n|-enditem|p2a: fat|Psychic Seed\n|-boost|p2a: fat|spd|1|[from] item: Psychic Seed\n|-ability|p1a: Zamazenta|Dauntless Shield|boost\n|-boost|p1a: Zamazenta|def|1\n|turn|2\n|\n|t:|1745969848\n|move|p2a: fat|Helping Hand|p2b: mental trauma\n|-singleturn|p2b: mental trauma|Helping Hand|[of] p2a: fat\n|move|p1a: Zamazenta|Wide Guard|p1a: Zamazenta\n|-singleturn|p1a: Zamazenta|Wide Guard\n|move|p2b: mental trauma|Psyshock|p1b: Groudon\n|-damage|p1b: Groudon|4/100\n|move|p1b: Groudon|Eruption|p2b: mental trauma|[spread] p2a,p2b\n|-damage|p2a: fat|99/100\n|-damage|p2b: mental trauma|98/100\n|\n|-weather|SunnyDay|[upkeep]\n|upkeep\n|turn|3\n|inactive|miraidons the goat has 30 seconds left.\n|\n|t:|1745969878\n|move|p2a: fat|Follow Me|p2a: fat\n|-singleturn|p2a: fat|move: Follow Me\n|move|p2b: mental trauma|Psyshock|p1b: Groudon\n|-damage|p1b: Groudon|0 fnt\n|faint|p1b: Groudon\n|-ability|p2b: mental trauma|Grim Neigh|boost\n|-boost|p2b: mental trauma|spa|1\n|move|p1a: Zamazenta|Body Press|p2a: fat\n|-damage|p2a: fat|24/100\n|\n|-weather|SunnyDay|[upkeep]\n|upkeep\n|\n|t:|1745969887\n|switch|p1b: Urshifu|Urshifu-Rapid-Strike, L50, F|100/100\n|turn|4\n|\n|t:|1745969906\n|move|p1b: Urshifu|Detect|p1b: Urshifu\n|-singleturn|p1b: Urshifu|Protect\n|move|p2b: mental trauma|Psyshock|p1b: Urshifu\n|-activate|p1b: Urshifu|move: Protect\n|move|p2a: fat|Shadow Ball|p1b: Urshifu\n|-activate|p1b: Urshifu|move: Protect\n|move|p1a: Zamazenta|Body Press|p2a: fat\n|-damage|p2a: fat|0 fnt\n|faint|p2a: fat\n|\n|-weather|SunnyDay|[upkeep]\n|-sideend|p2: miraidons the goat|move: Tailwind\n|upkeep\n|turn|5\n|inactive|EtienneN7 has 30 seconds left.\n|inactive|EtienneN7 has 20 seconds left.\n|\n|t:|1745969942\n|move|p2b: mental trauma|Psyshock|p1b: Urshifu\n|-supereffective|p1b: Urshifu\n|-enditem|p1b: Urshifu|Focus Sash\n|-damage|p1b: Urshifu|1/100\n|move|p1b: Urshifu|Surging Strikes|p2b: mental trauma\n|-crit|p2b: mental trauma\n|-damage|p2b: mental trauma|87/100\n|-crit|p2b: mental trauma\n|-damage|p2b: mental trauma|75/100\n|-crit|p2b: mental trauma\n|-damage|p2b: mental trauma|63/100\n|-hitcount|p2b: mental trauma|3\n|move|p1a: Zamazenta|Iron Defense|p1a: Zamazenta\n|-boost|p1a: Zamazenta|def|2\n|\n|-weather|none\n|upkeep\n|turn|6\n|\n|t:|1745969966\n|move|p1b: Urshifu|Aqua Jet|p2b: mental trauma\n|-activate|p2b: mental trauma|move: Psychic Terrain\n|move|p2b: mental trauma|Psyshock|p1a: Zamazenta\n|-damage|p1a: Zamazenta|63/100\n|move|p1a: Zamazenta|Heavy Slam|p2b: mental trauma\n|-damage|p2b: mental trauma|8/100\n|\n|-fieldend|move: Psychic Terrain\n|upkeep\n|turn|7\n|j| miardy\n|\n|t:|1745969980\n|move|p1b: Urshifu|Aqua Jet|p2b: mental trauma\n|-damage|p2b: mental trauma|0 fnt\n|faint|p2b: mental trauma\n|\n|win|EtienneN7\n||EtienneN7 is ready for game 2.\n||miraidons the goat is ready for game 2.\n|uhtml|next|Next: <a href=\"/battle-gen9vgc2025regibo3-2353574009\"><strong>Game 2 of 3</strong></a>\n|l| miardy\n|l|\u2606miraidons the goat\n|player|p2|\n", "uploadtime": 1745969986, "views": 37, "formatid": "gen9vgc2025regibo3", "rating": null, "private": 0, "password": null}