{"id": "gen9vgc2025regibo3-2354264749", "format": "[Gen 9] VGC 2025 Reg I (Bo3)", "players": ["pantsuit", "LaTentacion"], "log": "|j|\u2606pantsuit\n|j|\u2606LaTentacion\n|html|<table width=\"100%\"><tr><td align=\"left\">pantsuit</td><td align=\"right\">LaTentacion</tr><tr><td align=\"left\"><i class=\"fa fa-circle\"></i> <i class=\"fa fa-circle-o\"></i> </td><td align=\"right\"><i class=\"fa fa-circle-o\"></i> <i class=\"fa fa-circle\"></i> </tr></table>\n|uhtml|bestof|<h2><strong>Game 3</strong> of <a href=\"/game-bestof3-gen9vgc2025regibo3-2354261538\">a best-of-3</a></h2>\n|t:|1746050632\n|gametype|doubles\n|player|p1|pantsuit|2|1374\n|player|p2|LaTentacion|265|1389\n|teamsize|p1|6\n|teamsize|p2|6\n|gen|9\n|tier|[Gen 9] VGC 2025 Reg I (Bo3)\n|rated|\n|rule|Species Clause: Limit one of each Pok\u00e9mon\n|rule|Item Clause: Limit 1 of each item\n|clearpoke\n|poke|p1|Koraidon, L50|\n|poke|p1|Lunala, L50|\n|poke|p1|Chi-Yu, L50|\n|poke|p1|Ursaluna, L50, F|\n|poke|p1|Brute Bonnet, L50|\n|poke|p1|Flutter Mane, L50|\n|poke|p2|Groudon, L50|\n|poke|p2|Grimmsnarl, L50, M|\n|poke|p2|Volcarona, L50, M|\n|poke|p2|Miraidon, L50|\n|poke|p2|Iron Hands, L50|\n|poke|p2|Farigiraf, L50, M|\n|teampreview|4\n|showteam|p1|Koraidon||LifeOrb|OrichalcumPulse|FlareBlitz,FlameCharge,CloseCombat,Protect||||||50|,,,,,Fire]Lunala||PowerHerb|ShadowShield|MoongeistBeam,MeteorBeam,WideGuard,TrickRoom||||||50|,,,,,Water]Chi-Yu||ChoiceScarf|BeadsofRuin|Overheat,HeatWave,DarkPulse,Snarl||||||50|,,,,,Ghost]Ursaluna||FlameOrb|Guts|Facade,Earthquake,HeadlongRush,Protect|||F|||50|,,,,,Water]Brute Bonnet||CovertCloak|Protosynthesis|SeedBomb,SuckerPunch,Spore,RagePowder||||||50|,,,,,Water]Flutter Mane||FocusSash|Protosynthesis|Moonblast,IcyWind,ShadowBall,Protect||||||50|,,,,,Normal\n|showteam|p2|Groudon||AssaultVest|Drought|PrecipiceBlades,HeatCrash,HighHorsepower,ThunderPunch||||||50|,,,,,Fire]Grimmsnarl||CovertCloak|Prankster|ThunderWave,Reflect,LightScreen,SpiritBreak|||M|||50|,,,,,Ghost]Volcarona||Leftovers|FlameBody|Protect,QuiverDance,FieryDance,GigaDrain|||M|||50|,,,,,Grass]Miraidon||ChoiceSpecs|HadronEngine|ElectroDrift,DracoMeteor,VoltSwitch,DazzlingGleam||||||50|,,,,,Fairy]Iron Hands||ClearAmulet|QuarkDrive|FakeOut,CloseCombat,WildCharge,HeavySlam||||||50|,,,,,Grass]Farigiraf||ElectricSeed|ArmorTail|FoulPlay,PsychicNoise,HelpingHand,TrickRoom|||M|||50|,,,,,Water\n|inactive|Battle timer is ON: inactive players will automatically lose when time's up. (requested by LaTentacion)\n|\n|t:|1746050651\n|start\n|switch|p1a: Lunala|Lunala, L50|100/100\n|switch|p1b: Koraidon|Koraidon, L50|100/100\n|switch|p2a: Miraidon|Miraidon, L50|100/100\n|switch|p2b: Iron Hands|Iron Hands, L50|100/100\n|-weather|SunnyDay|[from] ability: Orichalcum Pulse|[of] p1b: Koraidon\n|-activate|p1b: Koraidon|Orichalcum Pulse|[source]\n|-fieldstart|move: Electric Terrain|[from] ability: Hadron Engine|[of] p2a: Miraidon\n|-activate|p2b: Iron Hands|ability: Quark Drive\n|-start|p2b: Iron Hands|quarkdriveatk\n|turn|1\n|\n|t:|1746050675\n|-terastallize|p1b: Koraidon|Fire\n|move|p2b: Iron Hands|Fake Out|p1b: Koraidon\n|-damage|p1b: Koraidon|82/100\n|cant|p1b: Koraidon|flinch\n|move|p2a: Miraidon|Volt Switch|p1a: Lunala\n|-damage|p1a: Lunala|64/100\n|\n|t:|1746050685\n|switch|p2a: Groudon|Groudon, L50|100/100|[from] Volt Switch\n|move|p1a: Lunala|Trick Room|p1a: Lunala\n|-fieldstart|move: Trick Room|[of] p1a: Lunala\n|\n|-weather|SunnyDay|[upkeep]\n|upkeep\n|turn|2\n|\n|t:|1746050703\n|move|p1a: Lunala|Wide Guard|p1a: Lunala\n|-singleturn|p1a: Lunala|Wide Guard\n|move|p2b: Iron Hands|Wild Charge|p1a: Lunala\n|-damage|p1a: Lunala|0 fnt\n|faint|p1a: Lunala\n|-damage|p2b: Iron Hands|86/100|[from] Recoil\n|move|p2a: Groudon|High Horsepower|p1b: Koraidon|[miss]\n|-miss|p2a: Groudon|p1b: Koraidon\n|move|p1b: Koraidon|Flare Blitz|p2b: Iron Hands\n|-damage|p2b: Iron Hands|0 fnt\n|faint|p2b: Iron Hands\n|-end|p2b: Iron Hands|Quark Drive|[silent]\n|-damage|p1b: Koraidon|41/100|[from] Recoil\n|-damage|p1b: Koraidon|32/100|[from] item: Life Orb\n|\n|-weather|SunnyDay|[upkeep]\n|upkeep\n|\n|t:|1746050715\n|switch|p2b: Volcarona|Volcarona, L50, M|100/100\n|switch|p1a: Ursaluna|Ursaluna, L50, F|100/100\n|turn|3\n|\n|t:|1746050727\n|switch|p1b: Brute Bonnet|Brute Bonnet, L50|100/100\n|-activate|p1b: Brute Bonnet|ability: Protosynthesis\n|-start|p1b: Brute Bonnet|protosynthesisdef\n|-terastallize|p2b: Volcarona|Grass\n|move|p1a: Ursaluna|Protect|p1a: Ursaluna\n|-singleturn|p1a: Ursaluna|Protect\n|move|p2a: Groudon|Precipice Blades|p1b: Brute Bonnet|[spread] p1b\n|-activate|p1a: Ursaluna|move: Protect\n|-resisted|p1b: Brute Bonnet\n|-damage|p1b: Brute Bonnet|89/100\n|move|p2b: Volcarona|Giga Drain|p1a: Ursaluna\n|-activate|p1a: Ursaluna|move: Protect\n|\n|-weather|SunnyDay|[upkeep]\n|-status|p1a: Ursaluna|brn|[from] item: Flame Orb\n|upkeep\n|turn|4\n|inactive|pantsuit has 30 seconds left.\n|inactive|pantsuit has 20 seconds left.\n|inactive|pantsuit has 15 seconds left.\n|inactive|pantsuit has 10 seconds left.\n|\n|t:|1746050773\n|move|p1a: Ursaluna|Facade|p2a: Groudon\n|-damage|p2a: Groudon|9/100\n|move|p1b: Brute Bonnet|Seed Bomb|p2a: Groudon\n|-supereffective|p2a: Groudon\n|-damage|p2a: Groudon|0 fnt\n|faint|p2a: Groudon\n|move|p2b: Volcarona|Giga Drain|p1a: Ursaluna\n|-supereffective|p1a: Ursaluna\n|-damage|p1a: Ursaluna|25/100 brn\n|\n|-weather|SunnyDay|[upkeep]\n|-damage|p1a: Ursaluna|19/100 brn|[from] brn\n|upkeep\n|\n|t:|1746050779\n|switch|p2a: Miraidon|Miraidon, L50|100/100\n|-activate|p2a: Miraidon|ability: Hadron Engine\n|turn|5\n|inactive|pantsuit has 30 seconds left.\n|\n|t:|1746050804\n|-end|p1b: Brute Bonnet|Protosynthesis|[silent]\n|switch|p1b: Koraidon|Koraidon, L50, tera:Fire|32/100\n|-activate|p1b: Koraidon|ability: Orichalcum Pulse\n|move|p1a: Ursaluna|Facade|p2a: Miraidon\n|-damage|p2a: Miraidon|0 fnt\n|faint|p2a: Miraidon\n|move|p2b: Volcarona|Quiver Dance|p2b: Volcarona\n|-boost|p2b: Volcarona|spa|1\n|-boost|p2b: Volcarona|spd|1\n|-boost|p2b: Volcarona|spe|1\n|\n|-weather|none\n|-damage|p1a: Ursaluna|14/100 brn|[from] brn\n|-fieldend|move: Trick Room\n|-fieldend|move: Electric Terrain\n|upkeep\n|turn|6\n|\n|t:|1746050820\n|move|p2b: Volcarona|Protect|p2b: Volcarona\n|-singleturn|p2b: Volcarona|Protect\n|move|p1b: Koraidon|Flare Blitz|p2b: Volcarona\n|-activate|p2b: Volcarona|move: Protect\n|move|p1a: Ursaluna|Facade|p2b: Volcarona\n|-activate|p2b: Volcarona|move: Protect\n|\n|-damage|p1a: Ursaluna|8/100 brn|[from] brn\n|upkeep\n|turn|7\n|\n|t:|1746050836\n|move|p2b: Volcarona|Fiery Dance|p1b: Koraidon\n|-resisted|p1b: Koraidon\n|-crit|p1b: Koraidon\n|-damage|p1b: Koraidon|0 fnt\n|faint|p1b: Koraidon\n|move|p1a: Ursaluna|Facade|p2b: Volcarona\n|-damage|p2b: Volcarona|0 fnt\n|faint|p2b: Volcarona\n|\n|win|pantsuit\n|raw|pantsuit's rating: 1374 &rarr; <strong>1395</strong><br />(+21 for winning)\n|raw|LaTentacion's rating: 1389 &rarr; <strong>1368</strong><br />(-21 for losing)\n|l|\u2606LaTentacion\n|player|p2|\n", "uploadtime": 1746050868, "views": 23, "formatid": "gen9vgc2025regibo3", "rating": 1368, "private": 0, "password": null}