{"id": "gen9vgc2025regibo3-2354603659", "format": "[Gen 9] VGC 2025 Reg I (Bo3)", "players": ["wagie get in cagie", "Yankiken"], "log": "|j|\u2606wagie get in cagie\n|j|\u2606Yankiken\n|html|<table width=\"100%\"><tr><td align=\"left\">wagie get in cagie</td><td align=\"right\">Yankiken</tr><tr><td align=\"left\"><i class=\"fa fa-circle-o\"></i> <i class=\"fa fa-circle-o\"></i> </td><td align=\"right\"><i class=\"fa fa-circle-o\"></i> <i class=\"fa fa-circle\"></i> </tr></table>\n|uhtml|bestof|<h2><strong>Game 2</strong> of <a href=\"/game-bestof3-gen9vgc2025regibo3-2354602705\">a best-of-3</a></h2>\n|t:|1746101585\n|gametype|doubles\n|player|p1|wagie get in cagie|169|1507\n|player|p2|Yankiken|lady-gen4|1359\n|teamsize|p1|6\n|teamsize|p2|6\n|gen|9\n|tier|[Gen 9] VGC 2025 Reg I (Bo3)\n|rated|\n|rule|Species Clause: Limit one of each Pok\u00e9mon\n|rule|Item Clause: Limit 1 of each item\n|clearpoke\n|poke|p1|Terapagos, L50, M|\n|poke|p1|Zacian-*, L50|\n|poke|p1|Whimsicott, L50, F|\n|poke|p1|Volcarona, L50, F|\n|poke|p1|Landorus-Therian, L50, M|\n|poke|p1|Raging Bolt, L50|\n|poke|p2|Terapagos, L50, M|\n|poke|p2|Incineroar, L50, M|\n|poke|p2|Rillaboom, L50, M|\n|poke|p2|Ogerpon-Cornerstone, L50, F|\n|poke|p2|Flutter Mane, L50|\n|poke|p2|Calyrex-Shadow, L50|\n|teampreview|4\n|showteam|p1|Terapagos||LifeOrb|TeraShift|CalmMind,TeraStarstorm,EarthPower,Protect|||M|||50|,,,,,Stellar]Zacian-Crowned||RustedSword|IntrepidSword|behemothblade,PlayRough,SacredSword,Protect||||||50|,,,,,Grass]Whimsicott||CovertCloak|Prankster|Tailwind,LightScreen,Moonblast,Encore|||F|||50|,,,,,Water]Volcarona||RockyHelmet|FlameBody|RagePowder,Overheat,WillOWisp,Protect|||F|||50|,,,,,Dragon]Landorus-Therian||ChoiceBand|Intimidate|Earthquake,Uturn,RockSlide,StompingTantrum|||M|||50|,,,,,Fire]Raging Bolt||BoosterEnergy|Protosynthesis|Thunderclap,DracoMeteor,Taunt,Protect||||||50|,,,,,Water\n|showteam|p2|Terapagos||Leftovers|TeraShift|TeraStarstorm,EarthPower,Protect,CalmMind|||M|||50|,,,,,Stellar]Incineroar||RockyHelmet|Intimidate|KnockOff,FakeOut,PartingShot,WillOWisp|||M|||50|,,,,,Bug]Rillaboom||AssaultVest|GrassySurge|GrassyGlide,WoodHammer,FakeOut,Uturn|||M|||50|,,,,,Grass]Ogerpon-Cornerstone||CornerstoneMask|Sturdy|IvyCudgel,SpikyShield,FollowMe,PowerWhip|||F|||50|,,,,,Rock]Flutter Mane||BoosterEnergy|Protosynthesis|Moonblast,IcyWind,ThunderWave,Taunt||||||50|,,,,,Fairy]Calyrex-Shadow||FocusSash|AsOneSpectrier|AstralBarrage,Protect,WillOWisp,PollenPuff||||||50|,,,,,Ghost\n|inactive|Battle timer is ON: inactive players will automatically lose when time's up. (requested by Yankiken)\n|inactive|wagie get in cagie has 60 seconds left.\n|\n|t:|1746101621\n|start\n|switch|p1a: Terapagos|Terapagos, L50, M|100/100\n|switch|p1b: Landorus|Landorus-Therian, L50, M|100/100\n|switch|p2a: Terapagos|Terapagos, L50, M|100/100\n|switch|p2b: Incineroar|Incineroar, L50, M, shiny|100/100\n|-activate|p2a: Terapagos|ability: Tera Shift\n|detailschange|p2a: Terapagos|Terapagos-Terastal, L50, M\n|-heal|p2a: Terapagos|100/100|[silent]\n|-activate|p1a: Terapagos|ability: Tera Shift\n|detailschange|p1a: Terapagos|Terapagos-Terastal, L50, M\n|-heal|p1a: Terapagos|100/100|[silent]\n|-ability|p1b: Landorus|Intimidate|boost\n|-unboost|p2a: Terapagos|atk|1\n|-unboost|p2b: Incineroar|atk|1\n|-ability|p2b: Incineroar|Intimidate|boost\n|-unboost|p1a: Terapagos|atk|1\n|-unboost|p1b: Landorus|atk|1\n|turn|1\n|\n|t:|1746101635\n|switch|p1a: Whimsicott|Whimsicott, L50, F|100/100\n|move|p1b: Landorus|Rock Slide|p2a: Terapagos|[spread] p2a,p2b\n|-activate|p2a: Terapagos|ability: Tera Shell\n|-resisted|p2a: Terapagos\n|-supereffective|p2b: Incineroar\n|-damage|p2a: Terapagos|94/100\n|-damage|p2b: Incineroar|73/100\n|move|p2a: Terapagos|Calm Mind|p2a: Terapagos\n|-boost|p2a: Terapagos|spa|1\n|-boost|p2a: Terapagos|spd|1\n|move|p2b: Incineroar|Knock Off|p1a: Whimsicott\n|-resisted|p1a: Whimsicott\n|-damage|p1a: Whimsicott|88/100\n|-enditem|p1a: Whimsicott|Covert Cloak|[from] move: Knock Off|[of] p2b: Incineroar\n|\n|-heal|p2a: Terapagos|99/100|[from] item: Leftovers\n|upkeep\n|turn|2\n|\n|t:|1746101649\n|switch|p2b: Ogerpon|Ogerpon-Cornerstone, L50, F|100/100\n|move|p2a: Terapagos|Protect|p2a: Terapagos\n|-singleturn|p2a: Terapagos|Protect\n|move|p1a: Whimsicott|Light Screen|p1a: Whimsicott\n|-sidestart|p1: wagie get in cagie|move: Light Screen\n|move|p1b: Landorus|Rock Slide|p2b: Ogerpon|[spread] p2b\n|-activate|p2a: Terapagos|move: Protect\n|-damage|p2b: Ogerpon|76/100\n|\n|-heal|p2a: Terapagos|100/100|[from] item: Leftovers\n|upkeep\n|turn|3\n|\n|t:|1746101668\n|move|p2b: Ogerpon|Follow Me|p2b: Ogerpon\n|-singleturn|p2b: Ogerpon|move: Follow Me\n|move|p1a: Whimsicott|Moonblast|p2b: Ogerpon\n|-damage|p2b: Ogerpon|46/100\n|move|p1b: Landorus|Rock Slide|p2b: Ogerpon|[spread] p2a,p2b\n|-activate|p2a: Terapagos|ability: Tera Shell\n|-resisted|p2a: Terapagos\n|-damage|p2a: Terapagos|94/100\n|-damage|p2b: Ogerpon|23/100\n|move|p2a: Terapagos|Calm Mind|p2a: Terapagos\n|-boost|p2a: Terapagos|spa|1\n|-boost|p2a: Terapagos|spd|1\n|\n|-heal|p2a: Terapagos|99/100|[from] item: Leftovers\n|upkeep\n|turn|4\n|\n|t:|1746101678\n|switch|p2b: Incineroar|Incineroar, L50, M, shiny|73/100\n|-ability|p2b: Incineroar|Intimidate|boost\n|-unboost|p1a: Whimsicott|atk|1\n|-unboost|p1b: Landorus|atk|1\n|-terastallize|p2a: Terapagos|Stellar\n|detailschange|p2a: Terapagos|Terapagos-Stellar, L50, M, tera:Stellar\n|-heal|p2a: Terapagos|99/100|[silent]\n|move|p1a: Whimsicott|Moonblast|p2b: Incineroar\n|-damage|p2b: Incineroar|48/100\n|move|p1b: Landorus|Rock Slide|p2a: Terapagos|[spread] p2b\n|-miss|p1b: Landorus|p2a: Terapagos\n|-supereffective|p2b: Incineroar\n|-damage|p2b: Incineroar|25/100\n|move|p2a: Terapagos|Tera Starstorm|p1b: Landorus|[spread] p1a,p1b\n|-damage|p1a: Whimsicott|26/100\n|-damage|p1b: Landorus|51/100\n|\n|-heal|p2a: Terapagos|100/100|[from] item: Leftovers\n|upkeep\n|turn|5\n|\n|t:|1746101698\n|switch|p1b: Zacian|Zacian-Crowned, L50|100/100\n|-ability|p1b: Zacian|Intrepid Sword|boost\n|-boost|p1b: Zacian|atk|1\n|move|p2b: Incineroar|Fake Out|p1b: Zacian\n|-resisted|p1b: Zacian\n|-damage|p1b: Zacian|96/100\n|move|p1a: Whimsicott|Encore|p2a: Terapagos\n|-start|p2a: Terapagos|Encore\n|move|p2a: Terapagos|Tera Starstorm|p1b: Zacian|[spread] p1a,p1b\n|-damage|p1a: Whimsicott|0 fnt\n|-damage|p1b: Zacian|56/100\n|faint|p1a: Whimsicott\n|\n|upkeep\n|\n|t:|1746101704\n|switch|p1a: Landorus|Landorus-Therian, L50, M|51/100\n|-ability|p1a: Landorus|Intimidate|boost\n|-unboost|p2a: Terapagos|atk|1\n|-unboost|p2b: Incineroar|atk|1\n|turn|6\n|\n|t:|1746101710\n|switch|p2b: Ogerpon|Ogerpon-Cornerstone, L50, F|23/100\n|move|p1b: Zacian|Sacred Sword|p2a: Terapagos\n|-supereffective|p2a: Terapagos\n|-damage|p2a: Terapagos|39/100\n|move|p1a: Landorus|Stomping Tantrum|p2a: Terapagos\n|-damage|p2a: Terapagos|6/100\n|move|p2a: Terapagos|Tera Starstorm|p1a: Landorus|[spread] p1a,p1b\n|-damage|p1a: Landorus|2/100\n|-damage|p1b: Zacian|21/100\n|\n|-heal|p2a: Terapagos|13/100|[from] item: Leftovers\n|-sideend|p1: wagie get in cagie|move: Light Screen\n|upkeep\n|turn|7\n|\n|t:|1746101727\n|move|p2b: Ogerpon|Spiky Shield|p2b: Ogerpon\n|-singleturn|p2b: Ogerpon|move: Protect\n|move|p1b: Zacian|Sacred Sword|p2b: Ogerpon\n|-activate|p2b: Ogerpon|move: Protect\n|-damage|p1b: Zacian|9/100|[from] Spiky Shield|[of] p2b: Ogerpon\n|move|p1a: Landorus|Stomping Tantrum|p2a: Terapagos\n|-damage|p2a: Terapagos|0 fnt\n|faint|p2a: Terapagos\n|\n|upkeep\n|\n|t:|1746101731\n|switch|p2a: Calyrex|Calyrex-Shadow, L50|100/100\n|-ability|p2a: Calyrex|As One\n|-ability|p2a: Calyrex|Unnerve\n|turn|8\n|\n|t:|1746101740\n|switch|p1a: Terapagos|Terapagos-Terastal, L50, M|100/100\n|move|p1b: Zacian|Protect|p1b: Zacian\n|-singleturn|p1b: Zacian|Protect\n|move|p2a: Calyrex|Astral Barrage|p1b: Zacian|[spread] \n|-activate|p1b: Zacian|move: Protect\n|-immune|p1a: Terapagos\n|move|p2b: Ogerpon|Ivy Cudgel|p1a: Terapagos|[anim] Ivy Cudgel Rock\n|-activate|p1a: Terapagos|ability: Tera Shell\n|-resisted|p1a: Terapagos\n|-damage|p1a: Terapagos|77/100\n|\n|upkeep\n|turn|9\n|\n|t:|1746101761\n|switch|p1b: Landorus|Landorus-Therian, L50, M|2/100\n|-ability|p1b: Landorus|Intimidate|boost\n|-unboost|p2a: Calyrex|atk|1\n|-unboost|p2b: Ogerpon|atk|1\n|-terastallize|p1a: Terapagos|Stellar\n|detailschange|p1a: Terapagos|Terapagos-Stellar, L50, M, tera:Stellar\n|-heal|p1a: Terapagos|83/100|[silent]\n|move|p2b: Ogerpon|Spiky Shield|p2b: Ogerpon\n|-singleturn|p2b: Ogerpon|move: Protect\n|move|p2a: Calyrex|Astral Barrage|p1b: Landorus|[spread] p1b\n|-immune|p1a: Terapagos\n|-damage|p1b: Landorus|0 fnt\n|faint|p1b: Landorus\n|-ability|p2a: Calyrex|Grim Neigh|boost\n|-boost|p2a: Calyrex|spa|1\n|move|p1a: Terapagos|Tera Starstorm|p2b: Ogerpon|[spread] p2a\n|-activate|p2b: Ogerpon|move: Protect\n|-damage|p2a: Calyrex|46/100\n|-damage|p1a: Terapagos|73/100|[from] item: Life Orb\n|\n|upkeep\n|\n|t:|1746101773\n|switch|p1b: Zacian|Zacian-Crowned, L50|9/100\n|turn|10\n|inactive|Yankiken has 30 seconds left.\n|inactive|Yankiken has 20 seconds left.\n|inactive|Yankiken has 15 seconds left.\n|inactive|Yankiken has 10 seconds left.\n|inactive|Yankiken has 5 seconds left.\n|\n|t:|1746101823\n|move|p2a: Calyrex|Pollen Puff|p1a: Terapagos\n|-damage|p1a: Terapagos|40/100\n|move|p1b: Zacian|Sacred Sword|p2b: Ogerpon\n|-supereffective|p2b: Ogerpon\n|-damage|p2b: Ogerpon|0 fnt\n|faint|p2b: Ogerpon\n|move|p1a: Terapagos|Tera Starstorm|p2a: Calyrex\n|-damage|p2a: Calyrex|0 fnt\n|faint|p2a: Calyrex\n|-damage|p1a: Terapagos|30/100|[from] item: Life Orb\n|\n|upkeep\n|\n|t:|1746101827\n|switch|p2b: Incineroar|Incineroar, L50, M, shiny|25/100\n|-ability|p2b: Incineroar|Intimidate|boost\n|-unboost|p1a: Terapagos|atk|1\n|-unboost|p1b: Zacian|atk|1\n|turn|11\n|\n|t:|1746101830\n|move|p1b: Zacian|Protect|p1b: Zacian\n|-singleturn|p1b: Zacian|Protect\n|move|p1a: Terapagos|Protect|p1a: Terapagos\n|-singleturn|p1a: Terapagos|Protect\n|move|p2b: Incineroar|Fake Out|p1a: Terapagos\n|-activate|p1a: Terapagos|move: Protect\n|\n|upkeep\n|turn|12\n|\n|t:|1746101832\n|move|p1b: Zacian|Sacred Sword|p2b: Incineroar\n|-supereffective|p2b: Incineroar\n|-damage|p2b: Incineroar|0 fnt\n|-damage|p1b: Zacian|0 fnt|[from] item: Rocky Helmet|[of] p2b: Incineroar\n|faint|p2b: Incineroar\n|faint|p1b: Zacian\n|\n|win|wagie get in cagie\n|l|\u2606Yankiken\n|player|p2|\n||wagie get in cagie is ready for game 3.\n||Yankiken is ready for game 3.\n|uhtml|next|Next: <a href=\"/battle-gen9vgc2025regibo3-2354605491\"><strong>Game 3 of 3</strong></a>\n|l|\u2606wagie get in cagie\n|player|p1|\n", "uploadtime": 1746102184, "views": 7, "formatid": "gen9vgc2025regibo3", "rating": null, "private": 0, "password": null}