{"id": "gen9vgc2025regibo3-2353925227", "format": "[Gen 9] VGC 2025 Reg I (Bo3)", "players": ["Mona Aster", "Arnauz10"], "log": "|j|\u2606Mona Aster\n|j|\u2606Arnauz10\n|html|<table width=\"100%\"><tr><td align=\"left\">Mona Aster</td><td align=\"right\">Arnauz10</tr><tr><td align=\"left\"><i class=\"fa fa-circle-o\"></i> <i class=\"fa fa-circle-o\"></i> </td><td align=\"right\"><i class=\"fa fa-circle-o\"></i> <i class=\"fa fa-circle\"></i> </tr></table>\n|uhtml|bestof|<h2><strong>Game 2</strong> of <a href=\"/game-bestof3-gen9vgc2025regibo3-2353921716\">a best-of-3</a></h2>\n|t:|1746019453\n|gametype|doubles\n|player|p1|Mona Aster|266|1141\n|player|p2|Arnauz10|hilbert|1054\n|teamsize|p1|6\n|teamsize|p2|6\n|gen|9\n|tier|[Gen 9] VGC 2025 Reg I (Bo3)\n|rated|\n|rule|Species Clause: Limit one of each Pok\u00e9mon\n|rule|Item Clause: Limit 1 of each item\n|clearpoke\n|poke|p1|Lunala, L50|\n|poke|p1|Groudon, L50|\n|poke|p1|Incineroar, L50, M|\n|poke|p1|Flutter Mane, L50|\n|poke|p1|Urshifu-*, L50, F|\n|poke|p1|Raging Bolt, L50|\n|poke|p2|Terapagos, L50, M|\n|poke|p2|Incineroar, L50, M|\n|poke|p2|Rillaboom, L50, M|\n|poke|p2|Landorus, L50, M|\n|poke|p2|Ogerpon-Hearthflame, L50, F|\n|poke|p2|Calyrex-Shadow, L50|\n|teampreview|4\n|showteam|p1|Lunala||PowerHerb|ShadowShield|TrickRoom,MeteorBeam,WideGuard,MoongeistBeam||||||50|,,,,,Water]Groudon||ClearAmulet|Drought|Protect,PrecipiceBlades,HeatCrash,Substitute||||||50|,,,,,Fire]Incineroar||SafetyGoggles|Intimidate|FlareBlitz,KnockOff,FakeOut,PartingShot|||M|||50|,,,,,Ghost]Flutter Mane||FocusSash|Protosynthesis|Moonblast,Taunt,IcyWind,Protect||||||50|,,,,,Grass]Urshifu||ChoiceScarf|UnseenFist|WickedBlow,CloseCombat,Uturn,PoisonJab|||F|||50|,,,,,Stellar]Raging Bolt||AssaultVest|Protosynthesis|Electroweb,Thunderclap,Snarl,DracoMeteor||||||50|,,,,,Electric\n|showteam|p2|Terapagos||Leftovers|TeraShift|TeraStarstorm,Protect,CalmMind,EarthPower|||M|||50|,,,,,Stellar]Incineroar||RockyHelmet|Intimidate|KnockOff,FakeOut,PartingShot,WillOWisp|||M|||50|,,,,,Poison]Rillaboom||AssaultVest|GrassySurge|GrassyGlide,WoodHammer,FakeOut,Uturn|||M|||50|,,,,,Grass]Landorus||ChoiceScarf|SheerForce|EarthPower,SludgeBomb,Psychic,SandsearStorm|||M|||50|,,,,,Ghost]Ogerpon-Hearthflame||HearthflameMask|MoldBreaker|SpikyShield,IvyCudgel,FollowMe,GrassyGlide|||F|||50|,,,,,Fire]Calyrex-Shadow||FocusSash|AsOneSpectrier|Protect,Encore,Disable,AstralBarrage||||||50|,,,,,Ghost\n|inactive|Battle timer is ON: inactive players will automatically lose when time's up. (requested by Mona Aster)\n|inactive|Arnauz10 has 60 seconds left.\n|\n|t:|1746019524\n|start\n|switch|p1a: Groudon|Groudon, L50|100/100\n|switch|p1b: Flutter Mane|Flutter Mane, L50|100/100\n|switch|p2a: Rillaboom|Rillaboom, L50, M, shiny|100/100\n|switch|p2b: Landorus|Landorus, L50, M|100/100\n|-weather|SunnyDay|[from] ability: Drought|[of] p1a: Groudon\n|-activate|p1b: Flutter Mane|ability: Protosynthesis\n|-start|p1b: Flutter Mane|protosynthesisspe\n|-fieldstart|move: Grassy Terrain|[from] ability: Grassy Surge|[of] p2a: Rillaboom\n|turn|1\n|inactive|Mona Aster has 30 seconds left.\n|\n|t:|1746019551\n|move|p1a: Groudon|Protect|p1a: Groudon\n|-singleturn|p1a: Groudon|Protect\n|move|p2a: Rillaboom|Fake Out|p1b: Flutter Mane\n|-immune|p1b: Flutter Mane\n|move|p1b: Flutter Mane|Icy Wind|p2a: Rillaboom|[spread] p2a,p2b\n|-supereffective|p2a: Rillaboom\n|-supereffective|p2b: Landorus\n|-damage|p2a: Rillaboom|85/100\n|-damage|p2b: Landorus|28/100\n|-unboost|p2a: Rillaboom|spe|1\n|-unboost|p2b: Landorus|spe|1\n|move|p2b: Landorus|Sandsear Storm|p1a: Groudon|[spread] p1b\n|-activate|p1a: Groudon|move: Protect\n|-damage|p1b: Flutter Mane|51/100\n|\n|-weather|SunnyDay|[upkeep]\n|-heal|p1b: Flutter Mane|57/100|[from] Grassy Terrain\n|-heal|p2a: Rillaboom|91/100|[from] Grassy Terrain\n|upkeep\n|turn|2\n|inactive|Mona Aster has 30 seconds left.\n|inactive|Arnauz10 has 30 seconds left.\n|inactive|Arnauz10 has 20 seconds left.\n|\n|t:|1746019587\n|switch|p2b: Ogerpon|Ogerpon-Hearthflame, L50, F|100/100\n|-ability|p2b: Ogerpon|Mold Breaker\n|-terastallize|p2a: Rillaboom|Grass\n|move|p1b: Flutter Mane|Icy Wind|p2a: Rillaboom|[spread] p2a,p2b\n|-supereffective|p2a: Rillaboom\n|-damage|p2a: Rillaboom|76/100\n|-damage|p2b: Ogerpon|88/100\n|-unboost|p2a: Rillaboom|spe|1\n|-unboost|p2b: Ogerpon|spe|1\n|move|p1a: Groudon|Substitute|p1a: Groudon\n|-start|p1a: Groudon|Substitute\n|-damage|p1a: Groudon|76/100\n|move|p2a: Rillaboom|Wood Hammer|p1a: Groudon\n|-supereffective|p1a: Groudon\n|-end|p1a: Groudon|Substitute\n|-damage|p2a: Rillaboom|68/100|[from] Recoil|[of] p1a: Groudon\n|\n|-weather|SunnyDay|[upkeep]\n|-heal|p1b: Flutter Mane|63/100|[from] Grassy Terrain\n|-heal|p1a: Groudon|82/100|[from] Grassy Terrain\n|-heal|p2b: Ogerpon|94/100|[from] Grassy Terrain\n|-heal|p2a: Rillaboom|74/100|[from] Grassy Terrain\n|upkeep\n|turn|3\n|inactive|Mona Aster has 30 seconds left.\n|inactive|Mona Aster has 20 seconds left.\n|inactive|Mona Aster has 15 seconds left.\n|\n|t:|1746019629\n|move|p2b: Ogerpon|Grassy Glide|p1a: Groudon\n|-supereffective|p1a: Groudon\n|-damage|p1a: Groudon|29/100\n|move|p2a: Rillaboom|Grassy Glide|p1a: Groudon\n|-supereffective|p1a: Groudon\n|-damage|p1a: Groudon|0 fnt\n|faint|p1a: Groudon\n|move|p1b: Flutter Mane|Icy Wind|p2b: Ogerpon|[spread] p2a,p2b\n|-supereffective|p2a: Rillaboom\n|-damage|p2a: Rillaboom|58/100\n|-damage|p2b: Ogerpon|83/100\n|-unboost|p2a: Rillaboom|spe|1\n|-unboost|p2b: Ogerpon|spe|1\n|\n|-weather|SunnyDay|[upkeep]\n|-heal|p1b: Flutter Mane|69/100|[from] Grassy Terrain\n|-heal|p2b: Ogerpon|89/100|[from] Grassy Terrain\n|-heal|p2a: Rillaboom|64/100|[from] Grassy Terrain\n|upkeep\n|\n|t:|1746019642\n|switch|p1a: Lunala|Lunala, L50|100/100\n|turn|4\n|inactive|Arnauz10 has 30 seconds left.\n|inactive|Arnauz10 has 20 seconds left.\n|inactive|Arnauz10 has 15 seconds left.\n|inactive|Arnauz10 has 10 seconds left.\n|\n|t:|1746019690\n|switch|p2a: Landorus|Landorus, L50, M|28/100\n|move|p1b: Flutter Mane|Protect|p1b: Flutter Mane\n|-singleturn|p1b: Flutter Mane|Protect\n|move|p2b: Ogerpon|Grassy Glide|p1a: Lunala\n|-crit|p1a: Lunala\n|-damage|p1a: Lunala|80/100\n|move|p1a: Lunala|Meteor Beam||[still]\n|-prepare|p1a: Lunala|Meteor Beam\n|-boost|p1a: Lunala|spa|1\n|-enditem|p1a: Lunala|Power Herb\n|-anim|p1a: Lunala|Meteor Beam|p2b: Ogerpon\n|-supereffective|p2b: Ogerpon\n|-damage|p2b: Ogerpon|0 fnt\n|faint|p2b: Ogerpon\n|\n|-weather|SunnyDay|[upkeep]\n|-heal|p1b: Flutter Mane|75/100|[from] Grassy Terrain\n|-heal|p1a: Lunala|86/100|[from] Grassy Terrain\n|upkeep\n|\n|t:|1746019702\n|switch|p2b: Calyrex|Calyrex-Shadow, L50|100/100\n|-ability|p2b: Calyrex|As One\n|-ability|p2b: Calyrex|Unnerve\n|turn|5\n|\n|t:|1746019724\n|-terastallize|p1a: Lunala|Water\n|move|p1b: Flutter Mane|Icy Wind|p2a: Landorus|[spread] p2a,p2b\n|-supereffective|p2a: Landorus\n|-damage|p2a: Landorus|0 fnt\n|-damage|p2b: Calyrex|88/100\n|-unboost|p2b: Calyrex|spe|1\n|faint|p2a: Landorus\n|move|p2b: Calyrex|Astral Barrage|p1b: Flutter Mane|[spread] p1a,p1b\n|-supereffective|p1b: Flutter Mane\n|-damage|p1a: Lunala|49/100\n|-damage|p1b: Flutter Mane|0 fnt\n|faint|p1b: Flutter Mane\n|-end|p1b: Flutter Mane|Protosynthesis|[silent]\n|-ability|p2b: Calyrex|Grim Neigh|boost\n|-boost|p2b: Calyrex|spa|1\n|move|p1a: Lunala|Moongeist Beam|p2b: Calyrex\n|-supereffective|p2b: Calyrex\n|-damage|p2b: Calyrex|0 fnt\n|faint|p2b: Calyrex\n|\n|-weather|none\n|-heal|p1a: Lunala|56/100|[from] Grassy Terrain\n|-fieldend|move: Grassy Terrain\n|upkeep\n|\n|t:|1746019744\n|switch|p2b: Rillaboom|Rillaboom, L50, M, shiny, tera:Grass|64/100\n|switch|p1b: Urshifu|Urshifu, L50, F|100/100\n|-fieldstart|move: Grassy Terrain|[from] ability: Grassy Surge|[of] p2b: Rillaboom\n|turn|6\n|\n|t:|1746019759\n|move|p2b: Rillaboom|Grassy Glide|p1a: Lunala\n|-supereffective|p1a: Lunala\n|-damage|p1a: Lunala|0 fnt\n|faint|p1a: Lunala\n|move|p1b: Urshifu|Poison Jab|p2b: Rillaboom\n|-supereffective|p2b: Rillaboom\n|-damage|p2b: Rillaboom|1/100\n|\n|-heal|p2b: Rillaboom|7/100|[from] Grassy Terrain\n|upkeep\n|turn|7\n|\n|t:|1746019771\n|move|p1b: Urshifu|Poison Jab|p2b: Rillaboom\n|-supereffective|p2b: Rillaboom\n|-damage|p2b: Rillaboom|0 fnt\n|faint|p2b: Rillaboom\n|\n|win|Mona Aster\n||Arnauz10 is ready for game 3.\n", "uploadtime": 1746019776, "views": 18, "formatid": "gen9vgc2025regibo3", "rating": null, "private": 0, "password": null}