{"id": "gen9vgc2025regibo3-2354715628", "format": "[Gen 9] VGC 2025 Reg I (Bo3)", "players": ["Urshi Dark", "ryoshino2"], "log": "|j|\u2606Urshi Dark\n|j|\u2606ryoshino2\n|html|<table width=\"100%\"><tr><td align=\"left\">Urshi Dark</td><td align=\"right\">ryoshino2</tr><tr><td align=\"left\"><i class=\"fa fa-circle\"></i> <i class=\"fa fa-circle-o\"></i> </td><td align=\"right\"><i class=\"fa fa-circle-o\"></i> <i class=\"fa fa-circle-o\"></i> </tr></table>\n|uhtml|bestof|<h2><strong>Game 2</strong> of <a href=\"/game-bestof3-gen9vgc2025regibo3-2354714312\">a best-of-3</a></h2>\n|t:|1746113383\n|gametype|doubles\n|player|p1|Urshi Dark|sailor|1327\n|player|p2|ryoshino2|266|1277\n|teamsize|p1|6\n|teamsize|p2|6\n|gen|9\n|tier|[Gen 9] VGC 2025 Reg I (Bo3)\n|rated|\n|rule|Species Clause: Limit one of each Pok\u00e9mon\n|rule|Item Clause: Limit 1 of each item\n|clearpoke\n|poke|p1|Dondozo, L50, F|\n|poke|p1|Tatsugiri, L50, F|\n|poke|p1|Miraidon, L50|\n|poke|p1|Urshifu-*, L50, M|\n|poke|p1|Calyrex-Ice, L50|\n|poke|p1|Farigiraf, L50, F|\n|poke|p2|Miraidon, L50|\n|poke|p2|Calyrex-Shadow, L50|\n|poke|p2|Volcarona, L50, M|\n|poke|p2|Grimmsnarl, L50, M|\n|poke|p2|Tornadus, L50, M|\n|poke|p2|Hitmontop, L50, M|\n|teampreview|4\n|showteam|p1|Dondozo||Leftovers|Unaware|OrderUp,Earthquake,WaveCrash,Protect|||F|||50|,,,,,Grass]Tatsugiri||AbilityShield|Commander|MuddyWater,DracoMeteor,HelpingHand,Protect|||F|||50|,,,,,Steel]Miraidon||ChoiceSpecs|HadronEngine|VoltSwitch,DracoMeteor,ElectroDrift,DazzlingGleam||||||50|,,,,,Fairy]Urshifu||FocusSash|UnseenFist|WickedBlow,SuckerPunch,Protect,CloseCombat|||M|||50|,,,,,Dark]Calyrex-Ice||ClearAmulet|AsOneGlastrier|GlacialLance,HighHorsepower,Protect,TrickRoom||||||50|,,,,,Fire]Farigiraf||ElectricSeed|ArmorTail|Psychic,HelpingHand,FoulPlay,TrickRoom|||F|||50|,,,,,Ground\n|showteam|p2|Miraidon||ChoiceSpecs|HadronEngine|ElectroDrift,VoltSwitch,DazzlingGleam,DracoMeteor||||||50|,,,,,Electric]Calyrex-Shadow||SpellTag|AsOneSpectrier|AstralBarrage,Psychic,NastyPlot,Protect||||||50|,,,,,Dark]Volcarona||RockyHelmet|FlameBody|Overheat,StruggleBug,RagePowder,Protect|||M|||50|,,,,,Dragon]Grimmsnarl||LightClay|Prankster|SpiritBreak,Reflect,LightScreen,ThunderWave|||M|||50|,,,,,Dark]Tornadus||CovertCloak|Prankster|BleakwindStorm,Tailwind,Taunt,Protect|||M|||50|,,,,,Ghost]Hitmontop||SitrusBerry|Intimidate|CloseCombat,SuckerPunch,WideGuard,FakeOut|||M|||50|,,,,,Ghost\n|inactive|Battle timer is ON: inactive players will automatically lose when time's up. (requested by ryoshino2)\n|\n|t:|1746113399\n|start\n|switch|p1a: Miraidon|Miraidon, L50|100/100\n|switch|p1b: Urshifu|Urshifu, L50, M|100/100\n|switch|p2a: Miraidon|Miraidon, L50|100/100\n|switch|p2b: Calyrex|Calyrex-Shadow, L50|100/100\n|-ability|p2b: Calyrex|As One\n|-ability|p2b: Calyrex|Unnerve\n|-fieldstart|move: Electric Terrain|[from] ability: Hadron Engine|[of] p2a: Miraidon\n|-activate|p1a: Miraidon|ability: Hadron Engine\n|turn|1\n|\n|t:|1746113416\n|switch|p2b: Volcarona|Volcarona, L50, M|100/100\n|-terastallize|p2a: Miraidon|Electric\n|move|p1b: Urshifu|Protect|p1b: Urshifu\n|-singleturn|p1b: Urshifu|Protect\n|move|p2a: Miraidon|Volt Switch|p1b: Urshifu\n|-activate|p1b: Urshifu|move: Protect\n|move|p1a: Miraidon|Draco Meteor|p2a: Miraidon|[miss]\n|-miss|p1a: Miraidon|p2a: Miraidon\n|\n|upkeep\n|turn|2\n|\n|t:|1746113431\n|move|p2b: Volcarona|Rage Powder|p2b: Volcarona\n|-singleturn|p2b: Volcarona|move: Rage Powder\n|move|p1a: Miraidon|Draco Meteor|p2b: Volcarona\n|-damage|p2b: Volcarona|0 fnt\n|-unboost|p1a: Miraidon|spa|2\n|faint|p2b: Volcarona\n|move|p2a: Miraidon|Volt Switch|p1b: Urshifu\n|-enditem|p1b: Urshifu|Focus Sash\n|-damage|p1b: Urshifu|1/100\n|\n|t:|1746113437\n|switch|p2a: Grimmsnarl|Grimmsnarl, L50, M|100/100|[from] Volt Switch\n|move|p1b: Urshifu|Wicked Blow|p2a: Grimmsnarl\n|-resisted|p2a: Grimmsnarl\n|-crit|p2a: Grimmsnarl\n|-damage|p2a: Grimmsnarl|84/100\n|\n|upkeep\n|\n|t:|1746113440\n|switch|p2b: Miraidon|Miraidon, L50, tera:Electric|100/100\n|-activate|p2b: Miraidon|ability: Hadron Engine\n|turn|3\n|\n|t:|1746113451\n|move|p1b: Urshifu|Protect|p1b: Urshifu\n|-singleturn|p1b: Urshifu|Protect\n|move|p2a: Grimmsnarl|Light Screen|p2a: Grimmsnarl\n|-sidestart|p2: ryoshino2|move: Light Screen\n|move|p1a: Miraidon|Draco Meteor|p2b: Miraidon\n|-damage|p2b: Miraidon|59/100\n|-unboost|p1a: Miraidon|spa|2\n|move|p2b: Miraidon|Volt Switch|p1a: Miraidon\n|-resisted|p1a: Miraidon\n|-damage|p1a: Miraidon|71/100\n|\n|t:|1746113453\n|switch|p2b: Calyrex|Calyrex-Shadow, L50|100/100|[from] Volt Switch\n|-ability|p2b: Calyrex|As One\n|-ability|p2b: Calyrex|Unnerve\n|\n|upkeep\n|turn|4\n|\n|t:|1746113468\n|switch|p1a: Dondozo|Dondozo, L50, F, shiny|100/100\n|switch|p1b: Tatsugiri|Tatsugiri, L50, F|100/100\n|-activate|p1b: Tatsugiri|ability: Commander|[of] p1a: Dondozo\n|-boost|p1a: Dondozo|atk|2\n|-boost|p1a: Dondozo|spa|2\n|-boost|p1a: Dondozo|spe|2\n|-boost|p1a: Dondozo|def|2\n|-boost|p1a: Dondozo|spd|2\n|move|p2b: Calyrex|Nasty Plot|p2b: Calyrex\n|-boost|p2b: Calyrex|spa|2\n|move|p2a: Grimmsnarl|Spirit Break|p1b: Tatsugiri|[miss]\n|-miss|p2a: Grimmsnarl|p1b: Tatsugiri\n|\n|upkeep\n|turn|5\n|\n|t:|1746113483\n|move|p2a: Grimmsnarl|Thunder Wave|p1a: Dondozo\n|-status|p1a: Dondozo|par\n|move|p2b: Calyrex|Psychic|p1a: Dondozo\n|-damage|p1a: Dondozo|76/100 par\n|move|p1a: Dondozo|Earthquake|p2b: Calyrex|[spread] p2a,p2b\n|-miss|p1a: Dondozo|p1b: Tatsugiri\n|-damage|p2a: Grimmsnarl|42/100\n|-damage|p2b: Calyrex|60/100\n|\n|-heal|p1a: Dondozo|83/100 par|[from] item: Leftovers\n|-fieldend|move: Electric Terrain\n|upkeep\n|turn|6\n|\n|t:|1746113496\n|move|p2a: Grimmsnarl|Reflect|p2a: Grimmsnarl\n|-sidestart|p2: ryoshino2|Reflect\n|move|p2b: Calyrex|Psychic|p1a: Dondozo\n|-crit|p1a: Dondozo\n|-damage|p1a: Dondozo|16/100 par\n|cant|p1a: Dondozo|par\n|\n|-heal|p1a: Dondozo|22/100 par|[from] item: Leftovers\n|upkeep\n|turn|7\n|\n|t:|1746113510\n|move|p2b: Calyrex|Psychic|p1a: Dondozo\n|-damage|p1a: Dondozo|0 fnt\n|faint|p1a: Dondozo\n|-ability|p2b: Calyrex|Grim Neigh|boost\n|-boost|p2b: Calyrex|spa|1\n|move|p2a: Grimmsnarl|Spirit Break|p1b: Tatsugiri\n|-supereffective|p1b: Tatsugiri\n|-damage|p1b: Tatsugiri|0 fnt\n|faint|p1b: Tatsugiri\n|\n|upkeep\n|\n|t:|1746113520\n|switch|p1b: Miraidon|Miraidon, L50|71/100\n|switch|p1a: Urshifu|Urshifu, L50, M|1/100\n|-fieldstart|move: Electric Terrain|[from] ability: Hadron Engine|[of] p1b: Miraidon\n|turn|8\n|\n|t:|1746113532\n|move|p2b: Calyrex|Protect|p2b: Calyrex\n|-singleturn|p2b: Calyrex|Protect\n|move|p1a: Urshifu|Sucker Punch||[still]\n|-fail|p1a: Urshifu\n|move|p1b: Miraidon|Electro Drift|p2a: Grimmsnarl\n|-damage|p2a: Grimmsnarl|0 fnt\n|faint|p2a: Grimmsnarl\n|\n|upkeep\n|\n|t:|1746113539\n|switch|p2a: Miraidon|Miraidon, L50, tera:Electric|59/100\n|-activate|p2a: Miraidon|ability: Hadron Engine\n|turn|9\n|\n|t:|1746113555\n|move|p1a: Urshifu|Protect|p1a: Urshifu\n|-singleturn|p1a: Urshifu|Protect\n|move|p2b: Calyrex|Nasty Plot|p2b: Calyrex\n|-boost|p2b: Calyrex|spa|2\n|move|p2a: Miraidon|Dazzling Gleam|p1a: Urshifu|[spread] p1b\n|-activate|p1a: Urshifu|move: Protect\n|-supereffective|p1b: Miraidon\n|-damage|p1b: Miraidon|0 fnt\n|faint|p1b: Miraidon\n|\n|upkeep\n|turn|10\n|-message|Urshi Dark forfeited.\n|\n|win|ryoshino2\n||Urshi Dark is ready for game 3.\n||ryoshino2 is ready for game 3.\n|uhtml|next|Next: <a href=\"/battle-gen9vgc2025regibo3-2354717706\"><strong>Game 3 of 3</strong></a>\n|l|\u2606ryoshino2\n|player|p2|\n|l|\u2606Urshi Dark\n|player|p1|\n", "uploadtime": 1746113909, "views": 5, "formatid": "gen9vgc2025regibo3", "rating": null, "private": 0, "password": null}