{"id": "gen9vgc2025regibo3-2353676803", "format": "[Gen 9] VGC 2025 Reg I (Bo3)", "players": ["TheGamingMammoth", "playest003"], "log": "|j|\u2606TheGamingMammoth\n|j|\u2606playest003\n|html|<table width=\"100%\"><tr><td align=\"left\">TheGamingMammoth</td><td align=\"right\">playest003</tr><tr><td align=\"left\"><i class=\"fa fa-circle-o\"></i> <i class=\"fa fa-circle-o\"></i> </td><td align=\"right\"><i class=\"fa fa-circle-o\"></i> <i class=\"fa fa-circle-o\"></i> </tr></table>\n|uhtml|bestof|<h2><strong>Game 1</strong> of <a href=\"/game-bestof3-gen9vgc2025regibo3-2353676802\">a best-of-3</a></h2>\n|t:|1745982298\n|gametype|doubles\n|player|p1|TheGamingMammoth|101|1268\n|player|p2|playest003|infielder|1229\n|teamsize|p1|6\n|teamsize|p2|6\n|gen|9\n|tier|[Gen 9] VGC 2025 Reg I (Bo3)\n|rated|\n|rule|Species Clause: Limit one of each Pok\u00e9mon\n|rule|Item Clause: Limit 1 of each item\n|clearpoke\n|poke|p1|Calyrex-Shadow, L50|\n|poke|p1|Terapagos, L50, M|\n|poke|p1|Incineroar, L50, M|\n|poke|p1|Rillaboom, L50, F|\n|poke|p1|Ogerpon-Cornerstone, L50, F|\n|poke|p1|Ditto, L50|\n|poke|p2|Calyrex-Ice, L50|\n|poke|p2|Indeedee-F, L50, F|\n|poke|p2|Smeargle, L50, M|\n|poke|p2|Miraidon, L50|\n|poke|p2|Urshifu-*, L50, F|\n|poke|p2|Torkoal, L50, F|\n|teampreview|4\n|showteam|p1|Calyrex-Shadow||FocusSash|AsOneSpectrier|AstralBarrage,Psychic,Encore,Protect||||||50|,,,,,Ghost]Terapagos||Leftovers|TeraShift|TeraStarstorm,EarthPower,CalmMind,Protect|||M|||50|,,,,,Stellar]Incineroar||RockyHelmet|Intimidate|FakeOut,WillOWisp,KnockOff,PartingShot|||M|||50|,,,,,Ghost]Rillaboom||AssaultVest|GrassySurge|FakeOut,DrumBeating,GrassyGlide,Uturn|||F|||50|,,,,,Normal]Ogerpon-Cornerstone||CornerstoneMask|Sturdy|IvyCudgel,PowerWhip,FollowMe,SpikyShield|||F|||50|,,,,,Rock]Ditto||SafetyGoggles|Imposter|Transform||||||50|,,,,,Normal\n|showteam|p2|Calyrex-Ice||ClearAmulet|AsOneGlastrier|Protect,TrickRoom,CloseCombat,GlacialLance||||||50|,,,,,Fire]Indeedee-F||RockyHelmet|PsychicSurge|FollowMe,TrickRoom,ShadowBall,HelpingHand|||F|||50|,,,,,Fairy]Smeargle||FocusSash|Technician|FollowMe,FakeOut,Spore,Decorate|||M|||50|,,,,,Grass]Miraidon||LifeOrb|HadronEngine|Protect,ElectroDrift,DracoMeteor,DazzlingGleam||||||50|,,,,,Stellar]Urshifu||ChoiceBand|UnseenFist|WickedBlow,CloseCombat,SuckerPunch,IronHead|||F|||50|,,,,,Grass]Torkoal||ChoiceSpecs|Drought|Eruption,HeatWave,EarthPower,WeatherBall|||F|||50|,,,,,Fire\n|inactive|Battle timer is ON: inactive players will automatically lose when time's up. (requested by playest003)\n|\n|t:|1745982327\n|start\n|switch|p1a: KwiviKwivi Tortili|Terapagos, L50, M|100/100\n|switch|p1b: Tung Tung Sahur|Calyrex-Shadow, L50|100/100\n|switch|p2a: Calyrex|Calyrex-Ice, L50|100/100\n|switch|p2b: Indeedee|Indeedee-F, L50, F|100/100\n|-activate|p1a: KwiviKwivi Tortili|ability: Tera Shift\n|detailschange|p1a: KwiviKwivi Tortili|Terapagos-Terastal, L50, M\n|-heal|p1a: KwiviKwivi Tortili|100/100|[silent]\n|-ability|p1b: Tung Tung Sahur|As One\n|-ability|p1b: Tung Tung Sahur|Unnerve\n|-ability|p2a: Calyrex|As One\n|-ability|p2a: Calyrex|Unnerve\n|-fieldstart|move: Psychic Terrain|[from] ability: Psychic Surge|[of] p2b: Indeedee\n|turn|1\n|inactive|playest003 has 30 seconds left.\n|inactive|playest003 has 20 seconds left.\n|inactive|playest003 has 15 seconds left.\n|\n|t:|1745982369\n|move|p2a: Calyrex|Protect|p2a: Calyrex\n|-singleturn|p2a: Calyrex|Protect\n|move|p1b: Tung Tung Sahur|Astral Barrage|p2b: Indeedee|[spread] \n|-activate|p2a: Calyrex|move: Protect\n|-immune|p2b: Indeedee\n|move|p1a: KwiviKwivi Tortili|Calm Mind|p1a: KwiviKwivi Tortili\n|-boost|p1a: KwiviKwivi Tortili|spa|1\n|-boost|p1a: KwiviKwivi Tortili|spd|1\n|move|p2b: Indeedee|Trick Room|p2b: Indeedee\n|-fieldstart|move: Trick Room|[of] p2b: Indeedee\n|\n|upkeep\n|turn|2\n|\n|t:|1745982392\n|move|p2a: Calyrex|Glacial Lance|p1b: Tung Tung Sahur|[spread] p1a,p1b\n|-activate|p1a: KwiviKwivi Tortili|ability: Tera Shell\n|-resisted|p1a: KwiviKwivi Tortili\n|-damage|p1a: KwiviKwivi Tortili|81/100\n|-damage|p1b: Tung Tung Sahur|33/100\n|move|p2b: Indeedee|Shadow Ball|p1b: Tung Tung Sahur\n|-supereffective|p1b: Tung Tung Sahur\n|-damage|p1b: Tung Tung Sahur|0 fnt\n|faint|p1b: Tung Tung Sahur\n|move|p1a: KwiviKwivi Tortili|Tera Starstorm|p2a: Calyrex\n|-damage|p2a: Calyrex|54/100\n|\n|-heal|p1a: KwiviKwivi Tortili|87/100|[from] item: Leftovers\n|upkeep\n|\n|t:|1745982416\n|switch|p1b: Ogerpon|Ogerpon-Cornerstone, L50, F|100/100\n|turn|3\n|\n|t:|1745982433\n|-terastallize|p1b: Ogerpon|Rock\n|detailschange|p1b: Ogerpon|Ogerpon-Cornerstone-Tera, L50, F, tera:Rock\n|-ability|p1b: Ogerpon|Embody Aspect (Cornerstone)|boost\n|-boost|p1b: Ogerpon|def|1\n|move|p1a: KwiviKwivi Tortili|Protect|p1a: KwiviKwivi Tortili\n|-singleturn|p1a: KwiviKwivi Tortili|Protect\n|move|p2b: Indeedee|Follow Me|p2b: Indeedee\n|-singleturn|p2b: Indeedee|move: Follow Me\n|move|p2a: Calyrex|Glacial Lance|p1a: KwiviKwivi Tortili|[spread] p1b\n|-activate|p1a: KwiviKwivi Tortili|move: Protect\n|-damage|p1b: Ogerpon|49/100\n|move|p1b: Ogerpon|Ivy Cudgel|p2b: Indeedee|[anim] Ivy Cudgel Rock\n|-damage|p2b: Indeedee|19/100\n|\n|-heal|p1a: KwiviKwivi Tortili|94/100|[from] item: Leftovers\n|upkeep\n|turn|4\n|inactive|TheGamingMammoth has 30 seconds left.\n|inactive|playest003 has 30 seconds left.\n|\n|t:|1745982468\n|move|p2b: Indeedee|Helping Hand|p2a: Calyrex\n|-singleturn|p2a: Calyrex|Helping Hand|[of] p2b: Indeedee\n|move|p2a: Calyrex|Glacial Lance|p1b: Ogerpon|[spread] p1a,p1b\n|-damage|p1a: KwiviKwivi Tortili|35/100\n|-damage|p1b: Ogerpon|0 fnt\n|faint|p1b: Ogerpon\n|-ability|p2a: Calyrex|Chilling Neigh|boost\n|-boost|p2a: Calyrex|atk|1\n|move|p1a: KwiviKwivi Tortili|Tera Starstorm|p2a: Calyrex\n|-damage|p2a: Calyrex|1/100\n|\n|-heal|p1a: KwiviKwivi Tortili|42/100|[from] item: Leftovers\n|upkeep\n|\n|t:|1745982473\n|switch|p1b: TrulimeroTrulicina|Incineroar, L50, M|100/100\n|-ability|p1b: TrulimeroTrulicina|Intimidate|boost\n|-fail|p2a: Calyrex|unboost|[from] item: Clear Amulet|[of] p2a: Calyrex\n|-unboost|p2b: Indeedee|atk|1\n|turn|5\n|inactive|playest003 has 30 seconds left.\n|\n|t:|1745982506\n|move|p2a: Calyrex|Glacial Lance|p1a: KwiviKwivi Tortili|[spread] p1a,p1b\n|-resisted|p1b: TrulimeroTrulicina\n|-damage|p1a: KwiviKwivi Tortili|0 fnt\n|-damage|p1b: TrulimeroTrulicina|69/100\n|faint|p1a: KwiviKwivi Tortili\n|-ability|p2a: Calyrex|Chilling Neigh|boost\n|-boost|p2a: Calyrex|atk|1\n|move|p1b: TrulimeroTrulicina|Knock Off|p2a: Calyrex\n|-supereffective|p2a: Calyrex\n|-damage|p2a: Calyrex|0 fnt\n|-enditem|p2a: Calyrex|Clear Amulet|[from] move: Knock Off|[of] p1b: TrulimeroTrulicina\n|faint|p2a: Calyrex\n|move|p2b: Indeedee|Shadow Ball|p1b: TrulimeroTrulicina\n|-resisted|p1b: TrulimeroTrulicina\n|-damage|p1b: TrulimeroTrulicina|61/100\n|\n|-fieldend|move: Trick Room\n|-fieldend|move: Psychic Terrain\n|upkeep\n|-message|TheGamingMammoth forfeited.\n|\n|win|playest003\n||TheGamingMammoth is ready for game 2.\n||playest003 is ready for game 2.\n|uhtml|next|Next: <a href=\"/battle-gen9vgc2025regibo3-2353678469\"><strong>Game 2 of 3</strong></a>\n", "uploadtime": 1745982734, "views": 23, "formatid": "gen9vgc2025regibo3", "rating": null, "private": 0, "password": null}