{"id": "gen9vgc2025regibo3-2353695376", "format": "[Gen 9] VGC 2025 Reg I (Bo3)", "players": ["BtheMan", "Jebei"], "log": "|j|\u2606BtheMan\n|j|\u2606Jebei\n|html|<table width=\"100%\"><tr><td align=\"left\">BtheMan</td><td align=\"right\">Jebei</tr><tr><td align=\"left\"><i class=\"fa fa-circle-o\"></i> <i class=\"fa fa-circle-o\"></i> </td><td align=\"right\"><i class=\"fa fa-circle-o\"></i> <i class=\"fa fa-circle-o\"></i> </tr></table>\n|uhtml|bestof|<h2><strong>Game 1</strong> of <a href=\"/game-bestof3-gen9vgc2025regibo3-2353695375\">a best-of-3</a></h2>\n|t:|1745984745\n|gametype|doubles\n|player|p1|BtheMan|fisherman|1107\n|player|p2|Jebei|170|1041\n|teamsize|p1|6\n|teamsize|p2|6\n|gen|9\n|tier|[Gen 9] VGC 2025 Reg I (Bo3)\n|rated|\n|rule|Species Clause: Limit one of each Pok\u00e9mon\n|rule|Item Clause: Limit 1 of each item\n|clearpoke\n|poke|p1|Whimsicott, L50, M|\n|poke|p1|Miraidon, L50|\n|poke|p1|Lunala, L50|\n|poke|p1|Iron Hands, L50|\n|poke|p1|Chi-Yu, L50|\n|poke|p1|Urshifu-*, L50, F|\n|poke|p2|Lunala, L50|\n|poke|p2|Tornadus, L50, M|\n|poke|p2|Koraidon, L50|\n|poke|p2|Rillaboom, L50, F|\n|poke|p2|Ogerpon-Cornerstone, L50, F|\n|poke|p2|Incineroar, L50, F|\n|teampreview|4\n|showteam|p1|Whimsicott||CovertCloak|Prankster|Moonblast,Tailwind,Encore,LightScreen|||M|||50|,,,,,Dark]Miraidon||ChoiceSpecs|HadronEngine|ElectroDrift,VoltSwitch,DracoMeteor,DazzlingGleam||||||50|,,,,,Fairy]Lunala||ElectricSeed|ShadowShield|MoongeistBeam,Psyshock,TrickRoom,WideGuard||||||50|,,,,,Water]Iron Hands||AssaultVest|QuarkDrive|DrainPunch,LowKick,HeavySlam,FakeOut||||||50|,,,,,Water]Chi-Yu||ChoiceScarf|BeadsofRuin|HeatWave,DarkPulse,Overheat,Snarl||||||50|,,,,,Ghost]Urshifu-Rapid-Strike||FocusSash|UnseenFist|SurgingStrikes,CloseCombat,AquaJet,Protect|||F|||50|,,,,,Stellar\n|showteam|p2|Lunala||Leftovers|ShadowShield|CalmMind,MoongeistBeam,HeatWave,Protect||||||50|,,,,,Fire]Tornadus||CovertCloak|Prankster|Tailwind,Taunt,BleakwindStorm,SunnyDay|||M|||50|,,,,,Dark]Koraidon||LifeOrb|OrichalcumPulse|FlameCharge,CloseCombat,FlareBlitz,Protect||||||50|,,,,,Fire]Rillaboom||AssaultVest|GrassySurge|FakeOut,HighHorsepower,GrassyGlide,Uturn|||F|||50|,,,,,Fire]Ogerpon-Cornerstone||CornerstoneMask|Sturdy|FollowMe,SpikyShield,IvyCudgel,SwordsDance|||F|||50|,,,,,Rock]Incineroar||SafetyGoggles|Intimidate|FakeOut,KnockOff,FlareBlitz,PartingShot|||F|||50|,,,,,Grass\n|inactive|Battle timer is ON: inactive players will automatically lose when time's up. (requested by BtheMan)\n|\n|t:|1745984769\n|start\n|switch|p1a: Whimsicott|Whimsicott, L50, M|100/100\n|switch|p1b: Chi-Yu|Chi-Yu, L50|100/100\n|switch|p2a: Rillaboom|Rillaboom, L50, F|100/100\n|switch|p2b: Tornadus|Tornadus, L50, M|100/100\n|-ability|p1b: Chi-Yu|Beads of Ruin\n|-fieldstart|move: Grassy Terrain|[from] ability: Grassy Surge|[of] p2a: Rillaboom\n|turn|1\n|inactive|Jebei has 30 seconds left.\n|inactive|Jebei has 20 seconds left.\n|inactive|Jebei has 15 seconds left.\n|inactive|Jebei has 10 seconds left.\n|inactive|Jebei has 5 seconds left.\n|\n|t:|1745984819\n|-terastallize|p1b: Chi-Yu|Ghost\n|-terastallize|p2a: Rillaboom|Fire\n|move|p2a: Rillaboom|Fake Out|p1a: Whimsicott\n|-damage|p1a: Whimsicott|86/100\n|move|p1a: Whimsicott|Tailwind|p1a: Whimsicott\n|-sidestart|p1: BtheMan|move: Tailwind\n|move|p1b: Chi-Yu|Heat Wave|p2a: Rillaboom|[spread] p2a,p2b\n|-resisted|p2a: Rillaboom\n|-damage|p2a: Rillaboom|79/100\n|-damage|p2b: Tornadus|30/100\n|move|p2b: Tornadus|Bleakwind Storm|p1a: Whimsicott|[spread] p1b\n|-miss|p2b: Tornadus|p1a: Whimsicott\n|-damage|p1b: Chi-Yu|52/100\n|\n|-heal|p1b: Chi-Yu|58/100|[from] Grassy Terrain\n|-heal|p1a: Whimsicott|92/100|[from] Grassy Terrain\n|-heal|p2a: Rillaboom|85/100|[from] Grassy Terrain\n|upkeep\n|turn|2\n|inactive|Jebei has 30 seconds left.\n|\n|t:|1745984846\n|move|p1a: Whimsicott|Encore|p2a: Rillaboom\n|-start|p2a: Rillaboom|Encore\n|move|p2a: Rillaboom|Fake Out||[still]\n|-hint|Fake Out only works on your first turn out.\n|-fail|p2a: Rillaboom\n|move|p1b: Chi-Yu|Heat Wave|p2b: Tornadus|[spread] p2a,p2b\n|-resisted|p2a: Rillaboom\n|-damage|p2a: Rillaboom|64/100\n|-damage|p2b: Tornadus|0 fnt\n|faint|p2b: Tornadus\n|\n|-heal|p1b: Chi-Yu|64/100|[from] Grassy Terrain\n|-heal|p1a: Whimsicott|98/100|[from] Grassy Terrain\n|-heal|p2a: Rillaboom|70/100|[from] Grassy Terrain\n|upkeep\n|\n|t:|1745984856\n|switch|p2b: Koraidon|Koraidon, L50|100/100\n|-weather|SunnyDay|[from] ability: Orichalcum Pulse|[of] p2b: Koraidon\n|-activate|p2b: Koraidon|Orichalcum Pulse|[source]\n|turn|3\n|\n|t:|1745984865\n|switch|p2a: Lunala|Lunala, L50|100/100\n|move|p2b: Koraidon|Protect|p2b: Koraidon\n|-singleturn|p2b: Koraidon|Protect\n|move|p1b: Chi-Yu|Heat Wave|p2a: Lunala|[spread] p2a\n|-activate|p2b: Koraidon|move: Protect\n|-damage|p2a: Lunala|71/100\n|move|p1a: Whimsicott|Moonblast|p2b: Koraidon\n|-activate|p2b: Koraidon|move: Protect\n|\n|-weather|SunnyDay|[upkeep]\n|-heal|p1b: Chi-Yu|70/100|[from] Grassy Terrain\n|-heal|p1a: Whimsicott|100/100|[from] Grassy Terrain\n|-heal|p2a: Lunala|77/100|[from] Grassy Terrain\n|-heal|p2a: Lunala|83/100|[from] item: Leftovers\n|upkeep\n|turn|4\n|\n|t:|1745984887\n|switch|p2b: Rillaboom|Rillaboom, L50, F, tera:Fire|70/100\n|move|p1a: Whimsicott|Encore||[still]\n|-fail|p1a: Whimsicott\n|move|p1b: Chi-Yu|Heat Wave|p2a: Lunala|[spread] p2a,p2b\n|-resisted|p2b: Rillaboom\n|-damage|p2a: Lunala|30/100\n|-damage|p2b: Rillaboom|40/100\n|move|p2a: Lunala|Heat Wave|p1a: Whimsicott|[spread] p1a,p1b\n|-supereffective|p1a: Whimsicott\n|-damage|p1a: Whimsicott|0 fnt\n|-damage|p1b: Chi-Yu|22/100\n|faint|p1a: Whimsicott\n|\n|-weather|SunnyDay|[upkeep]\n|-heal|p1b: Chi-Yu|28/100|[from] Grassy Terrain\n|-heal|p2b: Rillaboom|46/100|[from] Grassy Terrain\n|-heal|p2a: Lunala|36/100|[from] Grassy Terrain\n|-heal|p2a: Lunala|42/100|[from] item: Leftovers\n|-sideend|p1: BtheMan|move: Tailwind\n|upkeep\n|inactive|BtheMan has 30 seconds left.\n|\n|t:|1745984913\n|switch|p1a: Miraidon|Miraidon, L50|100/100\n|-fieldstart|move: Electric Terrain|[from] ability: Hadron Engine|[of] p1a: Miraidon\n|turn|5\n|\n|t:|1745984932\n|move|p2a: Lunala|Protect|p2a: Lunala\n|-singleturn|p2a: Lunala|Protect\n|move|p1b: Chi-Yu|Heat Wave|p2a: Lunala|[spread] p2b\n|-activate|p2a: Lunala|move: Protect\n|-resisted|p2b: Rillaboom\n|-damage|p2b: Rillaboom|18/100\n|move|p1a: Miraidon|Dazzling Gleam|p2a: Lunala|[spread] p2b\n|-activate|p2a: Lunala|move: Protect\n|-resisted|p2b: Rillaboom\n|-damage|p2b: Rillaboom|0 fnt\n|faint|p2b: Rillaboom\n|\n|-weather|SunnyDay|[upkeep]\n|-heal|p2a: Lunala|48/100|[from] item: Leftovers\n|upkeep\n|\n|t:|1745984944\n|switch|p2b: Koraidon|Koraidon, L50|100/100\n|-activate|p2b: Koraidon|ability: Orichalcum Pulse\n|turn|6\n|\n|t:|1745984961\n|move|p2b: Koraidon|Protect|p2b: Koraidon\n|-singleturn|p2b: Koraidon|Protect\n|move|p1b: Chi-Yu|Heat Wave|p2a: Lunala|[spread] \n|-activate|p2b: Koraidon|move: Protect\n|-miss|p1b: Chi-Yu|p2a: Lunala\n|move|p1a: Miraidon|Dazzling Gleam|p2a: Lunala|[spread] p2a\n|-activate|p2b: Koraidon|move: Protect\n|-damage|p2a: Lunala|8/100\n|move|p2a: Lunala|Heat Wave|p1a: Miraidon|[spread] p1a,p1b\n|-resisted|p1a: Miraidon\n|-damage|p1a: Miraidon|76/100\n|-damage|p1b: Chi-Yu|0 fnt\n|-status|p1a: Miraidon|brn\n|faint|p1b: Chi-Yu\n|\n|-weather|SunnyDay|[upkeep]\n|-heal|p2a: Lunala|14/100|[from] item: Leftovers\n|-damage|p1a: Miraidon|70/100 brn|[from] brn\n|upkeep\n|\n|t:|1745984979\n|switch|p1b: Lunala|Lunala, L50|100/100\n|-enditem|p1b: Lunala|Electric Seed\n|-boost|p1b: Lunala|def|1|[from] item: Electric Seed\n|turn|7\n|\n|t:|1745984997\n|move|p2b: Koraidon|Close Combat|p1a: Miraidon\n|-damage|p1a: Miraidon|0 fnt\n|-unboost|p2b: Koraidon|def|1\n|-unboost|p2b: Koraidon|spd|1\n|faint|p1a: Miraidon\n|-damage|p2b: Koraidon|91/100|[from] item: Life Orb\n|move|p1b: Lunala|Moongeist Beam|p2a: Lunala\n|-supereffective|p2a: Lunala\n|-damage|p2a: Lunala|0 fnt\n|faint|p2a: Lunala\n|\n|-weather|none\n|upkeep\n|turn|8\n|\n|t:|1745985016\n|move|p2b: Koraidon|Flare Blitz|p1b: Lunala\n|-damage|p1b: Lunala|85/100\n|-damage|p2b: Koraidon|83/100|[from] Recoil\n|-damage|p2b: Koraidon|74/100|[from] item: Life Orb\n|move|p1b: Lunala|Psyshock|p2b: Koraidon\n|-supereffective|p2b: Koraidon\n|-damage|p2b: Koraidon|0 fnt\n|faint|p2b: Koraidon\n|\n|win|BtheMan\n||Jebei is ready for game 2.\n|l|\u2606Jebei\n|player|p2|\n||BtheMan is ready for game 2.\n|uhtml|next|Next: <a href=\"/battle-gen9vgc2025regibo3-2353697380\"><strong>Game 2 of 3</strong></a>\n", "uploadtime": 1745985637, "views": 8, "formatid": "gen9vgc2025regibo3", "rating": null, "private": 0, "password": null}