{"id": "gen9vgc2025regibo3-2353764896", "format": "[Gen 9] VGC 2025 Reg I (Bo3)", "players": ["Adrinhoo", "bertcamem"], "log": "|j|\u2606Adrinhoo\n|j|\u2606bertcamem\n|html|<table width=\"100%\"><tr><td align=\"left\">Adrinhoo</td><td align=\"right\">bertcamem</tr><tr><td align=\"left\"><i class=\"fa fa-circle\"></i> <i class=\"fa fa-circle-o\"></i> </td><td align=\"right\"><i class=\"fa fa-circle-o\"></i> <i class=\"fa fa-circle-o\"></i> </tr></table>\n|uhtml|bestof|<h2><strong>Game 2</strong> of <a href=\"/game-bestof3-gen9vgc2025regibo3-2353763722\">a best-of-3</a></h2>\n|t:|1745996126\n|gametype|doubles\n|player|p1|Adrinhoo|pokekid|1208\n|player|p2|bertcamem|169|1293\n|teamsize|p1|6\n|teamsize|p2|6\n|gen|9\n|tier|[Gen 9] VGC 2025 Reg I (Bo3)\n|rated|\n|rule|Species Clause: Limit one of each Pok\u00e9mon\n|rule|Item Clause: Limit 1 of each item\n|clearpoke\n|poke|p1|Zacian-*, L50|\n|poke|p1|Lunala, L50|\n|poke|p1|Urshifu-*, L50, M|\n|poke|p1|Rillaboom, L50, F|\n|poke|p1|Regidrago, L50|\n|poke|p1|Whimsicott, L50, F|\n|poke|p2|Koraidon, L50|\n|poke|p2|Ho-Oh, L50|\n|poke|p2|Gurdurr, L50, M|\n|poke|p2|Flutter Mane, L50|\n|poke|p2|Rillaboom, L50, F|\n|poke|p2|Raging Bolt, L50|\n|teampreview|4\n|showteam|p1|Zacian-Crowned||RustedSword|IntrepidSword|behemothblade,PlayRough,SacredSword,Protect||||||50|,,,,,Fire]Lunala||PowerHerb|ShadowShield|MeteorBeam,MoongeistBeam,TrickRoom,WideGuard||||||50|,,,,,Water]Urshifu-Rapid-Strike||ChoiceScarf|UnseenFist|SurgingStrikes,CloseCombat,Coaching,Uturn|||M|||50|,,,,,Ghost]Rillaboom||AssaultVest|GrassySurge|FakeOut,GrassyGlide,WoodHammer,Uturn|||F|||50|,,,,,Fire]Regidrago||ChoiceSpecs|DragonsMaw|DragonEnergy,DracoMeteor,TeraBlast,EarthPower||||||50|,,,,,Ghost]Whimsicott||CovertCloak|Prankster|Moonblast,Tailwind,LightScreen,Encore|||F|||50|,,,,,Dark\n|showteam|p2|Koraidon||LifeOrb|OrichalcumPulse|FlareBlitz,CloseCombat,Protect,Uturn||||||50|,,,,,Fire]Ho-Oh||ClearAmulet|Regenerator|SacredFire,BraveBird,Protect,Tailwind||||||50|,,,,,Grass]Gurdurr||Eviolite|IronFist|DrainPunch,Coaching,WideGuard,HelpingHand|||M|||50|,,,,,Water]Flutter Mane||FocusSash|Protosynthesis|Moonblast,ShadowBall,Taunt,IcyWind||||||50|,,,,,Normal]Rillaboom||AssaultVest|GrassySurge|FakeOut,GrassyGlide,HighHorsepower,Uturn|||F|||50|,,,,,Fire]Raging Bolt||BoosterEnergy|Protosynthesis|Protect,Thunderclap,Thunderbolt,DracoMeteor||||||50|,,,,,Fairy\n|inactive|Battle timer is ON: inactive players will automatically lose when time's up. (requested by bertcamem)\n|inactive|Adrinhoo also wants the timer to be on.\n|inactive|Adrinhoo has 60 seconds left.\n|\n|t:|1745996169\n|start\n|switch|p1a: Zacian|Zacian-Crowned, L50|100/100\n|switch|p1b: Lunala|Lunala, L50|100/100\n|switch|p2a: Sun|Koraidon, L50|100/100\n|switch|p2b: Magician|Flutter Mane, L50|100/100\n|-ability|p1a: Zacian|Intrepid Sword|boost\n|-boost|p1a: Zacian|atk|1\n|-weather|SunnyDay|[from] ability: Orichalcum Pulse|[of] p2a: Sun\n|-activate|p2b: Magician|ability: Protosynthesis\n|-start|p2b: Magician|protosynthesisspe\n|-activate|p2a: Sun|Orichalcum Pulse|[source]\n|turn|1\n|inactive|bertcamem has 30 seconds left.\n|inactive|Adrinhoo has 30 seconds left.\n|inactive|bertcamem has 20 seconds left.\n|\n|t:|1745996205\n|move|p2a: Sun|Protect|p2a: Sun\n|-singleturn|p2a: Sun|Protect\n|move|p2b: Magician|Taunt|p1b: Lunala\n|-start|p1b: Lunala|move: Taunt\n|move|p1a: Zacian|Play Rough|p2a: Sun\n|-activate|p2a: Sun|move: Protect\n|cant|p1b: Lunala|move: Taunt|Trick Room\n|\n|-weather|SunnyDay|[upkeep]\n|upkeep\n|turn|2\n|\n|t:|1745996218\n|-terastallize|p2a: Sun|Fire\n|-terastallize|p1b: Lunala|Water\n|move|p1a: Zacian|Protect|p1a: Zacian\n|-singleturn|p1a: Zacian|Protect\n|move|p2b: Magician|Shadow Ball|p1b: Lunala\n|-damage|p1b: Lunala|86/100\n|move|p2a: Sun|Close Combat|p1a: Zacian\n|-activate|p1a: Zacian|move: Protect\n|move|p1b: Lunala|Meteor Beam||[still]\n|-prepare|p1b: Lunala|Meteor Beam\n|-boost|p1b: Lunala|spa|1\n|-enditem|p1b: Lunala|Power Herb\n|-anim|p1b: Lunala|Meteor Beam|p2a: Sun|[miss]\n|-miss|p1b: Lunala|p2a: Sun\n|\n|-weather|SunnyDay|[upkeep]\n|upkeep\n|turn|3\n|\n|t:|1745996236\n|switch|p1a: Whimsicott|Whimsicott, L50, F|100/100\n|move|p2b: Magician|Shadow Ball|p1b: Lunala\n|-damage|p1b: Lunala|54/100\n|move|p2a: Sun|Flare Blitz|p1a: Whimsicott\n|-supereffective|p1a: Whimsicott\n|-damage|p1a: Whimsicott|0 fnt\n|faint|p1a: Whimsicott\n|-damage|p2a: Sun|69/100|[from] Recoil\n|-damage|p2a: Sun|60/100|[from] item: Life Orb\n|move|p1b: Lunala|Moongeist Beam|p2a: Sun\n|-damage|p2a: Sun|0 fnt\n|faint|p2a: Sun\n|\n|-weather|SunnyDay|[upkeep]\n|-end|p1b: Lunala|move: Taunt\n|upkeep\n|\n|t:|1745996245\n|switch|p2a: Emperor|Ho-Oh, L50|100/100\n|switch|p1a: Zacian|Zacian-Crowned, L50|100/100\n|turn|4\n|\n|t:|1745996258\n|move|p1a: Zacian|Protect|p1a: Zacian\n|-singleturn|p1a: Zacian|Protect\n|move|p2b: Magician|Taunt|p1b: Lunala\n|-start|p1b: Lunala|move: Taunt\n|move|p1b: Lunala|Moongeist Beam|p2a: Emperor\n|-damage|p2a: Emperor|48/100\n|move|p2a: Emperor|Tailwind|p2a: Emperor\n|-sidestart|p2: bertcamem|move: Tailwind\n|\n|-weather|SunnyDay|[upkeep]\n|upkeep\n|turn|5\n|\n|t:|1745996278\n|switch|p1a: Regidrago|Regidrago, L50|100/100\n|move|p2a: Emperor|Protect|p2a: Emperor\n|-singleturn|p2a: Emperor|Protect\n|move|p2b: Magician|Moonblast|p1b: Lunala\n|-damage|p1b: Lunala|18/100\n|move|p1b: Lunala|Moongeist Beam|p2a: Emperor\n|-activate|p2a: Emperor|move: Protect\n|\n|-weather|none\n|-end|p2b: Magician|Protosynthesis\n|upkeep\n|turn|6\n|\n|t:|1745996290\n|move|p2b: Magician|Moonblast|p1a: Regidrago\n|-supereffective|p1a: Regidrago\n|-damage|p1a: Regidrago|0 fnt\n|faint|p1a: Regidrago\n|move|p2a: Emperor|Brave Bird|p1b: Lunala\n|-damage|p1b: Lunala|0 fnt\n|faint|p1b: Lunala\n|-damage|p2a: Emperor|41/100|[from] Recoil\n|\n|upkeep\n|\n|t:|1745996296\n|switch|p1b: Zacian|Zacian-Crowned, L50|100/100\n|turn|7\n|\n|t:|1745996304\n|move|p1b: Zacian|Protect|p1b: Zacian\n|-singleturn|p1b: Zacian|Protect\n|move|p2b: Magician|Shadow Ball|p1b: Zacian\n|-activate|p1b: Zacian|move: Protect\n|move|p2a: Emperor|Sacred Fire|p1b: Zacian\n|-activate|p1b: Zacian|move: Protect\n|\n|-sideend|p2: bertcamem|move: Tailwind\n|upkeep\n|turn|8\n|\n|t:|1745996309\n|move|p1b: Zacian|Behemoth Blade|p2a: Emperor\n|-resisted|p2a: Emperor\n|-damage|p2a: Emperor|17/100\n|move|p2b: Magician|Shadow Ball|p1b: Zacian\n|-damage|p1b: Zacian|66/100\n|-unboost|p1b: Zacian|spd|1\n|move|p2a: Emperor|Sacred Fire|p1b: Zacian\n|-supereffective|p1b: Zacian\n|-damage|p1b: Zacian|0 fnt\n|faint|p1b: Zacian\n|\n|win|bertcamem\n||bertcamem is ready for game 3.\n||Adrinhoo is ready for game 3.\n|uhtml|next|Next: <a href=\"/battle-gen9vgc2025regibo3-2353766031\"><strong>Game 3 of 3</strong></a>\n|l|\u2606Adrinhoo\n|player|p1|\n|l|\u2606bertcamem\n|player|p2|\n", "uploadtime": 1745996518, "views": 17, "formatid": "gen9vgc2025regibo3", "rating": null, "private": 0, "password": null}