{"id": "gen9vgc2025regibo3-2354423226", "format": "[Gen 9] VGC 2025 Reg I (Bo3)", "players": ["ShadowReaperZYX", "carrotbeafsteak"], "log": "|j|\u2606ShadowReaperZYX\n|j|\u2606carrotbeafsteak\n|html|<table width=\"100%\"><tr><td align=\"left\">ShadowReaperZYX</td><td align=\"right\">carrotbeafsteak</tr><tr><td align=\"left\"><i class=\"fa fa-circle\"></i> <i class=\"fa fa-circle-o\"></i> </td><td align=\"right\"><i class=\"fa fa-circle-o\"></i> <i class=\"fa fa-circle-o\"></i> </tr></table>\n|uhtml|bestof|<h2><strong>Game 2</strong> of <a href=\"/game-bestof3-gen9vgc2025regibo3-2354421436\">a best-of-3</a></h2>\n|t:|1746069635\n|gametype|doubles\n|player|p1|ShadowReaperZYX|marley|1116\n|player|p2|carrotbeafsteak|lady-gen4|1195\n|teamsize|p1|6\n|teamsize|p2|6\n|gen|9\n|tier|[Gen 9] VGC 2025 Reg I (Bo3)\n|rated|\n|rule|Species Clause: Limit one of each Pok\u00e9mon\n|rule|Item Clause: Limit 1 of each item\n|clearpoke\n|poke|p1|Oricorio-Pom-Pom, L50, F|\n|poke|p1|Volcarona, L50, M|\n|poke|p1|Koraidon, L50|\n|poke|p1|Miraidon, L50|\n|poke|p1|Whimsicott, L50, F|\n|poke|p1|Landorus, L50, M|\n|poke|p2|Miraidon, L50|\n|poke|p2|Zamazenta-*, L50|\n|poke|p2|Bruxish, L50, F|\n|poke|p2|Gholdengo, L50|\n|poke|p2|Garganacl, L50, M|\n|poke|p2|Murkrow, L50, F|\n|teampreview|4\n|showteam|p1|Oricorio-Pom-Pom||FocusSash|Dancer|RevelationDance,AirSlash,Tailwind,Protect|||F|||50|,,,,,Electric]Volcarona||SitrusBerry|FlameBody|FieryDance,BugBuzz,GigaDrain,QuiverDance|||M|||50|,,,,,Grass]Koraidon||ClearAmulet|OrichalcumPulse|CloseCombat,HeatCrash,SwordsDance,Protect||||||50|,,,,,Fire]Miraidon||ChoiceScarf|HadronEngine|ElectroDrift,Discharge,VoltSwitch,DracoMeteor||||||50|,,,,,Electric]Whimsicott||CovertCloak|Prankster|Moonblast,Tailwind,Taunt,Encore|||F|||50|,,,,,Grass]Landorus||LifeOrb|SandForce|EarthPower,SandsearStorm,SludgeBomb,Protect|||M|||50|,,,,,Water\n|showteam|p2|Miraidon||LifeOrb|HadronEngine|Protect,ElectroDrift,DazzlingGleam,DracoMeteor||||||50|,,,,,Stellar]Zamazenta-Crowned||RustedShield|DauntlessShield|Protect,BodyPress,behemothbash,WideGuard||||||50|,,,,,Ghost]Bruxish||ChoiceScarf|Dazzling|WaveCrash,PsychicFangs,IcyWind,FlipTurn|||F|||50|,,,,,Normal]Gholdengo||ChoiceSpecs|GoodasGold|MakeItRain,SteelBeam,ShadowBall,PowerGem||||||50|,,,,,Steel]Garganacl||HardStone|PurifyingSalt|Protect,RockSlide,SaltCure,Fling|||M|||50|,,,,,Ghost]Murkrow||FocusSash|Prankster|Tailwind,Haze,Torment,DarkPulse|||F|||50|,,,,,Ghost\n|inactive|Battle timer is ON: inactive players will automatically lose when time's up. (requested by ShadowReaperZYX)\n|\n|t:|1746069650\n|start\n|switch|p1a: Whimsicott|Whimsicott, L50, F|100/100\n|switch|p1b: Koraidon|Koraidon, L50|100/100\n|switch|p2a: Miraidon|Miraidon, L50|100/100\n|switch|p2b: Murkrow|Murkrow, L50, F|100/100\n|-weather|SunnyDay|[from] ability: Orichalcum Pulse|[of] p1b: Koraidon\n|-activate|p1b: Koraidon|Orichalcum Pulse|[source]\n|-fieldstart|move: Electric Terrain|[from] ability: Hadron Engine|[of] p2a: Miraidon\n|turn|1\n|\n|t:|1746069670\n|move|p1b: Koraidon|Protect|p1b: Koraidon\n|-singleturn|p1b: Koraidon|Protect\n|move|p2b: Murkrow|Tailwind|p2b: Murkrow\n|-sidestart|p2: carrotbeafsteak|move: Tailwind\n|move|p1a: Whimsicott|Taunt|p2b: Murkrow\n|-hint|Since gen 7, Dark is immune to Prankster moves.\n|-immune|p2b: Murkrow\n|move|p2a: Miraidon|Draco Meteor|p1b: Koraidon\n|-activate|p1b: Koraidon|move: Protect\n|\n|-weather|SunnyDay|[upkeep]\n|upkeep\n|turn|2\n|\n|t:|1746069694\n|switch|p1b: Landorus|Landorus, L50, M|100/100\n|move|p2b: Murkrow|Torment|p1b: Landorus\n|-start|p1b: Landorus|Torment\n|move|p1a: Whimsicott|Tailwind|p1a: Whimsicott\n|-sidestart|p1: ShadowReaperZYX|move: Tailwind\n|move|p2a: Miraidon|Draco Meteor|p1b: Landorus\n|-damage|p1b: Landorus|0 fnt\n|-unboost|p2a: Miraidon|spa|2\n|faint|p1b: Landorus\n|-damage|p2a: Miraidon|91/100|[from] item: Life Orb\n|\n|-weather|SunnyDay|[upkeep]\n|upkeep\n|\n|t:|1746069705\n|switch|p1b: Miraidon|Miraidon, L50|100/100\n|-activate|p1b: Miraidon|ability: Hadron Engine\n|turn|3\n|\n|t:|1746069725\n|move|p2a: Miraidon|Protect|p2a: Miraidon\n|-singleturn|p2a: Miraidon|Protect\n|move|p2b: Murkrow|Torment|p1b: Miraidon\n|-start|p1b: Miraidon|Torment\n|move|p1b: Miraidon|Draco Meteor|p2a: Miraidon\n|-activate|p2a: Miraidon|move: Protect\n|move|p1a: Whimsicott|Moonblast|p2b: Murkrow\n|-supereffective|p2b: Murkrow\n|-enditem|p2b: Murkrow|Focus Sash\n|-damage|p2b: Murkrow|1/100\n|\n|-weather|SunnyDay|[upkeep]\n|upkeep\n|turn|4\n|\n|t:|1746069745\n|switch|p1b: Koraidon|Koraidon, L50|100/100\n|-activate|p1b: Koraidon|ability: Orichalcum Pulse\n|-terastallize|p2a: Miraidon|Stellar\n|move|p2b: Murkrow|Haze|p2b: Murkrow\n|-clearallboost\n|move|p2a: Miraidon|Dazzling Gleam|p1a: Whimsicott|[spread] p1a,p1b\n|-supereffective|p1b: Koraidon\n|-damage|p1a: Whimsicott|39/100\n|-damage|p1b: Koraidon|0 fnt\n|faint|p1b: Koraidon\n|-damage|p2a: Miraidon|81/100|[from] item: Life Orb\n|move|p1a: Whimsicott|Moonblast|p2b: Murkrow\n|-supereffective|p2b: Murkrow\n|-damage|p2b: Murkrow|0 fnt\n|faint|p2b: Murkrow\n|\n|-weather|SunnyDay|[upkeep]\n|-sideend|p2: carrotbeafsteak|move: Tailwind\n|upkeep\n|inactive|carrotbeafsteak has 30 seconds left.\n|\n|t:|1746069771\n|switch|p1b: Miraidon|Miraidon, L50|100/100\n|switch|p2b: Zamazenta|Zamazenta-Crowned, L50|100/100\n|-activate|p1b: Miraidon|ability: Hadron Engine\n|-ability|p2b: Zamazenta|Dauntless Shield|boost\n|-boost|p2b: Zamazenta|def|1\n|turn|5\n|inactive|ShadowReaperZYX has 30 seconds left.\n|\n|t:|1746069797\n|-terastallize|p1b: Miraidon|Electric\n|move|p1b: Miraidon|Electro Drift|p2b: Zamazenta\n|-damage|p2b: Zamazenta|21/100\n|move|p1a: Whimsicott|Moonblast|p2a: Miraidon\n|-supereffective|p2a: Miraidon\n|-damage|p2a: Miraidon|38/100\n|move|p2a: Miraidon|Dazzling Gleam|p1b: Miraidon|[spread] p1a,p1b\n|-damage|p1a: Whimsicott|0 fnt\n|-damage|p1b: Miraidon|67/100\n|faint|p1a: Whimsicott\n|-damage|p2a: Miraidon|28/100|[from] item: Life Orb\n|move|p2b: Zamazenta|Behemoth Bash|p1b: Miraidon\n|-resisted|p1b: Miraidon\n|-damage|p1b: Miraidon|48/100\n|\n|-weather|none\n|-sideend|p1: ShadowReaperZYX|move: Tailwind\n|-fieldend|move: Electric Terrain\n|upkeep\n|turn|6\n|\n|t:|1746069812\n|move|p1b: Miraidon|Electro Drift|p2b: Zamazenta\n|-damage|p2b: Zamazenta|0 fnt\n|faint|p2b: Zamazenta\n|move|p2a: Miraidon|Draco Meteor|p1b: Miraidon\n|-damage|p1b: Miraidon|0 fnt\n|-unboost|p2a: Miraidon|spa|2\n|faint|p1b: Miraidon\n|-damage|p2a: Miraidon|18/100|[from] item: Life Orb\n|\n|win|carrotbeafsteak\n||ShadowReaperZYX is ready for game 3.\n||carrotbeafsteak is ready for game 3.\n|uhtml|next|Next: <a href=\"/battle-gen9vgc2025regibo3-2354424576\"><strong>Game 3 of 3</strong></a>\n|l|\u2606ShadowReaperZYX\n|player|p1|\n|l|\u2606carrotbeafsteak\n|player|p2|\n", "uploadtime": 1746070143, "views": 6, "formatid": "gen9vgc2025regibo3", "rating": null, "private": 0, "password": null}