{"id": "gen9vgc2025regibo3-2353959146", "format": "[Gen 9] VGC 2025 Reg I (Bo3)", "players": ["put4psoe", "maikkeli"], "log": "|j|\u2606put4psoe\n|j|\u2606maikkeli\n|html|<table width=\"100%\"><tr><td align=\"left\">put4psoe</td><td align=\"right\">maikkeli</tr><tr><td align=\"left\"><i class=\"fa fa-circle-o\"></i> <i class=\"fa fa-circle-o\"></i> </td><td align=\"right\"><i class=\"fa fa-circle-o\"></i> <i class=\"fa fa-circle-o\"></i> </tr></table>\n|uhtml|bestof|<h2><strong>Game 1</strong> of <a href=\"/game-bestof3-gen9vgc2025regibo3-2353959145\">a best-of-3</a></h2>\n|t:|1746022698\n|gametype|doubles\n|player|p1|put4psoe|2|\n|player|p2|maikkeli|fisherman-gen4|\n|teamsize|p1|6\n|teamsize|p2|6\n|gen|9\n|tier|[Gen 9] VGC 2025 Reg I (Bo3)\n|rule|Species Clause: Limit one of each Pok\u00e9mon\n|rule|Item Clause: Limit 1 of each item\n|clearpoke\n|poke|p1|Terapagos, L50, M|\n|poke|p1|Calyrex-Shadow, L50|\n|poke|p1|Incineroar, L50, M|\n|poke|p1|Rillaboom, L50, M|\n|poke|p1|Amoonguss, L50, M|\n|poke|p1|Urshifu-*, L50, M|\n|poke|p2|Miraidon, L50|\n|poke|p2|Lunala, L50|\n|poke|p2|Chi-Yu, L50|\n|poke|p2|Araquanid, L50, F|\n|poke|p2|Iron Hands, L50|\n|poke|p2|Urshifu-*, L50, M|\n|teampreview|4\n|showteam|p1|Terapagos||Leftovers|TeraShift|Protect,TeraStarstorm,EarthPower,CalmMind|||M|||50|,,,,,Stellar]Calyrex-Shadow||FocusSash|AsOneSpectrier|Protect,AstralBarrage,Encore,Disable||||||50|,,,,,Ghost]Incineroar||SafetyGoggles|Intimidate|KnockOff,PartingShot,WillOWisp,FakeOut|||M|||50|,,,,,Bug]Rillaboom||AssaultVest|GrassySurge|WoodHammer,GrassyGlide,Uturn,FakeOut|||M|||50|,,,,,Fire]Amoonguss||RockyHelmet|Regenerator|Protect,Spore,RagePowder,SludgeBomb|||M|||50|,,,,,Water]Urshifu-Rapid-Strike||ChoiceScarf|UnseenFist|SurgingStrikes,CloseCombat,Coaching,Uturn|||M|||50|,,,,,Water\n|showteam|p2|Miraidon||ChoiceSpecs|HadronEngine|ElectroDrift,DazzlingGleam,VoltSwitch,DracoMeteor||||||50|,,,,,Fairy]Lunala||ElectricSeed|ShadowShield|MoongeistBeam,WideGuard,Moonblast,TrickRoom||||||50|,,,,,Fairy]Chi-Yu||ChoiceScarf|BeadsofRuin|HeatWave,Snarl,Overheat,DarkPulse||||||50|,,,,,Ghost]Araquanid||ClearAmulet|WaterBubble|Liquidation,Infestation,WideGuard,Protect|||F|||50|,,,,,Water]Iron Hands||AssaultVest|QuarkDrive|DrainPunch,LowKick,WildCharge,FakeOut||||||50|,,,,,Water]Urshifu-Rapid-Strike||FocusSash|UnseenFist|SurgingStrikes,AquaJet,Detect,CloseCombat|||M|||50|,,,,,Stellar\n|inactive|Battle timer is ON: inactive players will automatically lose when time's up. (requested by put4psoe)\n|\n|t:|1746022725\n|start\n|switch|p1a: Incineroar|Incineroar, L50, M|100/100\n|switch|p1b: Urshifu|Urshifu-Rapid-Strike, L50, M|100/100\n|switch|p2a: Chi-Yu|Chi-Yu, L50|100/100\n|switch|p2b: Miraidon|Miraidon, L50|100/100\n|-ability|p2a: Chi-Yu|Beads of Ruin\n|-fieldstart|move: Electric Terrain|[from] ability: Hadron Engine|[of] p2b: Miraidon\n|-ability|p1a: Incineroar|Intimidate|boost\n|-unboost|p2a: Chi-Yu|atk|1\n|-unboost|p2b: Miraidon|atk|1\n|turn|1\n|\n|t:|1746022742\n|-terastallize|p1b: Urshifu|Water\n|move|p1a: Incineroar|Fake Out|p2b: Miraidon\n|-damage|p2b: Miraidon|90/100\n|move|p2a: Chi-Yu|Overheat|p1b: Urshifu\n|-resisted|p1b: Urshifu\n|-damage|p1b: Urshifu|29/100\n|-unboost|p2a: Chi-Yu|spa|2\n|move|p1b: Urshifu|Surging Strikes|p2a: Chi-Yu\n|-supereffective|p2a: Chi-Yu\n|-crit|p2a: Chi-Yu\n|-damage|p2a: Chi-Yu|24/100\n|-supereffective|p2a: Chi-Yu\n|-crit|p2a: Chi-Yu\n|-damage|p2a: Chi-Yu|0 fnt\n|faint|p2a: Chi-Yu\n|-hitcount|p2: Chi-Yu|2\n|cant|p2b: Miraidon|flinch\n|\n|upkeep\n|inactive|maikkeli has 30 seconds left.\n|inactive|maikkeli has 20 seconds left.\n|inactive|maikkeli has 15 seconds left.\n|inactive|maikkeli has 10 seconds left.\n|inactive|maikkeli has 5 seconds left.\n|\n|t:|1746022794\n|switch|p2a: Iron Hands|Iron Hands, L50|100/100\n|-activate|p2a: Iron Hands|ability: Quark Drive\n|-start|p2a: Iron Hands|quarkdriveatk\n|turn|2\n|\n|t:|1746022803\n|switch|p1b: Rillaboom|Rillaboom, L50, M|100/100\n|-fieldstart|move: Grassy Terrain|[from] ability: Grassy Surge|[of] p1b: Rillaboom\n|-end|p2a: Iron Hands|Quark Drive\n|-terastallize|p2a: Iron Hands|Water\n|move|p2b: Miraidon|Electro Drift|p1a: Incineroar\n|-damage|p1a: Incineroar|18/100\n|move|p1a: Incineroar|Will-O-Wisp|p2a: Iron Hands\n|-status|p2a: Iron Hands|brn\n|move|p2a: Iron Hands|Drain Punch|p1b: Rillaboom\n|-damage|p1b: Rillaboom|82/100\n|\n|-heal|p2b: Miraidon|97/100|[from] Grassy Terrain\n|-heal|p1b: Rillaboom|87/100|[from] Grassy Terrain\n|-heal|p1a: Incineroar|24/100|[from] Grassy Terrain\n|-damage|p2a: Iron Hands|95/100 brn|[from] brn\n|upkeep\n|turn|3\n|inactive|put4psoe has 30 seconds left.\n|\n|t:|1746022832\n|switch|p2b: Lunala|Lunala, L50|100/100\n|move|p1b: Rillaboom|Fake Out|p2b: Lunala\n|-immune|p2b: Lunala\n|move|p1a: Incineroar|Parting Shot|p2b: Lunala\n|-unboost|p2b: Lunala|atk|1\n|-unboost|p2b: Lunala|spa|1\n|\n|t:|1746022842\n|switch|p1a: Terapagos|Terapagos, L50, M|100/100|[from] Parting Shot\n|-activate|p1a: Terapagos|ability: Tera Shift\n|detailschange|p1a: Terapagos|Terapagos-Terastal, L50, M\n|-heal|p1a: Terapagos|100/100|[silent]\n|move|p2a: Iron Hands|Drain Punch|p1a: Terapagos\n|-activate|p1a: Terapagos|ability: Tera Shell\n|-resisted|p1a: Terapagos\n|-damage|p1a: Terapagos|93/100\n|-heal|p2a: Iron Hands|98/100 brn|[from] drain|[of] p1a: Terapagos\n|\n|-heal|p1a: Terapagos|99/100|[from] Grassy Terrain\n|-heal|p1a: Terapagos|100/100|[from] item: Leftovers\n|-heal|p1b: Rillaboom|93/100|[from] Grassy Terrain\n|-heal|p2a: Iron Hands|100/100 brn|[from] Grassy Terrain\n|-damage|p2a: Iron Hands|95/100 brn|[from] brn\n|upkeep\n|turn|4\n|inactive|maikkeli has 30 seconds left.\n|inactive|put4psoe has 30 seconds left.\n|\n|t:|1746022875\n|switch|p1b: Incineroar|Incineroar, L50, M|24/100\n|-ability|p1b: Incineroar|Intimidate|boost\n|-unboost|p2a: Iron Hands|atk|1\n|-unboost|p2b: Lunala|atk|1\n|move|p1a: Terapagos|Calm Mind|p1a: Terapagos\n|-boost|p1a: Terapagos|spa|1\n|-boost|p1a: Terapagos|spd|1\n|move|p2b: Lunala|Moonblast|p1a: Terapagos\n|-activate|p1a: Terapagos|ability: Tera Shell\n|-resisted|p1a: Terapagos\n|-damage|p1a: Terapagos|93/100\n|-unboost|p1a: Terapagos|spa|1\n|move|p2a: Iron Hands|Drain Punch|p1a: Terapagos\n|-supereffective|p1a: Terapagos\n|-damage|p1a: Terapagos|71/100\n|-heal|p2a: Iron Hands|100/100 brn|[from] drain|[of] p1a: Terapagos\n|\n|-heal|p1a: Terapagos|78/100|[from] Grassy Terrain\n|-heal|p1a: Terapagos|84/100|[from] item: Leftovers\n|-heal|p1b: Incineroar|30/100|[from] Grassy Terrain\n|-damage|p2a: Iron Hands|95/100 brn|[from] brn\n|upkeep\n|turn|5\n|\n|t:|1746022899\n|switch|p2b: Miraidon|Miraidon, L50|97/100\n|-fieldstart|move: Electric Terrain|[from] ability: Hadron Engine|[of] p2b: Miraidon\n|-activate|p2a: Iron Hands|ability: Quark Drive\n|-start|p2a: Iron Hands|quarkdriveatk\n|move|p1a: Terapagos|Calm Mind|p1a: Terapagos\n|-boost|p1a: Terapagos|spa|1\n|-boost|p1a: Terapagos|spd|1\n|move|p1b: Incineroar|Knock Off|p2b: Miraidon\n|-damage|p2b: Miraidon|57/100\n|-enditem|p2b: Miraidon|Choice Specs|[from] move: Knock Off|[of] p1b: Incineroar\n|move|p2a: Iron Hands|Drain Punch|p1a: Terapagos\n|-supereffective|p1a: Terapagos\n|-damage|p1a: Terapagos|54/100\n|-heal|p2a: Iron Hands|100/100 brn|[from] drain|[of] p1a: Terapagos\n|\n|-heal|p1a: Terapagos|60/100|[from] item: Leftovers\n|-damage|p2a: Iron Hands|95/100 brn|[from] brn\n|upkeep\n|turn|6\n|\n|t:|1746022922\n|move|p1a: Terapagos|Protect|p1a: Terapagos\n|-singleturn|p1a: Terapagos|Protect\n|move|p2b: Miraidon|Draco Meteor|p1b: Incineroar\n|-crit|p1b: Incineroar\n|-damage|p1b: Incineroar|0 fnt\n|-unboost|p2b: Miraidon|spa|2\n|faint|p1b: Incineroar\n|move|p2a: Iron Hands|Drain Punch|p1a: Terapagos\n|-activate|p1a: Terapagos|move: Protect\n|\n|-heal|p1a: Terapagos|66/100|[from] item: Leftovers\n|-damage|p2a: Iron Hands|89/100 brn|[from] brn\n|upkeep\n|\n|t:|1746022932\n|switch|p1b: Rillaboom|Rillaboom, L50, M|93/100\n|-fieldstart|move: Grassy Terrain|[from] ability: Grassy Surge|[of] p1b: Rillaboom\n|-end|p2a: Iron Hands|Quark Drive\n|turn|7\n|\n|t:|1746022938\n|switch|p2b: Lunala|Lunala, L50|100/100\n|move|p1b: Rillaboom|Fake Out|p2a: Iron Hands\n|-damage|p2a: Iron Hands|78/100 brn\n|move|p1a: Terapagos|Calm Mind|p1a: Terapagos\n|-boost|p1a: Terapagos|spa|1\n|-boost|p1a: Terapagos|spd|1\n|cant|p2a: Iron Hands|flinch\n|\n|-heal|p1a: Terapagos|72/100|[from] Grassy Terrain\n|-heal|p1a: Terapagos|79/100|[from] item: Leftovers\n|-heal|p1b: Rillaboom|99/100|[from] Grassy Terrain\n|-heal|p2a: Iron Hands|84/100 brn|[from] Grassy Terrain\n|-damage|p2a: Iron Hands|78/100 brn|[from] brn\n|upkeep\n|turn|8\n|inactive|put4psoe has 30 seconds left.\n|\n|t:|1746022964\n|-end|p2a: Iron Hands|Quark Drive|[silent]\n|switch|p2a: Miraidon|Miraidon, L50|57/100\n|-fieldstart|move: Electric Terrain|[from] ability: Hadron Engine|[of] p2a: Miraidon\n|-enditem|p2b: Lunala|Electric Seed\n|-boost|p2b: Lunala|def|1|[from] item: Electric Seed\n|move|p1a: Terapagos|Tera Starstorm|p2a: Miraidon\n|-damage|p2a: Miraidon|0 fnt\n|faint|p2a: Miraidon\n|move|p2b: Lunala|Moongeist Beam|p1b: Rillaboom\n|-damage|p1b: Rillaboom|59/100\n|move|p1b: Rillaboom|Wood Hammer|p2b: Lunala\n|-damage|p2b: Lunala|83/100\n|-damage|p1b: Rillaboom|53/100|[from] Recoil\n|\n|-heal|p1a: Terapagos|85/100|[from] item: Leftovers\n|upkeep\n|-message|maikkeli forfeited.\n|\n|win|put4psoe\n|l|\u2606maikkeli\n|player|p2|\n||maikkeli is ready for game 2.\n||put4psoe is ready for game 2.\n|uhtml|next|Next: <a href=\"/battle-gen9vgc2025regibo3-2353962296\"><strong>Game 2 of 3</strong></a>\n", "uploadtime": 1746023311, "views": 23, "formatid": "gen9vgc2025regibo3", "rating": null, "private": 0, "password": null}