{"id": "gen9vgc2025regibo3-2355099156", "format": "[Gen 9] VGC 2025 Reg I (Bo3)", "players": ["ItsOatmeal", "shmurkykrow"], "log": "|j|\u2606ItsOatmeal\n|j|\u2606shmurkykrow\n|html|<table width=\"100%\"><tr><td align=\"left\">ItsOatmeal</td><td align=\"right\">shmurkykrow</tr><tr><td align=\"left\"><i class=\"fa fa-circle-o\"></i> <i class=\"fa fa-circle-o\"></i> </td><td align=\"right\"><i class=\"fa fa-circle-o\"></i> <i class=\"fa fa-circle\"></i> </tr></table>\n|uhtml|bestof|<h2><strong>Game 2</strong> of <a href=\"/game-bestof3-gen9vgc2025regibo3-2355097371\">a best-of-3</a></h2>\n|t:|1746152347\n|gametype|doubles\n|player|p1|ItsOatmeal|skier|1080\n|player|p2|shmurkykrow|skyla|1188\n|teamsize|p1|6\n|teamsize|p2|6\n|gen|9\n|tier|[Gen 9] VGC 2025 Reg I (Bo3)\n|rated|\n|rule|Species Clause: Limit one of each Pok\u00e9mon\n|rule|Item Clause: Limit 1 of each item\n|clearpoke\n|poke|p1|Groudon, L50|\n|poke|p1|Zamazenta-*, L50|\n|poke|p1|Chien-Pao, L50|\n|poke|p1|Ogerpon-Hearthflame, L50, F|\n|poke|p1|Raging Bolt, L50|\n|poke|p1|Sewaddle, L50, F|\n|poke|p2|Ho-Oh, L50|\n|poke|p2|Iron Treads, L50|\n|poke|p2|Miraidon, L50|\n|poke|p2|Chien-Pao, L50|\n|poke|p2|Farigiraf, L50, F|\n|poke|p2|Iron Hands, L50|\n|teampreview|4\n|showteam|p1|Groudon||ClearAmulet|Drought|PrecipiceBlades,HeatCrash,SwordsDance,Protect||||||50|,,,,,Fire]Zamazenta-Crowned||RustedShield|DauntlessShield|BodyPress,behemothbash,WideGuard,IronDefense||||||50|,,,,,Grass]Chien-Pao||FocusSash|SwordofRuin|IceSpinner,SuckerPunch,ThroatChop,Protect||||||50|,,,,,Ghost]Ogerpon-Hearthflame||HearthflameMask|MoldBreaker|IvyCudgel,WoodHammer,FollowMe,SpikyShield|||F|||50|,,,,,Fire]Raging Bolt||AssaultVest|Protosynthesis|Thunderbolt,DracoMeteor,Thunderclap,Snarl||||||50|,,,,,Electric]Sewaddle||ChoiceScarf|Chlorophyll|Electroweb,StringShot,Lunge,StruggleBug|||F|||50|,,,,,Ghost\n|showteam|p2|Ho-Oh||RockyHelmet|Regenerator|SacredFire,BraveBird,Recover,Protect||||||50|,,,,,Grass]Iron Treads||LifeOrb|QuarkDrive|HighHorsepower,IronHead,Protect,KnockOff||||||50|,,,,,Ghost]Miraidon||ChoiceSpecs|HadronEngine|DazzlingGleam,ElectroDrift,VoltSwitch,DracoMeteor||||||50|,,,,,Fairy]Chien-Pao||FocusSash|SwordofRuin|IcicleCrash,SuckerPunch,Protect,Crunch||||||50|,,,,,Ghost]Farigiraf||ElectricSeed|ArmorTail|TrickRoom,FoulPlay,HelpingHand,PsychicNoise|||F|||50|,,,,,Water]Iron Hands||AssaultVest|QuarkDrive|WildCharge,DrainPunch,FakeOut,LowKick||||||50|,,,,,Bug\n|\n|t:|1746152373\n|start\n|switch|p1a: Groudon|Groudon, L50|100/100\n|switch|p1b: Sewaddle|Sewaddle, L50, F, shiny|100/100\n|switch|p2a: Miraidon|Miraidon, L50|100/100\n|switch|p2b: Farigiraf|Farigiraf, L50, F|100/100\n|-fieldstart|move: Electric Terrain|[from] ability: Hadron Engine|[of] p2a: Miraidon\n|-enditem|p2b: Farigiraf|Electric Seed\n|-boost|p2b: Farigiraf|def|1|[from] item: Electric Seed\n|-weather|SunnyDay|[from] ability: Drought|[of] p1a: Groudon\n|turn|1\n|\n|t:|1746152395\n|switch|p2a: Ho-Oh|Ho-Oh, L50|100/100\n|move|p1b: Sewaddle|String Shot|p2b: Farigiraf|[spread] p2a,p2b\n|-unboost|p2a: Ho-Oh|spe|2\n|-unboost|p2b: Farigiraf|spe|2\n|move|p1a: Groudon|Precipice Blades|p2b: Farigiraf|[spread] p2b\n|-immune|p2a: Ho-Oh\n|-damage|p2b: Farigiraf|67/100\n|move|p2b: Farigiraf|Trick Room|p2b: Farigiraf\n|-fieldstart|move: Trick Room|[of] p2b: Farigiraf\n|\n|-weather|SunnyDay|[upkeep]\n|upkeep\n|turn|2\n|\n|t:|1746152427\n|switch|p1b: Raging Bolt|Raging Bolt, L50|100/100\n|-activate|p1b: Raging Bolt|ability: Protosynthesis\n|-start|p1b: Raging Bolt|protosynthesisspa\n|-terastallize|p1a: Groudon|Fire\n|move|p2b: Farigiraf|Helping Hand|p2a: Ho-Oh\n|-singleturn|p2a: Ho-Oh|Helping Hand|[of] p2b: Farigiraf\n|move|p2a: Ho-Oh|Brave Bird|p1a: Groudon\n|-damage|p1a: Groudon|47/100\n|-damage|p2a: Ho-Oh|83/100|[from] Recoil\n|move|p1a: Groudon|Swords Dance|p1a: Groudon\n|-boost|p1a: Groudon|atk|2\n|\n|-weather|SunnyDay|[upkeep]\n|upkeep\n|turn|3\n|\n|t:|1746152450\n|switch|p2a: Iron Hands|Iron Hands, L50|100/100\n|-activate|p2a: Iron Hands|ability: Quark Drive\n|-start|p2a: Iron Hands|quarkdriveatk\n|move|p1a: Groudon|Protect|p1a: Groudon\n|-singleturn|p1a: Groudon|Protect\n|move|p2b: Farigiraf|Foul Play|p1a: Groudon\n|-activate|p1a: Groudon|move: Protect\n|move|p1b: Raging Bolt|Snarl|p2a: Iron Hands|[spread] p2a,p2b\n|-resisted|p2a: Iron Hands\n|-supereffective|p2b: Farigiraf\n|-damage|p2a: Iron Hands|95/100\n|-damage|p2b: Farigiraf|31/100\n|-unboost|p2a: Iron Hands|spa|1\n|-unboost|p2b: Farigiraf|spa|1\n|\n|-weather|SunnyDay|[upkeep]\n|upkeep\n|turn|4\n|\n|t:|1746152470\n|switch|p1a: Sewaddle|Sewaddle, L50, F, shiny|100/100\n|move|p2b: Farigiraf|Foul Play|p1a: Sewaddle\n|-damage|p1a: Sewaddle|74/100\n|move|p2a: Iron Hands|Low Kick|p1b: Raging Bolt\n|-damage|p1b: Raging Bolt|32/100\n|move|p1b: Raging Bolt|Snarl|p2a: Iron Hands|[spread] p2a,p2b\n|-resisted|p2a: Iron Hands\n|-supereffective|p2b: Farigiraf\n|-damage|p2a: Iron Hands|90/100\n|-damage|p2b: Farigiraf|0 fnt\n|-unboost|p2a: Iron Hands|spa|1\n|faint|p2b: Farigiraf\n|\n|-weather|SunnyDay|[upkeep]\n|upkeep\n|\n|t:|1746152481\n|switch|p2b: Ho-Oh|Ho-Oh, L50|100/100\n|turn|5\n|\n|t:|1746152508\n|move|p1b: Raging Bolt|Thunderclap|p2b: Ho-Oh\n|-supereffective|p2b: Ho-Oh\n|-damage|p2b: Ho-Oh|21/100\n|move|p2a: Iron Hands|Low Kick|p1b: Raging Bolt\n|-damage|p1b: Raging Bolt|0 fnt\n|faint|p1b: Raging Bolt\n|-end|p1b: Raging Bolt|Protosynthesis|[silent]\n|move|p2b: Ho-Oh|Sacred Fire|p1a: Sewaddle\n|-supereffective|p1a: Sewaddle\n|-damage|p1a: Sewaddle|0 fnt\n|faint|p1a: Sewaddle\n|\n|-weather|none\n|-fieldend|move: Trick Room\n|-fieldend|move: Electric Terrain\n|-end|p2a: Iron Hands|Quark Drive\n|upkeep\n|\n|t:|1746152522\n|switch|p1b: Zamazenta|Zamazenta-Crowned, L50|100/100\n|switch|p1a: Groudon|Groudon, L50, tera:Fire|47/100\n|-ability|p1b: Zamazenta|Dauntless Shield|boost\n|-boost|p1b: Zamazenta|def|1\n|-weather|SunnyDay|[from] ability: Drought|[of] p1a: Groudon\n|turn|6\n|\n|t:|1746152544\n|-end|p2a: Iron Hands|Quark Drive|[silent]\n|switch|p2a: Miraidon|Miraidon, L50|100/100\n|-fieldstart|move: Electric Terrain|[from] ability: Hadron Engine|[of] p2a: Miraidon\n|move|p1b: Zamazenta|Body Press|p2b: Ho-Oh\n|-resisted|p2b: Ho-Oh\n|-damage|p2b: Ho-Oh|0 fnt\n|-damage|p1b: Zamazenta|84/100|[from] item: Rocky Helmet|[of] p2b: Ho-Oh\n|faint|p2b: Ho-Oh\n|move|p1a: Groudon|Precipice Blades|p2a: Miraidon\n|-supereffective|p2a: Miraidon\n|-damage|p2a: Miraidon|0 fnt\n|faint|p2a: Miraidon\n|\n|-weather|SunnyDay|[upkeep]\n|upkeep\n|\n|t:|1746152554\n|switch|p2b: Iron Hands|Iron Hands, L50|90/100\n|-activate|p2b: Iron Hands|ability: Quark Drive\n|-start|p2b: Iron Hands|quarkdriveatk\n|turn|7\n|\n|t:|1746152564\n|-terastallize|p2b: Iron Hands|Bug\n|move|p1b: Zamazenta|Iron Defense|p1b: Zamazenta\n|-boost|p1b: Zamazenta|def|2\n|move|p1a: Groudon|Precipice Blades|p2b: Iron Hands\n|-resisted|p2b: Iron Hands\n|-damage|p2b: Iron Hands|62/100\n|move|p2b: Iron Hands|Low Kick|p1a: Groudon\n|-damage|p1a: Groudon|0 fnt\n|faint|p1a: Groudon\n|\n|-weather|SunnyDay|[upkeep]\n|upkeep\n|turn|8\n|\n|t:|1746152574\n|move|p1b: Zamazenta|Iron Defense|p1b: Zamazenta\n|-boost|p1b: Zamazenta|def|2\n|move|p2b: Iron Hands|Drain Punch|p1b: Zamazenta\n|-supereffective|p1b: Zamazenta\n|-damage|p1b: Zamazenta|64/100\n|-heal|p2b: Iron Hands|70/100|[from] drain|[of] p1b: Zamazenta\n|\n|-weather|SunnyDay|[upkeep]\n|upkeep\n|turn|9\n|\n|t:|1746152581\n|move|p1b: Zamazenta|Body Press|p2b: Iron Hands\n|-resisted|p2b: Iron Hands\n|-damage|p2b: Iron Hands|20/100\n|move|p2b: Iron Hands|Low Kick|p1b: Zamazenta\n|-supereffective|p1b: Zamazenta\n|-damage|p1b: Zamazenta|36/100\n|\n|-weather|SunnyDay|[upkeep]\n|upkeep\n|turn|10\n|\n|t:|1746152585\n|move|p1b: Zamazenta|Body Press|p2b: Iron Hands\n|-resisted|p2b: Iron Hands\n|-damage|p2b: Iron Hands|0 fnt\n|faint|p2b: Iron Hands\n|-end|p2b: Iron Hands|Quark Drive|[silent]\n|\n|win|ItsOatmeal\n||shmurkykrow is ready for game 3.\n||ItsOatmeal is ready for game 3.\n|uhtml|next|Next: <a href=\"/battle-gen9vgc2025regibo3-2355101028\"><strong>Game 3 of 3</strong></a>\n|l|\u2606ItsOatmeal\n|player|p1|\n|l|\u2606shmurkykrow\n|player|p2|\n", "uploadtime": 1746152932, "views": 3, "formatid": "gen9vgc2025regibo3", "rating": null, "private": 0, "password": null}