{"id": "gen9vgc2025regibo3-2354925968", "format": "[Gen 9] VGC 2025 Reg I (Bo3)", "players": ["Urric", "subinator"], "log": "|j|\u2606Urric\n|j|\u2606subinator\n|html|<table width=\"100%\"><tr><td align=\"left\">Urric</td><td align=\"right\">subinator</tr><tr><td align=\"left\"><i class=\"fa fa-circle\"></i> <i class=\"fa fa-circle-o\"></i> </td><td align=\"right\"><i class=\"fa fa-circle-o\"></i> <i class=\"fa fa-circle-o\"></i> </tr></table>\n|uhtml|bestof|<h2><strong>Game 2</strong> of <a href=\"/game-bestof3-gen9vgc2025regibo3-2354922649\">a best-of-3</a></h2>\n|t:|1746132409\n|gametype|doubles\n|player|p1|Urric|wattson|1070\n|player|p2|subinator|2|1140\n|teamsize|p1|6\n|teamsize|p2|6\n|gen|9\n|tier|[Gen 9] VGC 2025 Reg I (Bo3)\n|rated|\n|rule|Species Clause: Limit one of each Pok\u00e9mon\n|rule|Item Clause: Limit 1 of each item\n|clearpoke\n|poke|p1|Koraidon, L50|\n|poke|p1|Chi-Yu, L50|\n|poke|p1|Rillaboom, L50, F|\n|poke|p1|Raging Bolt, L50|\n|poke|p1|Zacian-*, L50|\n|poke|p1|Flutter Mane, L50|\n|poke|p2|Iron Valiant, L50|\n|poke|p2|Iron Hands, L50|\n|poke|p2|Miraidon, L50|\n|poke|p2|Weezing-Galar, L50, M|\n|poke|p2|Calyrex-Ice, L50|\n|poke|p2|Iron Bundle, L50|\n|teampreview|4\n|showteam|p1|Koraidon||ClearAmulet|OrichalcumPulse|CollisionCourse,FlareBlitz,Protect,DragonClaw||||||50|,,,,,Fire]Chi-Yu||LifeOrb|BeadsofRuin|HeatWave,DarkPulse,Protect,Snarl||||||50|,,,,,Fire]Rillaboom||AssaultVest|GrassySurge|GrassyGlide,FakeOut,WoodHammer,Uturn|||F|||50|,,,,,Water]Raging Bolt||CovertCloak|Protosynthesis|Snarl,Thunderclap,DracoMeteor,Thunderbolt||||||50|,,,,,Fairy]Zacian-Crowned||RustedSword|IntrepidSword|behemothblade,PlayRough,SacredSword,Protect||||||50|,,,,,Fire]Flutter Mane||FocusSash|Protosynthesis|IcyWind,Moonblast,ShadowBall,Protect||||||50|,,,,,Normal\n|showteam|p2|Iron Valiant||LifeOrb|QuarkDrive|CloseCombat,KnockOff,WideGuard,SpiritBreak||||||50|,,,,,Ghost]Iron Hands||PunchingGlove|QuarkDrive|FakeOut,DrainPunch,ThunderPunch,Detect||||||50|,,,,,Poison]Miraidon||EjectPack|HadronEngine|Protect,Overheat,VoltSwitch,DracoMeteor||||||50|,,,,,Fire]Weezing-Galar||AirBalloon|NeutralizingGas|DazzlingGleam,WillOWisp,SludgeBomb,Protect|||M|||50|,,,,,Steel]Calyrex-Ice||ClearAmulet|AsOneGlastrier|GlacialLance,HighHorsepower,TrickRoom,Protect||||||50|,,,,,Fire]Iron Bundle||FocusSash|QuarkDrive|IcyWind,FreezeDry,HydroPump,Protect||||||50|,,,,,Ghost\n|\n|t:|1746132465\n|start\n|switch|p1a: Gorilakalimotxo|Rillaboom, L50, F|100/100\n|switch|p1b: Zacian|Zacian-Crowned, L50|100/100\n|switch|p2a: Weezing|Weezing-Galar, L50, M|100/100\n|switch|p2b: Calyrex|Calyrex-Ice, L50|100/100\n|-ability|p2a: Weezing|Neutralizing Gas\n|-ability|p2b: Calyrex|As One\n|-ability|p2b: Calyrex|Unnerve\n|-item|p2a: Weezing|Air Balloon\n|turn|1\n|\n|t:|1746132499\n|move|p2a: Weezing|Protect|p2a: Weezing\n|-singleturn|p2a: Weezing|Protect\n|move|p2b: Calyrex|Protect|p2b: Calyrex\n|-singleturn|p2b: Calyrex|Protect\n|move|p1a: Gorilakalimotxo|Fake Out|p2b: Calyrex\n|-activate|p2b: Calyrex|move: Protect\n|move|p1b: Zacian|Behemoth Blade|p2a: Weezing\n|-activate|p2a: Weezing|move: Protect\n|\n|upkeep\n|turn|2\n|\n|t:|1746132529\n|-terastallize|p2b: Calyrex|Fire\n|move|p1b: Zacian|Behemoth Blade|p2a: Weezing\n|-supereffective|p2a: Weezing\n|-crit|p2a: Weezing\n|-damage|p2a: Weezing|0 fnt\n|-enditem|p2a: Weezing|Air Balloon\n|faint|p2a: Weezing\n|-end|p2a: Weezing|ability: Neutralizing Gas\n|-ability|p1b: Zacian|Intrepid Sword|boost\n|-boost|p1b: Zacian|atk|1\n|-fieldstart|move: Grassy Terrain|[from] ability: Grassy Surge|[of] p1a: Gorilakalimotxo\n|move|p1a: Gorilakalimotxo|U-turn|p2b: Calyrex\n|-resisted|p2b: Calyrex\n|-damage|p2b: Calyrex|93/100\n|\n|t:|1746132544\n|switch|p1a: Koraidon|Koraidon, L50|100/100|[from] U-turn\n|-weather|SunnyDay|[from] ability: Orichalcum Pulse|[of] p1a: Koraidon\n|-activate|p1a: Koraidon|Orichalcum Pulse|[source]\n|move|p2b: Calyrex|Trick Room|p2b: Calyrex\n|-fieldstart|move: Trick Room|[of] p2b: Calyrex\n|\n|-weather|SunnyDay|[upkeep]\n|-heal|p2b: Calyrex|99/100|[from] Grassy Terrain\n|upkeep\n|\n|t:|1746132553\n|switch|p2a: Miraidon|Miraidon, L50|100/100\n|-fieldstart|move: Electric Terrain|[from] ability: Hadron Engine|[of] p2a: Miraidon\n|turn|3\n|\n|t:|1746132570\n|-terastallize|p1a: Koraidon|Fire\n|move|p2a: Miraidon|Protect|p2a: Miraidon\n|-singleturn|p2a: Miraidon|Protect\n|move|p1b: Zacian|Protect|p1b: Zacian\n|-singleturn|p1b: Zacian|Protect\n|move|p2b: Calyrex|Glacial Lance|p1b: Zacian|[spread] p1a\n|-activate|p1b: Zacian|move: Protect\n|-resisted|p1a: Koraidon\n|-damage|p1a: Koraidon|70/100\n|move|p1a: Koraidon|Dragon Claw|p2a: Miraidon\n|-activate|p2a: Miraidon|move: Protect\n|\n|-weather|SunnyDay|[upkeep]\n|upkeep\n|turn|4\n|\n|t:|1746132602\n|switch|p2a: Iron Bundle|Iron Bundle, L50|100/100\n|-activate|p2a: Iron Bundle|ability: Quark Drive\n|-start|p2a: Iron Bundle|quarkdrivespe\n|switch|p1b: Gorilakalimotxo|Rillaboom, L50, F|100/100\n|-fieldstart|move: Grassy Terrain|[from] ability: Grassy Surge|[of] p1b: Gorilakalimotxo\n|-end|p2a: Iron Bundle|Quark Drive\n|move|p2b: Calyrex|High Horsepower|p1b: Gorilakalimotxo\n|-resisted|p1b: Gorilakalimotxo\n|-damage|p1b: Gorilakalimotxo|81/100\n|move|p1a: Koraidon|Dragon Claw|p2a: Iron Bundle\n|-damage|p2a: Iron Bundle|34/100\n|\n|-weather|SunnyDay|[upkeep]\n|-heal|p2b: Calyrex|100/100|[from] Grassy Terrain\n|-heal|p1b: Gorilakalimotxo|86/100|[from] Grassy Terrain\n|-heal|p1a: Koraidon|77/100|[from] Grassy Terrain\n|-heal|p2a: Iron Bundle|40/100|[from] Grassy Terrain\n|upkeep\n|turn|5\n|\n|t:|1746132627\n|move|p2a: Iron Bundle|Protect|p2a: Iron Bundle\n|-singleturn|p2a: Iron Bundle|Protect\n|move|p1b: Gorilakalimotxo|Grassy Glide|p2a: Iron Bundle\n|-activate|p2a: Iron Bundle|move: Protect\n|move|p2b: Calyrex|Glacial Lance|p1a: Koraidon|[spread] p1a,p1b\n|-resisted|p1a: Koraidon\n|-supereffective|p1b: Gorilakalimotxo\n|-damage|p1a: Koraidon|48/100\n|-damage|p1b: Gorilakalimotxo|0 fnt\n|faint|p1b: Gorilakalimotxo\n|-ability|p2b: Calyrex|Chilling Neigh|boost\n|-boost|p2b: Calyrex|atk|1\n|move|p1a: Koraidon|Dragon Claw|p2b: Calyrex\n|-crit|p2b: Calyrex\n|-damage|p2b: Calyrex|48/100\n|\n|-weather|SunnyDay|[upkeep]\n|-heal|p2b: Calyrex|54/100|[from] Grassy Terrain\n|-heal|p1a: Koraidon|54/100|[from] Grassy Terrain\n|-heal|p2a: Iron Bundle|46/100|[from] Grassy Terrain\n|upkeep\n|\n|t:|1746132647\n|switch|p1b: Zacian|Zacian-Crowned, L50|100/100\n|turn|6\n|\n|t:|1746132697\n|move|p1b: Zacian|Protect|p1b: Zacian\n|-singleturn|p1b: Zacian|Protect\n|move|p2b: Calyrex|High Horsepower|p1b: Zacian\n|-activate|p1b: Zacian|move: Protect\n|move|p1a: Koraidon|Dragon Claw|p2b: Calyrex\n|-damage|p2b: Calyrex|15/100\n|move|p2a: Iron Bundle|Hydro Pump|p1a: Koraidon\n|-supereffective|p1a: Koraidon\n|-damage|p1a: Koraidon|0 fnt\n|faint|p1a: Koraidon\n|\n|-weather|none\n|-heal|p2b: Calyrex|21/100|[from] Grassy Terrain\n|-heal|p2a: Iron Bundle|52/100|[from] Grassy Terrain\n|-fieldend|move: Trick Room\n|upkeep\n|\n|t:|1746132711\n|switch|p1a: Flutter Mane|Flutter Mane, L50|100/100\n|turn|7\n|\n|t:|1746132737\n|switch|p2b: Miraidon|Miraidon, L50|100/100\n|-fieldstart|move: Electric Terrain|[from] ability: Hadron Engine|[of] p2b: Miraidon\n|-activate|p2a: Iron Bundle|ability: Quark Drive\n|-start|p2a: Iron Bundle|quarkdrivespe\n|move|p2a: Iron Bundle|Icy Wind|p1b: Zacian|[spread] p1a,p1b\n|-resisted|p1b: Zacian\n|-damage|p1a: Flutter Mane|78/100\n|-damage|p1b: Zacian|91/100\n|-unboost|p1a: Flutter Mane|spe|1\n|-unboost|p1b: Zacian|spe|1\n|move|p1b: Zacian|Sacred Sword|p2a: Iron Bundle\n|-supereffective|p2a: Iron Bundle\n|-damage|p2a: Iron Bundle|0 fnt\n|faint|p2a: Iron Bundle\n|-end|p2a: Iron Bundle|Quark Drive|[silent]\n|move|p1a: Flutter Mane|Shadow Ball|p2b: Miraidon\n|-damage|p2b: Miraidon|63/100\n|-unboost|p2b: Miraidon|spd|1\n|-enditem|p2b: Miraidon|Eject Pack\n|\n|t:|1746132742\n|switch|p2b: Calyrex|Calyrex-Ice, L50, tera:Fire|21/100\n|-ability|p2b: Calyrex|As One\n|-ability|p2b: Calyrex|Unnerve\n|\n|upkeep\n|\n|t:|1746132745\n|switch|p2a: Miraidon|Miraidon, L50|63/100\n|-activate|p2a: Miraidon|ability: Hadron Engine\n|turn|8\n|\n|t:|1746132797\n|move|p2a: Miraidon|Protect|p2a: Miraidon\n|-singleturn|p2a: Miraidon|Protect\n|move|p2b: Calyrex|Protect|p2b: Calyrex\n|-singleturn|p2b: Calyrex|Protect\n|move|p1b: Zacian|Sacred Sword|p2b: Calyrex\n|-activate|p2b: Calyrex|move: Protect\n|move|p1a: Flutter Mane|Moonblast|p2a: Miraidon\n|-activate|p2a: Miraidon|move: Protect\n|\n|upkeep\n|turn|9\n|\n|t:|1746132822\n|move|p2a: Miraidon|Overheat|p1b: Zacian\n|-supereffective|p1b: Zacian\n|-damage|p1b: Zacian|0 fnt\n|-unboost|p2a: Miraidon|spa|2\n|faint|p1b: Zacian\n|move|p1a: Flutter Mane|Moonblast|p2a: Miraidon\n|-supereffective|p2a: Miraidon\n|-damage|p2a: Miraidon|0 fnt\n|faint|p2a: Miraidon\n|move|p2b: Calyrex|Glacial Lance|p1a: Flutter Mane\n|-damage|p1a: Flutter Mane|0 fnt\n|faint|p1a: Flutter Mane\n|-end|p1a: Flutter Mane|Protosynthesis|[silent]\n|\n|win|subinator\n||subinator is ready for game 3.\n|inactive|Urric has 30 seconds to confirm battle start!\n||Urric is ready for game 3.\n|uhtml|next|Next: <a href=\"/battle-gen9vgc2025regibo3-2354930214\"><strong>Game 3 of 3</strong></a>\n", "uploadtime": 1746132838, "views": 7, "formatid": "gen9vgc2025regibo3", "rating": null, "private": 0, "password": null}