{"id": "gen9vgc2025regibo3-2354486070", "format": "[Gen 9] VGC 2025 Reg I (Bo3)", "players": ["scottedstone", "1. versuch"], "log": "|j|\u2606scottedstone\n|j|\u26061. versuch\n|html|<table width=\"100%\"><tr><td align=\"left\">scottedstone</td><td align=\"right\">1. versuch</tr><tr><td align=\"left\"><i class=\"fa fa-circle-o\"></i> <i class=\"fa fa-circle-o\"></i> </td><td align=\"right\"><i class=\"fa fa-circle-o\"></i> <i class=\"fa fa-circle-o\"></i> </tr></table>\n|uhtml|bestof|<h2><strong>Game 1</strong> of <a href=\"/game-bestof3-gen9vgc2025regibo3-2354486069\">a best-of-3</a></h2>\n|t:|1746079704\n|gametype|doubles\n|player|p1|scottedstone|265|1188\n|player|p2|1. versuch|waiter-gen4dp|1069\n|teamsize|p1|6\n|teamsize|p2|6\n|gen|9\n|tier|[Gen 9] VGC 2025 Reg I (Bo3)\n|rated|\n|rule|Species Clause: Limit one of each Pok\u00e9mon\n|rule|Item Clause: Limit 1 of each item\n|clearpoke\n|poke|p1|Miraidon, L50|\n|poke|p1|Iron Hands, L50|\n|poke|p1|Farigiraf, L50, F|\n|poke|p1|Ogerpon-Hearthflame, L50, F|\n|poke|p1|Whimsicott, L50, F|\n|poke|p1|Calyrex-Ice, L50|\n|poke|p2|Rillaboom, L50, F|\n|poke|p2|Koraidon, L50|\n|poke|p2|Walking Wake, L50|\n|poke|p2|Calyrex-Shadow, L50|\n|poke|p2|Murkrow, L50, F|\n|poke|p2|Breloom, L50, M|\n|teampreview|4\n|showteam|p1|Miraidon||ChoiceSpecs|HadronEngine|ElectroDrift,VoltSwitch,DracoMeteor,DazzlingGleam||||||50|,,,,,Fairy]Iron Hands||AssaultVest|QuarkDrive|DrainPunch,HeavySlam,LowKick,FakeOut||||||50|,,,,,Water]Farigiraf||ElectricSeed|ArmorTail|TrickRoom,Psychic,HelpingHand,FoulPlay|||F|||50|,,,,,Water]Ogerpon-Hearthflame||HearthflameMask|MoldBreaker|IvyCudgel,WoodHammer,FollowMe,SpikyShield|||F|||50|,,,,,Fire]Whimsicott||CovertCloak|Prankster|Moonblast,LightScreen,Encore,Tailwind|||F|||50|,,,,,Dark]Calyrex-Ice||ClearAmulet|AsOneGlastrier|GlacialLance,Protect,TrickRoom,HighHorsepower||||||50|,,,,,Fire\n|showteam|p2|Rillaboom||AssaultVest|GrassySurge|Uturn,HighHorsepower,FakeOut,GrassyGlide|||F|||50|,,,,,Ground]Koraidon||ClearAmulet|OrichalcumPulse|FlameCharge,CloseCombat,FlareBlitz,Protect||||||50|,,,,,Fire]Walking Wake||ChoiceSpecs|Protosynthesis|Flamethrower,DracoMeteor,HydroSteam,WeatherBall||||||50|,,,,,Fire]Calyrex-Shadow||LifeOrb|AsOneSpectrier|AstralBarrage,SolarBeam,Protect,NastyPlot||||||50|,,,,,Normal]Murkrow||Eviolite|Prankster|FoulPlay,Tailwind,Protect,ThunderWave|||F|||50|,,,,,Ghost]Breloom||FocusSash|Technician|Protect,CloseCombat,MachPunch,Spore|||M|||50|,,,,,Ghost\n|inactive|Battle timer is ON: inactive players will automatically lose when time's up. (requested by 1. versuch)\n|\n|t:|1746079731\n|start\n|switch|p1a: Miraidon|Miraidon, L50|100/100\n|switch|p1b: Farigiraf|Farigiraf, L50, F|100/100\n|switch|p2a: Rillaboom|Rillaboom, L50, F|100/100\n|switch|p2b: Calyrex|Calyrex-Shadow, L50|100/100\n|-ability|p2b: Calyrex|As One\n|-ability|p2b: Calyrex|Unnerve\n|-fieldstart|move: Electric Terrain|[from] ability: Hadron Engine|[of] p1a: Miraidon\n|-enditem|p1b: Farigiraf|Electric Seed\n|-boost|p1b: Farigiraf|def|1|[from] item: Electric Seed\n|-fieldstart|move: Grassy Terrain|[from] ability: Grassy Surge|[of] p2a: Rillaboom\n|turn|1\n|inactive|1. versuch has 30 seconds left.\n|\n|t:|1746079760\n|-terastallize|p2a: Rillaboom|Ground\n|move|p2b: Calyrex|Protect|p2b: Calyrex\n|-singleturn|p2b: Calyrex|Protect\n|move|p1a: Miraidon|Volt Switch|p2a: Rillaboom\n|-immune|p2a: Rillaboom\n|move|p2a: Rillaboom|High Horsepower|p1a: Miraidon\n|-supereffective|p1a: Miraidon\n|-damage|p1a: Miraidon|17/100\n|move|p1b: Farigiraf|Trick Room|p1b: Farigiraf\n|-fieldstart|move: Trick Room|[of] p1b: Farigiraf\n|\n|-heal|p1a: Miraidon|23/100|[from] Grassy Terrain\n|upkeep\n|turn|2\n|inactive|scottedstone has 30 seconds left.\n|inactive|1. versuch has 30 seconds left.\n|inactive|1. versuch has 20 seconds left.\n|\n|t:|1746079800\n|switch|p1a: Iron Hands|Iron Hands, L50|100/100\n|switch|p2b: Walking Wake|Walking Wake, L50|100/100\n|move|p1b: Farigiraf|Foul Play|p2b: Walking Wake\n|-damage|p2b: Walking Wake|90/100\n|move|p2a: Rillaboom|U-turn|p1a: Iron Hands\n|-resisted|p1a: Iron Hands\n|-damage|p1a: Iron Hands|92/100\n|\n|t:|1746079813\n|switch|p2a: Koraidon|Koraidon, L50|100/100|[from] U-turn\n|-weather|SunnyDay|[from] ability: Orichalcum Pulse|[of] p2a: Koraidon\n|-activate|p2b: Walking Wake|ability: Protosynthesis\n|-start|p2b: Walking Wake|protosynthesisspa\n|-activate|p2a: Koraidon|Orichalcum Pulse|[source]\n|\n|-weather|SunnyDay|[upkeep]\n|-heal|p1a: Iron Hands|98/100|[from] Grassy Terrain\n|-heal|p2b: Walking Wake|96/100|[from] Grassy Terrain\n|upkeep\n|turn|3\n|inactive|scottedstone has 30 seconds left.\n|inactive|1. versuch has 30 seconds left.\n|inactive|1. versuch has 20 seconds left.\n|inactive|1. versuch has 15 seconds left.\n|\n|t:|1746079855\n|move|p2a: Koraidon|Protect|p2a: Koraidon\n|-singleturn|p2a: Koraidon|Protect\n|move|p1a: Iron Hands|Low Kick|p2b: Walking Wake\n|-damage|p2b: Walking Wake|49/100\n|move|p1b: Farigiraf|Psychic|p2b: Walking Wake\n|-damage|p2b: Walking Wake|12/100\n|move|p2b: Walking Wake|Weather Ball|p1b: Farigiraf\n|-damage|p1b: Farigiraf|13/100\n|\n|-weather|SunnyDay|[upkeep]\n|-heal|p1a: Iron Hands|100/100|[from] Grassy Terrain\n|-heal|p1b: Farigiraf|19/100|[from] Grassy Terrain\n|-heal|p2b: Walking Wake|18/100|[from] Grassy Terrain\n|upkeep\n|turn|4\n|inactive|scottedstone has 30 seconds left.\n|inactive|1. versuch has 30 seconds left.\n|\n|t:|1746079888\n|move|p1a: Iron Hands|Drain Punch|p2b: Walking Wake\n|-damage|p2b: Walking Wake|0 fnt\n|faint|p2b: Walking Wake\n|-end|p2b: Walking Wake|Protosynthesis|[silent]\n|move|p1b: Farigiraf|Psychic|p2a: Koraidon\n|-supereffective|p2a: Koraidon\n|-damage|p2a: Koraidon|43/100\n|move|p2a: Koraidon|Flame Charge|p1b: Farigiraf\n|-damage|p1b: Farigiraf|0 fnt\n|-boost|p2a: Koraidon|spe|1\n|faint|p1b: Farigiraf\n|\n|-weather|SunnyDay|[upkeep]\n|-heal|p2a: Koraidon|48/100|[from] Grassy Terrain\n|upkeep\n|\n|t:|1746079913\n|switch|p1b: Miraidon|Miraidon, L50|23/100\n|switch|p2b: Rillaboom|Rillaboom, L50, F, tera:Ground|100/100\n|-fieldstart|move: Electric Terrain|[from] ability: Hadron Engine|[of] p1b: Miraidon\n|-activate|p1a: Iron Hands|ability: Quark Drive\n|-start|p1a: Iron Hands|quarkdriveatk\n|turn|5\n|inactive|scottedstone has 30 seconds left.\n|inactive|1. versuch has 30 seconds left.\n|\n|t:|1746079944\n|-end|p1a: Iron Hands|Quark Drive|[silent]\n|switch|p1a: Calyrex|Calyrex-Ice, L50|100/100\n|-ability|p1a: Calyrex|As One\n|-ability|p1a: Calyrex|Unnerve\n|move|p2a: Koraidon|Protect|p2a: Koraidon\n|-singleturn|p2a: Koraidon|Protect\n|move|p2b: Rillaboom|U-turn|p1a: Calyrex\n|-supereffective|p1a: Calyrex\n|-damage|p1a: Calyrex|66/100\n|\n|t:|1746079957\n|switch|p2b: Calyrex|Calyrex-Shadow, L50|100/100|[from] U-turn\n|-ability|p2b: Calyrex|As One\n|-ability|p2b: Calyrex|Unnerve\n|move|p1b: Miraidon|Volt Switch|p2a: Koraidon\n|-activate|p2a: Koraidon|move: Protect\n|\n|-weather|SunnyDay|[upkeep]\n|-fieldend|move: Trick Room\n|upkeep\n|turn|6\n|\n|t:|1746079975\n|switch|p1b: Iron Hands|Iron Hands, L50|100/100\n|-activate|p1b: Iron Hands|ability: Quark Drive\n|-start|p1b: Iron Hands|quarkdriveatk\n|move|p1a: Calyrex|Protect|p1a: Calyrex\n|-singleturn|p1a: Calyrex|Protect\n|move|p2a: Koraidon|Flare Blitz|p1a: Calyrex\n|-activate|p1a: Calyrex|move: Protect\n|move|p2b: Calyrex|Astral Barrage|p1a: Calyrex|[spread] p1b\n|-activate|p1a: Calyrex|move: Protect\n|-damage|p1b: Iron Hands|66/100\n|-damage|p2b: Calyrex|91/100|[from] item: Life Orb\n|\n|-weather|none\n|upkeep\n|turn|7\n|inactive|scottedstone has 30 seconds left.\n|inactive|1. versuch has 30 seconds left.\n|\n|t:|1746080009\n|switch|p2a: Rillaboom|Rillaboom, L50, F, tera:Ground|100/100\n|-fieldstart|move: Grassy Terrain|[from] ability: Grassy Surge|[of] p2a: Rillaboom\n|-end|p1b: Iron Hands|Quark Drive\n|-terastallize|p1a: Calyrex|Fire\n|move|p1b: Iron Hands|Fake Out|p2a: Rillaboom\n|-damage|p2a: Rillaboom|84/100\n|move|p2b: Calyrex|Astral Barrage|p1a: Calyrex|[spread] p1a,p1b\n|-damage|p1a: Calyrex|15/100\n|-damage|p1b: Iron Hands|30/100\n|-damage|p2b: Calyrex|81/100|[from] item: Life Orb\n|move|p1a: Calyrex|Trick Room|p1a: Calyrex\n|-fieldstart|move: Trick Room|[of] p1a: Calyrex\n|\n|-heal|p1b: Iron Hands|36/100|[from] Grassy Terrain\n|-heal|p1a: Calyrex|21/100|[from] Grassy Terrain\n|-heal|p2a: Rillaboom|90/100|[from] Grassy Terrain\n|-heal|p2b: Calyrex|87/100|[from] Grassy Terrain\n|upkeep\n|turn|8\n|inactive|1. versuch has 30 seconds left.\n|inactive|1. versuch has 20 seconds left.\n|inactive|1. versuch has 15 seconds left.\n|\n|t:|1746080053\n|move|p1a: Calyrex|Protect|p1a: Calyrex\n|-singleturn|p1a: Calyrex|Protect\n|move|p2a: Rillaboom|Grassy Glide|p1a: Calyrex\n|-activate|p1a: Calyrex|move: Protect\n|move|p1b: Iron Hands|Heavy Slam|p2b: Calyrex\n|-damage|p2b: Calyrex|28/100\n|move|p2b: Calyrex|Astral Barrage|p1a: Calyrex|[spread] p1b\n|-activate|p1a: Calyrex|move: Protect\n|-damage|p1b: Iron Hands|1/100\n|-damage|p2b: Calyrex|18/100|[from] item: Life Orb\n|\n|-heal|p1b: Iron Hands|7/100|[from] Grassy Terrain\n|-heal|p1a: Calyrex|27/100|[from] Grassy Terrain\n|-heal|p2a: Rillaboom|96/100|[from] Grassy Terrain\n|-heal|p2b: Calyrex|24/100|[from] Grassy Terrain\n|upkeep\n|turn|9\n|\n|t:|1746080077\n|move|p2b: Calyrex|Protect|p2b: Calyrex\n|-singleturn|p2b: Calyrex|Protect\n|move|p2a: Rillaboom|Grassy Glide|p1b: Iron Hands\n|-damage|p1b: Iron Hands|0 fnt\n|faint|p1b: Iron Hands\n|-end|p1b: Iron Hands|Quark Drive|[silent]\n|move|p1a: Calyrex|Glacial Lance|p2b: Calyrex|[spread] p2a\n|-activate|p2b: Calyrex|move: Protect\n|-supereffective|p2a: Rillaboom\n|-damage|p2a: Rillaboom|0 fnt\n|faint|p2a: Rillaboom\n|-ability|p1a: Calyrex|Chilling Neigh|boost\n|-boost|p1a: Calyrex|atk|1\n|\n|-heal|p1a: Calyrex|33/100|[from] Grassy Terrain\n|-heal|p2b: Calyrex|30/100|[from] Grassy Terrain\n|upkeep\n|\n|t:|1746080092\n|switch|p1b: Miraidon|Miraidon, L50|23/100\n|switch|p2a: Koraidon|Koraidon, L50|48/100\n|-weather|SunnyDay|[from] ability: Orichalcum Pulse|[of] p2a: Koraidon\n|-activate|p2a: Koraidon|Orichalcum Pulse|[source]\n|-fieldstart|move: Electric Terrain|[from] ability: Hadron Engine|[of] p1b: Miraidon\n|turn|10\n|inactive|1. versuch has 30 seconds left.\n|\n|t:|1746080120\n|move|p2a: Koraidon|Protect|p2a: Koraidon\n|-singleturn|p2a: Koraidon|Protect\n|move|p1a: Calyrex|Glacial Lance|p2b: Calyrex|[spread] p2b\n|-activate|p2a: Koraidon|move: Protect\n|-damage|p2b: Calyrex|0 fnt\n|faint|p2b: Calyrex\n|-ability|p1a: Calyrex|Chilling Neigh|boost\n|-boost|p1a: Calyrex|atk|1\n|move|p1b: Miraidon|Dazzling Gleam|p2a: Koraidon\n|-activate|p2a: Koraidon|move: Protect\n|\n|-weather|SunnyDay|[upkeep]\n|upkeep\n|turn|11\n|\n|t:|1746080134\n|move|p2a: Koraidon|Protect||[still]\n|-fail|p2a: Koraidon\n|move|p1a: Calyrex|Glacial Lance|p2a: Koraidon\n|-supereffective|p2a: Koraidon\n|-damage|p2a: Koraidon|0 fnt\n|faint|p2a: Koraidon\n|\n|win|scottedstone\n||1. versuch is ready for game 2.\n|inactive|scottedstone has 30 seconds to confirm battle start!\n|l|\u2606scottedstone\n|player|p1|\n||scottedstone is ready for game 2.\n|uhtml|next|Next: <a href=\"/battle-gen9vgc2025regibo3-2354488275\"><strong>Game 2 of 3</strong></a>\n|l|\u26061. versuch\n|player|p2|\n", "uploadtime": 1746080138, "views": 9, "formatid": "gen9vgc2025regibo3", "rating": null, "private": 0, "password": null}