{"id": "gen9vgc2025regibo3-2354582221", "format": "[Gen 9] VGC 2025 Reg I (Bo3)", "players": ["Jean CHASUBLE 1", "Theverynotsusman"], "log": "|j|\u2606Jean CHASUBLE 1\n|j|\u2606Theverynotsusman\n|html|<table width=\"100%\"><tr><td align=\"left\">Jean CHASUBLE 1</td><td align=\"right\">Theverynotsusman</tr><tr><td align=\"left\"><i class=\"fa fa-circle\"></i> <i class=\"fa fa-circle-o\"></i> </td><td align=\"right\"><i class=\"fa fa-circle-o\"></i> <i class=\"fa fa-circle\"></i> </tr></table>\n|uhtml|bestof|<h2><strong>Game 3</strong> of <a href=\"/game-bestof3-gen9vgc2025regibo3-2354578935\">a best-of-3</a></h2>\n|t:|1746098358\n|gametype|doubles\n|player|p1|Jean CHASUBLE 1|cheren-gen5bw2|1193\n|player|p2|Theverynotsusman|169|1140\n|teamsize|p1|6\n|teamsize|p2|6\n|gen|9\n|tier|[Gen 9] VGC 2025 Reg I (Bo3)\n|rated|\n|rule|Species Clause: Limit one of each Pok\u00e9mon\n|rule|Item Clause: Limit 1 of each item\n|clearpoke\n|poke|p1|Kyogre, L50|\n|poke|p1|Zacian-*, L50|\n|poke|p1|Tornadus, L50, M|\n|poke|p1|Landorus, L50, M|\n|poke|p1|Amoonguss, L50, M|\n|poke|p1|Urshifu-*, L50, F|\n|poke|p2|Zacian-*, L50|\n|poke|p2|Calyrex-Shadow, L50|\n|poke|p2|Incineroar, L50, F|\n|poke|p2|Rillaboom, L50, F|\n|poke|p2|Urshifu-*, L50, M|\n|poke|p2|Ditto, L50|\n|teampreview|4\n|showteam|p1|Kyogre||AssaultVest|Drizzle|Thunder,WaterSpout,IceBeam,HydroPump||||||50|,,,,,Grass]Zacian-Crowned||RustedSword|IntrepidSword|Protect,PlayRough,behemothblade,SacredSword||||||50|,,,,,Fairy]Tornadus||CovertCloak|Prankster|Tailwind,Taunt,BleakwindStorm,RainDance|||M|||50|,,,,,Dark]Landorus||LifeOrb|SheerForce|EarthPower,SandsearStorm,SludgeBomb,Protect|||M|||50|,,,,,Poison]Amoonguss||RockyHelmet|Regenerator|Spore,PollenPuff,Protect,RagePowder|||M|||50|,,,,,Water]Urshifu-Rapid-Strike||ChoiceScarf|UnseenFist|SurgingStrikes,Uturn,AquaJet,CloseCombat|||F|||50|,,,,,Water\n|showteam|p2|Zacian-Crowned||RustedSword|IntrepidSword|behemothblade,PlayRough,SacredSword,Protect||||||50|,,,,,Dragon]Calyrex-Shadow||FocusSash|AsOneSpectrier|AstralBarrage,Psychic,NastyPlot,Protect||||||50|,,,,,Ghost]Incineroar||SafetyGoggles|Intimidate|KnockOff,FlareBlitz,FakeOut,PartingShot|||F|||50|,,,,,Ghost]Rillaboom||AssaultVest|GrassySurge|WoodHammer,GrassyGlide,FakeOut,Uturn|||F|||50|,,,,,Fire]Urshifu-Rapid-Strike||MysticWater|UnseenFist|AquaJet,SurgingStrikes,CloseCombat,Protect|||M|||50|,,,,,Grass]Ditto||ExpertBelt|Imposter|Transform||||||50|,,,,,Stellar\n|l|\u2606Theverynotsusman\n|player|p2|\n|j|\u2606Theverynotsusman\n|player|p2|Theverynotsusman|169|\n|\n|t:|1746098408\n|start\n|switch|p1a: Urshifu|Urshifu-Rapid-Strike, L50, F|100/100\n|switch|p1b: Tornadus|Tornadus, L50, M|100/100\n|switch|p2a: Ditto|Ditto, L50|100/100\n|switch|p2b: Calyrex|Calyrex-Shadow, L50|100/100\n|-ability|p2b: Calyrex|As One\n|-ability|p2b: Calyrex|Unnerve\n|-transform|p2a: Ditto|p1b: Tornadus|[from] ability: Imposter\n|turn|1\n|\n|t:|1746098428\n|switch|p2b: Urshifu|Urshifu-Rapid-Strike, L50, M|100/100\n|-terastallize|p1a: Urshifu|Water\n|move|p2a: Ditto|Tailwind|p2a: Ditto\n|-sidestart|p2: Theverynotsusman|move: Tailwind\n|move|p1b: Tornadus|Taunt|p2a: Ditto\n|-start|p2a: Ditto|move: Taunt\n|move|p1a: Urshifu|Surging Strikes|p2b: Urshifu\n|-resisted|p2b: Urshifu\n|-crit|p2b: Urshifu\n|-damage|p2b: Urshifu|87/100\n|-resisted|p2b: Urshifu\n|-crit|p2b: Urshifu\n|-damage|p2b: Urshifu|73/100\n|-resisted|p2b: Urshifu\n|-crit|p2b: Urshifu\n|-damage|p2b: Urshifu|58/100\n|-hitcount|p2b: Urshifu|3\n|\n|upkeep\n|turn|2\n|\n|t:|1746098450\n|move|p1b: Tornadus|Tailwind|p1b: Tornadus\n|-sidestart|p1: Jean CHASUBLE 1|move: Tailwind\n|move|p1a: Urshifu|Surging Strikes|p2a: Ditto\n|-crit|p2a: Ditto\n|-damage|p2a: Ditto|67/100\n|-crit|p2a: Ditto\n|-damage|p2a: Ditto|36/100\n|-crit|p2a: Ditto\n|-damage|p2a: Ditto|5/100\n|-hitcount|p2a: Ditto|3\n|move|p2b: Urshifu|Close Combat|p1a: Urshifu\n|-damage|p1a: Urshifu|34/100\n|-unboost|p2b: Urshifu|def|1\n|-unboost|p2b: Urshifu|spd|1\n|move|p2a: Ditto|Bleakwind Storm|p1b: Tornadus|[spread] p1a,p1b\n|-damage|p1a: Urshifu|0 fnt\n|-damage|p1b: Tornadus|66/100\n|faint|p1a: Urshifu\n|\n|upkeep\n|\n|t:|1746098467\n|switch|p1a: Zacian|Zacian-Crowned, L50|100/100\n|-ability|p1a: Zacian|Intrepid Sword|boost\n|-boost|p1a: Zacian|atk|1\n|turn|3\n|\n|t:|1746098492\n|move|p2b: Urshifu|Aqua Jet|p1a: Zacian\n|-damage|p1a: Zacian|79/100\n|move|p1a: Zacian|Behemoth Blade|p2b: Urshifu\n|-resisted|p2b: Urshifu\n|-damage|p2b: Urshifu|0 fnt\n|faint|p2b: Urshifu\n|move|p2a: Ditto|Bleakwind Storm|p1b: Tornadus|[spread] p1a,p1b\n|-resisted|p1a: Zacian\n|-damage|p1a: Zacian|66/100\n|-damage|p1b: Tornadus|35/100\n|move|p1b: Tornadus|Bleakwind Storm|p2a: Ditto\n|-crit|p2a: Ditto\n|-damage|p2a: Ditto|0 fnt\n|faint|p2a: Ditto\n|\n|upkeep\n|\n|t:|1746098505\n|switch|p2b: Zacian|Zacian-Crowned, L50|100/100\n|switch|p2a: Calyrex|Calyrex-Shadow, L50|100/100\n|-ability|p2a: Calyrex|As One\n|-ability|p2a: Calyrex|Unnerve\n|-ability|p2b: Zacian|Intrepid Sword|boost\n|-boost|p2b: Zacian|atk|1\n|turn|4\n|\n|t:|1746098518\n|switch|p1b: Kyogre|Kyogre, L50|100/100\n|-weather|RainDance|[from] ability: Drizzle|[of] p1b: Kyogre\n|move|p1a: Zacian|Protect|p1a: Zacian\n|-singleturn|p1a: Zacian|Protect\n|move|p2a: Calyrex|Astral Barrage|p1b: Kyogre|[spread] p1b\n|-activate|p1a: Zacian|move: Protect\n|-damage|p1b: Kyogre|76/100\n|move|p2b: Zacian|Behemoth Blade|p1a: Zacian\n|-activate|p1a: Zacian|move: Protect\n|\n|-weather|RainDance|[upkeep]\n|-sideend|p2: Theverynotsusman|move: Tailwind\n|upkeep\n|turn|5\n|\n|t:|1746098547\n|switch|p1b: Tornadus|Tornadus, L50, M|35/100\n|move|p2a: Calyrex|Protect|p2a: Calyrex\n|-singleturn|p2a: Calyrex|Protect\n|move|p2b: Zacian|Protect|p2b: Zacian\n|-singleturn|p2b: Zacian|Protect\n|move|p1a: Zacian|Behemoth Blade|p2a: Calyrex\n|-activate|p2a: Calyrex|move: Protect\n|\n|-weather|RainDance|[upkeep]\n|-sideend|p1: Jean CHASUBLE 1|move: Tailwind\n|upkeep\n|turn|6\n|\n|t:|1746098598\n|move|p1b: Tornadus|Tailwind|p1b: Tornadus\n|-sidestart|p1: Jean CHASUBLE 1|move: Tailwind\n|move|p1a: Zacian|Behemoth Blade|p2a: Calyrex\n|-enditem|p2a: Calyrex|Focus Sash\n|-damage|p2a: Calyrex|1/100\n|move|p2a: Calyrex|Astral Barrage|p1b: Tornadus|[spread] p1a,p1b\n|-crit|p1a: Zacian\n|-damage|p1a: Zacian|0 fnt\n|-damage|p1b: Tornadus|0 fnt\n|faint|p1a: Zacian\n|faint|p1b: Tornadus\n|-ability|p2a: Calyrex|Grim Neigh|boost\n|-boost|p2a: Calyrex|spa|2\n|move|p2b: Zacian|Behemoth Blade|p1: Zacian|[notarget]\n|-fail|p2b: Zacian\n|\n|-weather|RainDance|[upkeep]\n|upkeep\n|\n|t:|1746098614\n|switch|p1b: Kyogre|Kyogre, L50|76/100\n|turn|7\n|\n|t:|1746098620\n|move|p2a: Calyrex|Protect|p2a: Calyrex\n|-singleturn|p2a: Calyrex|Protect\n|move|p2b: Zacian|Protect|p2b: Zacian\n|-singleturn|p2b: Zacian|Protect\n|move|p1b: Kyogre|Water Spout|p2b: Zacian|[spread] \n|-activate|p2a: Calyrex|move: Protect\n|-activate|p2b: Zacian|move: Protect\n|\n|-weather|RainDance|[upkeep]\n|upkeep\n|turn|8\n|\n|t:|1746098635\n|-terastallize|p2b: Zacian|Dragon\n|move|p1b: Kyogre|Water Spout|p2a: Calyrex|[spread] p2a,p2b\n|-crit|p2a: Calyrex\n|-resisted|p2b: Zacian\n|-damage|p2a: Calyrex|0 fnt\n|-damage|p2b: Zacian|65/100\n|faint|p2a: Calyrex\n|move|p2b: Zacian|Play Rough|p1b: Kyogre\n|-damage|p1b: Kyogre|0 fnt\n|faint|p1b: Kyogre\n|\n|win|Theverynotsusman\n|raw|Jean CHASUBLE 1's rating: 1193 &rarr; <strong>1164</strong><br />(-29 for losing)\n|raw|Theverynotsusman's rating: 1140 &rarr; <strong>1169</strong><br />(+29 for winning)\n|l|\u2606Theverynotsusman\n|player|p2|\n", "uploadtime": 1746098667, "views": 16, "formatid": "gen9vgc2025regibo3", "rating": 1164, "private": 0, "password": null}