{"id": "gen9vgc2025regibo3-2354197984", "format": "[Gen 9] VGC 2025 Reg I (Bo3)", "players": ["the rial rondo", "Jbsmah"], "log": "|j|\u2606the rial rondo\n|j|\u2606Jbsmah\n|html|<table width=\"100%\"><tr><td align=\"left\">the rial rondo</td><td align=\"right\">Jbsmah</tr><tr><td align=\"left\"><i class=\"fa fa-circle-o\"></i> <i class=\"fa fa-circle-o\"></i> </td><td align=\"right\"><i class=\"fa fa-circle-o\"></i> <i class=\"fa fa-circle-o\"></i> </tr></table>\n|uhtml|bestof|<h2><strong>Game 1</strong> of <a href=\"/game-bestof3-gen9vgc2025regibo3-2354197983\">a best-of-3</a></h2>\n|t:|1746043744\n|gametype|doubles\n|player|p1|the rial rondo|policeman-gen4|\n|player|p2|Jbsmah|170|\n|teamsize|p1|6\n|teamsize|p2|6\n|gen|9\n|tier|[Gen 9] VGC 2025 Reg I (Bo3)\n|rule|Species Clause: Limit one of each Pok\u00e9mon\n|rule|Item Clause: Limit 1 of each item\n|clearpoke\n|poke|p1|Calyrex-Shadow, L50|\n|poke|p1|Koraidon, L50|\n|poke|p1|Raging Bolt, L50|\n|poke|p1|Chi-Yu, L50|\n|poke|p1|Brute Bonnet, L50|\n|poke|p1|Whimsicott, L50, F|\n|poke|p2|Calyrex-Ice, L50|\n|poke|p2|Farigiraf, L50, F|\n|poke|p2|Ursaluna, L50, F|\n|poke|p2|Miraidon, L50|\n|poke|p2|Iron Hands, L50|\n|poke|p2|Incineroar, L50, M|\n|teampreview|4\n|showteam|p1|Calyrex-Shadow||LifeOrb|AsOneSpectrier|AstralBarrage,Psychic,Disable,Protect||||||50|,,,,,Dark]Koraidon||ClearAmulet|OrichalcumPulse|CollisionCourse,FlareBlitz,FlameCharge,Protect||||||50|,,,,,Fire]Raging Bolt||AssaultVest|Protosynthesis|Electroweb,Thunderclap,VoltSwitch,DracoMeteor||||||50|,,,,,Electric]Chi-Yu||ChoiceScarf|BeadsofRuin|Snarl,Overheat,HeatWave,DarkPulse||||||50|,,,,,Ghost]Brute Bonnet||RockyHelmet|Protosynthesis|SeedBomb,SuckerPunch,Spore,RagePowder||||||50|,,,,,Water]Whimsicott||CovertCloak|Prankster|LightScreen,Tailwind,Moonblast,Encore|||F|||50|,,,,,Dark\n|showteam|p2|Calyrex-Ice||ClearAmulet|AsOneGlastrier|GlacialLance,HighHorsepower,TrickRoom,Protect||||||50|,,,,,Fire]Farigiraf||ElectricSeed|ArmorTail|Psychic,FoulPlay,TrickRoom,Protect|||F|||50|,,,,,Fairy]Ursaluna||FlameOrb|Guts|Facade,HeadlongRush,Earthquake,Protect|||F|||50|,,,,,Poison]Miraidon||ChoiceSpecs|HadronEngine|ElectroDrift,VoltSwitch,DazzlingGleam,DracoMeteor||||||50|,,,,,Fairy]Iron Hands||AssaultVest|QuarkDrive|FakeOut,WildCharge,DrainPunch,LowKick||||||50|,,,,,Water]Incineroar||RockyHelmet|Intimidate|FlareBlitz,KnockOff,PartingShot,FakeOut|||M|||50|,,,,,Bug\n|c|\u2606the rial rondo|gl hf\n|c|\u2606Jbsmah|gl hf!\n|inactive|Battle timer is ON: inactive players will automatically lose when time's up. (requested by Jbsmah)\n|inactive|Jbsmah has 60 seconds left.\n|\n|t:|1746043793\n|start\n|switch|p1a: Koraidon|Koraidon, L50|100/100\n|switch|p1b: Chi-Yu|Chi-Yu, L50|100/100\n|switch|p2a: Farigiraf|Farigiraf, L50, F|100/100\n|switch|p2b: Miraidon|Miraidon, L50|100/100\n|-ability|p1b: Chi-Yu|Beads of Ruin\n|-fieldstart|move: Electric Terrain|[from] ability: Hadron Engine|[of] p2b: Miraidon\n|-enditem|p2a: Farigiraf|Electric Seed\n|-boost|p2a: Farigiraf|def|1|[from] item: Electric Seed\n|-weather|SunnyDay|[from] ability: Orichalcum Pulse|[of] p1a: Koraidon\n|-activate|p1a: Koraidon|Orichalcum Pulse|[source]\n|turn|1\n|inactive|the rial rondo has 30 seconds left.\n|inactive|Jbsmah has 30 seconds left.\n|\n|t:|1746043822\n|-terastallize|p1a: Koraidon|Fire\n|move|p2a: Farigiraf|Protect|p2a: Farigiraf\n|-singleturn|p2a: Farigiraf|Protect\n|move|p1b: Chi-Yu|Snarl|p2a: Farigiraf|[spread] p2b\n|-activate|p2a: Farigiraf|move: Protect\n|-damage|p2b: Miraidon|70/100\n|-unboost|p2b: Miraidon|spa|1\n|move|p2b: Miraidon|Volt Switch|p1b: Chi-Yu\n|-damage|p1b: Chi-Yu|25/100\n|\n|t:|1746043835\n|switch|p2b: Ursaluna|Ursaluna, L50, F|100/100|[from] Volt Switch\n|move|p1a: Koraidon|Flare Blitz|p2a: Farigiraf\n|-activate|p2a: Farigiraf|move: Protect\n|\n|-weather|SunnyDay|[upkeep]\n|-status|p2b: Ursaluna|brn|[from] item: Flame Orb\n|upkeep\n|turn|2\n|\n|t:|1746043849\n|move|p2b: Ursaluna|Protect|p2b: Ursaluna\n|-singleturn|p2b: Ursaluna|Protect\n|move|p1b: Chi-Yu|Snarl|p2b: Ursaluna|[spread] p2a\n|-activate|p2b: Ursaluna|move: Protect\n|-supereffective|p2a: Farigiraf\n|-damage|p2a: Farigiraf|34/100\n|-unboost|p2a: Farigiraf|spa|1\n|move|p1a: Koraidon|Flare Blitz|p2a: Farigiraf\n|-damage|p2a: Farigiraf|0 fnt\n|faint|p2a: Farigiraf\n|-damage|p1a: Koraidon|88/100|[from] Recoil\n|\n|-weather|SunnyDay|[upkeep]\n|-damage|p2b: Ursaluna|95/100 brn|[from] brn\n|upkeep\n|\n|t:|1746043860\n|switch|p2a: Miraidon|Miraidon, L50|70/100\n|-activate|p2a: Miraidon|ability: Hadron Engine\n|turn|3\n|inactive|Jbsmah has 30 seconds left.\n|\n|t:|1746043891\n|move|p1a: Koraidon|Protect|p1a: Koraidon\n|-singleturn|p1a: Koraidon|Protect\n|move|p1b: Chi-Yu|Snarl|p2a: Miraidon|[spread] p2b\n|-miss|p1b: Chi-Yu|p2a: Miraidon\n|-damage|p2b: Ursaluna|65/100 brn\n|-unboost|p2b: Ursaluna|spa|1\n|move|p2a: Miraidon|Draco Meteor|p1a: Koraidon\n|-activate|p1a: Koraidon|move: Protect\n|move|p2b: Ursaluna|Facade|p1a: Koraidon\n|-activate|p1a: Koraidon|move: Protect\n|\n|-weather|SunnyDay|[upkeep]\n|-damage|p2b: Ursaluna|60/100 brn|[from] brn\n|upkeep\n|turn|4\n|\n|t:|1746043909\n|move|p1b: Chi-Yu|Snarl|p2a: Miraidon|[spread] p2a,p2b\n|-damage|p2a: Miraidon|40/100\n|-damage|p2b: Ursaluna|33/100 brn\n|-unboost|p2a: Miraidon|spa|1\n|-unboost|p2b: Ursaluna|spa|1\n|move|p2a: Miraidon|Draco Meteor|p1a: Koraidon\n|-damage|p1a: Koraidon|0 fnt\n|-unboost|p2a: Miraidon|spa|2\n|faint|p1a: Koraidon\n|move|p2b: Ursaluna|Facade|p1b: Chi-Yu\n|-damage|p1b: Chi-Yu|0 fnt\n|faint|p1b: Chi-Yu\n|\n|-weather|SunnyDay|[upkeep]\n|-damage|p2b: Ursaluna|27/100 brn|[from] brn\n|upkeep\n|\n|t:|1746043917\n|switch|p1a: Brute Bonnet|Brute Bonnet, L50|100/100\n|switch|p1b: Calyrex|Calyrex-Shadow, L50|100/100\n|-ability|p1b: Calyrex|As One\n|-ability|p1b: Calyrex|Unnerve\n|-activate|p1a: Brute Bonnet|ability: Protosynthesis\n|-start|p1a: Brute Bonnet|protosynthesisdef\n|turn|5\n|c|\u2606Jbsmah|can I refresh real quick? sd is not letting me click any buttons to tera or stuff\n|\n|t:|1746043940\n|move|p1b: Calyrex|Astral Barrage|p2a: Miraidon|[spread] p2a\n|-immune|p2b: Ursaluna\n|-damage|p2a: Miraidon|0 fnt\n|faint|p2a: Miraidon\n|-ability|p1b: Calyrex|Grim Neigh|boost\n|-boost|p1b: Calyrex|spa|1\n|-damage|p1b: Calyrex|91/100|[from] item: Life Orb\n|move|p1a: Brute Bonnet|Seed Bomb|p2b: Ursaluna\n|-supereffective|p2b: Ursaluna\n|-damage|p2b: Ursaluna|0 fnt\n|faint|p2b: Ursaluna\n|\n|-weather|none\n|-end|p1a: Brute Bonnet|Protosynthesis\n|-fieldend|move: Electric Terrain\n|upkeep\n|\n|t:|1746043951\n|switch|p2b: Calyrex|Calyrex-Ice, L50|100/100\n|-ability|p2b: Calyrex|As One\n|-ability|p2b: Calyrex|Unnerve\n|turn|6\n|\n|t:|1746043966\n|-terastallize|p2b: Calyrex|Fire\n|move|p1b: Calyrex|Astral Barrage|p2b: Calyrex\n|-damage|p2b: Calyrex|5/100\n|-damage|p1b: Calyrex|82/100|[from] item: Life Orb\n|move|p1a: Brute Bonnet|Spore|p2b: Calyrex\n|-status|p2b: Calyrex|slp|[from] move: Spore\n|cant|p2b: Calyrex|slp\n|\n|upkeep\n|turn|7\n|c|\u2606Jbsmah|nvm it let me know\n|c|\u2606Jbsmah|now\n|\n|t:|1746043978\n|move|p1a: Brute Bonnet|Sucker Punch|p2b: Calyrex\n|-damage|p2b: Calyrex|0 fnt\n|faint|p2b: Calyrex\n|\n|win|the rial rondo\n||Jbsmah is ready for game 2.\n||the rial rondo is ready for game 2.\n|uhtml|next|Next: <a href=\"/battle-gen9vgc2025regibo3-2354200425\"><strong>Game 2 of 3</strong></a>\n", "uploadtime": 1746043979, "views": 9, "formatid": "gen9vgc2025regibo3", "rating": null, "private": 0, "password": null}