{"id": "gen9vgc2025regibo3-2354461451", "format": "[Gen 9] VGC 2025 Reg I (Bo3)", "players": ["DigitalWolf", "grop_vgc"], "log": "|j|\u2606DigitalWolf\n|j|\u2606grop_vgc\n|html|<table width=\"100%\"><tr><td align=\"left\">DigitalWolf</td><td align=\"right\">grop_vgc</tr><tr><td align=\"left\"><i class=\"fa fa-circle\"></i> <i class=\"fa fa-circle-o\"></i> </td><td align=\"right\"><i class=\"fa fa-circle-o\"></i> <i class=\"fa fa-circle-o\"></i> </tr></table>\n|uhtml|bestof|<h2><strong>Game 2</strong> of <a href=\"/game-bestof3-gen9vgc2025regibo3-2354460063\">a best-of-3</a></h2>\n|t:|1746075205\n|gametype|doubles\n|player|p1|DigitalWolf|102|1178\n|player|p2|grop_vgc|1|1102\n|teamsize|p1|6\n|teamsize|p2|6\n|gen|9\n|tier|[Gen 9] VGC 2025 Reg I (Bo3)\n|rated|\n|rule|Species Clause: Limit one of each Pok\u00e9mon\n|rule|Item Clause: Limit 1 of each item\n|clearpoke\n|poke|p1|Zacian-*, L50|\n|poke|p1|Kyogre, L50|\n|poke|p1|Tornadus, L50, M|\n|poke|p1|Amoonguss, L50, F|\n|poke|p1|Incineroar, L50, M|\n|poke|p1|Urshifu-*, L50, M|\n|poke|p2|Koraidon, L50|\n|poke|p2|Calyrex-Shadow, L50|\n|poke|p2|Weezing, L50, M|\n|poke|p2|Dondozo, L50, M|\n|poke|p2|Tatsugiri-Droopy, L50, F|\n|poke|p2|Chi-Yu, L50|\n|teampreview|4\n|showteam|p1|Zacian-Crowned||RustedSword|IntrepidSword|behemothblade,PlayRough,SacredSword,Protect||||||50|,,,,,Fairy]Kyogre||AssaultVest|Drizzle|WaterSpout,OriginPulse,IceBeam,Thunder||||||50|,,,,,Grass]Tornadus||RockyHelmet|Prankster|BleakwindStorm,Tailwind,RainDance,Taunt|||M|||50|,,,,,Dark]Amoonguss||SitrusBerry|Regenerator|PollenPuff,Spore,RagePowder,Protect|||F|||50|,,,,,Steel]Incineroar||SafetyGoggles|Intimidate|KnockOff,FakeOut,FlareBlitz,PartingShot|||M|||50|,,,,,Ghost]Urshifu||FocusSash|UnseenFist|SuckerPunch,WickedBlow,CloseCombat,Detect|||M|||50|,,,,,Normal\n|showteam|p2|Koraidon||AbilityShield|OrichalcumPulse|FlareBlitz,CollisionCourse,FlameCharge,Protect||||||50|,,,,,Fighting]Calyrex-Shadow||FocusSash|AsOneSpectrier|AstralBarrage,Psychic,Encore,Protect||||||50|,,,,,Psychic]Weezing||SitrusBerry|NeutralizingGas|SludgeBomb,Taunt,Protect,ToxicSpikes|||M|||50|,,,,,Dark]Dondozo||Leftovers|Unaware|OrderUp,BodyPress,WaveCrash,Protect|||M|||50|,,,,,Grass]Tatsugiri-Droopy||LifeOrb|Commander|MuddyWater,DracoMeteor,HelpingHand,Protect|||F|||50|,,,,,Steel]Chi-Yu||ChoiceScarf|BeadsofRuin|Overheat,HeatWave,Flamethrower,DarkPulse||||||50|,,,,,Ghost\n|\n|t:|1746075232\n|start\n|switch|p1a: Kyogre|Kyogre, L50|100/100\n|switch|p1b: Tornadus|Tornadus, L50, M|100/100\n|switch|p2a: Weezing|Weezing, L50, M|100/100\n|switch|p2b: Koraidon|Koraidon, L50|100/100\n|-ability|p2a: Weezing|Neutralizing Gas\n|-block|p2b: Koraidon|item: Ability Shield\n|-weather|SunnyDay|[from] ability: Orichalcum Pulse|[of] p2b: Koraidon\n|-activate|p2b: Koraidon|Orichalcum Pulse|[source]\n|turn|1\n|\n|t:|1746075274\n|-terastallize|p2b: Koraidon|Fighting\n|move|p2b: Koraidon|Collision Course|p1a: Kyogre\n|-damage|p1a: Kyogre|18/100\n|move|p1b: Tornadus|Rain Dance|p1b: Tornadus\n|-weather|RainDance\n|move|p1a: Kyogre|Ice Beam|p2b: Koraidon\n|-damage|p2b: Koraidon|62/100\n|move|p2a: Weezing|Toxic Spikes|p1a: Kyogre\n|-sidestart|p1: DigitalWolf|move: Toxic Spikes\n|\n|-weather|RainDance|[upkeep]\n|upkeep\n|turn|2\n|\n|t:|1746075321\n|move|p2b: Koraidon|Collision Course|p1a: Kyogre\n|-damage|p1a: Kyogre|0 fnt\n|faint|p1a: Kyogre\n|move|p1b: Tornadus|Tailwind|p1b: Tornadus\n|-sidestart|p1: DigitalWolf|move: Tailwind\n|move|p2a: Weezing|Sludge Bomb|p1b: Tornadus\n|-damage|p1b: Tornadus|73/100\n|-status|p1b: Tornadus|psn\n|\n|-weather|RainDance|[upkeep]\n|-damage|p1b: Tornadus|60/100 psn|[from] psn\n|upkeep\n|\n|t:|1746075344\n|switch|p1a: Incineroar|Incineroar, L50, M|100/100\n|-status|p1a: Incineroar|psn\n|turn|3\n|\n|t:|1746075372\n|switch|p2b: Tatsugiri|Tatsugiri-Droopy, L50, F|100/100\n|-end|p2a: Weezing|ability: Neutralizing Gas\n|-ability|p1a: Incineroar|Intimidate|boost\n|-unboost|p2a: Weezing|atk|1\n|-unboost|p2b: Tatsugiri|atk|1\n|switch|p2a: Dondozo|Dondozo, L50, M, shiny|100/100\n|-activate|p2b: Tatsugiri|ability: Commander|[of] p2a: Dondozo\n|-boost|p2a: Dondozo|atk|2\n|-boost|p2a: Dondozo|spa|2\n|-boost|p2a: Dondozo|spe|2\n|-boost|p2a: Dondozo|def|2\n|-boost|p2a: Dondozo|spd|2\n|move|p1b: Tornadus|Bleakwind Storm|p2b: Tatsugiri|[spread] p2a\n|-miss|p1b: Tornadus|p2b: Tatsugiri\n|-damage|p2a: Dondozo|87/100\n|move|p1a: Incineroar|Knock Off|p2a: Dondozo\n|-damage|p2a: Dondozo|76/100\n|-enditem|p2a: Dondozo|Leftovers|[from] move: Knock Off|[of] p1a: Incineroar\n|\n|-weather|RainDance|[upkeep]\n|-damage|p1b: Tornadus|48/100 psn|[from] psn\n|-damage|p1a: Incineroar|88/100 psn|[from] psn\n|upkeep\n|turn|4\n|\n|t:|1746075407\n|move|p2a: Dondozo|Protect|p2a: Dondozo\n|-singleturn|p2a: Dondozo|Protect\n|move|p1b: Tornadus|Bleakwind Storm|p2b: Tatsugiri|[spread] \n|-miss|p1b: Tornadus|p2b: Tatsugiri\n|-activate|p2a: Dondozo|move: Protect\n|move|p1a: Incineroar|Parting Shot|p2a: Dondozo\n|-activate|p2a: Dondozo|move: Protect\n|\n|-weather|RainDance|[upkeep]\n|-damage|p1b: Tornadus|35/100 psn|[from] psn\n|-damage|p1a: Incineroar|75/100 psn|[from] psn\n|upkeep\n|turn|5\n|\n|t:|1746075418\n|move|p1b: Tornadus|Bleakwind Storm|p2a: Dondozo|[spread] p2a\n|-miss|p1b: Tornadus|p2b: Tatsugiri\n|-damage|p2a: Dondozo|62/100\n|move|p1a: Incineroar|Parting Shot|p2a: Dondozo\n|-unboost|p2a: Dondozo|atk|1\n|-unboost|p2a: Dondozo|spa|1\n|\n|t:|1746075425\n|switch|p1a: Urshifu|Urshifu, L50, M|100/100|[from] Parting Shot\n|-status|p1a: Urshifu|psn\n|move|p2a: Dondozo|Body Press|p1a: Urshifu\n|-supereffective|p1a: Urshifu\n|-enditem|p1a: Urshifu|Focus Sash\n|-damage|p1a: Urshifu|1/100 psn\n|\n|-weather|none\n|-damage|p1a: Urshifu|0 fnt|[from] psn\n|faint|p1a: Urshifu\n|-damage|p1b: Tornadus|23/100 psn|[from] psn\n|-sideend|p1: DigitalWolf|move: Tailwind\n|upkeep\n|-message|DigitalWolf forfeited.\n|\n|win|grop_vgc\n||DigitalWolf is ready for game 3.\n||grop_vgc is ready for game 3.\n|uhtml|next|Next: <a href=\"/battle-gen9vgc2025regibo3-2354462809\"><strong>Game 3 of 3</strong></a>\n", "uploadtime": 1746075778, "views": 7, "formatid": "gen9vgc2025regibo3", "rating": null, "private": 0, "password": null}