{"id": "gen9vgc2025regibo3-2354176817", "format": "[Gen 9] VGC 2025 Reg I (Bo3)", "players": ["0-8 goat", "Smoukingrad"], "log": "|j|\u26060-8 goat\n|j|\u2606Smoukingrad\n|html|<table width=\"100%\"><tr><td align=\"left\">0-8 goat</td><td align=\"right\">Smoukingrad</tr><tr><td align=\"left\"><i class=\"fa fa-circle-o\"></i> <i class=\"fa fa-circle-o\"></i> </td><td align=\"right\"><i class=\"fa fa-circle-o\"></i> <i class=\"fa fa-circle-o\"></i> </tr></table>\n|uhtml|bestof|<h2><strong>Game 1</strong> of <a href=\"/game-bestof3-gen9vgc2025regibo3-2354176816\">a best-of-3</a></h2>\n|t:|1746041703\n|gametype|doubles\n|player|p1|0-8 goat|caitlin|1343\n|player|p2|Smoukingrad|kimonogirl|1361\n|teamsize|p1|6\n|teamsize|p2|6\n|gen|9\n|tier|[Gen 9] VGC 2025 Reg I (Bo3)\n|rated|\n|rule|Species Clause: Limit one of each Pok\u00e9mon\n|rule|Item Clause: Limit 1 of each item\n|clearpoke\n|poke|p1|Miraidon, L50|\n|poke|p1|Ho-Oh, L50|\n|poke|p1|Grimmsnarl, L50, M|\n|poke|p1|Incineroar, L50, M|\n|poke|p1|Wo-Chien, L50|\n|poke|p1|Raging Bolt, L50|\n|poke|p2|Groudon, L50|\n|poke|p2|Miraidon, L50|\n|poke|p2|Incineroar, L50, M|\n|poke|p2|Iron Hands, L50|\n|poke|p2|Farigiraf, L50, F|\n|poke|p2|Flutter Mane, L50|\n|teampreview|4\n|showteam|p1|Miraidon||ChoiceSpecs|HadronEngine|ElectroDrift,DracoMeteor,VoltSwitch,DazzlingGleam||||||50|,,,,,Fairy]Ho-Oh||ClearAmulet|Regenerator|Protect,SacredFire,BraveBird,Recover||||||50|,,,,,Water]Grimmsnarl||LightClay|Prankster|SpiritBreak,Reflect,LightScreen,ThunderWave|||M|||50|,,,,,Ghost]Incineroar||SafetyGoggles|Intimidate|FakeOut,KnockOff,PartingShot,FlareBlitz|||M|||50|,,,,,Water]Wo-Chien||Leftovers|TabletsofRuin|Protect,LeechSeed,PollenPuff,Ruination||||||50|,,,,,Poison]Raging Bolt||AssaultVest|Protosynthesis|Thunderclap,RisingVoltage,DracoMeteor,VoltSwitch||||||50|,,,,,Fairy\n|showteam|p2|Groudon||ClearAmulet|Drought|PrecipiceBlades,HeatCrash,HighHorsepower,Protect||||||50|,,,,,Fire]Miraidon||ChoiceSpecs|HadronEngine|ElectroDrift,DazzlingGleam,DracoMeteor,VoltSwitch||||||50|,,,,,Fairy]Incineroar||RockyHelmet|Intimidate|FakeOut,PartingShot,WillOWisp,KnockOff|||M|||50|,,,,,Ghost]Iron Hands||AssaultVest|QuarkDrive|LowKick,FakeOut,WildCharge,VoltSwitch||||||50|,,,,,Bug]Farigiraf||ElectricSeed|ArmorTail|Gravity,TrickRoom,Protect,FoulPlay|||F|||50|,,,,,Water]Flutter Mane||FocusSash|Protosynthesis|Taunt,IcyWind,Moonblast,ShadowBall||||||50|,,,,,Normal\n|j| entei enthusiast\n|\n|t:|1746041753\n|start\n|switch|p1a: Grimmsnarl|Grimmsnarl, L50, M|100/100\n|switch|p1b: Ho-Oh|Ho-Oh, L50|100/100\n|switch|p2a: Miraidon|Miraidon, L50|100/100\n|switch|p2b: Iron Hands|Iron Hands, L50|100/100\n|-fieldstart|move: Electric Terrain|[from] ability: Hadron Engine|[of] p2a: Miraidon\n|-activate|p2b: Iron Hands|ability: Quark Drive\n|-start|p2b: Iron Hands|quarkdriveatk\n|turn|1\n|\n|t:|1746041788\n|move|p1b: Ho-Oh|Protect|p1b: Ho-Oh\n|-singleturn|p1b: Ho-Oh|Protect\n|move|p1a: Grimmsnarl|Light Screen|p1a: Grimmsnarl\n|-sidestart|p1: 0-8 goat|move: Light Screen\n|move|p2a: Miraidon|Electro Drift|p1a: Grimmsnarl\n|-damage|p1a: Grimmsnarl|27/100\n|move|p2b: Iron Hands|Wild Charge|p1b: Ho-Oh\n|-activate|p1b: Ho-Oh|move: Protect\n|\n|upkeep\n|turn|2\n|\n|t:|1746041796\n|switch|p1b: Wo-Chien|Wo-Chien, L50|100/100\n|-ability|p1b: Wo-Chien|Tablets of Ruin\n|move|p1a: Grimmsnarl|Reflect|p1a: Grimmsnarl\n|-sidestart|p1: 0-8 goat|Reflect\n|move|p2a: Miraidon|Electro Drift|p1a: Grimmsnarl\n|-damage|p1a: Grimmsnarl|0 fnt\n|faint|p1a: Grimmsnarl\n|move|p2b: Iron Hands|Wild Charge|p1b: Wo-Chien\n|-resisted|p1b: Wo-Chien\n|-damage|p1b: Wo-Chien|83/100\n|-damage|p2b: Iron Hands|97/100|[from] Recoil\n|\n|-heal|p1b: Wo-Chien|90/100|[from] item: Leftovers\n|upkeep\n|\n|t:|1746041804\n|switch|p1a: Miraidon|Miraidon, L50|100/100\n|-activate|p1a: Miraidon|ability: Hadron Engine\n|turn|3\n|\n|t:|1746041814\n|switch|p2a: Flutter Mane|Flutter Mane, L50|100/100\n|-terastallize|p1a: Miraidon|Fairy\n|move|p1a: Miraidon|Dazzling Gleam|p2b: Iron Hands|[spread] p2a,p2b\n|-supereffective|p2b: Iron Hands\n|-damage|p2a: Flutter Mane|34/100\n|-damage|p2b: Iron Hands|41/100\n|move|p1b: Wo-Chien|Leech Seed|p2b: Iron Hands\n|-start|p2b: Iron Hands|move: Leech Seed\n|move|p2b: Iron Hands|Low Kick|p1b: Wo-Chien\n|-supereffective|p1b: Wo-Chien\n|-crit|p1b: Wo-Chien\n|-damage|p1b: Wo-Chien|0 fnt\n|faint|p1b: Wo-Chien\n|\n|upkeep\n|\n|t:|1746041826\n|switch|p1b: Ho-Oh|Ho-Oh, L50|100/100\n|turn|4\n|\n|t:|1746041839\n|-end|p2b: Iron Hands|Quark Drive|[silent]\n|switch|p2b: Groudon|Groudon, L50|100/100\n|-weather|SunnyDay|[from] ability: Drought|[of] p2b: Groudon\n|-activate|p2a: Flutter Mane|ability: Protosynthesis\n|-start|p2a: Flutter Mane|protosynthesisspe\n|move|p2a: Flutter Mane|Moonblast|p1a: Miraidon\n|-damage|p1a: Miraidon|71/100\n|-unboost|p1a: Miraidon|spa|1\n|move|p1a: Miraidon|Dazzling Gleam|p2b: Groudon|[spread] p2a,p2b\n|-damage|p2a: Flutter Mane|0 fnt\n|-damage|p2b: Groudon|57/100\n|faint|p2a: Flutter Mane\n|-end|p2a: Flutter Mane|Protosynthesis|[silent]\n|move|p1b: Ho-Oh|Sacred Fire|p2b: Groudon\n|-damage|p2b: Groudon|0 fnt\n|faint|p2b: Groudon\n|\n|-weather|SunnyDay|[upkeep]\n|upkeep\n|\n|t:|1746041850\n|switch|p2a: Miraidon|Miraidon, L50|100/100\n|switch|p2b: Iron Hands|Iron Hands, L50|41/100\n|-activate|p2a: Miraidon|ability: Hadron Engine\n|-activate|p2b: Iron Hands|ability: Quark Drive\n|-start|p2b: Iron Hands|quarkdriveatk\n|turn|5\n|\n|t:|1746041868\n|move|p2b: Iron Hands|Fake Out|p1a: Miraidon\n|-damage|p1a: Miraidon|59/100\n|move|p2a: Miraidon|Electro Drift|p1a: Miraidon\n|-damage|p1a: Miraidon|0 fnt\n|faint|p1a: Miraidon\n|move|p1b: Ho-Oh|Sacred Fire|p2b: Iron Hands\n|-damage|p2b: Iron Hands|0 fnt\n|faint|p2b: Iron Hands\n|-end|p2b: Iron Hands|Quark Drive|[silent]\n|\n|-weather|SunnyDay|[upkeep]\n|-fieldend|move: Electric Terrain\n|upkeep\n|turn|6\n|\n|t:|1746041877\n|move|p2a: Miraidon|Electro Drift|p1b: Ho-Oh\n|-supereffective|p1b: Ho-Oh\n|-damage|p1b: Ho-Oh|15/100\n|move|p1b: Ho-Oh|Sacred Fire|p2a: Miraidon\n|-resisted|p2a: Miraidon\n|-damage|p2a: Miraidon|63/100\n|-status|p2a: Miraidon|brn\n|\n|-weather|SunnyDay|[upkeep]\n|-damage|p2a: Miraidon|57/100 brn|[from] brn\n|upkeep\n|turn|7\n|\n|t:|1746041881\n|move|p2a: Miraidon|Electro Drift|p1b: Ho-Oh\n|-supereffective|p1b: Ho-Oh\n|-damage|p1b: Ho-Oh|0 fnt\n|faint|p1b: Ho-Oh\n|\n|win|Smoukingrad\n||Smoukingrad is ready for game 2.\n||0-8 goat is ready for game 2.\n|uhtml|next|Next: <a href=\"/battle-gen9vgc2025regibo3-2354178688\"><strong>Game 2 of 3</strong></a>\n|l| entei enthusiast\n", "uploadtime": 1746041995, "views": 7, "formatid": "gen9vgc2025regibo3", "rating": null, "private": 0, "password": null}