{"id": "gen9vgc2025regibo3-2353931251", "format": "[Gen 9] VGC 2025 Reg I (Bo3)", "players": ["Wijuci", "humanbacon"], "log": "|j|\u2606Wijuci\n|j|\u2606humanbacon\n|html|<table width=\"100%\"><tr><td align=\"left\">Wijuci</td><td align=\"right\">humanbacon</tr><tr><td align=\"left\"><i class=\"fa fa-circle-o\"></i> <i class=\"fa fa-circle-o\"></i> </td><td align=\"right\"><i class=\"fa fa-circle-o\"></i> <i class=\"fa fa-circle-o\"></i> </tr></table>\n|uhtml|bestof|<h2><strong>Game 1</strong> of <a href=\"/game-bestof3-gen9vgc2025regibo3-2353931250\">a best-of-3</a></h2>\n|t:|1746020059\n|gametype|doubles\n|player|p1|Wijuci|swimmer-gen4dp|1198\n|player|p2|humanbacon|benga|1158\n|teamsize|p1|6\n|teamsize|p2|6\n|gen|9\n|tier|[Gen 9] VGC 2025 Reg I (Bo3)\n|rated|\n|rule|Species Clause: Limit one of each Pok\u00e9mon\n|rule|Item Clause: Limit 1 of each item\n|clearpoke\n|poke|p1|Rillaboom, L50, F|\n|poke|p1|Kyogre, L50|\n|poke|p1|Raichu, L50, F|\n|poke|p1|Amoonguss, L50, F|\n|poke|p1|Calyrex-Shadow, L50|\n|poke|p1|Incineroar, L50, M|\n|poke|p2|Calyrex-Ice, L50|\n|poke|p2|Volcarona, L50, F|\n|poke|p2|Roaring Moon, L50|\n|poke|p2|Miraidon, L50|\n|poke|p2|Ursaluna-Bloodmoon, L50, M|\n|poke|p2|Ogerpon-Cornerstone, L50, F|\n|teampreview|4\n|showteam|p1|Rillaboom||AssaultVest|GrassySurge|GrassyGlide,FakeOut,DrumBeating,Uturn|||F|||50|,,,,,Fire]Kyogre||Leftovers|Drizzle|Protect,OriginPulse,CalmMind,IceBeam||||||50|,,,,,Grass]Raichu||FocusSash|LightningRod|Nuzzle,FakeOut,Encore,VoltSwitch|||F|||50|,,,,,Electric]Amoonguss||RockyHelmet|Regenerator|Spore,RagePowder,ClearSmog,PollenPuff|||F|||50|,,,,,Water]Calyrex-Shadow||GrassySeed|AsOneSpectrier|NastyPlot,DrainingKiss,AstralBarrage,Protect||||||50|,,,,,Fairy]Incineroar||SafetyGoggles|Intimidate|FlareBlitz,FakeOut,PartingShot,KnockOff|||M|||50|,,,,,Grass\n|showteam|p2|Calyrex-Ice||ClearAmulet|AsOneGlastrier|GlacialLance,HighHorsepower,TrickRoom,Protect||||||50|,,,,,Fairy]Volcarona||RockyHelmet|FlameBody|FieryDance,RagePowder,WillOWisp,StruggleBug|||F|||50|,,,,,Water]Roaring Moon||BoosterEnergy|Protosynthesis|KnockOff,Acrobatics,Tailwind,Protect||||||50|,,,,,Flying]Miraidon||ChoiceSpecs|HadronEngine|ElectroDrift,VoltSwitch,DracoMeteor,DazzlingGleam||||||50|,,,,,Fairy]Ursaluna-Bloodmoon||LifeOrb|MindsEye|BloodMoon,EarthPower,VacuumWave,Protect|||M|||50|,,,,,Normal]Ogerpon-Cornerstone||CornerstoneMask|Sturdy|IvyCudgel,WoodHammer,FollowMe,SpikyShield|||F|||50|,,,,,Rock\n|inactive|Battle timer is ON: inactive players will automatically lose when time's up. (requested by Wijuci)\n|inactive|Wijuci has 60 seconds left.\n|\n|t:|1746020096\n|start\n|switch|p1a: Rillaboom|Rillaboom, L50, F|100/100\n|switch|p1b: Calyrex|Calyrex-Shadow, L50|100/100\n|switch|p2a: Roaring Moon|Roaring Moon, L50|100/100\n|switch|p2b: Calyrex|Calyrex-Ice, L50|100/100\n|-ability|p1b: Calyrex|As One\n|-ability|p1b: Calyrex|Unnerve\n|-ability|p2b: Calyrex|As One\n|-ability|p2b: Calyrex|Unnerve\n|-fieldstart|move: Grassy Terrain|[from] ability: Grassy Surge|[of] p1a: Rillaboom\n|-enditem|p1b: Calyrex|Grassy Seed\n|-boost|p1b: Calyrex|def|1|[from] item: Grassy Seed\n|-enditem|p2a: Roaring Moon|Booster Energy\n|-activate|p2a: Roaring Moon|ability: Protosynthesis|[fromitem]\n|-start|p2a: Roaring Moon|protosynthesisspe\n|turn|1\n|\n|t:|1746020120\n|switch|p1a: Incineroar|Incineroar, L50, M|100/100\n|-ability|p1a: Incineroar|Intimidate|boost\n|-unboost|p2a: Roaring Moon|atk|1\n|-fail|p2b: Calyrex|unboost|[from] item: Clear Amulet|[of] p2b: Calyrex\n|-terastallize|p1b: Calyrex|Fairy\n|-terastallize|p2b: Calyrex|Fairy\n|move|p2a: Roaring Moon|Knock Off|p1b: Calyrex\n|-resisted|p1b: Calyrex\n|-damage|p1b: Calyrex|93/100\n|move|p1b: Calyrex|Draining Kiss|p2a: Roaring Moon\n|-supereffective|p2a: Roaring Moon\n|-damage|p2a: Roaring Moon|0 fnt\n|-heal|p1b: Calyrex|100/100|[from] drain|[of] p2a: Roaring Moon\n|faint|p2a: Roaring Moon\n|-end|p2a: Roaring Moon|Protosynthesis|[silent]\n|-ability|p1b: Calyrex|Grim Neigh|boost\n|-boost|p1b: Calyrex|spa|1\n|move|p2b: Calyrex|Trick Room|p2b: Calyrex\n|-fieldstart|move: Trick Room|[of] p2b: Calyrex\n|\n|upkeep\n|\n|t:|1746020131\n|switch|p2a: Ursaluna|Ursaluna-Bloodmoon, L50, M|100/100\n|turn|2\n|\n|t:|1746020152\n|move|p1a: Incineroar|Fake Out|p2b: Calyrex\n|-damage|p2b: Calyrex|94/100\n|move|p2a: Ursaluna|Earth Power|p1a: Incineroar\n|-supereffective|p1a: Incineroar\n|-damage|p1a: Incineroar|0 fnt\n|faint|p1a: Incineroar\n|-damage|p2a: Ursaluna|91/100|[from] item: Life Orb\n|cant|p2b: Calyrex|flinch\n|move|p1b: Calyrex|Draining Kiss|p2a: Ursaluna\n|-damage|p2a: Ursaluna|39/100\n|\n|-heal|p2a: Ursaluna|45/100|[from] Grassy Terrain\n|-heal|p2b: Calyrex|99/100|[from] Grassy Terrain\n|upkeep\n|\n|t:|1746020166\n|switch|p1a: Rillaboom|Rillaboom, L50, F|100/100\n|turn|3\n|\n|t:|1746020170\n|move|p2a: Ursaluna|Protect|p2a: Ursaluna\n|-singleturn|p2a: Ursaluna|Protect\n|move|p1a: Rillaboom|Fake Out|p2b: Calyrex\n|-damage|p2b: Calyrex|90/100\n|cant|p2b: Calyrex|flinch\n|move|p1b: Calyrex|Draining Kiss|p2a: Ursaluna\n|-activate|p2a: Ursaluna|move: Protect\n|\n|-heal|p2a: Ursaluna|52/100|[from] Grassy Terrain\n|-heal|p2b: Calyrex|96/100|[from] Grassy Terrain\n|upkeep\n|turn|4\n|\n|t:|1746020186\n|move|p1a: Rillaboom|Grassy Glide|p2a: Ursaluna\n|-supereffective|p2a: Ursaluna\n|-damage|p2a: Ursaluna|2/100\n|move|p2a: Ursaluna|Blood Moon|p1b: Calyrex\n|-damage|p1b: Calyrex|13/100\n|-damage|p2a: Ursaluna|0 fnt|[from] item: Life Orb\n|faint|p2a: Ursaluna\n|move|p2b: Calyrex|Glacial Lance|p1b: Calyrex|[spread] p1a,p1b\n|-supereffective|p1a: Rillaboom\n|-damage|p1a: Rillaboom|7/100\n|-damage|p1b: Calyrex|0 fnt\n|faint|p1b: Calyrex\n|-ability|p2b: Calyrex|Chilling Neigh|boost\n|-boost|p2b: Calyrex|atk|1\n|\n|-heal|p2b: Calyrex|100/100|[from] Grassy Terrain\n|-heal|p1a: Rillaboom|13/100|[from] Grassy Terrain\n|upkeep\n|\n|t:|1746020198\n|switch|p2a: Ogerpon|Ogerpon-Cornerstone, L50, F|100/100\n|switch|p1b: Kyogre|Kyogre, L50|100/100\n|-weather|RainDance|[from] ability: Drizzle|[of] p1b: Kyogre\n|turn|5\n|\n|t:|1746020205\n|move|p1a: Rillaboom|Grassy Glide|p2a: Ogerpon\n|-damage|p2a: Ogerpon|57/100\n|move|p2b: Calyrex|Glacial Lance|p1a: Rillaboom|[spread] p1a,p1b\n|-supereffective|p1a: Rillaboom\n|-resisted|p1b: Kyogre\n|-damage|p1a: Rillaboom|0 fnt\n|-damage|p1b: Kyogre|68/100\n|faint|p1a: Rillaboom\n|-ability|p2b: Calyrex|Chilling Neigh|boost\n|-boost|p2b: Calyrex|atk|1\n|move|p1b: Kyogre|Origin Pulse|p2b: Calyrex|[spread] p2a,p2b\n|-damage|p2a: Ogerpon|0 fnt\n|-damage|p2b: Calyrex|58/100\n|faint|p2a: Ogerpon\n|\n|-weather|RainDance|[upkeep]\n|-heal|p2b: Calyrex|64/100|[from] Grassy Terrain\n|-heal|p1b: Kyogre|73/100|[from] Grassy Terrain\n|-heal|p1b: Kyogre|79/100|[from] item: Leftovers\n|-fieldend|move: Trick Room\n|-fieldend|move: Grassy Terrain\n|upkeep\n|turn|6\n|\n|t:|1746020211\n|move|p1b: Kyogre|Origin Pulse|p2b: Calyrex\n|-damage|p2b: Calyrex|12/100\n|move|p2b: Calyrex|Trick Room|p2b: Calyrex\n|-fieldstart|move: Trick Room|[of] p2b: Calyrex\n|\n|-weather|RainDance|[upkeep]\n|-heal|p1b: Kyogre|85/100|[from] item: Leftovers\n|upkeep\n|turn|7\n|\n|t:|1746020215\n|move|p2b: Calyrex|High Horsepower|p1b: Kyogre\n|-damage|p1b: Kyogre|28/100\n|move|p1b: Kyogre|Origin Pulse|p2b: Calyrex\n|-damage|p2b: Calyrex|0 fnt\n|faint|p2b: Calyrex\n|\n|win|Wijuci\n||Wijuci is ready for game 2.\n||humanbacon is ready for game 2.\n|uhtml|next|Next: <a href=\"/battle-gen9vgc2025regibo3-2353932865\"><strong>Game 2 of 3</strong></a>\n|l|\u2606humanbacon\n|player|p2|\n|l|\u2606Wijuci\n|player|p1|\n", "uploadtime": 1746020607, "views": 12, "formatid": "gen9vgc2025regibo3", "rating": null, "private": 0, "password": null}