{"id": "gen9vgc2025regibo3-2353892170", "format": "[Gen 9] VGC 2025 Reg I (Bo3)", "players": ["bonomia", "jacopozioporco"], "log": "|j|\u2606bonomia\n|j|\u2606jacopozioporco\n|html|<table width=\"100%\"><tr><td align=\"left\">bonomia</td><td align=\"right\">jacopozioporco</tr><tr><td align=\"left\"><i class=\"fa fa-circle\"></i> <i class=\"fa fa-circle-o\"></i> </td><td align=\"right\"><i class=\"fa fa-circle-o\"></i> <i class=\"fa fa-circle-o\"></i> </tr></table>\n|uhtml|bestof|<h2><strong>Game 2</strong> of <a href=\"/game-bestof3-gen9vgc2025regibo3-2353889177\">a best-of-3</a></h2>\n|t:|1746015741\n|gametype|doubles\n|player|p1|bonomia|vessa|1208\n|player|p2|jacopozioporco|byron|1154\n|teamsize|p1|6\n|teamsize|p2|6\n|gen|9\n|tier|[Gen 9] VGC 2025 Reg I (Bo3)\n|rated|\n|rule|Species Clause: Limit one of each Pok\u00e9mon\n|rule|Item Clause: Limit 1 of each item\n|clearpoke\n|poke|p1|Calyrex-Shadow, L50|\n|poke|p1|Zamazenta-*, L50|\n|poke|p1|Urshifu-*, L50, F|\n|poke|p1|Rillaboom, L50, M|\n|poke|p1|Incineroar, L50, M|\n|poke|p1|Clefairy, L50, F|\n|poke|p2|Calyrex-Shadow, L50|\n|poke|p2|Zamazenta-*, L50|\n|poke|p2|Rillaboom, L50, M|\n|poke|p2|Tornadus, L50, M|\n|poke|p2|Urshifu-*, L50, F|\n|poke|p2|Incineroar, L50, F|\n|teampreview|4\n|showteam|p1|Calyrex-Shadow||SpookyPlate|AsOneSpectrier|Protect,AstralBarrage,NastyPlot,Psychic||||||50|,,,,,Dark]Zamazenta-Crowned||RustedShield|DauntlessShield|Protect,BodyPress,HeavySlam,WideGuard||||||50|,,,,,Dragon]Urshifu-Rapid-Strike||SplashPlate|UnseenFist|Protect,SurgingStrikes,CloseCombat,AquaJet|||F|||50|,,,,,Water]Rillaboom||AssaultVest|GrassySurge|FakeOut,GrassyGlide,WoodHammer,Uturn|||M|||50|,,,,,Fire]Incineroar||SafetyGoggles|Intimidate|FakeOut,PartingShot,KnockOff,WillOWisp|||M|||50|,,,,,Ghost]Clefairy||Eviolite|FriendGuard|Protect,FollowMe,Moonblast,Sing|||F|||50|,,,,,Grass\n|showteam|p2|Calyrex-Shadow||FocusSash|AsOneSpectrier|AstralBarrage,Psychic,NastyPlot,Protect||||||50|,,,,,Ghost]Zamazenta-Crowned||RustedShield|DauntlessShield|BodyPress,WideGuard,Imprison,Protect||||||50|,,,,,Ground]Rillaboom||AssaultVest|GrassySurge|FakeOut,GrassyGlide,Uturn,WoodHammer|||M|||50|,,,,,Fire]Tornadus||CovertCloak|Prankster|Tailwind,SunnyDay,RainDance,BleakwindStorm|||M|||50|,,,,,Dark]Urshifu-Rapid-Strike||ChoiceScarf|UnseenFist|Uturn,CloseCombat,SurgingStrikes,IceSpinner|||F|||50|,,,,,Water]Incineroar||RockyHelmet|Intimidate|FakeOut,Uturn,Taunt,KnockOff|||F|||50|,,,,,Ghost\n|inactive|Battle timer is ON: inactive players will automatically lose when time's up. (requested by bonomia)\n|inactive|jacopozioporco has 60 seconds left.\n|\n|t:|1746015783\n|start\n|switch|p1a: Clefairy|Clefairy, L50, F|100/100\n|switch|p1b: Calyrex|Calyrex-Shadow, L50|100/100\n|switch|p2a: Calyrex|Calyrex-Shadow, L50|100/100\n|switch|p2b: Zamazenta|Zamazenta-Crowned, L50|100/100\n|-ability|p1b: Calyrex|As One\n|-ability|p1b: Calyrex|Unnerve\n|-ability|p2a: Calyrex|As One\n|-ability|p2a: Calyrex|Unnerve\n|-ability|p2b: Zamazenta|Dauntless Shield|boost\n|-boost|p2b: Zamazenta|def|1\n|turn|1\n|inactive|bonomia has 30 seconds left.\n|inactive|jacopozioporco has 30 seconds left.\n|inactive|bonomia has 20 seconds left.\n|inactive|jacopozioporco has 20 seconds left.\n|inactive|bonomia has 15 seconds left.\n|inactive|jacopozioporco has 15 seconds left.\n|inactive|bonomia has 10 seconds left.\n|inactive|jacopozioporco has 10 seconds left.\n|inactive|bonomia has 5 seconds left.\n|\n|t:|1746015835\n|-terastallize|p1b: Calyrex|Dark\n|move|p2a: Calyrex|Protect|p2a: Calyrex\n|-singleturn|p2a: Calyrex|Protect\n|move|p1a: Clefairy|Follow Me|p1a: Clefairy\n|-singleturn|p1a: Clefairy|move: Follow Me\n|move|p1b: Calyrex|Nasty Plot|p1b: Calyrex\n|-boost|p1b: Calyrex|spa|2\n|move|p2b: Zamazenta|Body Press|p1a: Clefairy\n|-resisted|p1a: Clefairy\n|-damage|p1a: Clefairy|73/100\n|\n|upkeep\n|turn|2\n|\n|t:|1746015857\n|switch|p2a: Incineroar|Incineroar, L50, F|100/100\n|-ability|p2a: Incineroar|Intimidate|boost\n|-unboost|p1a: Clefairy|atk|1\n|-unboost|p1b: Calyrex|atk|1\n|move|p1b: Calyrex|Astral Barrage|p2a: Incineroar|[spread] p2a,p2b\n|-resisted|p2a: Incineroar\n|-damage|p2a: Incineroar|51/100\n|-damage|p2b: Zamazenta|7/100\n|move|p2b: Zamazenta|Body Press|p1b: Calyrex\n|-supereffective|p1b: Calyrex\n|-damage|p1b: Calyrex|0 fnt\n|faint|p1b: Calyrex\n|move|p1a: Clefairy|Moonblast|p2a: Incineroar\n|-damage|p2a: Incineroar|33/100\n|\n|upkeep\n|\n|t:|1746015873\n|switch|p1b: Urshifu|Urshifu-Rapid-Strike, L50, F|100/100\n|turn|3\n|inactive|jacopozioporco has 30 seconds left.\n|inactive|jacopozioporco has 20 seconds left.\n|\n|t:|1746015911\n|switch|p2b: Calyrex|Calyrex-Shadow, L50|100/100\n|-ability|p2b: Calyrex|As One\n|-ability|p2b: Calyrex|Unnerve\n|switch|p2a: Rillaboom|Rillaboom, L50, M|100/100\n|-fieldstart|move: Grassy Terrain|[from] ability: Grassy Surge|[of] p2a: Rillaboom\n|move|p1b: Urshifu|Protect|p1b: Urshifu\n|-singleturn|p1b: Urshifu|Protect\n|move|p1a: Clefairy|Protect||[still]\n|-fail|p1a: Clefairy\n|\n|-heal|p1a: Clefairy|80/100|[from] Grassy Terrain\n|upkeep\n|turn|4\n|inactive|jacopozioporco has 30 seconds left.\n|inactive|jacopozioporco has 20 seconds left.\n|\n|t:|1746015946\n|move|p2a: Rillaboom|Fake Out|p1b: Urshifu\n|-damage|p1b: Urshifu|92/100\n|move|p2b: Calyrex|Nasty Plot|p2b: Calyrex\n|-boost|p2b: Calyrex|spa|2\n|cant|p1b: Urshifu|flinch\n|move|p1a: Clefairy|Sing|p2b: Calyrex|[miss]\n|-miss|p1a: Clefairy|p2b: Calyrex\n|\n|-heal|p1b: Urshifu|97/100|[from] Grassy Terrain\n|-heal|p1a: Clefairy|86/100|[from] Grassy Terrain\n|upkeep\n|turn|5\n|inactive|bonomia has 30 seconds left.\n|inactive|jacopozioporco has 30 seconds left.\n|\n|t:|1746015976\n|move|p1a: Clefairy|Protect|p1a: Clefairy\n|-singleturn|p1a: Clefairy|Protect\n|move|p2b: Calyrex|Astral Barrage|p1a: Clefairy|[spread] p1b\n|-activate|p1a: Clefairy|move: Protect\n|-damage|p1b: Urshifu|5/100\n|move|p1b: Urshifu|Surging Strikes|p2b: Calyrex\n|-crit|p2b: Calyrex\n|-damage|p2b: Calyrex|71/100\n|-crit|p2b: Calyrex\n|-damage|p2b: Calyrex|42/100\n|-crit|p2b: Calyrex\n|-damage|p2b: Calyrex|15/100\n|-hitcount|p2b: Calyrex|3\n|move|p2a: Rillaboom|Wood Hammer|p1a: Clefairy\n|-activate|p1a: Clefairy|move: Protect\n|\n|-heal|p2b: Calyrex|21/100|[from] Grassy Terrain\n|-heal|p1b: Urshifu|11/100|[from] Grassy Terrain\n|-heal|p1a: Clefairy|92/100|[from] Grassy Terrain\n|upkeep\n|turn|6\n|inactive|bonomia has 30 seconds left.\n|inactive|jacopozioporco has 30 seconds left.\n|inactive|bonomia has 20 seconds left.\n|inactive|jacopozioporco has 20 seconds left.\n|inactive|jacopozioporco has 15 seconds left.\n|\n|t:|1746016019\n|switch|p2b: Incineroar|Incineroar, L50, F|33/100\n|-ability|p2b: Incineroar|Intimidate|boost\n|-unboost|p1a: Clefairy|atk|1\n|-unboost|p1b: Urshifu|atk|1\n|switch|p1b: Zamazenta|Zamazenta-Crowned, L50|100/100\n|-ability|p1b: Zamazenta|Dauntless Shield|boost\n|-boost|p1b: Zamazenta|def|1\n|move|p2a: Rillaboom|U-turn|p1a: Clefairy\n|-resisted|p1a: Clefairy\n|-damage|p1a: Clefairy|82/100\n|\n|t:|1746016039\n|switch|p2a: Calyrex|Calyrex-Shadow, L50|21/100|[from] U-turn\n|-ability|p2a: Calyrex|As One\n|-ability|p2a: Calyrex|Unnerve\n|move|p1a: Clefairy|Sing|p2a: Calyrex\n|-status|p2a: Calyrex|slp|[from] move: Sing\n|\n|-heal|p2a: Calyrex|27/100 slp|[from] Grassy Terrain\n|-heal|p2b: Incineroar|39/100|[from] Grassy Terrain\n|-heal|p1a: Clefairy|89/100|[from] Grassy Terrain\n|upkeep\n|turn|7\n|inactive|jacopozioporco has 30 seconds left.\n|inactive|bonomia has 30 seconds left.\n|\n|t:|1746016078\n|move|p2b: Incineroar|Fake Out|p1b: Zamazenta\n|-resisted|p1b: Zamazenta\n|-damage|p1b: Zamazenta|99/100\n|cant|p2a: Calyrex|slp\n|cant|p1b: Zamazenta|flinch\n|move|p1a: Clefairy|Sing|p2a: Calyrex\n|-fail|p2a: Calyrex|slp\n|\n|-heal|p2a: Calyrex|33/100 slp|[from] Grassy Terrain\n|-heal|p1b: Zamazenta|100/100|[from] Grassy Terrain\n|-heal|p2b: Incineroar|45/100|[from] Grassy Terrain\n|-heal|p1a: Clefairy|95/100|[from] Grassy Terrain\n|-fieldend|move: Grassy Terrain\n|upkeep\n|turn|8\n|inactive|jacopozioporco has 30 seconds left.\n|\n|t:|1746016103\n|-curestatus|p2a: Calyrex|slp|[msg]\n|move|p2a: Calyrex|Nasty Plot|p2a: Calyrex\n|-boost|p2a: Calyrex|spa|2\n|move|p1b: Zamazenta|Body Press|p2b: Incineroar\n|-supereffective|p2b: Incineroar\n|-damage|p2b: Incineroar|0 fnt\n|-damage|p1b: Zamazenta|84/100|[from] item: Rocky Helmet|[of] p2b: Incineroar\n|faint|p2b: Incineroar\n|move|p1a: Clefairy|Moonblast|p2a: Calyrex\n|-damage|p2a: Calyrex|12/100\n|-unboost|p2a: Calyrex|spa|1\n|\n|upkeep\n|\n|t:|1746016116\n|switch|p2b: Rillaboom|Rillaboom, L50, M|100/100\n|-fieldstart|move: Grassy Terrain|[from] ability: Grassy Surge|[of] p2b: Rillaboom\n|turn|9\n|inactive|jacopozioporco has 30 seconds left.\n|\n|t:|1746016152\n|-terastallize|p2a: Calyrex|Ghost\n|move|p2a: Calyrex|Astral Barrage|p1b: Zamazenta|[spread] p1a,p1b\n|-damage|p1a: Clefairy|0 fnt\n|-damage|p1b: Zamazenta|25/100\n|faint|p1a: Clefairy\n|-ability|p2a: Calyrex|Grim Neigh|boost\n|-boost|p2a: Calyrex|spa|1\n|move|p1b: Zamazenta|Heavy Slam|p2a: Calyrex\n|-damage|p2a: Calyrex|0 fnt\n|faint|p2a: Calyrex\n|move|p2b: Rillaboom|Wood Hammer|p1b: Zamazenta\n|-resisted|p1b: Zamazenta\n|-damage|p1b: Zamazenta|9/100\n|-damage|p2b: Rillaboom|95/100|[from] Recoil\n|\n|-heal|p1b: Zamazenta|15/100|[from] Grassy Terrain\n|-heal|p2b: Rillaboom|100/100|[from] Grassy Terrain\n|upkeep\n|-message|bonomia forfeited.\n|\n|win|jacopozioporco\n||bonomia is ready for game 3.\n||jacopozioporco is ready for game 3.\n|uhtml|next|Next: <a href=\"/battle-gen9vgc2025regibo3-2353895670\"><strong>Game 3 of 3</strong></a>\n", "uploadtime": 1746016808, "views": 7, "formatid": "gen9vgc2025regibo3", "rating": null, "private": 0, "password": null}