{"id": "gen9vgc2025regibo3-2354618090", "format": "[Gen 9] VGC 2025 Reg I (Bo3)", "players": ["Drizzelus", "el monstruo blanco"], "log": "|j|\u2606Drizzelus\n|j|\u2606el monstruo blanco\n|html|<table width=\"100%\"><tr><td align=\"left\">Drizzelus</td><td align=\"right\">el monstruo blanco</tr><tr><td align=\"left\"><i class=\"fa fa-circle-o\"></i> <i class=\"fa fa-circle-o\"></i> </td><td align=\"right\"><i class=\"fa fa-circle-o\"></i> <i class=\"fa fa-circle-o\"></i> </tr></table>\n|uhtml|bestof|<h2><strong>Game 1</strong> of <a href=\"/game-bestof3-gen9vgc2025regibo3-2354618089\">a best-of-3</a></h2>\n|t:|1746103480\n|gametype|doubles\n|player|p1|Drizzelus|youngn|1114\n|player|p2|el monstruo blanco|ghetsis|1116\n|teamsize|p1|6\n|teamsize|p2|6\n|gen|9\n|tier|[Gen 9] VGC 2025 Reg I (Bo3)\n|rated|\n|rule|Species Clause: Limit one of each Pok\u00e9mon\n|rule|Item Clause: Limit 1 of each item\n|clearpoke\n|poke|p1|Zamazenta-*, L50|\n|poke|p1|Calyrex-Shadow, L50|\n|poke|p1|Tornadus, L50, M|\n|poke|p1|Urshifu-*, L50, M|\n|poke|p1|Rillaboom, L50, M|\n|poke|p1|Incineroar, L50, M|\n|poke|p2|Raging Bolt, L50|\n|poke|p2|Chien-Pao, L50|\n|poke|p2|Miraidon, L50|\n|poke|p2|Iron Leaves, L50|\n|poke|p2|Chi-Yu, L50|\n|poke|p2|Zacian-*, L50|\n|teampreview|4\n|showteam|p1|Zamazenta-Crowned||RustedShield|DauntlessShield|BodyPress,HeavySlam,WideGuard,Protect||||||50|,,,,,Water]Calyrex-Shadow||FocusSash|AsOneSpectrier|AstralBarrage,Psychic,Encore,Protect||||||50|,,,,,Ghost]Tornadus||RockyHelmet|Prankster|BleakwindStorm,Tailwind,RainDance,Protect|||M|||50|,,,,,Dark]Urshifu-Rapid-Strike||MysticWater|UnseenFist|SurgingStrikes,CloseCombat,AquaJet,Detect|||M|||50|,,,,,Water]Rillaboom||AssaultVest|GrassySurge|WoodHammer,GrassyGlide,Uturn,FakeOut|||M|||50|,,,,,Fire]Incineroar||SafetyGoggles|Intimidate|KnockOff,Taunt,PartingShot,FakeOut|||M|||50|,,,,,Water\n|showteam|p2|Raging Bolt||BoosterEnergy|Protosynthesis|RisingVoltage,Thunderclap,DragonPulse,Snarl||||||50|,,,,,Electric]Chien-Pao||FocusSash|SwordofRuin|Protect,BrickBreak,SuckerPunch,IcicleCrash||||||50|,,,,,Water]Miraidon||ChoiceSpecs|HadronEngine|DragonPulse,ElectroDrift,SolarBeam,DazzlingGleam||||||50|,,,,,Dark]Iron Leaves||LifeOrb|QuarkDrive|Psyblade,CloseCombat,Trailblaze,LeafBlade||||||50|,,,,,Grass]Chi-Yu||CovertCloak|BeadsofRuin|DarkPulse,HeatWave,Protect,Psychic||||||50|,,,,,Ghost]Zacian-Crowned||RustedSword|IntrepidSword|SacredSword,PlayRough,behemothblade,Protect||||||50|,,,,,Fairy\n|inactive|Battle timer is ON: inactive players will automatically lose when time's up. (requested by el monstruo blanco)\n|inactive|Drizzelus has 60 seconds left.\n|\n|t:|1746103564\n|start\n|switch|p1a: Zamazenta|Zamazenta-Crowned, L50|100/100\n|switch|p1b: Rillaboom|Rillaboom, L50, M|100/100\n|switch|p2a: Miraidon|Miraidon, L50|100/100\n|switch|p2b: Chi-Yu|Chi-Yu, L50|100/100\n|-fieldstart|move: Electric Terrain|[from] ability: Hadron Engine|[of] p2a: Miraidon\n|-ability|p2b: Chi-Yu|Beads of Ruin\n|-ability|p1a: Zamazenta|Dauntless Shield|boost\n|-boost|p1a: Zamazenta|def|1\n|-fieldstart|move: Grassy Terrain|[from] ability: Grassy Surge|[of] p1b: Rillaboom\n|turn|1\n|inactive|Drizzelus has 30 seconds left.\n|inactive|Drizzelus has 20 seconds left.\n|inactive|Drizzelus has 15 seconds left.\n|inactive|Drizzelus has 10 seconds left.\n|inactive|Drizzelus has 5 seconds left.\n|\n|t:|1746103614\n|switch|p2a: Chien-Pao|Chien-Pao, L50|100/100\n|-ability|p2a: Chien-Pao|Sword of Ruin\n|move|p2b: Chi-Yu|Protect|p2b: Chi-Yu\n|-singleturn|p2b: Chi-Yu|Protect\n|move|p1a: Zamazenta|Wide Guard|p1a: Zamazenta\n|-singleturn|p1a: Zamazenta|Wide Guard\n|move|p1b: Rillaboom|Fake Out|p2a: Chien-Pao\n|-damage|p2a: Chien-Pao|83/100\n|\n|-heal|p2a: Chien-Pao|89/100|[from] Grassy Terrain\n|upkeep\n|turn|2\n|inactive|Drizzelus has 30 seconds left.\n|\n|t:|1746103645\n|switch|p2a: Miraidon|Miraidon, L50|100/100\n|-fieldstart|move: Electric Terrain|[from] ability: Hadron Engine|[of] p2a: Miraidon\n|switch|p1b: Incineroar|Incineroar, L50, M|100/100\n|-ability|p1b: Incineroar|Intimidate|boost\n|-unboost|p2a: Miraidon|atk|1\n|-unboost|p2b: Chi-Yu|atk|1\n|move|p2b: Chi-Yu|Heat Wave|p1a: Zamazenta|[spread] p1a,p1b\n|-supereffective|p1a: Zamazenta\n|-resisted|p1b: Incineroar\n|-damage|p1a: Zamazenta|27/100\n|-damage|p1b: Incineroar|78/100\n|move|p1a: Zamazenta|Body Press|p2b: Chi-Yu\n|-supereffective|p2b: Chi-Yu\n|-damage|p2b: Chi-Yu|0 fnt\n|faint|p2b: Chi-Yu\n|\n|upkeep\n|\n|t:|1746103664\n|switch|p2b: Zacian|Zacian-Crowned, L50|100/100\n|-ability|p2b: Zacian|Intrepid Sword|boost\n|-boost|p2b: Zacian|atk|1\n|turn|3\n|inactive|Drizzelus has 30 seconds left.\n|inactive|Drizzelus has 20 seconds left.\n|\n|t:|1746103701\n|switch|p1b: Rillaboom|Rillaboom, L50, M|100/100\n|-fieldstart|move: Grassy Terrain|[from] ability: Grassy Surge|[of] p1b: Rillaboom\n|move|p1a: Zamazenta|Protect|p1a: Zamazenta\n|-singleturn|p1a: Zamazenta|Protect\n|move|p2b: Zacian|Sacred Sword|p1a: Zamazenta\n|-activate|p1a: Zamazenta|move: Protect\n|move|p2a: Miraidon|Electro Drift|p1b: Rillaboom\n|-resisted|p1b: Rillaboom\n|-damage|p1b: Rillaboom|71/100\n|\n|-heal|p1a: Zamazenta|33/100|[from] Grassy Terrain\n|-heal|p1b: Rillaboom|77/100|[from] Grassy Terrain\n|upkeep\n|turn|4\n|\n|t:|1746103723\n|switch|p2a: Chien-Pao|Chien-Pao, L50|89/100\n|-ability|p2a: Chien-Pao|Sword of Ruin\n|switch|p1a: Incineroar|Incineroar, L50, M|78/100\n|-ability|p1a: Incineroar|Intimidate|boost\n|-unboost|p2a: Chien-Pao|atk|1\n|-unboost|p2b: Zacian|atk|1\n|move|p1b: Rillaboom|Fake Out|p2a: Chien-Pao\n|-damage|p2a: Chien-Pao|70/100\n|move|p2b: Zacian|Sacred Sword|p1a: Incineroar\n|-supereffective|p1a: Incineroar\n|-damage|p1a: Incineroar|13/100\n|\n|-heal|p2a: Chien-Pao|76/100|[from] Grassy Terrain\n|-heal|p1b: Rillaboom|83/100|[from] Grassy Terrain\n|-heal|p1a: Incineroar|19/100|[from] Grassy Terrain\n|upkeep\n|turn|5\n|inactive|Drizzelus has 30 seconds left.\n|inactive|el monstruo blanco has 30 seconds left.\n|inactive|Drizzelus has 20 seconds left.\n|inactive|Drizzelus has 15 seconds left.\n|inactive|Drizzelus has 10 seconds left.\n|\n|t:|1746103772\n|switch|p1b: Calyrex|Calyrex-Shadow, L50|100/100\n|-ability|p1b: Calyrex|As One\n|-ability|p1b: Calyrex|Unnerve\n|move|p1a: Incineroar|Fake Out|p2a: Chien-Pao\n|-damage|p2a: Chien-Pao|61/100\n|move|p2b: Zacian|Behemoth Blade|p1a: Incineroar\n|-resisted|p1a: Incineroar\n|-damage|p1a: Incineroar|0 fnt\n|faint|p1a: Incineroar\n|cant|p2a: Chien-Pao|flinch\n|\n|-heal|p2a: Chien-Pao|67/100|[from] Grassy Terrain\n|upkeep\n|\n|t:|1746103791\n|switch|p1a: Rillaboom|Rillaboom, L50, M|83/100\n|turn|6\n|inactive|Drizzelus has 30 seconds left.\n|\n|t:|1746103817\n|-terastallize|p1b: Calyrex|Ghost\n|move|p2b: Zacian|Protect|p2b: Zacian\n|-singleturn|p2b: Zacian|Protect\n|move|p2a: Chien-Pao|Protect|p2a: Chien-Pao\n|-singleturn|p2a: Chien-Pao|Protect\n|move|p1a: Rillaboom|Fake Out|p2a: Chien-Pao\n|-activate|p2a: Chien-Pao|move: Protect\n|move|p1b: Calyrex|Astral Barrage|p2a: Chien-Pao|[spread] \n|-activate|p2a: Chien-Pao|move: Protect\n|-activate|p2b: Zacian|move: Protect\n|\n|-heal|p2a: Chien-Pao|73/100|[from] Grassy Terrain\n|-heal|p1a: Rillaboom|89/100|[from] Grassy Terrain\n|upkeep\n|turn|7\n|inactive|Drizzelus has 30 seconds left.\n|inactive|Drizzelus has 20 seconds left.\n|inactive|Drizzelus has 15 seconds left.\n|\n|t:|1746103857\n|move|p2a: Chien-Pao|Sucker Punch||[still]\n|-fail|p2a: Chien-Pao\n|move|p1b: Calyrex|Encore|p2b: Zacian\n|-start|p2b: Zacian|Encore\n|move|p2b: Zacian|Protect||[still]\n|-fail|p2b: Zacian\n|move|p1a: Rillaboom|Wood Hammer|p2a: Chien-Pao\n|-damage|p2a: Chien-Pao|0 fnt\n|faint|p2a: Chien-Pao\n|-damage|p1a: Rillaboom|71/100|[from] Recoil\n|\n|-heal|p1a: Rillaboom|77/100|[from] Grassy Terrain\n|-fieldend|move: Grassy Terrain\n|upkeep\n|\n|t:|1746103877\n|switch|p2a: Miraidon|Miraidon, L50|100/100\n|-fieldstart|move: Electric Terrain|[from] ability: Hadron Engine|[of] p2a: Miraidon\n|turn|8\n|\n|t:|1746103886\n|move|p2b: Zacian|Protect|p2b: Zacian\n|-singleturn|p2b: Zacian|Protect\n|move|p1b: Calyrex|Astral Barrage|p2b: Zacian|[spread] p2a\n|-activate|p2b: Zacian|move: Protect\n|-damage|p2a: Miraidon|40/100\n|move|p2a: Miraidon|Dazzling Gleam|p1b: Calyrex|[spread] p1a,p1b\n|-damage|p1a: Rillaboom|49/100\n|-damage|p1b: Calyrex|56/100\n|move|p1a: Rillaboom|U-turn|p2a: Miraidon\n|-damage|p2a: Miraidon|16/100\n|\n|t:|1746103898\n|switch|p1a: Zamazenta|Zamazenta-Crowned, L50|33/100|[from] U-turn\n|\n|upkeep\n|turn|9\n|\n|t:|1746103911\n|move|p2b: Zacian|Protect|p2b: Zacian\n|-singleturn|p2b: Zacian|Protect\n|move|p1b: Calyrex|Astral Barrage|p2a: Miraidon|[spread] p2a\n|-activate|p2b: Zacian|move: Protect\n|-damage|p2a: Miraidon|0 fnt\n|faint|p2a: Miraidon\n|-ability|p1b: Calyrex|Grim Neigh|boost\n|-boost|p1b: Calyrex|spa|1\n|move|p1a: Zamazenta|Body Press|p2b: Zacian\n|-activate|p2b: Zacian|move: Protect\n|\n|-end|p2b: Zacian|Encore\n|upkeep\n|turn|10\n|-message|el monstruo blanco forfeited.\n|\n|win|Drizzelus\n|l|\u2606el monstruo blanco\n|player|p2|\n||Drizzelus is ready for game 2.\n||el monstruo blanco is ready for game 2.\n|uhtml|next|Next: <a href=\"/battle-gen9vgc2025regibo3-2354621677\"><strong>Game 2 of 3</strong></a>\n", "uploadtime": 1746104251, "views": 7, "formatid": "gen9vgc2025regibo3", "rating": null, "private": 0, "password": null}