{"id": "gen9vgc2025regibo3-2354786924", "format": "[Gen 9] VGC 2025 Reg I (Bo3)", "players": ["Pepitolopalote", "LeCehlou"], "log": "|j|\u2606Pepitolopalote\n|j|\u2606LeCehlou\n|html|<table width=\"100%\"><tr><td align=\"left\">Pepitolopalote</td><td align=\"right\">LeCehlou</tr><tr><td align=\"left\"><i class=\"fa fa-circle-o\"></i> <i class=\"fa fa-circle-o\"></i> </td><td align=\"right\"><i class=\"fa fa-circle-o\"></i> <i class=\"fa fa-circle-o\"></i> </tr></table>\n|uhtml|bestof|<h2><strong>Game 1</strong> of <a href=\"/game-bestof3-gen9vgc2025regibo3-2354786923\">a best-of-3</a></h2>\n|t:|1746119705\n|gametype|doubles\n|player|p1|Pepitolopalote|hiker-gen4|1172\n|player|p2|LeCehlou|266|1271\n|teamsize|p1|6\n|teamsize|p2|6\n|gen|9\n|tier|[Gen 9] VGC 2025 Reg I (Bo3)\n|rated|\n|rule|Species Clause: Limit one of each Pok\u00e9mon\n|rule|Item Clause: Limit 1 of each item\n|clearpoke\n|poke|p1|Miraidon, L50|\n|poke|p1|Lunala, L50|\n|poke|p1|Whimsicott, L50, M|\n|poke|p1|Ursaluna, L50, F|\n|poke|p1|Urshifu-*, L50, F|\n|poke|p1|Incineroar, L50, F|\n|poke|p2|Rayquaza, L50|\n|poke|p2|Weezing-Galar, L50, M|\n|poke|p2|Calyrex-Shadow, L50|\n|poke|p2|Dondozo, L50, M|\n|poke|p2|Tatsugiri, L50, M|\n|poke|p2|Chien-Pao, L50|\n|teampreview|4\n|showteam|p1|Miraidon||ChoiceSpecs|HadronEngine|ElectroDrift,DracoMeteor,VoltSwitch,Snarl||||||50|,,,,,Electric]Lunala||ElectricSeed|ShadowShield|MoongeistBeam,Moonblast,WideGuard,TrickRoom||||||50|,,,,,Fairy]Whimsicott||CovertCloak|Prankster|Tailwind,LightScreen,Encore,Moonblast|||M|||50|,,,,,Dark]Ursaluna||FlameOrb|Guts|Facade,Earthquake,HeadlongRush,Protect|||F|||50|,,,,,Ghost]Urshifu-Rapid-Strike||MysticWater|UnseenFist|SurgingStrikes,CloseCombat,Taunt,Detect|||F|||50|,,,,,Water]Incineroar||AssaultVest|Intimidate|FlareBlitz,KnockOff,FakeOut,Uturn|||F|||50|,,,,,Ghost\n|showteam|p2|Rayquaza||ClearAmulet|AirLock|Protect,ExtremeSpeed,SwordsDance,DragonAscent||||||50|,,,,,Normal]Weezing-Galar||RockyHelmet|NeutralizingGas|Protect,WillOWisp,ToxicSpikes,StrangeSteam|||M|||50|,,,,,Water]Calyrex-Shadow||LifeOrb|AsOneSpectrier|Protect,AstralBarrage,Psychic,Taunt||||||50|,,,,,Dark]Dondozo||Leftovers|Unaware|Protect,WaveCrash,OrderUp,Earthquake|||M|||50|,,,,,Grass]Tatsugiri||ChoiceScarf|Commander|MuddyWater,DracoMeteor,IcyWind,HydroPump|||M|||50|,,,,,Normal]Chien-Pao||FocusSash|SwordofRuin|Protect,IcicleCrash,SuckerPunch,Crunch||||||50|,,,,,Stellar\n|c|\u2606Pepitolopalote|oh shit this is a wild team ngl\n|\n|t:|1746119771\n|start\n|switch|p1a: Whimsicott|Whimsicott, L50, M|100/100\n|switch|p1b: Urshifu|Urshifu-Rapid-Strike, L50, F|100/100\n|switch|p2a: Calyrex|Calyrex-Shadow, L50|100/100\n|switch|p2b: Weezing|Weezing-Galar, L50, M|100/100\n|-ability|p2b: Weezing|Neutralizing Gas\n|-ability|p2a: Calyrex|As One\n|-ability|p2a: Calyrex|Unnerve\n|turn|1\n|\n|t:|1746119797\n|-terastallize|p1a: Whimsicott|Dark\n|move|p1b: Urshifu|Detect|p1b: Urshifu\n|-singleturn|p1b: Urshifu|Protect\n|move|p2a: Calyrex|Taunt|p1a: Whimsicott\n|-start|p1a: Whimsicott|move: Taunt\n|cant|p1a: Whimsicott|move: Taunt|Tailwind\n|move|p2b: Weezing|Will-O-Wisp|p1b: Urshifu\n|-activate|p1b: Urshifu|move: Protect\n|\n|upkeep\n|turn|2\n|\n|t:|1746119823\n|switch|p1a: Lunala|Lunala, L50|100/100\n|move|p2a: Calyrex|Psychic|p1b: Urshifu\n|-supereffective|p1b: Urshifu\n|-damage|p1b: Urshifu|0 fnt\n|faint|p1b: Urshifu\n|-ability|p2a: Calyrex|Grim Neigh|boost\n|-boost|p2a: Calyrex|spa|1\n|-damage|p2a: Calyrex|91/100|[from] item: Life Orb\n|move|p2b: Weezing|Strange Steam|p1a: Lunala\n|-damage|p1a: Lunala|82/100\n|\n|upkeep\n|\n|t:|1746119828\n|switch|p1b: Miraidon|Miraidon, L50|100/100\n|turn|3\n|\n|t:|1746119839\n|move|p2a: Calyrex|Protect|p2a: Calyrex\n|-singleturn|p2a: Calyrex|Protect\n|move|p1a: Lunala|Wide Guard|p1a: Lunala\n|-singleturn|p1a: Lunala|Wide Guard\n|move|p1b: Miraidon|Volt Switch|p2a: Calyrex\n|-activate|p2a: Calyrex|move: Protect\n|move|p2b: Weezing|Strange Steam|p1b: Miraidon\n|-supereffective|p1b: Miraidon\n|-damage|p1b: Miraidon|60/100\n|\n|upkeep\n|turn|4\n|\n|t:|1746119851\n|switch|p1b: Whimsicott|Whimsicott, L50, M, tera:Dark|100/100\n|move|p2a: Calyrex|Psychic|p1b: Whimsicott\n|-immune|p1b: Whimsicott\n|move|p1a: Lunala|Moongeist Beam|p2a: Calyrex\n|-supereffective|p2a: Calyrex\n|-damage|p2a: Calyrex|0 fnt\n|faint|p2a: Calyrex\n|move|p2b: Weezing|Strange Steam|p1b: Whimsicott\n|-supereffective|p1b: Whimsicott\n|-damage|p1b: Whimsicott|31/100\n|\n|upkeep\n|\n|t:|1746119856\n|switch|p2a: Rayquaza|Rayquaza, L50, shiny|100/100\n|turn|5\n|\n|t:|1746119881\n|-terastallize|p2a: Rayquaza|Normal\n|move|p2a: Rayquaza|Extreme Speed|p1b: Whimsicott\n|-damage|p1b: Whimsicott|0 fnt\n|faint|p1b: Whimsicott\n|move|p1a: Lunala|Moonblast|p2a: Rayquaza\n|-damage|p2a: Rayquaza|62/100\n|move|p2b: Weezing|Toxic Spikes|p1a: Lunala\n|-sidestart|p1: Pepitolopalote|move: Toxic Spikes\n|\n|upkeep\n|\n|t:|1746119885\n|switch|p1b: Miraidon|Miraidon, L50|60/100\n|-status|p1b: Miraidon|psn\n|turn|6\n|\n|t:|1746119897\n|move|p2a: Rayquaza|Protect|p2a: Rayquaza\n|-singleturn|p2a: Rayquaza|Protect\n|move|p2b: Weezing|Protect|p2b: Weezing\n|-singleturn|p2b: Weezing|Protect\n|move|p1b: Miraidon|Electro Drift|p2b: Weezing\n|-activate|p2b: Weezing|move: Protect\n|move|p1a: Lunala|Moongeist Beam|p2b: Weezing\n|-activate|p2b: Weezing|move: Protect\n|\n|-damage|p1b: Miraidon|48/100 psn|[from] psn\n|upkeep\n|turn|7\n|\n|t:|1746119907\n|-end|p2b: Weezing|ability: Neutralizing Gas\n|-fieldstart|move: Electric Terrain|[from] ability: Hadron Engine|[of] p1b: Miraidon\n|-enditem|p1a: Lunala|Electric Seed\n|-boost|p1a: Lunala|def|1|[from] item: Electric Seed\n|switch|p2b: Chien-Pao|Chien-Pao, L50|100/100\n|-ability|p2b: Chien-Pao|Sword of Ruin\n|move|p2a: Rayquaza|Extreme Speed|p1b: Miraidon\n|-damage|p1b: Miraidon|0 fnt\n|faint|p1b: Miraidon\n|move|p1a: Lunala|Moonblast|p2a: Rayquaza\n|-damage|p2a: Rayquaza|23/100\n|\n|upkeep\n|turn|8\n|\n|t:|1746119916\n|move|p2b: Chien-Pao|Crunch|p1a: Lunala\n|-supereffective|p1a: Lunala\n|-damage|p1a: Lunala|0 fnt\n|faint|p1a: Lunala\n|\n|win|LeCehlou\n||Pepitolopalote is ready for game 2.\n||LeCehlou is ready for game 2.\n|uhtml|next|Next: <a href=\"/battle-gen9vgc2025regibo3-2354789443\"><strong>Game 2 of 3</strong></a>\n|l|\u2606Pepitolopalote\n|player|p1|\n|l|\u2606LeCehlou\n|player|p2|\n", "uploadtime": 1746120159, "views": 5, "formatid": "gen9vgc2025regibo3", "rating": null, "private": 0, "password": null}