{"id": "gen9vgc2025regibo3-2353870619", "format": "[Gen 9] VGC 2025 Reg I (Bo3)", "players": ["dambro222", "Inkin"], "log": "|j|\u2606dambro222\n|j|\u2606Inkin\n|html|<table width=\"100%\"><tr><td align=\"left\">dambro222</td><td align=\"right\">Inkin</tr><tr><td align=\"left\"><i class=\"fa fa-circle-o\"></i> <i class=\"fa fa-circle-o\"></i> </td><td align=\"right\"><i class=\"fa fa-circle-o\"></i> <i class=\"fa fa-circle-o\"></i> </tr></table>\n|uhtml|bestof|<h2><strong>Game 1</strong> of <a href=\"/game-bestof3-gen9vgc2025regibo3-2353870618\">a best-of-3</a></h2>\n|t:|1746012984\n|gametype|doubles\n|player|p1|dambro222|101|1218\n|player|p2|Inkin|shadowtriad|1278\n|teamsize|p1|6\n|teamsize|p2|6\n|gen|9\n|tier|[Gen 9] VGC 2025 Reg I (Bo3)\n|rated|\n|rule|Species Clause: Limit one of each Pok\u00e9mon\n|rule|Item Clause: Limit 1 of each item\n|clearpoke\n|poke|p1|Ho-Oh, L50|\n|poke|p1|Miraidon, L50|\n|poke|p1|Flutter Mane, L50|\n|poke|p1|Iron Hands, L50|\n|poke|p1|Urshifu-*, L50, F|\n|poke|p1|Iron Treads, L50|\n|poke|p2|Koraidon, L50|\n|poke|p2|Lunala, L50|\n|poke|p2|Flutter Mane, L50|\n|poke|p2|Chi-Yu, L50|\n|poke|p2|Brute Bonnet, L50|\n|poke|p2|Ursaluna, L50, M|\n|teampreview|4\n|showteam|p1|Ho-Oh||ClearAmulet|Regenerator|SacredFire,BraveBird,Tailwind,Protect||||||50|,,,,,Dragon]Miraidon||CovertCloak|HadronEngine|ElectroDrift,VoltSwitch,DracoMeteor,Protect||||||50|,,,,,Electric]Flutter Mane||BoosterEnergy|Protosynthesis|Moonblast,ShadowBall,IcyWind,Protect||||||50|,,,,,Fairy]Iron Hands||AssaultVest|QuarkDrive|FakeOut,DrainPunch,WildCharge,LowKick||||||50|,,,,,Water]Urshifu||FocusSash|UnseenFist|WickedBlow,CloseCombat,SuckerPunch,Detect|||F|||50|,,,,,Poison]Iron Treads||ChoiceBand|QuarkDrive|IronHead,HighHorsepower,KnockOff,SteelRoller||||||50|,,,,,Water\n|showteam|p2|Koraidon||LifeOrb|OrichalcumPulse|CloseCombat,FlareBlitz,FlameCharge,Protect||||||50|,,,,,Fire]Lunala||PowerHerb|ShadowShield|MeteorBeam,MoongeistBeam,TrickRoom,WideGuard||||||50|,,,,,Grass]Flutter Mane||FocusSash|Protosynthesis|IcyWind,Moonblast,ShadowBall,Protect||||||50|,,,,,Normal]Chi-Yu||ChoiceScarf|BeadsofRuin|HeatWave,Overheat,DarkPulse,Snarl||||||50|,,,,,Ghost]Brute Bonnet||RockyHelmet|Protosynthesis|Spore,RagePowder,SuckerPunch,SeedBomb||||||50|,,,,,Water]Ursaluna||FlameOrb|Guts|HeadlongRush,Earthquake,Facade,Protect|||M|||50|,,,,,Water\n|inactive|Battle timer is ON: inactive players will automatically lose when time's up. (requested by Inkin)\n|inactive|dambro222 has 60 seconds left.\n|\n|t:|1746013074\n|start\n|switch|p1a: Iron Hands|Iron Hands, L50|100/100\n|switch|p1b: Flutter Mane|Flutter Mane, L50|100/100\n|switch|p2a: Lunala|Lunala, L50|100/100\n|switch|p2b: Koraidon|Koraidon, L50|100/100\n|-weather|SunnyDay|[from] ability: Orichalcum Pulse|[of] p2b: Koraidon\n|-activate|p1b: Flutter Mane|ability: Protosynthesis\n|-start|p1b: Flutter Mane|protosynthesisspe\n|-activate|p2b: Koraidon|Orichalcum Pulse|[source]\n|turn|1\n|inactive|dambro222 has 30 seconds left.\n|\n|t:|1746013100\n|switch|p2b: Ursaluna|Ursaluna, L50, M|100/100\n|move|p1a: Iron Hands|Fake Out|p2b: Ursaluna\n|-damage|p2b: Ursaluna|89/100\n|move|p1b: Flutter Mane|Icy Wind|p2b: Ursaluna|[spread] p2a,p2b\n|-supereffective|p2b: Ursaluna\n|-damage|p2a: Lunala|96/100\n|-damage|p2b: Ursaluna|65/100\n|-unboost|p2a: Lunala|spe|1\n|-unboost|p2b: Ursaluna|spe|1\n|move|p2a: Lunala|Trick Room|p2a: Lunala\n|-fieldstart|move: Trick Room|[of] p2a: Lunala\n|\n|-weather|SunnyDay|[upkeep]\n|-status|p2b: Ursaluna|brn|[from] item: Flame Orb\n|upkeep\n|turn|2\n|inactive|dambro222 has 30 seconds left.\n|\n|t:|1746013127\n|-terastallize|p1a: Iron Hands|Water\n|-terastallize|p2a: Lunala|Grass\n|move|p1b: Flutter Mane|Protect|p1b: Flutter Mane\n|-singleturn|p1b: Flutter Mane|Protect\n|move|p2b: Ursaluna|Headlong Rush|p1a: Iron Hands\n|-damage|p1a: Iron Hands|27/100\n|-unboost|p2b: Ursaluna|def|1\n|-unboost|p2b: Ursaluna|spd|1\n|move|p1a: Iron Hands|Low Kick|p2b: Ursaluna\n|-supereffective|p2b: Ursaluna\n|-damage|p2b: Ursaluna|0 fnt\n|faint|p2b: Ursaluna\n|move|p2a: Lunala|Meteor Beam||[still]\n|-prepare|p2a: Lunala|Meteor Beam\n|-boost|p2a: Lunala|spa|1\n|-enditem|p2a: Lunala|Power Herb\n|-anim|p2a: Lunala|Meteor Beam|p1b: Flutter Mane\n|-activate|p1b: Flutter Mane|move: Protect\n|\n|-weather|SunnyDay|[upkeep]\n|upkeep\n|\n|t:|1746013150\n|switch|p2b: Koraidon|Koraidon, L50|100/100\n|-activate|p2b: Koraidon|ability: Orichalcum Pulse\n|turn|3\n|\n|t:|1746013178\n|-end|p1b: Flutter Mane|Protosynthesis|[silent]\n|switch|p1b: Miraidon|Miraidon, L50|100/100\n|-fieldstart|move: Electric Terrain|[from] ability: Hadron Engine|[of] p1b: Miraidon\n|-activate|p1a: Iron Hands|ability: Quark Drive\n|-start|p1a: Iron Hands|quarkdriveatk\n|move|p1a: Iron Hands|Drain Punch|p2a: Lunala\n|-damage|p2a: Lunala|51/100\n|-heal|p1a: Iron Hands|50/100|[from] drain|[of] p2a: Lunala\n|move|p2a: Lunala|Moongeist Beam|p1b: Miraidon\n|-damage|p1b: Miraidon|32/100\n|move|p2b: Koraidon|Flare Blitz|p1a: Iron Hands\n|-resisted|p1a: Iron Hands\n|-damage|p1a: Iron Hands|14/100\n|-status|p1a: Iron Hands|brn\n|-damage|p2b: Koraidon|85/100|[from] Recoil\n|-damage|p2b: Koraidon|75/100|[from] item: Life Orb\n|\n|-weather|SunnyDay|[upkeep]\n|-damage|p1a: Iron Hands|8/100 brn|[from] brn\n|upkeep\n|turn|4\n|inactive|dambro222 has 30 seconds left.\n|inactive|Inkin has 30 seconds left.\n|inactive|dambro222 has 20 seconds left.\n|\n|t:|1746013216\n|move|p1b: Miraidon|Protect|p1b: Miraidon\n|-singleturn|p1b: Miraidon|Protect\n|move|p2b: Koraidon|Protect|p2b: Koraidon\n|-singleturn|p2b: Koraidon|Protect\n|move|p1a: Iron Hands|Low Kick|p2a: Lunala\n|-damage|p2a: Lunala|24/100\n|move|p2a: Lunala|Moongeist Beam|p1b: Miraidon\n|-activate|p1b: Miraidon|move: Protect\n|\n|-weather|SunnyDay|[upkeep]\n|-damage|p1a: Iron Hands|2/100 brn|[from] brn\n|upkeep\n|turn|5\n|inactive|Inkin has 30 seconds left.\n|inactive|Inkin has 20 seconds left.\n|\n|t:|1746013251\n|switch|p2a: Flutter Mane|Flutter Mane, L50|100/100\n|-activate|p2a: Flutter Mane|ability: Protosynthesis\n|-start|p2a: Flutter Mane|protosynthesisspe\n|move|p1a: Iron Hands|Low Kick|p2a: Flutter Mane\n|-immune|p2a: Flutter Mane\n|move|p1b: Miraidon|Draco Meteor|p2b: Koraidon\n|-supereffective|p2b: Koraidon\n|-damage|p2b: Koraidon|0 fnt\n|-unboost|p1b: Miraidon|spa|2\n|faint|p2b: Koraidon\n|\n|-weather|none\n|-end|p2a: Flutter Mane|Protosynthesis\n|-damage|p1a: Iron Hands|0 fnt|[from] brn\n|faint|p1a: Iron Hands\n|-end|p1a: Iron Hands|Quark Drive|[silent]\n|-fieldend|move: Trick Room\n|upkeep\n|\n|t:|1746013270\n|switch|p2b: Lunala|Lunala, L50, tera:Grass|24/100\n|switch|p1a: Flutter Mane|Flutter Mane, L50|100/100\n|-enditem|p1a: Flutter Mane|Booster Energy\n|-activate|p1a: Flutter Mane|ability: Protosynthesis|[fromitem]\n|-start|p1a: Flutter Mane|protosynthesisspe\n|turn|6\n|inactive|Inkin has 30 seconds left.\n|inactive|Inkin has 20 seconds left.\n|inactive|Inkin has 15 seconds left.\n|inactive|Inkin has 10 seconds left.\n|\n|t:|1746013319\n|move|p1a: Flutter Mane|Icy Wind|p2a: Flutter Mane|[spread] p2a,p2b\n|-supereffective|p2b: Lunala\n|-damage|p2a: Flutter Mane|85/100\n|-damage|p2b: Lunala|6/100\n|-unboost|p2a: Flutter Mane|spe|1\n|-unboost|p2b: Lunala|spe|1\n|move|p1b: Miraidon|Volt Switch|p2b: Lunala\n|-resisted|p2b: Lunala\n|-damage|p2b: Lunala|0 fnt\n|faint|p2b: Lunala\n|\n|t:|1746013328\n|switch|p1b: Urshifu|Urshifu, L50, F|100/100|[from] Volt Switch\n|move|p2a: Flutter Mane|Moonblast|p1b: Urshifu\n|-supereffective|p1b: Urshifu\n|-enditem|p1b: Urshifu|Focus Sash\n|-damage|p1b: Urshifu|1/100\n|\n|upkeep\n|turn|7\n|-message|Inkin forfeited.\n|\n|win|dambro222\n|l|\u2606Inkin\n|player|p2|\n||Inkin is ready for game 2.\n", "uploadtime": 1746013338, "views": 9, "formatid": "gen9vgc2025regibo3", "rating": null, "private": 0, "password": null}