{"id": "gen9vgc2025regibo3-2353795927", "format": "[Gen 9] VGC 2025 Reg I (Bo3)", "players": ["zisar", "Pen makaveli"], "log": "|j|\u2606zisar\n|j|\u2606Pen makaveli\n|html|<table width=\"100%\"><tr><td align=\"left\">zisar</td><td align=\"right\">Pen makaveli</tr><tr><td align=\"left\"><i class=\"fa fa-circle\"></i> <i class=\"fa fa-circle-o\"></i> </td><td align=\"right\"><i class=\"fa fa-circle-o\"></i> <i class=\"fa fa-circle-o\"></i> </tr></table>\n|uhtml|bestof|<h2><strong>Game 2</strong> of <a href=\"/game-bestof3-gen9vgc2025regibo3-2353794429\">a best-of-3</a></h2>\n|t:|1746001353\n|gametype|doubles\n|player|p1|zisar|blue|1191\n|player|p2|Pen makaveli|marshal|1109\n|teamsize|p1|6\n|teamsize|p2|6\n|gen|9\n|tier|[Gen 9] VGC 2025 Reg I (Bo3)\n|rated|\n|rule|Species Clause: Limit one of each Pok\u00e9mon\n|rule|Item Clause: Limit 1 of each item\n|clearpoke\n|poke|p1|Terapagos, L50, M|\n|poke|p1|Ho-Oh, L50|\n|poke|p1|Rillaboom, L50, F|\n|poke|p1|Raging Bolt, L50|\n|poke|p1|Basculegion, L50, M|\n|poke|p1|Iron Valiant, L50|\n|poke|p2|Sneasler, L50, F|\n|poke|p2|Calyrex-Shadow, L50|\n|poke|p2|Dondozo, L50, M|\n|poke|p2|Tatsugiri-Droopy, L50, M|\n|poke|p2|Chi-Yu, L50|\n|poke|p2|Miraidon, L50|\n|teampreview|4\n|showteam|p1|Terapagos||Leftovers|TeraShift|TeraStarstorm,EarthPower,CalmMind,Protect|||M|||50|,,,,,Stellar]Ho-Oh||RockyHelmet|Regenerator|SacredFire,BraveBird,Tailwind,Protect||||||50|,,,,,Grass]Rillaboom||AssaultVest|GrassySurge|HighHorsepower,GrassyGlide,WoodHammer,FakeOut|||F|||50|,,,,,Fire]Raging Bolt||BoosterEnergy|Protosynthesis|Thunderbolt,Thunderclap,DracoMeteor,Protect||||||50|,,,,,Electric]Basculegion||ChoiceScarf|Adaptability|LastRespects,WaveCrash,AquaJet,FlipTurn|||M|||50|,,,,,Water]Iron Valiant||FocusSash|QuarkDrive|Protect,CloseCombat,Encore,SpiritBreak||||||50|,,,,,Ghost\n|showteam|p2|Sneasler||ElectricSeed|Unburden|CloseCombat,DireClaw,ToxicSpikes,FakeOut|||F|||50|,,,,,Dark]Calyrex-Shadow||LifeOrb|AsOneSpectrier|AstralBarrage,Psychic,Encore,Protect||||||50|,,,,,Dark]Dondozo||Leftovers|Unaware|Earthquake,BodyPress,OrderUp,Protect|||M|||50|,,,,,Grass]Tatsugiri-Droopy||FocusSash|Commander|DracoMeteor,MuddyWater,HelpingHand,Protect|||M|||50|,,,,,Stellar]Chi-Yu||ChoiceScarf|BeadsofRuin|Overheat,HeatWave,ScaryFace,Snarl||||||50|,,,,,Ghost]Miraidon||AssaultVest|HadronEngine|ElectroDrift,DracoMeteor,DazzlingGleam,VoltSwitch||||||50|,,,,,Fairy\n|inactive|Battle timer is ON: inactive players will automatically lose when time's up. (requested by zisar)\n|\n|t:|1746001379\n|start\n|switch|p1a: Ho-Oh|Ho-Oh, L50, shiny|100/100\n|switch|p1b: Terapagos|Terapagos, L50, M|100/100\n|switch|p2a: Sneasler|Sneasler, L50, F, shiny|100/100\n|switch|p2b: Calyrex|Calyrex-Shadow, L50|100/100\n|-activate|p1b: Terapagos|ability: Tera Shift\n|detailschange|p1b: Terapagos|Terapagos-Terastal, L50, M\n|-heal|p1b: Terapagos|100/100|[silent]\n|-ability|p2b: Calyrex|As One\n|-ability|p2b: Calyrex|Unnerve\n|turn|1\n|\n|t:|1746001403\n|move|p1b: Terapagos|Protect|p1b: Terapagos\n|-singleturn|p1b: Terapagos|Protect\n|move|p2a: Sneasler|Fake Out|p1b: Terapagos\n|-activate|p1b: Terapagos|move: Protect\n|move|p2b: Calyrex|Astral Barrage|p1b: Terapagos|[spread] p1a\n|-activate|p1b: Terapagos|move: Protect\n|-damage|p1a: Ho-Oh|58/100\n|-damage|p2b: Calyrex|91/100|[from] item: Life Orb\n|move|p1a: Ho-Oh|Sacred Fire|p2a: Sneasler\n|-damage|p2a: Sneasler|6/100\n|\n|upkeep\n|turn|2\n|inactive|Pen makaveli has 30 seconds left.\n|\n|t:|1746001434\n|move|p2b: Calyrex|Encore|p1b: Terapagos\n|-start|p1b: Terapagos|Encore\n|move|p2a: Sneasler|Dire Claw|p1a: Ho-Oh\n|-damage|p1a: Ho-Oh|20/100\n|-damage|p2a: Sneasler|0 fnt|[from] item: Rocky Helmet|[of] p1a: Ho-Oh\n|faint|p2a: Sneasler\n|move|p1a: Ho-Oh|Tailwind|p1a: Ho-Oh\n|-sidestart|p1: zisar|move: Tailwind\n|move|p1b: Terapagos|Protect||[still]\n|-fail|p1b: Terapagos\n|\n|upkeep\n|\n|t:|1746001451\n|switch|p2a: Miraidon|Miraidon, L50|100/100\n|-fieldstart|move: Electric Terrain|[from] ability: Hadron Engine|[of] p2a: Miraidon\n|turn|3\n|\n|t:|1746001464\n|switch|p1b: Raging Bolt|Raging Bolt, L50|100/100\n|-enditem|p1b: Raging Bolt|Booster Energy\n|-activate|p1b: Raging Bolt|ability: Protosynthesis|[fromitem]\n|-start|p1b: Raging Bolt|protosynthesisspa\n|move|p1a: Ho-Oh|Brave Bird|p2b: Calyrex\n|-damage|p2b: Calyrex|22/100\n|-damage|p1a: Ho-Oh|1/100|[from] Recoil\n|move|p2b: Calyrex|Astral Barrage|p1b: Raging Bolt|[spread] p1a,p1b\n|-damage|p1a: Ho-Oh|0 fnt\n|-damage|p1b: Raging Bolt|44/100\n|faint|p1a: Ho-Oh\n|-ability|p2b: Calyrex|Grim Neigh|boost\n|-boost|p2b: Calyrex|spa|1\n|-damage|p2b: Calyrex|12/100|[from] item: Life Orb\n|move|p2a: Miraidon|Volt Switch|p1b: Raging Bolt\n|-resisted|p1b: Raging Bolt\n|-damage|p1b: Raging Bolt|29/100\n|\n|t:|1746001483\n|switch|p2a: Chi-Yu|Chi-Yu, L50|100/100|[from] Volt Switch\n|-ability|p2a: Chi-Yu|Beads of Ruin\n|\n|upkeep\n|\n|t:|1746001489\n|switch|p1a: Basculegion|Basculegion, L50, M|100/100\n|turn|4\n|\n|t:|1746001508\n|switch|p2b: Miraidon|Miraidon, L50|100/100\n|-activate|p2b: Miraidon|ability: Hadron Engine\n|-terastallize|p1a: Basculegion|Water\n|move|p1b: Raging Bolt|Thunderclap||[still]\n|-fail|p1b: Raging Bolt\n|move|p1a: Basculegion|Flip Turn|p2a: Chi-Yu\n|-supereffective|p2a: Chi-Yu\n|-damage|p2a: Chi-Yu|0 fnt\n|faint|p2a: Chi-Yu\n|\n|t:|1746001522\n|switch|p1a: Terapagos|Terapagos-Terastal, L50, M|100/100|[from] Flip Turn\n|\n|upkeep\n|\n|t:|1746001524\n|switch|p2a: Calyrex|Calyrex-Shadow, L50|12/100\n|-ability|p2a: Calyrex|As One\n|-ability|p2a: Calyrex|Unnerve\n|turn|5\n|\n|t:|1746001531\n|-terastallize|p2b: Miraidon|Fairy\n|move|p2a: Calyrex|Protect|p2a: Calyrex\n|-singleturn|p2a: Calyrex|Protect\n|move|p1b: Raging Bolt|Protect|p1b: Raging Bolt\n|-singleturn|p1b: Raging Bolt|Protect\n|move|p1a: Terapagos|Calm Mind|p1a: Terapagos\n|-boost|p1a: Terapagos|spa|1\n|-boost|p1a: Terapagos|spd|1\n|move|p2b: Miraidon|Dazzling Gleam|p1b: Raging Bolt|[spread] p1a\n|-activate|p1b: Raging Bolt|move: Protect\n|-activate|p1a: Terapagos|ability: Tera Shell\n|-resisted|p1a: Terapagos\n|-damage|p1a: Terapagos|87/100\n|\n|-heal|p1a: Terapagos|93/100|[from] item: Leftovers\n|-sideend|p1: zisar|move: Tailwind\n|upkeep\n|turn|6\n|inactive|zisar has 30 seconds left.\n|inactive|zisar has 20 seconds left.\n|\n|t:|1746001568\n|move|p1b: Raging Bolt|Thunderclap||[still]\n|-fail|p1b: Raging Bolt\n|move|p2a: Calyrex|Encore|p1a: Terapagos\n|-start|p1a: Terapagos|Encore\n|move|p2b: Miraidon|Dazzling Gleam|p1b: Raging Bolt|[spread] p1a,p1b\n|-supereffective|p1b: Raging Bolt\n|-damage|p1a: Terapagos|67/100\n|-damage|p1b: Raging Bolt|0 fnt\n|faint|p1b: Raging Bolt\n|-end|p1b: Raging Bolt|Protosynthesis|[silent]\n|move|p1a: Terapagos|Calm Mind|p1a: Terapagos\n|-boost|p1a: Terapagos|spa|1\n|-boost|p1a: Terapagos|spd|1\n|\n|-heal|p1a: Terapagos|73/100|[from] item: Leftovers\n|upkeep\n|\n|t:|1746001571\n|switch|p1b: Basculegion|Basculegion, L50, M, tera:Water|100/100\n|turn|7\n|\n|t:|1746001582\n|move|p2a: Calyrex|Protect|p2a: Calyrex\n|-singleturn|p2a: Calyrex|Protect\n|move|p1b: Basculegion|Last Respects|p2a: Calyrex\n|-activate|p2a: Calyrex|move: Protect\n|move|p2b: Miraidon|Electro Drift|p1b: Basculegion\n|-supereffective|p1b: Basculegion\n|-damage|p1b: Basculegion|0 fnt\n|faint|p1b: Basculegion\n|move|p1a: Terapagos|Calm Mind|p1a: Terapagos\n|-boost|p1a: Terapagos|spa|1\n|-boost|p1a: Terapagos|spd|1\n|\n|-heal|p1a: Terapagos|79/100|[from] item: Leftovers\n|-fieldend|move: Electric Terrain\n|upkeep\n|turn|8\n|-message|zisar forfeited.\n|\n|win|Pen makaveli\n|l|\u2606zisar\n|player|p1|\n||zisar is ready for game 3.\n|inactive|Pen makaveli has 30 seconds to confirm battle start!\n||Pen makaveli is ready for game 3.\n|uhtml|next|Next: <a href=\"/battle-gen9vgc2025regibo3-2353797492\"><strong>Game 3 of 3</strong></a>\n|l|\u2606Pen makaveli\n|player|p2|\n", "uploadtime": 1746001994, "views": 11, "formatid": "gen9vgc2025regibo3", "rating": null, "private": 0, "password": null}