{"id": "gen9vgc2025regibo3-2354311841", "format": "[Gen 9] VGC 2025 Reg I (Bo3)", "players": ["PizzaSanwitch", "tzarii"], "log": "|j|\u2606PizzaSanwitch\n|j|\u2606tzarii\n|html|<table width=\"100%\"><tr><td align=\"left\">PizzaSanwitch</td><td align=\"right\">tzarii</tr><tr><td align=\"left\"><i class=\"fa fa-circle-o\"></i> <i class=\"fa fa-circle-o\"></i> </td><td align=\"right\"><i class=\"fa fa-circle-o\"></i> <i class=\"fa fa-circle-o\"></i> </tr></table>\n|uhtml|bestof|<h2><strong>Game 1</strong> of <a href=\"/game-bestof3-gen9vgc2025regibo3-2354311840\">a best-of-3</a></h2>\n|t:|1746055975\n|gametype|doubles\n|player|p1|PizzaSanwitch|pokemaniac|1125\n|player|p2|tzarii|lady-gen4|1133\n|teamsize|p1|6\n|teamsize|p2|6\n|gen|9\n|tier|[Gen 9] VGC 2025 Reg I (Bo3)\n|rated|\n|rule|Species Clause: Limit one of each Pok\u00e9mon\n|rule|Item Clause: Limit 1 of each item\n|clearpoke\n|poke|p1|Calyrex-Ice, L50|\n|poke|p1|Miraidon, L50|\n|poke|p1|Ogerpon-Hearthflame, L50, F|\n|poke|p1|Grimmsnarl, L50, M|\n|poke|p1|Iron Hands, L50|\n|poke|p1|Landorus, L50, M|\n|poke|p2|Koraidon, L50|\n|poke|p2|Groudon, L50|\n|poke|p2|Flutter Mane, L50|\n|poke|p2|Scovillain, L50, M|\n|poke|p2|Rillaboom, L50, F|\n|poke|p2|Scream Tail, L50|\n|teampreview|4\n|showteam|p1|Calyrex-Ice||ClearAmulet|AsOneGlastrier|GlacialLance,HighHorsepower,TrickRoom,Protect||||||50|,,,,,Water]Miraidon||ChoiceSpecs|HadronEngine|VoltSwitch,DracoMeteor,ElectroDrift,DazzlingGleam||||||50|,,,,,Fairy]Ogerpon-Hearthflame||HearthflameMask|MoldBreaker|IvyCudgel,WoodHammer,FollowMe,SpikyShield|||F|||50|,,,,,Fire]Grimmsnarl||LightClay|Prankster|FoulPlay,LightScreen,Reflect,ScaryFace|||M|||50|,,,,,Ghost]Iron Hands||AssaultVest|QuarkDrive|LowKick,WildCharge,HeavySlam,FakeOut||||||50|,,,,,Bug]Landorus||LifeOrb|SheerForce|EarthPower,SludgeBomb,SandsearStorm,Protect|||M|||50|,,,,,Steel\n|showteam|p2|Koraidon||ClearAmulet|OrichalcumPulse|FlameCharge,CloseCombat,FlareBlitz,Protect||||||50|,,,,,Fire]Groudon||AssaultVest|Drought|PrecipiceBlades,HeatCrash,RockSlide,HighHorsepower||||||50|,,,,,Water]Flutter Mane||FocusSash|Protosynthesis|Moonblast,IcyWind,ShadowBall,Protect||||||50|,,,,,Fairy]Scovillain||CovertCloak|Chlorophyll|Overheat,SpicyExtract,WillOWisp,ScaryFace|||M|||50|,,,,,Fire]Rillaboom||MiracleSeed|GrassySurge|FakeOut,GrassyGlide,WoodHammer,Protect|||F|||50|,,,,,Water]Scream Tail||RedCard|Protosynthesis|StealthRock,Encore,Disable,Protect||||||50|,,,,,Dark\n|inactive|Battle timer is ON: inactive players will automatically lose when time's up. (requested by PizzaSanwitch)\n|\n|t:|1746056059\n|start\n|switch|p1a: Calyrex|Calyrex-Ice, L50|100/100\n|switch|p1b: Ogerpon|Ogerpon-Hearthflame, L50, F|100/100\n|switch|p2a: Scream Tail|Scream Tail, L50|100/100\n|switch|p2b: Groudon|Groudon, L50|100/100\n|-ability|p1a: Calyrex|As One\n|-ability|p1a: Calyrex|Unnerve\n|-ability|p1b: Ogerpon|Mold Breaker\n|-weather|SunnyDay|[from] ability: Drought|[of] p2b: Groudon\n|-activate|p2a: Scream Tail|ability: Protosynthesis\n|-start|p2a: Scream Tail|protosynthesisspe\n|turn|1\n|inactive|tzarii has 30 seconds left.\n|inactive|tzarii has 20 seconds left.\n|inactive|tzarii has 15 seconds left.\n|\n|t:|1746056100\n|-terastallize|p1a: Calyrex|Water\n|move|p1b: Ogerpon|Follow Me|p1b: Ogerpon\n|-singleturn|p1b: Ogerpon|move: Follow Me\n|move|p2a: Scream Tail|Encore|p1b: Ogerpon\n|-start|p1b: Ogerpon|Encore\n|move|p2b: Groudon|Precipice Blades|p1a: Calyrex|[spread] p1a,p1b\n|-damage|p1a: Calyrex|70/100\n|-damage|p1b: Ogerpon|61/100\n|move|p1a: Calyrex|Trick Room|p1a: Calyrex\n|-fieldstart|move: Trick Room|[of] p1a: Calyrex\n|\n|-weather|SunnyDay|[upkeep]\n|upkeep\n|turn|2\n|inactive|tzarii has 30 seconds left.\n|\n|t:|1746056130\n|-terastallize|p2b: Groudon|Water\n|move|p1b: Ogerpon|Follow Me|p1b: Ogerpon\n|-singleturn|p1b: Ogerpon|move: Follow Me\n|move|p1a: Calyrex|Glacial Lance|p2b: Groudon|[spread] p2a,p2b\n|-resisted|p2b: Groudon\n|-damage|p2a: Scream Tail|55/100\n|-damage|p2b: Groudon|81/100\n|-enditem|p2a: Scream Tail|Red Card|[of] p1a: Calyrex\n|drag|p1a: Miraidon|Miraidon, L50|100/100\n|-fieldstart|move: Electric Terrain|[from] ability: Hadron Engine|[of] p1a: Miraidon\n|move|p2b: Groudon|Precipice Blades|p1b: Ogerpon|[spread] p1a,p1b\n|-supereffective|p1a: Miraidon\n|-damage|p1a: Miraidon|4/100\n|-damage|p1b: Ogerpon|19/100\n|move|p2a: Scream Tail|Disable|p1b: Ogerpon\n|-start|p1b: Ogerpon|Disable|Follow Me\n|\n|-weather|SunnyDay|[upkeep]\n|upkeep\n|turn|3\n|\n|t:|1746056150\n|switch|p1b: Calyrex|Calyrex-Ice, L50, tera:Water|70/100\n|-ability|p1b: Calyrex|As One\n|-ability|p1b: Calyrex|Unnerve\n|switch|p1a: Landorus|Landorus, L50, M|100/100\n|move|p2b: Groudon|Precipice Blades|p1b: Calyrex|[spread] p1b\n|-immune|p1a: Landorus\n|-damage|p1b: Calyrex|41/100\n|move|p2a: Scream Tail|Stealth Rock|p1b: Calyrex\n|-sidestart|p1: PizzaSanwitch|move: Stealth Rock\n|\n|-weather|SunnyDay|[upkeep]\n|upkeep\n|turn|4\n|inactive|tzarii has 30 seconds left.\n|inactive|tzarii has 20 seconds left.\n|inactive|tzarii has 15 seconds left.\n|\n|t:|1746056192\n|move|p1b: Calyrex|High Horsepower|p2b: Groudon\n|-damage|p2b: Groudon|53/100\n|move|p2b: Groudon|High Horsepower|p1b: Calyrex|[miss]\n|-miss|p2b: Groudon|p1b: Calyrex\n|move|p1a: Landorus|Sludge Bomb|p2a: Scream Tail\n|-supereffective|p2a: Scream Tail\n|-damage|p2a: Scream Tail|0 fnt\n|faint|p2a: Scream Tail\n|-end|p2a: Scream Tail|Protosynthesis|[silent]\n|\n|-weather|SunnyDay|[upkeep]\n|upkeep\n|\n|t:|1746056210\n|switch|p2a: Rillaboom|Rillaboom, L50, F|100/100\n|-fieldstart|move: Grassy Terrain|[from] ability: Grassy Surge|[of] p2a: Rillaboom\n|turn|5\n|inactive|PizzaSanwitch has 30 seconds left.\n|inactive|tzarii has 30 seconds left.\n|\n|t:|1746056240\n|move|p2a: Rillaboom|Grassy Glide|p1b: Calyrex\n|-supereffective|p1b: Calyrex\n|-damage|p1b: Calyrex|0 fnt\n|faint|p1b: Calyrex\n|move|p2b: Groudon|Heat Crash|p1a: Landorus\n|-damage|p1a: Landorus|41/100\n|move|p1a: Landorus|Sludge Bomb|p2a: Rillaboom\n|-supereffective|p2a: Rillaboom\n|-damage|p2a: Rillaboom|0 fnt\n|faint|p2a: Rillaboom\n|\n|-weather|none\n|-heal|p2b: Groudon|59/100|[from] Grassy Terrain\n|-fieldend|move: Trick Room\n|upkeep\n|\n|t:|1746056256\n|switch|p2a: Koraidon|Koraidon, L50|100/100\n|switch|p1b: Ogerpon|Ogerpon-Hearthflame, L50, F|19/100\n|-weather|SunnyDay|[from] ability: Orichalcum Pulse|[of] p2a: Koraidon\n|-activate|p2a: Koraidon|Orichalcum Pulse|[source]\n|-damage|p1b: Ogerpon|0 fnt|[from] Stealth Rock\n|faint|p1b: Ogerpon\n|\n|t:|1746056263\n|switch|p1b: Miraidon|Miraidon, L50|4/100\n|-damage|p1b: Miraidon|0 fnt|[from] Stealth Rock\n|faint|p1b: Miraidon\n|turn|6\n|-message|PizzaSanwitch forfeited.\n|\n|win|tzarii\n||PizzaSanwitch is ready for game 2.\n||tzarii is ready for game 2.\n|uhtml|next|Next: <a href=\"/battle-gen9vgc2025regibo3-2354314387\"><strong>Game 2 of 3</strong></a>\n|l|\u2606tzarii\n|player|p2|\n", "uploadtime": 1746057034, "views": 7, "formatid": "gen9vgc2025regibo3", "rating": null, "private": 0, "password": null}