{"id": "gen9vgc2025regibo3-2353420022", "format": "[Gen 9] VGC 2025 Reg I (Bo3)", "players": ["MMcookiegamer", "AJ34"], "log": "|j|\u2606MMcookiegamer\n|j|\u2606AJ34\n|html|<table width=\"100%\"><tr><td align=\"left\">MMcookiegamer</td><td align=\"right\">AJ34</tr><tr><td align=\"left\"><i class=\"fa fa-circle\"></i> <i class=\"fa fa-circle-o\"></i> </td><td align=\"right\"><i class=\"fa fa-circle-o\"></i> <i class=\"fa fa-circle-o\"></i> </tr></table>\n|uhtml|bestof|<h2><strong>Game 2</strong> of <a href=\"/game-bestof3-gen9vgc2025regibo3-2353417078\">a best-of-3</a></h2>\n|t:|1745954358\n|gametype|doubles\n|player|p1|MMcookiegamer|yellow|1112\n|player|p2|AJ34|265|1221\n|teamsize|p1|6\n|teamsize|p2|6\n|gen|9\n|tier|[Gen 9] VGC 2025 Reg I (Bo3)\n|rated|\n|rule|Species Clause: Limit one of each Pok\u00e9mon\n|rule|Item Clause: Limit 1 of each item\n|clearpoke\n|poke|p1|Calyrex-Shadow, L50|\n|poke|p1|Chi-Yu, L50|\n|poke|p1|Miraidon, L50|\n|poke|p1|Whimsicott, L50, M|\n|poke|p1|Urshifu-*, L50, F|\n|poke|p1|Iron Hands, L50|\n|poke|p2|Terapagos, L50, M|\n|poke|p2|Incineroar, L50, M|\n|poke|p2|Rillaboom, L50, M|\n|poke|p2|Ogerpon-Cornerstone, L50, F|\n|poke|p2|Flutter Mane, L50|\n|poke|p2|Calyrex-Shadow, L50|\n|teampreview|4\n|showteam|p1|Calyrex-Shadow||FocusSash|AsOneSpectrier|AstralBarrage,Psychic,Protect,NastyPlot||||||50|,,,,,Water]Chi-Yu||ChoiceScarf|BeadsofRuin|Overheat,HeatWave,DarkPulse,Snarl||||||50|,,,,,Ghost]Miraidon||ChoiceSpecs|HadronEngine|DracoMeteor,ElectroDrift,DazzlingGleam,VoltSwitch||||||50|,,,,,Fairy]Whimsicott||CovertCloak|Prankster|Moonblast,Tailwind,Encore,LightScreen|||M|||50|,,,,,Dark]Urshifu-Rapid-Strike||MysticWater|UnseenFist|CloseCombat,AquaJet,SurgingStrikes,Detect|||F|||50|,,,,,Water]Iron Hands||AssaultVest|QuarkDrive|DrainPunch,LowKick,HeavySlam,FakeOut||||||50|,,,,,Water\n|showteam|p2|Terapagos||Leftovers|TeraShift|TeraStarstorm,Protect,CalmMind,EarthPower|||M|||50|,,,,,Stellar]Incineroar||RockyHelmet|Intimidate|KnockOff,FakeOut,PartingShot,WillOWisp|||M|||50|,,,,,Bug]Rillaboom||AssaultVest|GrassySurge|GrassyGlide,WoodHammer,FakeOut,Uturn|||M|||50|,,,,,Grass]Ogerpon-Cornerstone||CornerstoneMask|Sturdy|IvyCudgel,SpikyShield,FollowMe,PowerWhip|||F|||50|,,,,,Rock]Flutter Mane||BoosterEnergy|Protosynthesis|Moonblast,IcyWind,ThunderWave,Taunt||||||50|,,,,,Fairy]Calyrex-Shadow||FocusSash|AsOneSpectrier|AstralBarrage,Protect,Disable,PollenPuff||||||50|,,,,,Ghost\n|\n|t:|1745954377\n|start\n|switch|p1a: Pluisbal|Whimsicott, L50, M|100/100\n|switch|p1b: Calyrex|Calyrex-Shadow, L50|100/100\n|switch|p2a: Incineroar|Incineroar, L50, M, shiny|100/100\n|switch|p2b: Calyrex|Calyrex-Shadow, L50|100/100\n|-ability|p2b: Calyrex|As One\n|-ability|p2b: Calyrex|Unnerve\n|-ability|p1b: Calyrex|As One\n|-ability|p1b: Calyrex|Unnerve\n|-ability|p2a: Incineroar|Intimidate|boost\n|-unboost|p1a: Pluisbal|atk|1\n|-unboost|p1b: Calyrex|atk|1\n|turn|1\n|\n|t:|1745954391\n|-terastallize|p1b: Calyrex|Water\n|move|p1a: Pluisbal|Tailwind|p1a: Pluisbal\n|-sidestart|p1: MMcookiegamer|move: Tailwind\n|move|p1b: Calyrex|Astral Barrage|p2a: Incineroar|[spread] p2a,p2b\n|-resisted|p2a: Incineroar\n|-supereffective|p2b: Calyrex\n|-damage|p2a: Incineroar|75/100\n|-enditem|p2b: Calyrex|Focus Sash\n|-damage|p2b: Calyrex|1/100\n|move|p2b: Calyrex|Astral Barrage|p1a: Pluisbal|[spread] p1a,p1b\n|-crit|p1b: Calyrex\n|-damage|p1a: Pluisbal|40/100\n|-damage|p1b: Calyrex|11/100\n|move|p2a: Incineroar|Knock Off|p1a: Pluisbal\n|-resisted|p1a: Pluisbal\n|-damage|p1a: Pluisbal|12/100\n|-enditem|p1a: Pluisbal|Covert Cloak|[from] move: Knock Off|[of] p2a: Incineroar\n|\n|upkeep\n|turn|2\n|\n|t:|1745954416\n|switch|p2b: Terapagos|Terapagos, L50, M|100/100\n|-activate|p2b: Terapagos|ability: Tera Shift\n|detailschange|p2b: Terapagos|Terapagos-Terastal, L50, M\n|-heal|p2b: Terapagos|100/100|[silent]\n|move|p1b: Calyrex|Astral Barrage|p2b: Terapagos|[spread] p2a\n|-immune|p2b: Terapagos\n|-resisted|p2a: Incineroar\n|-damage|p2a: Incineroar|50/100\n|move|p1a: Pluisbal|Moonblast|p2a: Incineroar\n|-crit|p2a: Incineroar\n|-damage|p2a: Incineroar|15/100\n|move|p2a: Incineroar|Knock Off|p1b: Calyrex\n|-damage|p1b: Calyrex|0 fnt\n|-enditem|p1b: Calyrex|Focus Sash|[from] move: Knock Off|[of] p2a: Incineroar\n|faint|p1b: Calyrex\n|\n|upkeep\n|\n|t:|1745954430\n|switch|p1b: Vissie|Chi-Yu, L50|100/100\n|-ability|p1b: Vissie|Beads of Ruin\n|turn|3\n|\n|t:|1745954445\n|move|p1a: Pluisbal|Light Screen|p1a: Pluisbal\n|-sidestart|p1: MMcookiegamer|move: Light Screen\n|move|p1b: Vissie|Snarl|p2a: Incineroar|[spread] p2a,p2b\n|-resisted|p2a: Incineroar\n|-activate|p2b: Terapagos|ability: Tera Shell\n|-resisted|p2b: Terapagos\n|-damage|p2a: Incineroar|2/100\n|-damage|p2b: Terapagos|87/100\n|-unboost|p2a: Incineroar|spa|1\n|-unboost|p2b: Terapagos|spa|1\n|move|p2b: Terapagos|Tera Starstorm|p1a: Pluisbal\n|-damage|p1a: Pluisbal|0 fnt\n|faint|p1a: Pluisbal\n|move|p2a: Incineroar|Knock Off|p1b: Vissie\n|-resisted|p1b: Vissie\n|-damage|p1b: Vissie|64/100\n|-enditem|p1b: Vissie|Choice Scarf|[from] move: Knock Off|[of] p2a: Incineroar\n|\n|-heal|p2b: Terapagos|93/100|[from] item: Leftovers\n|upkeep\n|\n|t:|1745954455\n|switch|p1a: Vroem Vroem|Miraidon, L50|100/100\n|-fieldstart|move: Electric Terrain|[from] ability: Hadron Engine|[of] p1a: Vroem Vroem\n|turn|4\n|\n|t:|1745954472\n|move|p2b: Terapagos|Protect|p2b: Terapagos\n|-singleturn|p2b: Terapagos|Protect\n|move|p1a: Vroem Vroem|Electro Drift|p2b: Terapagos\n|-activate|p2b: Terapagos|move: Protect\n|move|p1b: Vissie|Snarl|p2b: Terapagos|[spread] p2a\n|-activate|p2b: Terapagos|move: Protect\n|-resisted|p2a: Incineroar\n|-damage|p2a: Incineroar|0 fnt\n|faint|p2a: Incineroar\n|\n|-heal|p2b: Terapagos|99/100|[from] item: Leftovers\n|-sideend|p1: MMcookiegamer|move: Tailwind\n|upkeep\n|\n|t:|1745954481\n|switch|p2a: Calyrex|Calyrex-Shadow, L50|1/100\n|-ability|p2a: Calyrex|As One\n|-ability|p2a: Calyrex|Unnerve\n|turn|5\n|\n|t:|1745954497\n|-terastallize|p2b: Terapagos|Stellar\n|detailschange|p2b: Terapagos|Terapagos-Stellar, L50, M, tera:Stellar\n|-heal|p2b: Terapagos|99/100|[silent]\n|-ability|p2b: Terapagos|Teraform Zero\n|-fieldend|move: Electric Terrain\n|move|p2a: Calyrex|Astral Barrage|p1a: Vroem Vroem|[spread] p1a,p1b\n|-resisted|p1b: Vissie\n|-damage|p1a: Vroem Vroem|62/100\n|-damage|p1b: Vissie|40/100\n|move|p1a: Vroem Vroem|Electro Drift|p2b: Terapagos\n|-damage|p2b: Terapagos|27/100\n|move|p1b: Vissie|Snarl|p2a: Calyrex|[spread] p2a,p2b\n|-supereffective|p2a: Calyrex\n|-damage|p2a: Calyrex|0 fnt\n|-damage|p2b: Terapagos|8/100\n|-unboost|p2b: Terapagos|spa|1\n|faint|p2a: Calyrex\n|move|p2b: Terapagos|Earth Power|p1b: Vissie\n|-supereffective|p1b: Vissie\n|-damage|p1b: Vissie|12/100\n|\n|-heal|p2b: Terapagos|14/100|[from] item: Leftovers\n|upkeep\n|\n|t:|1745954513\n|switch|p2a: Ogerpon|Ogerpon-Cornerstone, L50, F|100/100\n|turn|6\n|\n|t:|1745954529\n|move|p1a: Vroem Vroem|Electro Drift|p2a: Ogerpon\n|-resisted|p2a: Ogerpon\n|-damage|p2a: Ogerpon|39/100\n|move|p2a: Ogerpon|Ivy Cudgel|p1a: Vroem Vroem|[anim] Ivy Cudgel Rock\n|-crit|p1a: Vroem Vroem\n|-damage|p1a: Vroem Vroem|0 fnt\n|faint|p1a: Vroem Vroem\n|move|p1b: Vissie|Snarl|p2b: Terapagos|[spread] p2a,p2b\n|-damage|p2a: Ogerpon|4/100\n|-damage|p2b: Terapagos|0 fnt\n|-unboost|p2a: Ogerpon|spa|1\n|faint|p2b: Terapagos\n|\n|upkeep\n|turn|7\n|\n|t:|1745954558\n|move|p2a: Ogerpon|Ivy Cudgel|p1b: Vissie|[anim] Ivy Cudgel Rock\n|-supereffective|p1b: Vissie\n|-damage|p1b: Vissie|0 fnt\n|faint|p1b: Vissie\n|\n|win|AJ34\n||MMcookiegamer is ready for game 3.\n||AJ34 is ready for game 3.\n|uhtml|next|Next: <a href=\"/battle-gen9vgc2025regibo3-2353422257\"><strong>Game 3 of 3</strong></a>\n", "uploadtime": 1745954577, "views": 10, "formatid": "gen9vgc2025regibo3", "rating": null, "private": 0, "password": null}