{"id": "gen9vgc2025regibo3-2353730080", "format": "[Gen 9] VGC 2025 Reg I (Bo3)", "players": ["Scytherium", "Lollipopyay"], "log": "|j|\u2606Scytherium\n|j|\u2606Lollipopyay\n|html|<table width=\"100%\"><tr><td align=\"left\">Scytherium</td><td align=\"right\">Lollipopyay</tr><tr><td align=\"left\"><i class=\"fa fa-circle-o\"></i> <i class=\"fa fa-circle-o\"></i> </td><td align=\"right\"><i class=\"fa fa-circle-o\"></i> <i class=\"fa fa-circle\"></i> </tr></table>\n|uhtml|bestof|<h2><strong>Game 2</strong> of <a href=\"/game-bestof3-gen9vgc2025regibo3-2353728588\">a best-of-3</a></h2>\n|t:|1745990044\n|gametype|doubles\n|player|p1|Scytherium|170|1009\n|player|p2|Lollipopyay|1|1137\n|teamsize|p1|6\n|teamsize|p2|6\n|gen|9\n|tier|[Gen 9] VGC 2025 Reg I (Bo3)\n|rated|\n|rule|Species Clause: Limit one of each Pok\u00e9mon\n|rule|Item Clause: Limit 1 of each item\n|clearpoke\n|poke|p1|Calyrex-Shadow, L50|\n|poke|p1|Terapagos, L50, M|\n|poke|p1|Tatsugiri, L50, F|\n|poke|p1|Dondozo, L50, M|\n|poke|p1|Weezing, L50, M|\n|poke|p1|Landorus, L50, M|\n|poke|p2|Necrozma-Dawn-Wings, L50|\n|poke|p2|Calyrex-Ice, L50|\n|poke|p2|Ursaluna-Bloodmoon, L50, M|\n|poke|p2|Indeedee-F, L50, F|\n|poke|p2|Hatterene, L50, F|\n|poke|p2|Amoonguss, L50, M|\n|teampreview|4\n|showteam|p1|Calyrex-Shadow||LifeOrb|AsOneSpectrier|Protect,AstralBarrage,TeraBlast,ExpandingForce||||||50|,,,,,Fighting]Terapagos||BrightPowder|TeraShift|Protect,TeraStarstorm,EarthPower,DazzlingGleam|||M|||50|,,,,,Stellar]Tatsugiri||ChoiceScarf|Commander|DracoMeteor,MuddyWater,TeraBlast,IcyWind|||F|||50|,,,,,Steel]Dondozo||Leftovers|Unaware|Protect,WaveCrash,Earthquake,Yawn|||M|||50|,,,,,Grass]Weezing||FocusSash|NeutralizingGas|Protect,WillOWisp,ToxicSpikes,DestinyBond|||M|||50|,,,,,Poison]Landorus||AssaultVest|SheerForce|SandsearStorm,EarthPower,SludgeBomb,WeatherBall|||M|||50|,,,,,Ground\n|showteam|p2|Necrozma-Dawn-Wings||LifeOrb|PrismArmor|CalmMind,MoongeistBeam,TeraBlast,ExpandingForce||||||50|,,,,,Fighting]Calyrex-Ice||ChoiceBand|AsOneGlastrier|GlacialLance,HighHorsepower,CloseCombat,ZenHeadbutt||||||50|,,,,,Ground]Ursaluna-Bloodmoon||SilkScarf|MindsEye|CalmMind,BloodMoon,EarthPower,Protect|||M|||50|,,,,,Normal]Indeedee-F||SafetyGoggles|PsychicSurge|FollowMe,TrickRoom,HelpingHand,Protect|||F|||50|,,,,,Fairy]Hatterene||FocusSash|MagicBounce|TrickRoom,ExpandingForce,HealingWish,Nuzzle|||F|||50|,,,,,Ghost]Amoonguss||SitrusBerry|EffectSpore|Spore,ClearSmog,Protect,PollenPuff|||M|||50|,,,,,Water\n|\n|t:|1745990081\n|start\n|switch|p1a: Terapagos|Terapagos, L50, M|100/100\n|switch|p1b: Calyrex|Calyrex-Shadow, L50|100/100\n|switch|p2a: Hatterene|Hatterene, L50, F|100/100\n|switch|p2b: Ursaluna|Ursaluna-Bloodmoon, L50, M|100/100\n|-activate|p1a: Terapagos|ability: Tera Shift\n|detailschange|p1a: Terapagos|Terapagos-Terastal, L50, M\n|-heal|p1a: Terapagos|100/100|[silent]\n|-ability|p1b: Calyrex|As One\n|-ability|p1b: Calyrex|Unnerve\n|turn|1\n|\n|t:|1745990095\n|move|p1b: Calyrex|Astral Barrage|p2b: Ursaluna|[spread] p2a\n|-immune|p2b: Ursaluna\n|-supereffective|p2a: Hatterene\n|-enditem|p2a: Hatterene|Focus Sash\n|-damage|p2a: Hatterene|1/100\n|-damage|p1b: Calyrex|91/100|[from] item: Life Orb\n|move|p1a: Terapagos|Tera Starstorm|p2a: Hatterene\n|-damage|p2a: Hatterene|0 fnt\n|faint|p2a: Hatterene\n|move|p2b: Ursaluna|Blood Moon|p1b: Calyrex\n|-damage|p1b: Calyrex|0 fnt\n|faint|p1b: Calyrex\n|\n|upkeep\n|\n|t:|1745990112\n|switch|p1b: Weezing|Weezing, L50, M|100/100\n|switch|p2a: Amoonguss|Amoonguss, L50, M|100/100\n|-ability|p1b: Weezing|Neutralizing Gas\n|turn|2\n|\n|t:|1745990127\n|move|p1a: Terapagos|Tera Starstorm|p2a: Amoonguss\n|-damage|p2a: Amoonguss|69/100\n|move|p1b: Weezing|Will-O-Wisp|p2a: Amoonguss|[miss]\n|-miss|p1b: Weezing|p2a: Amoonguss\n|move|p2b: Ursaluna|Earth Power|p1b: Weezing\n|-supereffective|p1b: Weezing\n|-enditem|p1b: Weezing|Focus Sash\n|-damage|p1b: Weezing|1/100\n|move|p2a: Amoonguss|Spore|p1a: Terapagos\n|-status|p1a: Terapagos|slp|[from] move: Spore\n|\n|upkeep\n|turn|3\n|inactive|Battle timer is ON: inactive players will automatically lose when time's up. (requested by Scytherium)\n|\n|t:|1745990136\n|cant|p1a: Terapagos|slp\n|move|p1b: Weezing|Destiny Bond|p1b: Weezing\n|-singlemove|p1b: Weezing|Destiny Bond\n|move|p2b: Ursaluna|Calm Mind|p2b: Ursaluna\n|-boost|p2b: Ursaluna|spa|1\n|-boost|p2b: Ursaluna|spd|1\n|move|p2a: Amoonguss|Pollen Puff|p1b: Weezing\n|-resisted|p1b: Weezing\n|-damage|p1b: Weezing|0 fnt\n|faint|p1b: Weezing\n|-activate|p1b: Weezing|move: Destiny Bond\n|-end|p1b: Weezing|ability: Neutralizing Gas\n|faint|p2a: Amoonguss\n|\n|upkeep\n|\n|t:|1745990151\n|switch|p1b: Dondozo|Dondozo, L50, M|100/100\n|switch|p2a: Calyrex|Calyrex-Ice, L50|100/100\n|-ability|p2a: Calyrex|As One\n|-ability|p2a: Calyrex|Unnerve\n|turn|4\n|\n|t:|1745990169\n|-terastallize|p2b: Ursaluna|Normal\n|cant|p1a: Terapagos|slp\n|move|p1b: Dondozo|Yawn|p2b: Ursaluna\n|-start|p2b: Ursaluna|move: Yawn|[of] p1b: Dondozo\n|move|p2b: Ursaluna|Blood Moon|p1b: Dondozo\n|-damage|p1b: Dondozo|12/100\n|move|p2a: Calyrex|Zen Headbutt|p1a: Terapagos|[miss]\n|-miss|p2a: Calyrex|p1a: Terapagos\n|\n|-heal|p1b: Dondozo|18/100|[from] item: Leftovers\n|upkeep\n|turn|5\n|\n|t:|1745990186\n|cant|p1a: Terapagos|slp\n|move|p1b: Dondozo|Protect|p1b: Dondozo\n|-singleturn|p1b: Dondozo|Protect\n|move|p2b: Ursaluna|Earth Power|p1b: Dondozo\n|-activate|p1b: Dondozo|move: Protect\n|move|p2a: Calyrex|Zen Headbutt|p1b: Dondozo\n|-activate|p1b: Dondozo|move: Protect\n|\n|-heal|p1b: Dondozo|24/100|[from] item: Leftovers\n|-end|p2b: Ursaluna|move: Yawn|[silent]\n|-status|p2b: Ursaluna|slp\n|upkeep\n|turn|6\n|\n|t:|1745990203\n|-terastallize|p1a: Terapagos|Stellar\n|detailschange|p1a: Terapagos|Terapagos-Stellar, L50, M, tera:Stellar\n|-heal|p1a: Terapagos|100/100 slp|[silent]\n|-curestatus|p1a: Terapagos|slp|[msg]\n|move|p1a: Terapagos|Tera Starstorm|p2a: Calyrex|[spread] p2a,p2b\n|-supereffective|p2b: Ursaluna\n|-damage|p2a: Calyrex|81/100\n|-damage|p2b: Ursaluna|57/100 slp\n|move|p1b: Dondozo|Yawn|p2a: Calyrex\n|-start|p2a: Calyrex|move: Yawn|[of] p1b: Dondozo\n|cant|p2b: Ursaluna|slp\n|move|p2a: Calyrex|Zen Headbutt|p1b: Dondozo\n|-damage|p1b: Dondozo|0 fnt\n|faint|p1b: Dondozo\n|-ability|p2a: Calyrex|Chilling Neigh|boost\n|-boost|p2a: Calyrex|atk|1\n|\n|upkeep\n|turn|7\n|\n|t:|1745990222\n|move|p1a: Terapagos|Tera Starstorm|p2b: Ursaluna|[spread] p2a,p2b\n|-supereffective|p2b: Ursaluna\n|-crit|p2b: Ursaluna\n|-damage|p2a: Calyrex|58/100\n|-damage|p2b: Ursaluna|0 fnt\n|faint|p2b: Ursaluna\n|move|p2a: Calyrex|Zen Headbutt|p1a: Terapagos|[miss]\n|-miss|p2a: Calyrex|p1a: Terapagos\n|\n|-end|p2a: Calyrex|move: Yawn|[silent]\n|-status|p2a: Calyrex|slp\n|upkeep\n|turn|8\n|\n|t:|1745990232\n|move|p1a: Terapagos|Tera Starstorm|p2a: Calyrex\n|-damage|p2a: Calyrex|29/100 slp\n|cant|p2a: Calyrex|slp\n|\n|upkeep\n|turn|9\n|\n|t:|1745990239\n|move|p1a: Terapagos|Tera Starstorm|p2a: Calyrex\n|-damage|p2a: Calyrex|0 fnt\n|faint|p2a: Calyrex\n|\n|win|Scytherium\n|l|\u2606Lollipopyay\n|player|p2|\n||Scytherium is ready for game 3.\n||Lollipopyay is ready for game 3.\n|uhtml|next|Next: <a href=\"/battle-gen9vgc2025regibo3-2353731260\"><strong>Game 3 of 3</strong></a>\n|l|\u2606Scytherium\n|player|p1|\n", "uploadtime": 1745990614, "views": 22, "formatid": "gen9vgc2025regibo3", "rating": null, "private": 0, "password": null}