{"id": "gen9vgc2025regibo3-2353357599", "format": "[Gen 9] VGC 2025 Reg I (Bo3)", "players": ["TacoBurger", "MR. HEROW"], "log": "|j|\u2606TacoBurger\n|j|\u2606MR. HEROW\n|html|<table width=\"100%\"><tr><td align=\"left\">TacoBurger</td><td align=\"right\">MR. HEROW</tr><tr><td align=\"left\"><i class=\"fa fa-circle\"></i> <i class=\"fa fa-circle-o\"></i> </td><td align=\"right\"><i class=\"fa fa-circle-o\"></i> <i class=\"fa fa-circle-o\"></i> </tr></table>\n|uhtml|bestof|<h2><strong>Game 2</strong> of <a href=\"/game-bestof3-gen9vgc2025regibo3-2353353238\">a best-of-3</a></h2>\n|t:|1745949106\n|gametype|doubles\n|player|p1|TacoBurger|169|1000\n|player|p2|MR. HEROW|102|1100\n|teamsize|p1|6\n|teamsize|p2|6\n|gen|9\n|tier|[Gen 9] VGC 2025 Reg I (Bo3)\n|rated|\n|rule|Species Clause: Limit one of each Pok\u00e9mon\n|rule|Item Clause: Limit 1 of each item\n|clearpoke\n|poke|p1|Zamazenta-*, L50|\n|poke|p1|Kyogre, L50|\n|poke|p1|Tornadus, L50, M|\n|poke|p1|Rillaboom, L50, M|\n|poke|p1|Urshifu-*, L50, F|\n|poke|p1|Chien-Pao, L50|\n|poke|p2|Miraidon, L50|\n|poke|p2|Grimmsnarl, L50, M|\n|poke|p2|Serperior, L50, M|\n|poke|p2|Archaludon, L50, F|\n|poke|p2|Kyogre, L50|\n|poke|p2|Talonflame, L50, M|\n|teampreview|4\n|showteam|p1|Zamazenta-Crowned||RustedShield|DauntlessShield|BodyPress,HeavySlam,WideGuard,Protect||||||50|,,,,,Dragon]Kyogre||MysticWater|Drizzle|WaterSpout,OriginPulse,IceBeam,Protect||||||50|,,,,,Water]Tornadus||CovertCloak|Prankster|BleakwindStorm,Tailwind,RainDance,Taunt|||M|||50|,,,,,Dark]Rillaboom||AssaultVest|GrassySurge|FakeOut,GrassyGlide,WoodHammer,Uturn|||M|||50|,,,,,Fire]Urshifu-Rapid-Strike||SplashPlate|UnseenFist|SurgingStrikes,AquaJet,CloseCombat,Detect|||F|||50|,,,,,Water]Chien-Pao||FocusSash|SwordofRuin|IcicleCrash,Crunch,SuckerPunch,Protect||||||50|,,,,,Ghost\n|showteam|p2|Miraidon||ChoiceSpecs|HadronEngine|DazzlingGleam,ElectroDrift,ParabolicCharge,VoltSwitch||||||50|,,,,,Electric]Grimmsnarl||LightClay|Prankster|LightScreen,Reflect,ThunderWave,SuckerPunch|||M|||50|,,,,,Dark]Serperior||WideLens|Contrary|LeafStorm,GrassPledge,DragonPulse,Protect|||M|||50|,,,,,Water]Archaludon||AssaultVest|Stamina|ElectroShot,DracoMeteor,FlashCannon,BodyPress|||F|||50|,,,,,Steel]Kyogre||MysticWater|Drizzle|WaterSpout,OriginPulse,IceBeam,Protect||||||50|,,,,,Grass]Talonflame||ElectricSeed|GaleWings|Acrobatics,Tailwind,WillOWisp,Protect|||M|||50|,,,,,Flying\n|inactive|Battle timer is ON: inactive players will automatically lose when time's up. (requested by MR. HEROW)\n|\n|t:|1745949173\n|start\n|switch|p1a: Rillaboom|Rillaboom, L50, M|100/100\n|switch|p1b: Urshifu|Urshifu-Rapid-Strike, L50, F|100/100\n|switch|p2a: Talonflame|Talonflame, L50, M|100/100\n|switch|p2b: Kyogre|Kyogre, L50|100/100\n|-fieldstart|move: Grassy Terrain|[from] ability: Grassy Surge|[of] p1a: Rillaboom\n|-weather|RainDance|[from] ability: Drizzle|[of] p2b: Kyogre\n|turn|1\n|\n|t:|1745949197\n|-terastallize|p2b: Kyogre|Grass\n|move|p1a: Rillaboom|Fake Out|p2a: Talonflame\n|-damage|p2a: Talonflame|82/100\n|move|p1b: Urshifu|Aqua Jet|p2a: Talonflame\n|-supereffective|p2a: Talonflame\n|-damage|p2a: Talonflame|0 fnt\n|faint|p2a: Talonflame\n|move|p2b: Kyogre|Ice Beam|p1a: Rillaboom\n|-supereffective|p1a: Rillaboom\n|-damage|p1a: Rillaboom|45/100\n|\n|-weather|RainDance|[upkeep]\n|-heal|p1a: Rillaboom|52/100|[from] Grassy Terrain\n|upkeep\n|\n|t:|1745949204\n|switch|p2a: Miraidon|Miraidon, L50|100/100\n|-fieldstart|move: Electric Terrain|[from] ability: Hadron Engine|[of] p2a: Miraidon\n|turn|2\n|\n|t:|1745949231\n|move|p1b: Urshifu|Detect|p1b: Urshifu\n|-singleturn|p1b: Urshifu|Protect\n|move|p2a: Miraidon|Volt Switch|p1b: Urshifu\n|-activate|p1b: Urshifu|move: Protect\n|move|p1a: Rillaboom|U-turn|p2a: Miraidon\n|-damage|p2a: Miraidon|81/100\n|\n|t:|1745949242\n|switch|p1a: Kyogre|Kyogre, L50|100/100|[from] U-turn\n|move|p2b: Kyogre|Ice Beam|p1a: Kyogre\n|-resisted|p1a: Kyogre\n|-damage|p1a: Kyogre|87/100\n|\n|-weather|RainDance|[upkeep]\n|upkeep\n|turn|3\n|\n|t:|1745949264\n|switch|p1b: Rillaboom|Rillaboom, L50, M|52/100\n|-fieldstart|move: Grassy Terrain|[from] ability: Grassy Surge|[of] p1b: Rillaboom\n|move|p2a: Miraidon|Volt Switch|p1b: Rillaboom\n|-resisted|p1b: Rillaboom\n|-damage|p1b: Rillaboom|29/100\n|\n|t:|1745949271\n|switch|p2a: Grimmsnarl|Grimmsnarl, L50, M|100/100|[from] Volt Switch\n|move|p1a: Kyogre|Ice Beam|p2b: Kyogre\n|-supereffective|p2b: Kyogre\n|-damage|p2b: Kyogre|42/100\n|move|p2b: Kyogre|Water Spout|p1b: Rillaboom|[spread] p1a,p1b\n|-resisted|p1a: Kyogre\n|-resisted|p1b: Rillaboom\n|-damage|p1a: Kyogre|67/100\n|-damage|p1b: Rillaboom|8/100\n|\n|-weather|RainDance|[upkeep]\n|-heal|p1a: Kyogre|73/100|[from] Grassy Terrain\n|-heal|p1b: Rillaboom|15/100|[from] Grassy Terrain\n|-heal|p2b: Kyogre|48/100|[from] Grassy Terrain\n|upkeep\n|turn|4\n|inactive|TacoBurger has 30 seconds left.\n|\n|t:|1745949301\n|-terastallize|p1a: Kyogre|Water\n|move|p2b: Kyogre|Protect|p2b: Kyogre\n|-singleturn|p2b: Kyogre|Protect\n|move|p1b: Rillaboom|Fake Out|p2a: Grimmsnarl\n|-crit|p2a: Grimmsnarl\n|-damage|p2a: Grimmsnarl|82/100\n|cant|p2a: Grimmsnarl|flinch\n|move|p1a: Kyogre|Origin Pulse|p2a: Grimmsnarl|[spread] \n|-activate|p2b: Kyogre|move: Protect\n|-miss|p1a: Kyogre|p2a: Grimmsnarl\n|\n|-weather|RainDance|[upkeep]\n|-heal|p1a: Kyogre|79/100|[from] Grassy Terrain\n|-heal|p1b: Rillaboom|21/100|[from] Grassy Terrain\n|-heal|p2b: Kyogre|53/100|[from] Grassy Terrain\n|-heal|p2a: Grimmsnarl|88/100|[from] Grassy Terrain\n|upkeep\n|turn|5\n|\n|t:|1745949323\n|move|p2a: Grimmsnarl|Light Screen|p2a: Grimmsnarl\n|-sidestart|p2: MR. HEROW|move: Light Screen\n|move|p1a: Kyogre|Water Spout|p2a: Grimmsnarl|[spread] p2a,p2b\n|-resisted|p2b: Kyogre\n|-damage|p2a: Grimmsnarl|2/100\n|-damage|p2b: Kyogre|23/100\n|move|p1b: Rillaboom|U-turn|p2b: Kyogre\n|-supereffective|p2b: Kyogre\n|-damage|p2b: Kyogre|0 fnt\n|faint|p2b: Kyogre\n|\n|t:|1745949337\n|switch|p1b: Urshifu|Urshifu-Rapid-Strike, L50, F|100/100|[from] U-turn\n|\n|-weather|none\n|-heal|p1a: Kyogre|86/100|[from] Grassy Terrain\n|-heal|p2a: Grimmsnarl|8/100|[from] Grassy Terrain\n|upkeep\n|\n|t:|1745949342\n|switch|p2b: Miraidon|Miraidon, L50|81/100\n|-fieldstart|move: Electric Terrain|[from] ability: Hadron Engine|[of] p2b: Miraidon\n|turn|6\n|\n|t:|1745949366\n|move|p1b: Urshifu|Aqua Jet|p2a: Grimmsnarl\n|-damage|p2a: Grimmsnarl|0 fnt\n|faint|p2a: Grimmsnarl\n|move|p2b: Miraidon|Parabolic Charge|p1b: Urshifu|[spread] p1a,p1b\n|-supereffective|p1a: Kyogre\n|-supereffective|p1b: Urshifu\n|-damage|p1a: Kyogre|0 fnt\n|-heal|p2b: Miraidon|100/100|[from] drain|[of] p1a: Kyogre\n|-damage|p1b: Urshifu|0 fnt\n|faint|p1a: Kyogre\n|faint|p1b: Urshifu\n|\n|upkeep\n|\n|t:|1745949378\n|switch|p1b: Chien-Pao|Chien-Pao, L50|100/100\n|switch|p1a: Rillaboom|Rillaboom, L50, M|21/100\n|-ability|p1b: Chien-Pao|Sword of Ruin\n|-fieldstart|move: Grassy Terrain|[from] ability: Grassy Surge|[of] p1a: Rillaboom\n|turn|7\n|\n|t:|1745949398\n|move|p1a: Rillaboom|Fake Out|p2b: Miraidon\n|-damage|p2b: Miraidon|85/100\n|move|p1b: Chien-Pao|Icicle Crash|p2b: Miraidon\n|-supereffective|p2b: Miraidon\n|-damage|p2b: Miraidon|0 fnt\n|faint|p2b: Miraidon\n|\n|win|TacoBurger\n|raw|TacoBurger's rating: 1000 &rarr; <strong>1051</strong><br />(+51 for winning)\n|raw|MR. HEROW's rating: 1100 &rarr; <strong>1068</strong><br />(-32 for losing)\n|l|\u2606MR. HEROW\n|player|p2|\n", "uploadtime": 1745949408, "views": 19, "formatid": "gen9vgc2025regibo3", "rating": 1051, "private": 0, "password": null}