{"id": "gen9vgc2025regibo3-2354307941", "format": "[Gen 9] VGC 2025 Reg I (Bo3)", "players": ["MightyDynamo", "shoffel"], "log": "|j|\u2606MightyDynamo\n|j|\u2606shoffel\n|html|<table width=\"100%\"><tr><td align=\"left\">MightyDynamo</td><td align=\"right\">shoffel</tr><tr><td align=\"left\"><i class=\"fa fa-circle-o\"></i> <i class=\"fa fa-circle-o\"></i> </td><td align=\"right\"><i class=\"fa fa-circle-o\"></i> <i class=\"fa fa-circle-o\"></i> </tr></table>\n|uhtml|bestof|<h2><strong>Game 1</strong> of <a href=\"/game-bestof3-gen9vgc2025regibo3-2354307940\">a best-of-3</a></h2>\n|t:|1746055530\n|gametype|doubles\n|player|p1|MightyDynamo|colress|1253\n|player|p2|shoffel|265|1165\n|teamsize|p1|6\n|teamsize|p2|6\n|gen|9\n|tier|[Gen 9] VGC 2025 Reg I (Bo3)\n|rated|\n|rule|Species Clause: Limit one of each Pok\u00e9mon\n|rule|Item Clause: Limit 1 of each item\n|clearpoke\n|poke|p1|Miraidon, L50|\n|poke|p1|Urshifu-*, L50, M|\n|poke|p1|Calyrex-Ice, L50|\n|poke|p1|Farigiraf, L50, M|\n|poke|p1|Flutter Mane, L50|\n|poke|p1|Incineroar, L50, M|\n|poke|p2|Zamazenta-*, L50|\n|poke|p2|Calyrex-Shadow, L50|\n|poke|p2|Indeedee-F, L50, F|\n|poke|p2|Whimsicott, L50, M|\n|poke|p2|Urshifu-*, L50, F|\n|poke|p2|Incineroar, L50, F|\n|teampreview|4\n|showteam|p1|Miraidon||ChoiceSpecs|HadronEngine|ElectroDrift,DracoMeteor,DazzlingGleam,VoltSwitch||||||50|,,,,,Fairy]Urshifu||FocusSash|UnseenFist|SuckerPunch,WickedBlow,Coaching,Detect|||M|||50|,,,,,Fire]Calyrex-Ice||ElectricSeed|AsOneGlastrier|TrickRoom,GlacialLance,BodyPress,Imprison||||||50|,,,,,Fighting]Farigiraf||MentalHerb|ArmorTail|LightScreen,FoulPlay,TrickRoom,HelpingHand|||M|||50|,,,,,Water]Flutter Mane||BoosterEnergy|Protosynthesis|Moonblast,ShadowBall,IcyWind,Protect||||||50|,,,,,Fairy]Incineroar||RockyHelmet|Intimidate|FakeOut,Taunt,KnockOff,PartingShot|||M|||50|,,,,,Ghost\n|showteam|p2|Zamazenta-Crowned||RustedShield|DauntlessShield|BodyPress,Imprison,WideGuard,Protect||||||50|,,,,,Dragon]Calyrex-Shadow||LifeOrb|AsOneSpectrier|AstralBarrage,ExpandingForce,Protect,Encore||||||50|,,,,,Dark]Indeedee-F||SitrusBerry|PsychicSurge|FollowMe,TrickRoom,Imprison,DazzlingGleam|||F|||50|,,,,,Fairy]Whimsicott||CovertCloak|Prankster|Tailwind,Moonblast,FakeTears,Taunt|||M|||50|,,,,,Steel]Urshifu-Rapid-Strike||ChoiceScarf|UnseenFist|SurgingStrikes,Uturn,CloseCombat,AquaJet|||F|||50|,,,,,Fighting]Incineroar||SafetyGoggles|Intimidate|FlareBlitz,FakeOut,KnockOff,PartingShot|||F|||50|,,,,,Ghost\n|inactive|Battle timer is ON: inactive players will automatically lose when time's up. (requested by MightyDynamo)\n|inactive|MightyDynamo has 60 seconds left.\n|inactive|shoffel has 60 seconds left.\n|inactive|shoffel has 30 seconds left.\n|\n|t:|1746055599\n|start\n|switch|p1a: Incineroar|Incineroar, L50, M|100/100\n|switch|p1b: Urshifu|Urshifu, L50, M|100/100\n|switch|p2a: Incineroar|Incineroar, L50, F|100/100\n|switch|p2b: Urshifu|Urshifu-Rapid-Strike, L50, F|100/100\n|-ability|p1a: Incineroar|Intimidate|boost\n|-unboost|p2a: Incineroar|atk|1\n|-unboost|p2b: Urshifu|atk|1\n|-ability|p2a: Incineroar|Intimidate|boost\n|-unboost|p1a: Incineroar|atk|1\n|-unboost|p1b: Urshifu|atk|1\n|turn|1\n|inactive|MightyDynamo has 30 seconds left.\n|inactive|MightyDynamo has 20 seconds left.\n|\n|t:|1746055635\n|switch|p1b: Miraidon|Miraidon, L50|100/100\n|-fieldstart|move: Electric Terrain|[from] ability: Hadron Engine|[of] p1b: Miraidon\n|move|p1a: Incineroar|Fake Out|p2b: Urshifu\n|-damage|p2b: Urshifu|94/100\n|move|p2a: Incineroar|Fake Out|p1b: Miraidon\n|-damage|p1b: Miraidon|94/100\n|cant|p2b: Urshifu|flinch\n|\n|upkeep\n|turn|2\n|inactive|MightyDynamo has 30 seconds left.\n|inactive|MightyDynamo has 20 seconds left.\n|inactive|MightyDynamo has 15 seconds left.\n|\n|t:|1746055680\n|switch|p1a: Calyrex|Calyrex-Ice, L50|100/100\n|-ability|p1a: Calyrex|As One\n|-ability|p1a: Calyrex|Unnerve\n|-enditem|p1a: Calyrex|Electric Seed\n|-boost|p1a: Calyrex|def|1|[from] item: Electric Seed\n|move|p2b: Urshifu|U-turn|p1b: Miraidon\n|-damage|p1b: Miraidon|78/100\n|\n|t:|1746055688\n|switch|p2b: Indeedee|Indeedee-F, L50, F|100/100|[from] U-turn\n|-fieldstart|move: Psychic Terrain|[from] ability: Psychic Surge|[of] p2b: Indeedee\n|move|p1b: Miraidon|Electro Drift|p2b: Indeedee\n|-damage|p2b: Indeedee|23/100\n|move|p2a: Incineroar|Parting Shot|p1b: Miraidon\n|-unboost|p1b: Miraidon|atk|1\n|-unboost|p1b: Miraidon|spa|1\n|\n|t:|1746055701\n|switch|p2a: Calyrex|Calyrex-Shadow, L50|100/100|[from] Parting Shot\n|-ability|p2a: Calyrex|As One\n|-ability|p2a: Calyrex|Unnerve\n|\n|upkeep\n|turn|3\n|inactive|MightyDynamo has 30 seconds left.\n|inactive|MightyDynamo has 20 seconds left.\n|inactive|MightyDynamo has 15 seconds left.\n|\n|t:|1746055743\n|switch|p1b: Urshifu|Urshifu, L50, M|100/100\n|move|p2a: Calyrex|Astral Barrage|p1a: Calyrex|[spread] p1a,p1b\n|-supereffective|p1a: Calyrex\n|-resisted|p1b: Urshifu\n|-damage|p1a: Calyrex|5/100\n|-damage|p1b: Urshifu|43/100\n|-damage|p2a: Calyrex|91/100|[from] item: Life Orb\n|move|p2b: Indeedee|Imprison|p2b: Indeedee\n|-start|p2b: Indeedee|move: Imprison\n|cant|p1a: Calyrex|move: Imprison|Trick Room\n|\n|upkeep\n|turn|4\n|inactive|MightyDynamo has 30 seconds left.\n|inactive|MightyDynamo has 20 seconds left.\n|inactive|MightyDynamo has 15 seconds left.\n|inactive|MightyDynamo has 10 seconds left.\n|\n|t:|1746055792\n|switch|p1a: Incineroar|Incineroar, L50, M|100/100\n|-enditem|p2b: Indeedee|Sitrus Berry|[eat]\n|-heal|p2b: Indeedee|47/100|[from] item: Sitrus Berry\n|-ability|p1a: Incineroar|Intimidate|boost\n|-unboost|p2a: Calyrex|atk|1\n|-unboost|p2b: Indeedee|atk|1\n|move|p1b: Urshifu|Detect|p1b: Urshifu\n|-singleturn|p1b: Urshifu|Protect\n|move|p2b: Indeedee|Follow Me|p2b: Indeedee\n|-singleturn|p2b: Indeedee|move: Follow Me\n|move|p2a: Calyrex|Astral Barrage|p1a: Incineroar|[spread] p1a\n|-activate|p1b: Urshifu|move: Protect\n|-resisted|p1a: Incineroar\n|-damage|p1a: Incineroar|75/100\n|-damage|p2a: Calyrex|81/100|[from] item: Life Orb\n|\n|upkeep\n|turn|5\n|inactive|MightyDynamo has 30 seconds left.\n|inactive|MightyDynamo has 20 seconds left.\n|inactive|MightyDynamo has 15 seconds left.\n|\n|t:|1746055833\n|switch|p1b: Miraidon|Miraidon, L50|78/100\n|-fieldstart|move: Electric Terrain|[from] ability: Hadron Engine|[of] p1b: Miraidon\n|move|p2b: Indeedee|Follow Me|p2b: Indeedee\n|-singleturn|p2b: Indeedee|move: Follow Me\n|move|p2a: Calyrex|Astral Barrage|p1a: Incineroar|[spread] p1a,p1b\n|-resisted|p1a: Incineroar\n|-damage|p1a: Incineroar|48/100\n|-damage|p1b: Miraidon|25/100\n|-damage|p2a: Calyrex|71/100|[from] item: Life Orb\n|move|p1a: Incineroar|Knock Off|p2b: Indeedee\n|-supereffective|p2b: Indeedee\n|-damage|p2b: Indeedee|0 fnt\n|faint|p2b: Indeedee\n|\n|upkeep\n|\n|t:|1746055848\n|switch|p2b: Urshifu|Urshifu-Rapid-Strike, L50, F|94/100\n|turn|6\n|inactive|MightyDynamo has 30 seconds left.\n|\n|t:|1746055876\n|switch|p1b: Calyrex|Calyrex-Ice, L50|5/100\n|-ability|p1b: Calyrex|As One\n|-ability|p1b: Calyrex|Unnerve\n|move|p2b: Urshifu|Surging Strikes|p1a: Incineroar\n|-supereffective|p1a: Incineroar\n|-crit|p1a: Incineroar\n|-damage|p1a: Incineroar|9/100\n|-damage|p2b: Urshifu|77/100|[from] item: Rocky Helmet|[of] p1a: Incineroar\n|-supereffective|p1a: Incineroar\n|-crit|p1a: Incineroar\n|-damage|p1a: Incineroar|0 fnt\n|-damage|p2b: Urshifu|60/100|[from] item: Rocky Helmet|[of] p1a: Incineroar\n|faint|p1a: Incineroar\n|-hitcount|p1: Incineroar|2\n|move|p2a: Calyrex|Astral Barrage|p1b: Calyrex\n|-supereffective|p1b: Calyrex\n|-damage|p1b: Calyrex|0 fnt\n|faint|p1b: Calyrex\n|-ability|p2a: Calyrex|Grim Neigh|boost\n|-boost|p2a: Calyrex|spa|1\n|-damage|p2a: Calyrex|62/100|[from] item: Life Orb\n|\n|upkeep\n|\n|t:|1746055893\n|switch|p1a: Urshifu|Urshifu, L50, M|43/100\n|switch|p1b: Miraidon|Miraidon, L50|25/100\n|-activate|p1b: Miraidon|ability: Hadron Engine\n|turn|7\n|inactive|MightyDynamo has 30 seconds left.\n|inactive|MightyDynamo has 20 seconds left.\n|inactive|MightyDynamo has 15 seconds left.\n|inactive|MightyDynamo has 10 seconds left.\n|\n|t:|1746055939\n|-terastallize|p2a: Calyrex|Dark\n|move|p1a: Urshifu|Sucker Punch|p2a: Calyrex\n|-resisted|p2a: Calyrex\n|-damage|p2a: Calyrex|39/100\n|move|p2b: Urshifu|Surging Strikes|p1b: Miraidon\n|-resisted|p1b: Miraidon\n|-crit|p1b: Miraidon\n|-damage|p1b: Miraidon|14/100\n|-resisted|p1b: Miraidon\n|-crit|p1b: Miraidon\n|-damage|p1b: Miraidon|4/100\n|-resisted|p1b: Miraidon\n|-crit|p1b: Miraidon\n|-damage|p1b: Miraidon|0 fnt\n|faint|p1b: Miraidon\n|-hitcount|p1: Miraidon|3\n|move|p2a: Calyrex|Astral Barrage|p1a: Urshifu\n|-resisted|p1a: Urshifu\n|-damage|p1a: Urshifu|0 fnt\n|faint|p1a: Urshifu\n|-damage|p2a: Calyrex|29/100|[from] item: Life Orb\n|\n|win|shoffel\n", "uploadtime": 1746055940, "views": 6, "formatid": "gen9vgc2025regibo3", "rating": null, "private": 0, "password": null}