{"id": "gen9vgc2025regibo3-2354667613", "format": "[Gen 9] VGC 2025 Reg I (Bo3)", "players": ["Wk_Silva_1112", "rubentino"], "log": "|j|\u2606Wk_Silva_1112\n|j|\u2606rubentino\n|html|<table width=\"100%\"><tr><td align=\"left\">Wk_Silva_1112</td><td align=\"right\">rubentino</tr><tr><td align=\"left\"><i class=\"fa fa-circle-o\"></i> <i class=\"fa fa-circle-o\"></i> </td><td align=\"right\"><i class=\"fa fa-circle-o\"></i> <i class=\"fa fa-circle-o\"></i> </tr></table>\n|uhtml|bestof|<h2><strong>Game 1</strong> of <a href=\"/game-bestof3-gen9vgc2025regibo3-2354667612\">a best-of-3</a></h2>\n|t:|1746108857\n|gametype|doubles\n|player|p1|Wk_Silva_1112|dancer|1085\n|player|p2|rubentino|1|1050\n|teamsize|p1|6\n|teamsize|p2|6\n|gen|9\n|tier|[Gen 9] VGC 2025 Reg I (Bo3)\n|rated|\n|rule|Species Clause: Limit one of each Pok\u00e9mon\n|rule|Item Clause: Limit 1 of each item\n|clearpoke\n|poke|p1|Kyogre, L50|\n|poke|p1|Miraidon, L50|\n|poke|p1|Archaludon, L50, F|\n|poke|p1|Whimsicott, L50, F|\n|poke|p1|Urshifu-*, L50, F|\n|poke|p1|Amoonguss, L50, F|\n|poke|p2|Terapagos, L50, M|\n|poke|p2|Calyrex-Shadow, L50|\n|poke|p2|Incineroar, L50, M|\n|poke|p2|Rillaboom, L50, F|\n|poke|p2|Urshifu-*, L50, F|\n|poke|p2|Amoonguss, L50, F|\n|teampreview|4\n|showteam|p1|Kyogre||ClearAmulet|Drizzle|OriginPulse,IceBeam,Protect,BrickBreak||||||50|,,,,,Grass]Miraidon||ChoiceSpecs|HadronEngine|DragonPulse,VoltSwitch,ElectroDrift,DazzlingGleam||||||50|,,,,,Fairy]Archaludon||Leftovers|Stamina|ElectroShot,BodyPress,FlashCannon,Protect|||F|||50|,,,,,Fairy]Whimsicott||CovertCloak|Prankster|Tailwind,BeatUp,LightScreen,HelpingHand|||F|||50|,,,,,Dark]Urshifu||FocusSash|UnseenFist|WickedBlow,SuckerPunch,CloseCombat,Protect|||F|||50|,,,,,Stellar]Amoonguss||SitrusBerry|EffectSpore|Spore,RagePowder,Protect,PollenPuff|||F|||50|,,,,,Dark\n|showteam|p2|Terapagos||Leftovers|TeraShift|TeraStarstorm,EarthPower,CalmMind,Protect|||M|||50|,,,,,Stellar]Calyrex-Shadow||FocusSash|AsOneSpectrier|AstralBarrage,Encore,Disable,Protect||||||50|,,,,,Ghost]Incineroar||SafetyGoggles|Intimidate|FakeOut,KnockOff,WillOWisp,PartingShot|||M|||50|,,,,,Bug]Rillaboom||AssaultVest|GrassySurge|FakeOut,WoodHammer,GrassyGlide,Uturn|||F|||50|,,,,,Water]Urshifu-Rapid-Strike||ChoiceScarf|UnseenFist|SurgingStrikes,CloseCombat,AquaJet,Uturn|||F|||50|,,,,,Water]Amoonguss||RockyHelmet|Regenerator|SludgeBomb,Spore,RagePowder,Protect|||F|||50|,,,,,Water\n|inactive|Battle timer is ON: inactive players will automatically lose when time's up. (requested by Wk_Silva_1112)\n|inactive|Wk_Silva_1112 has 60 seconds left.\n|inactive|rubentino has 60 seconds left.\n|inactive|rubentino has 30 seconds left.\n|inactive|rubentino has 20 seconds left.\n|\n|t:|1746108930\n|start\n|switch|p1a: Whimsicott|Whimsicott, L50, F, shiny|100/100\n|switch|p1b: Archaludon|Archaludon, L50, F|100/100\n|switch|p2a: Rillaboom|Rillaboom, L50, F|100/100\n|switch|p2b: Terapagos|Terapagos, L50, M|100/100\n|-activate|p2b: Terapagos|ability: Tera Shift\n|detailschange|p2b: Terapagos|Terapagos-Terastal, L50, M\n|-heal|p2b: Terapagos|100/100|[silent]\n|-fieldstart|move: Grassy Terrain|[from] ability: Grassy Surge|[of] p2a: Rillaboom\n|turn|1\n|\n|t:|1746108951\n|move|p1a: Whimsicott|Beat Up|p1b: Archaludon\n|-damage|p1b: Archaludon|99/100\n|-ability|p1b: Archaludon|Stamina|boost\n|-boost|p1b: Archaludon|def|1\n|-damage|p1b: Archaludon|97/100\n|-ability|p1b: Archaludon|Stamina|boost\n|-boost|p1b: Archaludon|def|1\n|-damage|p1b: Archaludon|96/100\n|-ability|p1b: Archaludon|Stamina|boost\n|-boost|p1b: Archaludon|def|1\n|-damage|p1b: Archaludon|94/100\n|-ability|p1b: Archaludon|Stamina|boost\n|-boost|p1b: Archaludon|def|1\n|-hitcount|p1b: Archaludon|4\n|move|p1b: Archaludon|Body Press|p2b: Terapagos\n|-activate|p2b: Terapagos|ability: Tera Shell\n|-resisted|p2b: Terapagos\n|-damage|p2b: Terapagos|77/100\n|move|p2b: Terapagos|Calm Mind|p2b: Terapagos\n|-boost|p2b: Terapagos|spa|1\n|-boost|p2b: Terapagos|spd|1\n|move|p2a: Rillaboom|U-turn|p1a: Whimsicott\n|-damage|p1a: Whimsicott|79/100\n|\n|t:|1746108975\n|switch|p2a: Amoonguss|Amoonguss, L50, F|100/100|[from] U-turn\n|\n|-heal|p1a: Whimsicott|85/100|[from] Grassy Terrain\n|-heal|p1b: Archaludon|99/100|[from] Grassy Terrain\n|-heal|p1b: Archaludon|100/100|[from] item: Leftovers\n|-heal|p2b: Terapagos|83/100|[from] Grassy Terrain\n|-heal|p2b: Terapagos|90/100|[from] item: Leftovers\n|upkeep\n|turn|2\n|\n|t:|1746108987\n|move|p2b: Terapagos|Protect|p2b: Terapagos\n|-singleturn|p2b: Terapagos|Protect\n|move|p1a: Whimsicott|Light Screen|p1a: Whimsicott\n|-sidestart|p1: Wk_Silva_1112|move: Light Screen\n|move|p1b: Archaludon|Body Press|p2b: Terapagos\n|-activate|p2b: Terapagos|move: Protect\n|move|p2a: Amoonguss|Sludge Bomb|p1a: Whimsicott\n|-supereffective|p1a: Whimsicott\n|-crit|p1a: Whimsicott\n|-damage|p1a: Whimsicott|0 fnt\n|faint|p1a: Whimsicott\n|\n|-heal|p2b: Terapagos|96/100|[from] Grassy Terrain\n|-heal|p2b: Terapagos|100/100|[from] item: Leftovers\n|upkeep\n|\n|t:|1746109008\n|switch|p1a: Urshifu|Urshifu, L50, F|100/100\n|turn|3\n|inactive|rubentino has 30 seconds left.\n|\n|t:|1746109041\n|move|p2a: Amoonguss|Rage Powder|p2a: Amoonguss\n|-singleturn|p2a: Amoonguss|move: Rage Powder\n|move|p1a: Urshifu|Wicked Blow|p2a: Amoonguss\n|-crit|p2a: Amoonguss\n|-damage|p2a: Amoonguss|58/100\n|-damage|p1a: Urshifu|84/100|[from] item: Rocky Helmet|[of] p2a: Amoonguss\n|move|p1b: Archaludon|Body Press|p2a: Amoonguss\n|-resisted|p2a: Amoonguss\n|-damage|p2a: Amoonguss|34/100\n|-damage|p1b: Archaludon|84/100|[from] item: Rocky Helmet|[of] p2a: Amoonguss\n|move|p2b: Terapagos|Earth Power|p1b: Archaludon\n|-supereffective|p1b: Archaludon\n|-damage|p1b: Archaludon|11/100\n|-ability|p1b: Archaludon|Stamina|boost\n|-boost|p1b: Archaludon|def|1\n|\n|-heal|p1a: Urshifu|90/100|[from] Grassy Terrain\n|-heal|p1b: Archaludon|17/100|[from] Grassy Terrain\n|-heal|p1b: Archaludon|23/100|[from] item: Leftovers\n|-heal|p2a: Amoonguss|40/100|[from] Grassy Terrain\n|upkeep\n|turn|4\n|\n|t:|1746109063\n|move|p2a: Amoonguss|Rage Powder|p2a: Amoonguss\n|-singleturn|p2a: Amoonguss|move: Rage Powder\n|move|p1a: Urshifu|Wicked Blow|p2a: Amoonguss\n|-crit|p2a: Amoonguss\n|-damage|p2a: Amoonguss|0 fnt\n|-damage|p1a: Urshifu|73/100|[from] item: Rocky Helmet|[of] p2a: Amoonguss\n|faint|p2a: Amoonguss\n|move|p1b: Archaludon|Body Press|p2b: Terapagos\n|-activate|p2b: Terapagos|ability: Tera Shell\n|-resisted|p2b: Terapagos\n|-damage|p2b: Terapagos|75/100\n|move|p2b: Terapagos|Calm Mind|p2b: Terapagos\n|-boost|p2b: Terapagos|spa|1\n|-boost|p2b: Terapagos|spd|1\n|\n|-heal|p1a: Urshifu|79/100|[from] Grassy Terrain\n|-heal|p1b: Archaludon|29/100|[from] Grassy Terrain\n|-heal|p1b: Archaludon|35/100|[from] item: Leftovers\n|-heal|p2b: Terapagos|82/100|[from] Grassy Terrain\n|-heal|p2b: Terapagos|88/100|[from] item: Leftovers\n|upkeep\n|\n|t:|1746109087\n|switch|p2a: Calyrex|Calyrex-Shadow, L50|100/100\n|-ability|p2a: Calyrex|As One\n|-ability|p2a: Calyrex|Unnerve\n|turn|5\n|\n|t:|1746109110\n|-terastallize|p2b: Terapagos|Stellar\n|detailschange|p2b: Terapagos|Terapagos-Stellar, L50, M, tera:Stellar\n|-heal|p2b: Terapagos|91/100|[silent]\n|-ability|p2b: Terapagos|Teraform Zero\n|-fieldend|move: Grassy Terrain\n|move|p1a: Urshifu|Sucker Punch||[still]\n|-fail|p1a: Urshifu\n|move|p2a: Calyrex|Disable|p1a: Urshifu\n|-start|p1a: Urshifu|Disable|Sucker Punch\n|move|p1b: Archaludon|Body Press|p2b: Terapagos\n|-supereffective|p2b: Terapagos\n|-damage|p2b: Terapagos|11/100\n|move|p2b: Terapagos|Tera Starstorm|p1a: Urshifu|[spread] p1a,p1b\n|-damage|p1a: Urshifu|10/100\n|-damage|p1b: Archaludon|0 fnt\n|faint|p1b: Archaludon\n|\n|-heal|p2b: Terapagos|17/100|[from] item: Leftovers\n|upkeep\n|\n|t:|1746109128\n|switch|p1b: Kyogre|Kyogre, L50, shiny|100/100\n|-weather|RainDance|[from] ability: Drizzle|[of] p1b: Kyogre\n|turn|6\n|\n|t:|1746109146\n|move|p1a: Urshifu|Protect|p1a: Urshifu\n|-singleturn|p1a: Urshifu|Protect\n|move|p2b: Terapagos|Protect|p2b: Terapagos\n|-singleturn|p2b: Terapagos|Protect\n|move|p2a: Calyrex|Astral Barrage|p1a: Urshifu|[spread] p1b\n|-activate|p1a: Urshifu|move: Protect\n|-damage|p1b: Kyogre|75/100\n|move|p1b: Kyogre|Origin Pulse|p2a: Calyrex|[spread] p2a\n|-activate|p2b: Terapagos|move: Protect\n|-damage|p2a: Calyrex|27/100\n|\n|-weather|RainDance|[upkeep]\n|-heal|p2b: Terapagos|23/100|[from] item: Leftovers\n|-sideend|p1: Wk_Silva_1112|move: Light Screen\n|upkeep\n|turn|7\n|\n|t:|1746109166\n|move|p1a: Urshifu|Protect||[still]\n|-fail|p1a: Urshifu\n|move|p2a: Calyrex|Astral Barrage|p1a: Urshifu|[spread] p1a,p1b\n|-resisted|p1a: Urshifu\n|-damage|p1a: Urshifu|0 fnt\n|-damage|p1b: Kyogre|32/100\n|faint|p1a: Urshifu\n|-ability|p2a: Calyrex|Grim Neigh|boost\n|-boost|p2a: Calyrex|spa|1\n|move|p1b: Kyogre|Origin Pulse|p2b: Terapagos|[spread] p2a\n|-miss|p1b: Kyogre|p2b: Terapagos\n|-damage|p2a: Calyrex|0 fnt\n|faint|p2a: Calyrex\n|move|p2b: Terapagos|Tera Starstorm|p1b: Kyogre\n|-damage|p1b: Kyogre|0 fnt\n|faint|p1b: Kyogre\n|\n|win|rubentino\n|inactive|Wk_Silva_1112 has 30 seconds to confirm battle start!\n|inactive|rubentino has 30 seconds to confirm battle start!\n||Wk_Silva_1112 is ready for game 2.\n", "uploadtime": 1746109183, "views": 9, "formatid": "gen9vgc2025regibo3", "rating": null, "private": 0, "password": null}