{"id": "gen9vgc2025regibo3-2354442477", "format": "[Gen 9] VGC 2025 Reg I (Bo3)", "players": ["TheParasectKing", "chuybreton8"], "log": "|j|\u2606TheParasectKing\n|j|\u2606chuybreton8\n|html|<table width=\"100%\"><tr><td align=\"left\">TheParasectKing</td><td align=\"right\">chuybreton8</tr><tr><td align=\"left\"><i class=\"fa fa-circle\"></i> <i class=\"fa fa-circle-o\"></i> </td><td align=\"right\"><i class=\"fa fa-circle-o\"></i> <i class=\"fa fa-circle\"></i> </tr></table>\n|uhtml|bestof|<h2><strong>Game 3</strong> of <a href=\"/game-bestof3-gen9vgc2025regibo3-2354439961\">a best-of-3</a></h2>\n|t:|1746072274\n|gametype|doubles\n|player|p1|TheParasectKing|acetrainer-gen4dp|1174\n|player|p2|chuybreton8|1|1272\n|teamsize|p1|6\n|teamsize|p2|6\n|gen|9\n|tier|[Gen 9] VGC 2025 Reg I (Bo3)\n|rated|\n|rule|Species Clause: Limit one of each Pok\u00e9mon\n|rule|Item Clause: Limit 1 of each item\n|clearpoke\n|poke|p1|Koraidon, L50|\n|poke|p1|Tornadus, L50, M|\n|poke|p1|Flutter Mane, L50|\n|poke|p1|Zacian-*, L50|\n|poke|p1|Chi-Yu, L50|\n|poke|p1|Walking Wake, L50|\n|poke|p2|Koraidon, L50|\n|poke|p2|Lunala, L50|\n|poke|p2|Raging Bolt, L50|\n|poke|p2|Chi-Yu, L50|\n|poke|p2|Brute Bonnet, L50|\n|poke|p2|Ursaluna, L50, M|\n|teampreview|4\n|showteam|p1|Koraidon||ClearAmulet|OrichalcumPulse|CloseCombat,FlareBlitz,FlameCharge,Protect||||||50|,,,,,Fire]Tornadus||CovertCloak|Prankster|Tailwind,BleakwindStorm,SunnyDay,Protect|||M|||50|,,,,,Dark]Flutter Mane||ChoiceSpecs|Protosynthesis|Moonblast,ShadowBall,DazzlingGleam,Thunderbolt||||||50|,,,,,Dark]Zacian-Crowned||RustedSword|IntrepidSword|behemothblade,PlayRough,SacredSword,Protect||||||50|,,,,,Water]Chi-Yu||FocusSash|BeadsofRuin|HeatWave,DarkPulse,Taunt,Protect||||||50|,,,,,Ghost]Walking Wake||ChoiceScarf|Protosynthesis|HydroSteam,DragonPulse,Snarl,FlipTurn||||||50|,,,,,Grass\n|showteam|p2|Koraidon||ClearAmulet|OrichalcumPulse|CollisionCourse,FlareBlitz,FlameCharge,Protect||||||50|,,,,,Fire]Lunala||PowerHerb|ShadowShield|TrickRoom,MoongeistBeam,MeteorBeam,WideGuard||||||50|,,,,,Water]Raging Bolt||AssaultVest|Protosynthesis|Electroweb,DracoMeteor,Thunderclap,Thunderbolt||||||50|,,,,,Fairy]Chi-Yu||FocusSash|BeadsofRuin|HeatWave,Protect,Taunt,Snarl||||||50|,,,,,Ghost]Brute Bonnet||CovertCloak|Protosynthesis|SuckerPunch,Spore,SeedBomb,RagePowder||||||50|,,,,,Water]Ursaluna||FlameOrb|Guts|Facade,HeadlongRush,Protect,Earthquake|||M|||50|,,,,,Water\n|inactive|Battle timer is ON: inactive players will automatically lose when time's up. (requested by TheParasectKing)\n|\n|t:|1746072297\n|start\n|switch|p1a: Tornadus|Tornadus, L50, M|100/100\n|switch|p1b: Flutter Mane|Flutter Mane, L50|100/100\n|switch|p2a: DASNER|Koraidon, L50|100/100\n|switch|p2b: Raging Bolt|Raging Bolt, L50|100/100\n|-weather|SunnyDay|[from] ability: Orichalcum Pulse|[of] p2a: DASNER\n|-activate|p1b: Flutter Mane|ability: Protosynthesis\n|-start|p1b: Flutter Mane|protosynthesisspe\n|-activate|p2b: Raging Bolt|ability: Protosynthesis\n|-start|p2b: Raging Bolt|protosynthesisspa\n|-activate|p2a: DASNER|Orichalcum Pulse|[source]\n|turn|1\n|inactive|chuybreton8 has 30 seconds left.\n|\n|t:|1746072322\n|-terastallize|p2b: Raging Bolt|Fairy\n|move|p1a: Tornadus|Tailwind|p1a: Tornadus\n|-sidestart|p1: TheParasectKing|move: Tailwind\n|move|p1b: Flutter Mane|Dazzling Gleam|p2a: DASNER|[spread] p2a,p2b\n|-supereffective|p2a: DASNER\n|-damage|p2a: DASNER|0 fnt\n|-damage|p2b: Raging Bolt|75/100\n|faint|p2a: DASNER\n|move|p2b: Raging Bolt|Electroweb|p1b: Flutter Mane|[spread] p1a\n|-miss|p2b: Raging Bolt|p1b: Flutter Mane\n|-supereffective|p1a: Tornadus\n|-damage|p1a: Tornadus|20/100\n|\n|-weather|SunnyDay|[upkeep]\n|upkeep\n|\n|t:|1746072331\n|switch|p2a: Lunala|Lunala, L50|100/100\n|turn|2\n|\n|t:|1746072352\n|switch|p1a: Koraidon|Koraidon, L50|100/100\n|-activate|p1a: Koraidon|ability: Orichalcum Pulse\n|move|p1b: Flutter Mane|Dazzling Gleam|p2b: Raging Bolt|[spread] p2a,p2b\n|-damage|p2a: Lunala|83/100\n|-damage|p2b: Raging Bolt|49/100\n|move|p2b: Raging Bolt|Thunderbolt|p1b: Flutter Mane\n|-damage|p1b: Flutter Mane|33/100\n|move|p2a: Lunala|Trick Room|p2a: Lunala\n|-fieldstart|move: Trick Room|[of] p2a: Lunala\n|\n|-weather|SunnyDay|[upkeep]\n|upkeep\n|turn|3\n|\n|t:|1746072372\n|move|p2b: Raging Bolt|Draco Meteor|p1a: Koraidon\n|-supereffective|p1a: Koraidon\n|-damage|p1a: Koraidon|0 fnt\n|-unboost|p2b: Raging Bolt|spa|2\n|faint|p1a: Koraidon\n|move|p2a: Lunala|Moongeist Beam|p1b: Flutter Mane\n|-supereffective|p1b: Flutter Mane\n|-damage|p1b: Flutter Mane|0 fnt\n|faint|p1b: Flutter Mane\n|-end|p1b: Flutter Mane|Protosynthesis|[silent]\n|\n|-weather|SunnyDay|[upkeep]\n|upkeep\n|\n|t:|1746072375\n|switch|p1b: Zacian|Zacian-Crowned, L50|100/100\n|switch|p1a: Tornadus|Tornadus, L50, M|20/100\n|-ability|p1b: Zacian|Intrepid Sword|boost\n|-boost|p1b: Zacian|atk|1\n|turn|4\n|\n|t:|1746072386\n|-end|p2b: Raging Bolt|Protosynthesis|[silent]\n|switch|p2b: Brute Bonnet|Brute Bonnet, L50, shiny|100/100\n|-activate|p2b: Brute Bonnet|ability: Protosynthesis\n|-start|p2b: Brute Bonnet|protosynthesisdef\n|move|p1a: Tornadus|Protect|p1a: Tornadus\n|-singleturn|p1a: Tornadus|Protect\n|move|p2a: Lunala|Moongeist Beam|p1a: Tornadus\n|-activate|p1a: Tornadus|move: Protect\n|move|p1b: Zacian|Behemoth Blade|p2a: Lunala\n|-damage|p2a: Lunala|13/100\n|\n|-weather|SunnyDay|[upkeep]\n|-sideend|p1: TheParasectKing|move: Tailwind\n|upkeep\n|turn|5\n|\n|t:|1746072397\n|move|p1b: Zacian|Protect|p1b: Zacian\n|-singleturn|p1b: Zacian|Protect\n|move|p1a: Tornadus|Tailwind|p1a: Tornadus\n|-sidestart|p1: TheParasectKing|move: Tailwind\n|move|p2b: Brute Bonnet|Spore|p1b: Zacian\n|-activate|p1b: Zacian|move: Protect\n|move|p2a: Lunala|Moongeist Beam|p1a: Tornadus\n|-damage|p1a: Tornadus|0 fnt\n|faint|p1a: Tornadus\n|\n|-weather|none\n|-end|p2b: Brute Bonnet|Protosynthesis\n|upkeep\n|turn|6\n|\n|t:|1746072402\n|move|p1b: Zacian|Protect||[still]\n|-fail|p1b: Zacian\n|move|p2b: Brute Bonnet|Spore|p1b: Zacian\n|-status|p1b: Zacian|slp|[from] move: Spore\n|move|p2a: Lunala|Meteor Beam||[still]\n|-prepare|p2a: Lunala|Meteor Beam\n|-boost|p2a: Lunala|spa|1\n|-enditem|p2a: Lunala|Power Herb\n|-anim|p2a: Lunala|Meteor Beam|p1b: Zacian\n|-resisted|p1b: Zacian\n|-damage|p1b: Zacian|69/100 slp\n|\n|-fieldend|move: Trick Room\n|upkeep\n|turn|7\n|-message|TheParasectKing forfeited.\n|\n|win|chuybreton8\n|raw|TheParasectKing's rating: 1174 &rarr; <strong>1156</strong><br />(-18 for losing)\n|raw|chuybreton8's rating: 1272 &rarr; <strong>1290</strong><br />(+18 for winning)\n|l|\u2606TheParasectKing\n|player|p1|\n|l|\u2606chuybreton8\n|player|p2|\n", "uploadtime": 1746072411, "views": 14, "formatid": "gen9vgc2025regibo3", "rating": 1156, "private": 0, "password": null}