{"id": "gen9vgc2025regibo3-2354534733", "format": "[Gen 9] VGC 2025 Reg I (Bo3)", "players": ["toothey", "extremejoin"], "log": "|j|\u2606toothey\n|j|\u2606extremejoin\n|html|<table width=\"100%\"><tr><td align=\"left\">toothey</td><td align=\"right\">extremejoin</tr><tr><td align=\"left\"><i class=\"fa fa-circle-o\"></i> <i class=\"fa fa-circle-o\"></i> </td><td align=\"right\"><i class=\"fa fa-circle-o\"></i> <i class=\"fa fa-circle-o\"></i> </tr></table>\n|uhtml|bestof|<h2><strong>Game 1</strong> of <a href=\"/game-bestof3-gen9vgc2025regibo3-2354534731\">a best-of-3</a></h2>\n|t:|1746089652\n|gametype|doubles\n|player|p1|toothey|102|1063\n|player|p2|extremejoin|266|1162\n|teamsize|p1|4\n|teamsize|p2|6\n|gen|9\n|tier|[Gen 9] VGC 2025 Reg I (Bo3)\n|rated|\n|rule|Species Clause: Limit one of each Pok\u00e9mon\n|rule|Item Clause: Limit 1 of each item\n|clearpoke\n|poke|p1|Giratina-Origin, L50|\n|poke|p1|Zamazenta-*, L50|\n|poke|p1|Iron Bundle, L50|\n|poke|p1|Ogerpon-Hearthflame, L50, F|\n|poke|p2|Miraidon, L50|\n|poke|p2|Farigiraf, L50, M|\n|poke|p2|Iron Hands, L50|\n|poke|p2|Torkoal, L50, M|\n|poke|p2|Smeargle, L50, M|\n|poke|p2|Calyrex-Ice, L50|\n|teampreview|4\n|showteam|p1|Giratina-Origin||GriseousCore|Levitate|ShadowSneak,Poltergeist,Protect,DragonClaw||||||50|,,,,,Fire]Zamazenta-Crowned||RustedShield|DauntlessShield|IronDefense,WideGuard,BodyPress,behemothbash||||||50|,,,,,Dragon]Iron Bundle||BoosterEnergy|QuarkDrive|IcyWind,FreezeDry,Protect,HydroPump||||||50|,,,,,Ghost]Ogerpon-Hearthflame||HearthflameMask|MoldBreaker|IvyCudgel,SpikyShield,FollowMe,PowerWhip|||F|||50|,,,,,Fire\n|showteam|p2|Miraidon||ChoiceSpecs|HadronEngine|ElectroDrift,DracoMeteor,VoltSwitch,DazzlingGleam||||||50|,,,,,Fairy]Farigiraf||ElectricSeed|ArmorTail|FoulPlay,PsychicNoise,TrickRoom,HelpingHand|||M|||50|,,,,,Water]Iron Hands||AssaultVest|QuarkDrive|DrainPunch,LowKick,WildCharge,FakeOut||||||50|,,,,,Water]Torkoal||Charcoal|Drought|Eruption,WeatherBall,EarthPower,Protect|||M|||50|,,,,,Fire]Smeargle||FocusSash|Technician|FakeOut,Spore,FollowMe,Feint|||M|||50|,,,,,Grass]Calyrex-Ice||ClearAmulet|AsOneGlastrier|GlacialLance,HighHorsepower,TrickRoom,Protect||||||50|,,,,,Fire\n|inactive|Battle timer is ON: inactive players will automatically lose when time's up. (requested by extremejoin)\n|\n|t:|1746089713\n|start\n|switch|p1a: Iron Bundle|Iron Bundle, L50|100/100\n|switch|p1b: Zamazenta|Zamazenta-Crowned, L50|100/100\n|switch|p2a: Miraidon|Miraidon, L50|100/100\n|switch|p2b: Iron Hands|Iron Hands, L50|100/100\n|-fieldstart|move: Electric Terrain|[from] ability: Hadron Engine|[of] p2a: Miraidon\n|-activate|p1a: Iron Bundle|ability: Quark Drive\n|-start|p1a: Iron Bundle|quarkdrivespe\n|-activate|p2b: Iron Hands|ability: Quark Drive\n|-start|p2b: Iron Hands|quarkdriveatk\n|-ability|p1b: Zamazenta|Dauntless Shield|boost\n|-boost|p1b: Zamazenta|def|1\n|turn|1\n|inactive|toothey has 30 seconds left.\n|\n|t:|1746089740\n|switch|p1b: Giratina|Giratina-Origin, L50|100/100\n|move|p1a: Iron Bundle|Protect|p1a: Iron Bundle\n|-singleturn|p1a: Iron Bundle|Protect\n|move|p2b: Iron Hands|Fake Out|p1a: Iron Bundle\n|-activate|p1a: Iron Bundle|move: Protect\n|move|p2a: Miraidon|Volt Switch|p1b: Giratina\n|-resisted|p1b: Giratina\n|-damage|p1b: Giratina|64/100\n|\n|t:|1746089749\n|switch|p2a: Calyrex|Calyrex-Ice, L50|100/100|[from] Volt Switch\n|-ability|p2a: Calyrex|As One\n|-ability|p2a: Calyrex|Unnerve\n|\n|upkeep\n|turn|2\n|inactive|toothey has 30 seconds left.\n|\n|t:|1746089778\n|-terastallize|p2a: Calyrex|Fire\n|move|p1a: Iron Bundle|Hydro Pump|p2a: Calyrex\n|-supereffective|p2a: Calyrex\n|-damage|p2a: Calyrex|30/100\n|move|p1b: Giratina|Poltergeist|p2a: Calyrex\n|-activate|p2a: Calyrex|move: Poltergeist|Clear Amulet\n|-damage|p2a: Calyrex|0 fnt\n|faint|p2a: Calyrex\n|move|p2b: Iron Hands|Drain Punch|p1a: Iron Bundle\n|-supereffective|p1a: Iron Bundle\n|-damage|p1a: Iron Bundle|0 fnt\n|faint|p1a: Iron Bundle\n|-end|p1a: Iron Bundle|Quark Drive|[silent]\n|\n|upkeep\n|\n|t:|1746089799\n|switch|p1a: Ogerpon|Ogerpon-Hearthflame, L50, F|100/100\n|switch|p2a: Miraidon|Miraidon, L50|100/100\n|-activate|p2a: Miraidon|ability: Hadron Engine\n|-ability|p1a: Ogerpon|Mold Breaker\n|turn|3\n|\n|t:|1746089822\n|move|p1a: Ogerpon|Follow Me|p1a: Ogerpon\n|-singleturn|p1a: Ogerpon|move: Follow Me\n|move|p2a: Miraidon|Draco Meteor|p1a: Ogerpon\n|-damage|p1a: Ogerpon|0 fnt\n|-unboost|p2a: Miraidon|spa|2\n|faint|p1a: Ogerpon\n|move|p1b: Giratina|Dragon Claw|p2a: Miraidon\n|-supereffective|p2a: Miraidon\n|-damage|p2a: Miraidon|0 fnt\n|faint|p2a: Miraidon\n|move|p2b: Iron Hands|Wild Charge|p1b: Giratina\n|-resisted|p1b: Giratina\n|-damage|p1b: Giratina|29/100\n|-damage|p2b: Iron Hands|92/100|[from] Recoil\n|\n|upkeep\n|\n|t:|1746089835\n|switch|p2a: Farigiraf|Farigiraf, L50, M|100/100\n|switch|p1a: Zamazenta|Zamazenta-Crowned, L50|100/100\n|-enditem|p2a: Farigiraf|Electric Seed\n|-boost|p2a: Farigiraf|def|1|[from] item: Electric Seed\n|turn|4\n|inactive|toothey has 30 seconds left.\n|inactive|toothey has 20 seconds left.\n|inactive|toothey has 15 seconds left.\n|\n|t:|1746089876\n|-terastallize|p1a: Zamazenta|Dragon\n|move|p2b: Iron Hands|Fake Out||[still]\n|-hint|Fake Out only works on your first turn out.\n|-fail|p2b: Iron Hands\n|move|p1a: Zamazenta|Iron Defense|p1a: Zamazenta\n|-boost|p1a: Zamazenta|def|2\n|move|p1b: Giratina|Poltergeist|p2b: Iron Hands\n|-activate|p2b: Iron Hands|move: Poltergeist|Assault Vest\n|-damage|p2b: Iron Hands|43/100\n|move|p2a: Farigiraf|Foul Play|p1b: Giratina\n|-supereffective|p1b: Giratina\n|-damage|p1b: Giratina|0 fnt\n|faint|p1b: Giratina\n|\n|upkeep\n|turn|5\n|inactive|extremejoin has 30 seconds left.\n|\n|t:|1746089908\n|move|p1a: Zamazenta|Body Press|p2b: Iron Hands\n|-damage|p2b: Iron Hands|0 fnt\n|faint|p2b: Iron Hands\n|-end|p2b: Iron Hands|Quark Drive|[silent]\n|move|p2a: Farigiraf|Psychic Noise|p1a: Zamazenta\n|-damage|p1a: Zamazenta|77/100\n|-start|p1a: Zamazenta|move: Heal Block\n|\n|-fieldend|move: Electric Terrain\n|upkeep\n|turn|6\n|\n|t:|1746089920\n|move|p1a: Zamazenta|Body Press|p2a: Farigiraf\n|-damage|p2a: Farigiraf|48/100\n|move|p2a: Farigiraf|Psychic Noise|p1a: Zamazenta\n|-damage|p1a: Zamazenta|56/100\n|\n|-end|p1a: Zamazenta|move: Heal Block\n|upkeep\n|turn|7\n|\n|t:|1746089932\n|move|p1a: Zamazenta|Body Press|p2a: Farigiraf\n|-damage|p2a: Farigiraf|0 fnt\n|faint|p2a: Farigiraf\n|\n|win|toothey\n||extremejoin is ready for game 2.\n||toothey is ready for game 2.\n|uhtml|next|Next: <a href=\"/battle-gen9vgc2025regibo3-2354536194\"><strong>Game 2 of 3</strong></a>\n|l|\u2606extremejoin\n|player|p2|\n", "uploadtime": 1746090300, "views": 12, "formatid": "gen9vgc2025regibo3", "rating": null, "private": 0, "password": null}