{"id": "gen9vgc2025regibo3-2353745697", "format": "[Gen 9] VGC 2025 Reg I (Bo3)", "players": ["nibblesjibbles", "Livnlarge27"], "log": "|j|\u2606nibblesjibbles\n|j|\u2606Livnlarge27\n|html|<table width=\"100%\"><tr><td align=\"left\">nibblesjibbles</td><td align=\"right\">Livnlarge27</tr><tr><td align=\"left\"><i class=\"fa fa-circle-o\"></i> <i class=\"fa fa-circle-o\"></i> </td><td align=\"right\"><i class=\"fa fa-circle-o\"></i> <i class=\"fa fa-circle\"></i> </tr></table>\n|uhtml|bestof|<h2><strong>Game 2</strong> of <a href=\"/game-bestof3-gen9vgc2025regibo3-2353744461\">a best-of-3</a></h2>\n|t:|1745992755\n|gametype|doubles\n|player|p1|nibblesjibbles|scientist-gen4|1321\n|player|p2|Livnlarge27|marlon|1486\n|teamsize|p1|6\n|teamsize|p2|6\n|gen|9\n|tier|[Gen 9] VGC 2025 Reg I (Bo3)\n|rated|\n|rule|Species Clause: Limit one of each Pok\u00e9mon\n|rule|Item Clause: Limit 1 of each item\n|clearpoke\n|poke|p1|Terapagos, L50, M|\n|poke|p1|Incineroar, L50, M|\n|poke|p1|Rillaboom, L50, M|\n|poke|p1|Flutter Mane, L50|\n|poke|p1|Koraidon, L50|\n|poke|p1|Amoonguss, L50, M|\n|poke|p2|Miraidon, L50|\n|poke|p2|Iron Boulder, L50|\n|poke|p2|Incineroar, L50, M|\n|poke|p2|Chi-Yu, L50|\n|poke|p2|Whimsicott, L50, M|\n|poke|p2|Lunala, L50|\n|teampreview|4\n|showteam|p1|Terapagos||Leftovers|TeraShift|TeraStarstorm,EarthPower,CalmMind,Protect|||M|||50|,,,,,Stellar]Incineroar||RockyHelmet|Intimidate|KnockOff,PartingShot,FlareBlitz,FakeOut|||M|||50|,,,,,Water]Rillaboom||AssaultVest|GrassySurge|WoodHammer,GrassyGlide,Uturn,FakeOut|||M|||50|,,,,,Stellar]Flutter Mane||FocusSash|Protosynthesis|Moonblast,ThunderWave,ShadowBall,IcyWind||||||50|,,,,,Fairy]Koraidon||LifeOrb|OrichalcumPulse|CloseCombat,FlareBlitz,FlameCharge,Protect||||||50|,,,,,Fire]Amoonguss||CovertCloak|Regenerator|Spore,PollenPuff,RagePowder,Protect|||M|||50|,,,,,Fairy\n|showteam|p2|Miraidon||ChoiceSpecs|HadronEngine|VoltSwitch,ElectroDrift,DracoMeteor,DazzlingGleam||||||50|,,,,,Fairy]Iron Boulder||ChoiceBand|QuarkDrive|MightyCleave,Megahorn,CloseCombat,ZenHeadbutt||||||50|,,,,,Rock]Incineroar||AssaultVest|Intimidate|FakeOut,FlareBlitz,KnockOff,Uturn|||M|||50|,,,,,Ghost]Chi-Yu||ChoiceScarf|BeadsofRuin|HeatWave,Snarl,Overheat,DarkPulse||||||50|,,,,,Ghost]Whimsicott||CovertCloak|Prankster|Tailwind,Moonblast,Encore,LightScreen|||M|||50|,,,,,Dark]Lunala||PowerHerb|ShadowShield|WideGuard,MoongeistBeam,MeteorBeam,TrickRoom||||||50|,,,,,Water\n|inactive|Battle timer is ON: inactive players will automatically lose when time's up. (requested by nibblesjibbles)\n|inactive|nibblesjibbles has 60 seconds left.\n|inactive|Livnlarge27 has 60 seconds left.\n|\n|t:|1745992795\n|start\n|switch|p1a: Koraidon|Koraidon, L50|100/100\n|switch|p1b: Flutter Mane|Flutter Mane, L50|100/100\n|switch|p2a: Chi-Yu|Chi-Yu, L50|100/100\n|switch|p2b: Lunala|Lunala, L50|100/100\n|-ability|p2a: Chi-Yu|Beads of Ruin\n|-weather|SunnyDay|[from] ability: Orichalcum Pulse|[of] p1a: Koraidon\n|-activate|p1b: Flutter Mane|ability: Protosynthesis\n|-start|p1b: Flutter Mane|protosynthesisspe\n|-activate|p1a: Koraidon|Orichalcum Pulse|[source]\n|turn|1\n|inactive|Livnlarge27 has 30 seconds left.\n|inactive|Livnlarge27 has 20 seconds left.\n|\n|t:|1745992831\n|-terastallize|p2b: Lunala|Water\n|move|p1b: Flutter Mane|Icy Wind|p2a: Chi-Yu|[spread] p2a\n|-miss|p1b: Flutter Mane|p2b: Lunala\n|-resisted|p2a: Chi-Yu\n|-damage|p2a: Chi-Yu|92/100\n|-unboost|p2a: Chi-Yu|spe|1\n|move|p1a: Koraidon|Flare Blitz|p2b: Lunala\n|-resisted|p2b: Lunala\n|-damage|p2b: Lunala|79/100\n|-damage|p1a: Koraidon|91/100|[from] Recoil\n|-damage|p1a: Koraidon|81/100|[from] item: Life Orb\n|move|p2a: Chi-Yu|Snarl|p1a: Koraidon|[spread] p1a,p1b\n|-resisted|p1a: Koraidon\n|-damage|p1a: Koraidon|64/100\n|-damage|p1b: Flutter Mane|65/100\n|-unboost|p1a: Koraidon|spa|1\n|-unboost|p1b: Flutter Mane|spa|1\n|move|p2b: Lunala|Moongeist Beam|p1a: Koraidon\n|-damage|p1a: Koraidon|0 fnt\n|faint|p1a: Koraidon\n|\n|-weather|SunnyDay|[upkeep]\n|upkeep\n|\n|t:|1745992848\n|switch|p1a: Terapagos|Terapagos, L50, M|100/100\n|-activate|p1a: Terapagos|ability: Tera Shift\n|detailschange|p1a: Terapagos|Terapagos-Terastal, L50, M\n|-heal|p1a: Terapagos|100/100|[silent]\n|turn|2\n|\n|t:|1745992869\n|switch|p2a: Whimsicott|Whimsicott, L50, M|100/100\n|move|p1b: Flutter Mane|Thunder Wave|p2a: Whimsicott\n|-status|p2a: Whimsicott|par\n|move|p2b: Lunala|Moongeist Beam|p1b: Flutter Mane\n|-supereffective|p1b: Flutter Mane\n|-damage|p1b: Flutter Mane|0 fnt\n|faint|p1b: Flutter Mane\n|-end|p1b: Flutter Mane|Protosynthesis|[silent]\n|move|p1a: Terapagos|Calm Mind|p1a: Terapagos\n|-boost|p1a: Terapagos|spa|1\n|-boost|p1a: Terapagos|spd|1\n|\n|-weather|SunnyDay|[upkeep]\n|upkeep\n|\n|t:|1745992872\n|switch|p1b: Rillaboom|Rillaboom, L50, M|100/100\n|-fieldstart|move: Grassy Terrain|[from] ability: Grassy Surge|[of] p1b: Rillaboom\n|turn|3\n|c|\u2606nibblesjibbles|ggs\n|\n|t:|1745992893\n|switch|p2b: Chi-Yu|Chi-Yu, L50|92/100\n|-ability|p2b: Chi-Yu|Beads of Ruin\n|cant|p2a: Whimsicott|par\n|move|p1b: Rillaboom|Wood Hammer|p2b: Chi-Yu\n|-resisted|p2b: Chi-Yu\n|-damage|p2b: Chi-Yu|37/100\n|-damage|p1b: Rillaboom|89/100|[from] Recoil\n|move|p1a: Terapagos|Calm Mind|p1a: Terapagos\n|-boost|p1a: Terapagos|spa|1\n|-boost|p1a: Terapagos|spd|1\n|\n|-weather|SunnyDay|[upkeep]\n|-heal|p2b: Chi-Yu|43/100|[from] Grassy Terrain\n|-heal|p1b: Rillaboom|95/100|[from] Grassy Terrain\n|upkeep\n|turn|4\n|inactive|nibblesjibbles has 30 seconds left.\n|\n|t:|1745992930\n|-terastallize|p1a: Terapagos|Stellar\n|detailschange|p1a: Terapagos|Terapagos-Stellar, L50, M, tera:Stellar\n|-heal|p1a: Terapagos|100/100|[silent]\n|-ability|p1a: Terapagos|Teraform Zero\n|-weather|none\n|-fieldend|move: Grassy Terrain\n|move|p2a: Whimsicott|Encore|p1a: Terapagos\n|-start|p1a: Terapagos|Encore\n|move|p2b: Chi-Yu|Overheat|p1b: Rillaboom\n|-supereffective|p1b: Rillaboom\n|-damage|p1b: Rillaboom|0 fnt\n|-unboost|p2b: Chi-Yu|spa|2\n|faint|p1b: Rillaboom\n|move|p1a: Terapagos|Calm Mind|p1a: Terapagos\n|-boost|p1a: Terapagos|spa|1\n|-boost|p1a: Terapagos|spd|1\n|\n|upkeep\n|turn|5\n|\n|t:|1745992948\n|switch|p2a: Iron Boulder|Iron Boulder, L50|100/100\n|move|p2b: Chi-Yu|Overheat|p1a: Terapagos\n|-crit|p1a: Terapagos\n|-damage|p1a: Terapagos|11/100\n|-unboost|p2b: Chi-Yu|spa|2\n|move|p1a: Terapagos|Calm Mind|p1a: Terapagos\n|-boost|p1a: Terapagos|spa|1\n|-boost|p1a: Terapagos|spd|1\n|\n|-heal|p1a: Terapagos|18/100|[from] item: Leftovers\n|upkeep\n|turn|6\n|\n|t:|1745992962\n|move|p2b: Chi-Yu|Overheat|p1a: Terapagos\n|-damage|p1a: Terapagos|11/100\n|-unboost|p2b: Chi-Yu|spa|2\n|move|p2a: Iron Boulder|Close Combat|p1a: Terapagos\n|-supereffective|p1a: Terapagos\n|-damage|p1a: Terapagos|0 fnt\n|-unboost|p2a: Iron Boulder|def|1\n|-unboost|p2a: Iron Boulder|spd|1\n|faint|p1a: Terapagos\n|\n|win|Livnlarge27\n|raw|nibblesjibbles's rating: 1321 &rarr; <strong>1310</strong><br />(-11 for losing)\n|raw|Livnlarge27's rating: 1486 &rarr; <strong>1497</strong><br />(+11 for winning)\n|c|\u2606nibblesjibbles|unlucky\n|l|\u2606nibblesjibbles\n|player|p1|\n|l|\u2606Livnlarge27\n|player|p2|\n|j|\u2606nibblesjibbles\n|player|p1|nibblesjibbles|scientist-gen4|\n", "uploadtime": 1745992993, "views": 6, "formatid": "gen9vgc2025regibo3", "rating": 1310, "private": 0, "password": null}