{"id": "gen9vgc2025regibo3-2354205708", "format": "[Gen 9] VGC 2025 Reg I (Bo3)", "players": ["d_malicious", "MangoFurret"], "log": "|j|\u2606d_malicious\n|j|\u2606MangoFurret\n|html|<table width=\"100%\"><tr><td align=\"left\">d_malicious</td><td align=\"right\">MangoFurret</tr><tr><td align=\"left\"><i class=\"fa fa-circle-o\"></i> <i class=\"fa fa-circle-o\"></i> </td><td align=\"right\"><i class=\"fa fa-circle-o\"></i> <i class=\"fa fa-circle\"></i> </tr></table>\n|uhtml|bestof|<h2><strong>Game 2</strong> of <a href=\"/game-bestof3-gen9vgc2025regibo3-2354202683\">a best-of-3</a></h2>\n|t:|1746044512\n|gametype|doubles\n|player|p1|d_malicious|worker-gen4|1223\n|player|p2|MangoFurret|unknown|1277\n|teamsize|p1|6\n|teamsize|p2|6\n|gen|9\n|tier|[Gen 9] VGC 2025 Reg I (Bo3)\n|rated|\n|rule|Species Clause: Limit one of each Pok\u00e9mon\n|rule|Item Clause: Limit 1 of each item\n|clearpoke\n|poke|p1|Koraidon, L50|\n|poke|p1|Flutter Mane, L50|\n|poke|p1|Brute Bonnet, L50|\n|poke|p1|Chi-Yu, L50|\n|poke|p1|Ogerpon-Cornerstone, L50, F|\n|poke|p1|Lunala, L50|\n|poke|p2|Kyogre, L50|\n|poke|p2|Zamazenta-*, L50|\n|poke|p2|Amoonguss, L50, F|\n|poke|p2|Chien-Pao, L50|\n|poke|p2|Urshifu-*, L50, M|\n|poke|p2|Roaring Moon, L50|\n|teampreview|4\n|showteam|p1|Koraidon||LifeOrb|OrichalcumPulse|CloseCombat,FlareBlitz,FlameCharge,Protect||||||50|,,,,,Fire]Flutter Mane||FocusSash|Protosynthesis|Protect,Moonblast,ShadowBall,IcyWind||||||50|,,,,,Normal]Brute Bonnet||CovertCloak|Protosynthesis|Spore,SuckerPunch,SeedBomb,RagePowder||||||50|,,,,,Water]Chi-Yu||ChoiceScarf|BeadsofRuin|HeatWave,Flamethrower,DarkPulse,Snarl||||||50|,,,,,Ghost]Ogerpon-Cornerstone||CornerstoneMask|Sturdy|SpikyShield,IvyCudgel,Taunt,FollowMe|||F|||50|,,,,,Rock]Lunala||PowerHerb|ShadowShield|MoongeistBeam,MeteorBeam,TrickRoom,WideGuard||||||50|,,,,,Water\n|showteam|p2|Kyogre||MysticWater|Drizzle|WaterSpout,HydroPump,IceBeam,Protect||||||50|,,,,,Grass]Zamazenta-Crowned||RustedShield|DauntlessShield|behemothbash,BodyPress,WideGuard,Protect||||||50|,,,,,Grass]Amoonguss||RockyHelmet|Regenerator|RagePowder,Spore,SludgeBomb,Protect|||F|||50|,,,,,Fairy]Chien-Pao||FocusSash|SwordofRuin|IceSpinner,SuckerPunch,ThroatChop,Protect||||||50|,,,,,Ghost]Urshifu-Rapid-Strike||ChoiceScarf|UnseenFist|SurgingStrikes,CloseCombat,Uturn,Coaching|||M|||50|,,,,,Ghost]Roaring Moon||BoosterEnergy|Protosynthesis|KnockOff,Acrobatics,Tailwind,Protect||||||50|,,,,,Flying\n|\n|t:|1746044560\n|start\n|switch|p1a: Lunala|Lunala, L50|100/100\n|switch|p1b: Brute Bonnet|Brute Bonnet, L50|100/100\n|switch|p2a: Impostor|Amoonguss, L50, F|100/100\n|switch|p2b: IlDoggo|Zamazenta-Crowned, L50|100/100\n|-ability|p2b: IlDoggo|Dauntless Shield|boost\n|-boost|p2b: IlDoggo|def|1\n|turn|1\n|\n|t:|1746044608\n|-terastallize|p2b: IlDoggo|Grass\n|move|p2b: IlDoggo|Body Press|p1b: Brute Bonnet\n|-supereffective|p1b: Brute Bonnet\n|-damage|p1b: Brute Bonnet|0 fnt\n|faint|p1b: Brute Bonnet\n|-end|p1b: Brute Bonnet|Protosynthesis|[silent]\n|move|p1a: Lunala|Meteor Beam||[still]\n|-prepare|p1a: Lunala|Meteor Beam\n|-boost|p1a: Lunala|spa|1\n|-enditem|p1a: Lunala|Power Herb\n|-anim|p1a: Lunala|Meteor Beam|p2a: Impostor\n|-damage|p2a: Impostor|58/100\n|move|p2a: Impostor|Sludge Bomb|p1a: Lunala\n|-resisted|p1a: Lunala\n|-damage|p1a: Lunala|96/100\n|\n|upkeep\n|\n|t:|1746044621\n|switch|p1b: Ogerpon|Ogerpon-Cornerstone, L50, F|100/100\n|turn|2\n|\n|t:|1746044637\n|move|p2b: IlDoggo|Behemoth Bash|p1a: Lunala\n|-damage|p1a: Lunala|62/100\n|move|p1b: Ogerpon|Taunt|p2a: Impostor\n|-start|p2a: Impostor|move: Taunt\n|move|p1a: Lunala|Moongeist Beam|p2b: IlDoggo\n|-crit|p2b: IlDoggo\n|-damage|p2b: IlDoggo|23/100\n|move|p2a: Impostor|Sludge Bomb|p1b: Ogerpon\n|-damage|p1b: Ogerpon|69/100\n|\n|upkeep\n|turn|3\n|\n|t:|1746044663\n|switch|p2a: Ilgattopardo|Chien-Pao, L50|100/100\n|-ability|p2a: Ilgattopardo|Sword of Ruin\n|move|p2b: IlDoggo|Protect|p2b: IlDoggo\n|-singleturn|p2b: IlDoggo|Protect\n|move|p1b: Ogerpon|Spiky Shield|p1b: Ogerpon\n|-singleturn|p1b: Ogerpon|move: Protect\n|move|p1a: Lunala|Moongeist Beam|p2a: Ilgattopardo\n|-resisted|p2a: Ilgattopardo\n|-damage|p2a: Ilgattopardo|46/100\n|\n|upkeep\n|turn|4\n|\n|t:|1746044684\n|move|p2a: Ilgattopardo|Protect|p2a: Ilgattopardo\n|-singleturn|p2a: Ilgattopardo|Protect\n|move|p1b: Ogerpon|Follow Me|p1b: Ogerpon\n|-singleturn|p1b: Ogerpon|move: Follow Me\n|move|p2b: IlDoggo|Body Press|p1b: Ogerpon\n|-supereffective|p1b: Ogerpon\n|-damage|p1b: Ogerpon|0 fnt\n|faint|p1b: Ogerpon\n|move|p1a: Lunala|Moongeist Beam|p2b: IlDoggo\n|-damage|p2b: IlDoggo|0 fnt\n|faint|p2b: IlDoggo\n|\n|upkeep\n|\n|t:|1746044699\n|switch|p2b: Impostor|Amoonguss, L50, F|92/100\n|switch|p1b: Koraidon|Koraidon, L50|100/100\n|-weather|SunnyDay|[from] ability: Orichalcum Pulse|[of] p1b: Koraidon\n|-activate|p1b: Koraidon|Orichalcum Pulse|[source]\n|turn|5\n|\n|t:|1746044711\n|-terastallize|p1a: Lunala|Water\n|move|p2b: Impostor|Rage Powder|p2b: Impostor\n|-singleturn|p2b: Impostor|move: Rage Powder\n|move|p2a: Ilgattopardo|Throat Chop|p1a: Lunala\n|-damage|p1a: Lunala|15/100\n|-start|p1a: Lunala|Throat Chop|[silent]\n|move|p1b: Koraidon|Close Combat|p2b: Impostor\n|-resisted|p2b: Impostor\n|-damage|p2b: Impostor|21/100\n|-unboost|p1b: Koraidon|def|1\n|-unboost|p1b: Koraidon|spd|1\n|-damage|p1b: Koraidon|84/100|[from] item: Rocky Helmet|[of] p2b: Impostor\n|-damage|p1b: Koraidon|74/100|[from] item: Life Orb\n|move|p1a: Lunala|Moongeist Beam|p2b: Impostor\n|-damage|p2b: Impostor|0 fnt\n|faint|p2b: Impostor\n|\n|-weather|SunnyDay|[upkeep]\n|upkeep\n|\n|t:|1746044727\n|switch|p2b: BigFish|Kyogre, L50|100/100\n|-weather|RainDance|[from] ability: Drizzle|[of] p2b: BigFish\n|turn|6\n|\n|t:|1746044749\n|move|p2a: Ilgattopardo|Ice Spinner|p1b: Koraidon\n|-supereffective|p1b: Koraidon\n|-damage|p1b: Koraidon|0 fnt\n|faint|p1b: Koraidon\n|move|p1a: Lunala|Moongeist Beam|p2b: BigFish\n|-damage|p2b: BigFish|54/100\n|move|p2b: BigFish|Water Spout|p1a: Lunala\n|-resisted|p1a: Lunala\n|-damage|p1a: Lunala|0 fnt\n|faint|p1a: Lunala\n|\n|win|MangoFurret\n|raw|d_malicious's rating: 1223 &rarr; <strong>1202</strong><br />(-21 for losing)\n|raw|MangoFurret's rating: 1277 &rarr; <strong>1298</strong><br />(+21 for winning)\n|l|\u2606d_malicious\n|player|p1|\n", "uploadtime": 1746044786, "views": 15, "formatid": "gen9vgc2025regibo3", "rating": 1202, "private": 0, "password": null}