{"id": "gen9vgc2025regibo3-2353476339", "format": "[Gen 9] VGC 2025 Reg I (Bo3)", "players": ["Jonatan287", "TrCJags"], "log": "|j|\u2606Jonatan287\n|j|\u2606TrCJags\n|html|<table width=\"100%\"><tr><td align=\"left\">Jonatan287</td><td align=\"right\">TrCJags</tr><tr><td align=\"left\"><i class=\"fa fa-circle-o\"></i> <i class=\"fa fa-circle-o\"></i> </td><td align=\"right\"><i class=\"fa fa-circle-o\"></i> <i class=\"fa fa-circle\"></i> </tr></table>\n|uhtml|bestof|<h2><strong>Game 2</strong> of <a href=\"/game-bestof3-gen9vgc2025regibo3-2353473834\">a best-of-3</a></h2>\n|t:|1745959476\n|gametype|doubles\n|player|p1|Jonatan287|101|1074\n|player|p2|TrCJags|scientist-gen4dp|1171\n|teamsize|p1|6\n|teamsize|p2|6\n|gen|9\n|tier|[Gen 9] VGC 2025 Reg I (Bo3)\n|rated|\n|rule|Species Clause: Limit one of each Pok\u00e9mon\n|rule|Item Clause: Limit 1 of each item\n|clearpoke\n|poke|p1|Reshiram, L50|\n|poke|p1|Torkoal, L50, F|\n|poke|p1|Incineroar, L50, M|\n|poke|p1|Calyrex-Ice, L50|\n|poke|p1|Ursaluna, L50, M|\n|poke|p1|Jumpluff, L50, F|\n|poke|p2|Calyrex-Shadow, L50|\n|poke|p2|Koraidon, L50|\n|poke|p2|Ogerpon-Cornerstone, L50, F|\n|poke|p2|Chi-Yu, L50|\n|poke|p2|Raging Bolt, L50|\n|poke|p2|Jumpluff, L50, F|\n|teampreview|4\n|showteam|p1|Reshiram||ChoiceSpecs|Turboblaze|BlueFlare,HeatWave,DragonPulse,SolarBeam||||||50|,,,,,Ghost]Torkoal||EjectPack|Drought|Eruption,Overheat,HelpingHand,Protect|||F|||50|,,,,,Fire]Incineroar||SitrusBerry|Intimidate|FakeOut,FlareBlitz,KnockOff,PartingShot|||M|||50|,,,,,Grass]Calyrex-Ice||ClearAmulet|AsOneGlastrier|GlacialLance,Crunch,TrickRoom,LifeDew||||||50|,,,,,Dark]Ursaluna||FlameOrb|Guts|Facade,HighHorsepower,Earthquake,Protect|||M|||50|,,,,,Ghost]Jumpluff||CovertCloak|Chlorophyll|RagePowder,Tailwind,SunnyDay,Encore|||F|||50|,,,,,Fire\n|showteam|p2|Calyrex-Shadow||FocusSash|AsOneSpectrier|AstralBarrage,DrainingKiss,Protect,Encore||||||50|,,,,,Fairy]Koraidon||LifeOrb|OrichalcumPulse|FlareBlitz,FlameCharge,CloseCombat,Protect||||||50|,,,,,Fire]Ogerpon-Cornerstone||CornerstoneMask|Sturdy|IvyCudgel,Taunt,SpikyShield,FollowMe|||F|||50|,,,,,Rock]Chi-Yu||ChoiceScarf|BeadsofRuin|HeatWave,DarkPulse,Snarl,Overheat||||||50|,,,,,Ghost]Raging Bolt||SafetyGoggles|Protosynthesis|Thunderclap,DracoMeteor,VoltSwitch,Protect||||||50|,,,,,Electric]Jumpluff||CovertCloak|Chlorophyll|RagePowder,SleepPowder,Tailwind,PollenPuff|||F|||50|,,,,,Dark\n|j| epom158\n|\n|t:|1745959509\n|start\n|switch|p1a: Calyrex|Calyrex-Ice, L50|100/100\n|switch|p1b: Ursaluna|Ursaluna, L50, M|100/100\n|switch|p2a: Chi-Yu|Chi-Yu, L50|100/100\n|switch|p2b: Calyrex|Calyrex-Shadow, L50|100/100\n|-ability|p2b: Calyrex|As One\n|-ability|p2b: Calyrex|Unnerve\n|-ability|p1a: Calyrex|As One\n|-ability|p1a: Calyrex|Unnerve\n|-ability|p2a: Chi-Yu|Beads of Ruin\n|turn|1\n|\n|t:|1745959535\n|-terastallize|p2b: Calyrex|Fairy\n|-terastallize|p1a: Calyrex|Dark\n|move|p1b: Ursaluna|Protect|p1b: Ursaluna\n|-singleturn|p1b: Ursaluna|Protect\n|move|p2a: Chi-Yu|Heat Wave|p1b: Ursaluna|[spread] p1a\n|-activate|p1b: Ursaluna|move: Protect\n|-damage|p1a: Calyrex|63/100\n|move|p2b: Calyrex|Draining Kiss|p1a: Calyrex\n|-supereffective|p1a: Calyrex\n|-crit|p1a: Calyrex\n|-damage|p1a: Calyrex|0 fnt\n|faint|p1a: Calyrex\n|-ability|p2b: Calyrex|Grim Neigh|boost\n|-boost|p2b: Calyrex|spa|1\n|\n|-status|p1b: Ursaluna|brn|[from] item: Flame Orb\n|upkeep\n|\n|t:|1745959554\n|switch|p1a: Incineroar|Incineroar, L50, M|100/100\n|-ability|p1a: Incineroar|Intimidate|boost\n|-unboost|p2a: Chi-Yu|atk|1\n|-unboost|p2b: Calyrex|atk|1\n|turn|2\n|\n|t:|1745959567\n|move|p2b: Calyrex|Protect|p2b: Calyrex\n|-singleturn|p2b: Calyrex|Protect\n|move|p1a: Incineroar|Fake Out|p2a: Chi-Yu\n|-damage|p2a: Chi-Yu|84/100\n|cant|p2a: Chi-Yu|flinch\n|move|p1b: Ursaluna|Facade|p2a: Chi-Yu\n|-damage|p2a: Chi-Yu|0 fnt\n|faint|p2a: Chi-Yu\n|\n|-damage|p1b: Ursaluna|95/100 brn|[from] brn\n|upkeep\n|l|\u2606TrCJags\n|player|p2|\n|j|\u2606TrCJags\n|player|p2|TrCJags|scientist-gen4dp|\n|inactive|Battle timer is ON: inactive players will automatically lose when time's up. (requested by Jonatan287)\n|\n|t:|1745959633\n|switch|p2a: Koraidon|Koraidon, L50|100/100\n|-weather|SunnyDay|[from] ability: Orichalcum Pulse|[of] p2a: Koraidon\n|-activate|p2a: Koraidon|Orichalcum Pulse|[source]\n|turn|3\n|inactive|TrCJags has 30 seconds left.\n|\n|t:|1745959665\n|switch|p1a: Reshiram|Reshiram, L50|100/100\n|-ability|p1a: Reshiram|Turboblaze\n|move|p2b: Calyrex|Draining Kiss|p1b: Ursaluna\n|-damage|p1b: Ursaluna|40/100 brn\n|move|p2a: Koraidon|Close Combat|p1a: Reshiram\n|-damage|p1a: Reshiram|0 fnt\n|-unboost|p2a: Koraidon|def|1\n|-unboost|p2a: Koraidon|spd|1\n|faint|p1a: Reshiram\n|-damage|p2a: Koraidon|91/100|[from] item: Life Orb\n|move|p1b: Ursaluna|Facade|p2b: Calyrex\n|-enditem|p2b: Calyrex|Focus Sash\n|-damage|p2b: Calyrex|1/100\n|\n|-weather|SunnyDay|[upkeep]\n|-damage|p1b: Ursaluna|35/100 brn|[from] brn\n|upkeep\n|\n|t:|1745959686\n|switch|p1a: Incineroar|Incineroar, L50, M|100/100\n|-ability|p1a: Incineroar|Intimidate|boost\n|-unboost|p2a: Koraidon|atk|1\n|-unboost|p2b: Calyrex|atk|1\n|turn|4\n|\n|t:|1745959692\n|move|p2b: Calyrex|Protect|p2b: Calyrex\n|-singleturn|p2b: Calyrex|Protect\n|move|p2a: Koraidon|Protect|p2a: Koraidon\n|-singleturn|p2a: Koraidon|Protect\n|move|p1a: Incineroar|Fake Out|p2b: Calyrex\n|-activate|p2b: Calyrex|move: Protect\n|move|p1b: Ursaluna|Facade|p2a: Koraidon\n|-activate|p2a: Koraidon|move: Protect\n|\n|-weather|SunnyDay|[upkeep]\n|-damage|p1b: Ursaluna|29/100 brn|[from] brn\n|upkeep\n|turn|5\n|\n|t:|1745959708\n|move|p2b: Calyrex|Encore|p1a: Incineroar\n|-start|p1a: Incineroar|Encore\n|move|p2a: Koraidon|Close Combat|p1b: Ursaluna\n|-supereffective|p1b: Ursaluna\n|-damage|p1b: Ursaluna|0 fnt\n|-unboost|p2a: Koraidon|def|1\n|-unboost|p2a: Koraidon|spd|1\n|faint|p1b: Ursaluna\n|-damage|p2a: Koraidon|81/100|[from] item: Life Orb\n|move|p1a: Incineroar|Fake Out||[still]\n|-hint|Fake Out only works on your first turn out.\n|-fail|p1a: Incineroar\n|\n|-weather|SunnyDay|[upkeep]\n|upkeep\n|turn|6\n|-message|Jonatan287 forfeited.\n|raw|Jonatan287's rating: 1074 &rarr; <strong>1059</strong><br />(-15 for losing)\n|raw|TrCJags's rating: 1171 &rarr; <strong>1189</strong><br />(+18 for winning)\n|\n|win|TrCJags\n|l|\u2606Jonatan287\n|player|p1|\n", "uploadtime": 1745959746, "views": 11, "formatid": "gen9vgc2025regibo3", "rating": 1059, "private": 0, "password": null}