{"id": "gen9vgc2025regibo3-2354332004", "format": "[Gen 9] VGC 2025 Reg I (Bo3)", "players": ["AwsoGlitch", "nintendoswitch200"], "log": "|j|\u2606AwsoGlitch\n|j|\u2606nintendoswitch200\n|html|<table width=\"100%\"><tr><td align=\"left\">AwsoGlitch</td><td align=\"right\">nintendoswitch200</tr><tr><td align=\"left\"><i class=\"fa fa-circle-o\"></i> <i class=\"fa fa-circle-o\"></i> </td><td align=\"right\"><i class=\"fa fa-circle-o\"></i> <i class=\"fa fa-circle-o\"></i> </tr></table>\n|uhtml|bestof|<h2><strong>Game 1</strong> of <a href=\"/game-bestof3-gen9vgc2025regibo3-2354332003\">a best-of-3</a></h2>\n|t:|1746058356\n|gametype|doubles\n|player|p1|AwsoGlitch|riley|1085\n|player|p2|nintendoswitch200|turo|1123\n|teamsize|p1|6\n|teamsize|p2|6\n|gen|9\n|tier|[Gen 9] VGC 2025 Reg I (Bo3)\n|rated|\n|rule|Species Clause: Limit one of each Pok\u00e9mon\n|rule|Item Clause: Limit 1 of each item\n|clearpoke\n|poke|p1|Terapagos, L50, M|\n|poke|p1|Farigiraf, L50, M|\n|poke|p1|Incineroar, L50, F|\n|poke|p1|Calyrex-Ice, L50|\n|poke|p1|Ninetales-Alola, L50, F|\n|poke|p1|Landorus, L50, M|\n|poke|p2|Urshifu-*, L50, F|\n|poke|p2|Incineroar, L50, M|\n|poke|p2|Calyrex-Shadow, L50|\n|poke|p2|Raging Bolt, L50|\n|poke|p2|Rillaboom, L50, F|\n|poke|p2|Zamazenta-*, L50|\n|teampreview|4\n|showteam|p1|Terapagos||Leftovers|TeraShift|Protect,TeraStarstorm,BugBuzz,DarkPulse|||M|||50|,,,,,Stellar]Farigiraf||MentalHerb|ArmorTail|TrickRoom,Endeavor,Psychic,Protect|||M|||50|,,,,,Steel]Incineroar||SafetyGoggles|Intimidate|FakeOut,PartingShot,FlareBlitz,KnockOff|||F|||50|,,,,,Ghost]Calyrex-Ice||CovertCloak|AsOneGlastrier|Protect,GlacialLance,HighHorsepower,Crunch||||||50|,,,,,Grass]Ninetales-Alola||LightClay|SnowWarning|Protect,AuroraVeil,Blizzard,MistyTerrain|||F|||50|,,,,,Grass]Landorus||LifeOrb|SheerForce|EarthPower,Psychic,SludgeWave,Protect|||M|||50|,,,,,Poison\n|showteam|p2|Urshifu-Rapid-Strike||FocusSash|UnseenFist|Detect,SurgingStrikes,CloseCombat,AquaJet|||F|||50|,,,,,Stellar]Incineroar||SafetyGoggles|Intimidate|FakeOut,PartingShot,HelpingHand,KnockOff|||M|||50|,,,,,Ghost]Calyrex-Shadow||CovertCloak|AsOneSpectrier|Protect,NastyPlot,AstralBarrage,Psyshock||||||50|,,,,,Water]Raging Bolt||BoosterEnergy|Protosynthesis|Protect,Thunderclap,DragonPulse,Thunderbolt||||||50|,,,,,Fairy]Rillaboom||AssaultVest|GrassySurge|FakeOut,GrassyGlide,WoodHammer,Uturn|||F|||50|,,,,,Fire]Zamazenta-Crowned||RustedShield|DauntlessShield|Protect,BodyPress,WideGuard,HeavySlam||||||50|,,,,,Dragon\n|inactive|Battle timer is ON: inactive players will automatically lose when time's up. (requested by AwsoGlitch)\n|inactive|nintendoswitch200 also wants the timer to be on.\n|\n|t:|1746058372\n|start\n|switch|p1a: Ninetales|Ninetales-Alola, L50, F|100/100\n|switch|p1b: Farigiraf|Farigiraf, L50, M|100/100\n|switch|p2a: Calyrex|Calyrex-Shadow, L50|100/100\n|switch|p2b: Incineroar|Incineroar, L50, M|100/100\n|-ability|p2a: Calyrex|As One\n|-ability|p2a: Calyrex|Unnerve\n|-weather|Snowscape|[from] ability: Snow Warning|[of] p1a: Ninetales\n|-ability|p2b: Incineroar|Intimidate|boost\n|-unboost|p1a: Ninetales|atk|1\n|-unboost|p1b: Farigiraf|atk|1\n|turn|1\n|inactive|nintendoswitch200 has 30 seconds left.\n|\n|t:|1746058402\n|move|p2a: Calyrex|Astral Barrage|p1a: Ninetales|[spread] p1a\n|-immune|p1b: Farigiraf\n|-crit|p1a: Ninetales\n|-damage|p1a: Ninetales|8/100\n|move|p1a: Ninetales|Aurora Veil|p1a: Ninetales\n|-sidestart|p1: AwsoGlitch|move: Aurora Veil\n|move|p2b: Incineroar|Knock Off|p1b: Farigiraf\n|-supereffective|p1b: Farigiraf\n|-damage|p1b: Farigiraf|68/100\n|-enditem|p1b: Farigiraf|Mental Herb|[from] move: Knock Off|[of] p2b: Incineroar\n|move|p1b: Farigiraf|Trick Room|p1b: Farigiraf\n|-fieldstart|move: Trick Room|[of] p1b: Farigiraf\n|\n|-weather|Snowscape|[upkeep]\n|upkeep\n|turn|2\n|\n|t:|1746058421\n|move|p2b: Incineroar|Knock Off|p1b: Farigiraf\n|-supereffective|p1b: Farigiraf\n|-damage|p1b: Farigiraf|43/100\n|move|p1b: Farigiraf|Psychic|p2a: Calyrex\n|-resisted|p2a: Calyrex\n|-damage|p2a: Calyrex|84/100\n|move|p1a: Ninetales|Blizzard|p2a: Calyrex|[spread] p2a,p2b\n|-resisted|p2b: Incineroar\n|-damage|p2a: Calyrex|56/100\n|-damage|p2b: Incineroar|87/100\n|move|p2a: Calyrex|Nasty Plot|p2a: Calyrex\n|-boost|p2a: Calyrex|spa|2\n|\n|-weather|Snowscape|[upkeep]\n|upkeep\n|turn|3\n|inactive|nintendoswitch200 has 30 seconds left.\n|\n|t:|1746058449\n|move|p2a: Calyrex|Protect|p2a: Calyrex\n|-singleturn|p2a: Calyrex|Protect\n|move|p1b: Farigiraf|Endeavor|p2b: Incineroar\n|-damage|p2b: Incineroar|49/100\n|move|p2b: Incineroar|Knock Off|p1b: Farigiraf\n|-supereffective|p1b: Farigiraf\n|-damage|p1b: Farigiraf|22/100\n|move|p1a: Ninetales|Blizzard|p2a: Calyrex|[spread] p2b\n|-activate|p2a: Calyrex|move: Protect\n|-resisted|p2b: Incineroar\n|-damage|p2b: Incineroar|37/100\n|\n|-weather|Snowscape|[upkeep]\n|upkeep\n|turn|4\n|\n|t:|1746058470\n|-terastallize|p2a: Calyrex|Water\n|move|p1b: Farigiraf|Endeavor|p2b: Incineroar\n|-damage|p2b: Incineroar|24/100\n|move|p2b: Incineroar|Parting Shot|p1b: Farigiraf\n|-unboost|p1b: Farigiraf|atk|1\n|-unboost|p1b: Farigiraf|spa|1\n|\n|t:|1746058477\n|switch|p2b: Urshifu|Urshifu-Rapid-Strike, L50, F|100/100|[from] Parting Shot\n|move|p1a: Ninetales|Blizzard|p2a: Calyrex|[spread] p2a,p2b\n|-resisted|p2a: Calyrex\n|-resisted|p2b: Urshifu\n|-damage|p2a: Calyrex|42/100\n|-damage|p2b: Urshifu|78/100\n|move|p2a: Calyrex|Astral Barrage|p1b: Farigiraf|[spread] p1a\n|-immune|p1b: Farigiraf\n|-damage|p1a: Ninetales|0 fnt\n|faint|p1a: Ninetales\n|-ability|p2a: Calyrex|Grim Neigh|boost\n|-boost|p2a: Calyrex|spa|1\n|\n|-weather|Snowscape|[upkeep]\n|upkeep\n|\n|t:|1746058482\n|switch|p1a: Calyrex|Calyrex-Ice, L50|100/100\n|-ability|p1a: Calyrex|As One\n|-ability|p1a: Calyrex|Unnerve\n|turn|5\n|\n|t:|1746058488\n|switch|p1b: Terapagos|Terapagos, L50, M|100/100\n|-activate|p1b: Terapagos|ability: Tera Shift\n|detailschange|p1b: Terapagos|Terapagos-Terastal, L50, M\n|-heal|p1b: Terapagos|100/100|[silent]\n|-terastallize|p1a: Calyrex|Grass\n|move|p2a: Calyrex|Protect|p2a: Calyrex\n|-singleturn|p2a: Calyrex|Protect\n|move|p1a: Calyrex|Glacial Lance|p2a: Calyrex|[spread] p2b\n|-activate|p2a: Calyrex|move: Protect\n|-resisted|p2b: Urshifu\n|-damage|p2b: Urshifu|44/100\n|move|p2b: Urshifu|Surging Strikes|p1b: Terapagos\n|-activate|p1b: Terapagos|ability: Tera Shell\n|-resisted|p1b: Terapagos\n|-crit|p1b: Terapagos\n|-damage|p1b: Terapagos|92/100\n|-resisted|p1b: Terapagos\n|-crit|p1b: Terapagos\n|-damage|p1b: Terapagos|82/100\n|-resisted|p1b: Terapagos\n|-crit|p1b: Terapagos\n|-damage|p1b: Terapagos|73/100\n|-hitcount|p1b: Terapagos|3\n|\n|-weather|none\n|-heal|p1b: Terapagos|79/100|[from] item: Leftovers\n|-fieldend|move: Trick Room\n|upkeep\n|turn|6\n|\n|t:|1746058503\n|move|p2a: Calyrex|Astral Barrage|p1b: Terapagos|[spread] p1a\n|-immune|p1b: Terapagos\n|-crit|p1a: Calyrex\n|-damage|p1a: Calyrex|0 fnt\n|faint|p1a: Calyrex\n|-ability|p2a: Calyrex|Grim Neigh|boost\n|-boost|p2a: Calyrex|spa|1\n|move|p2b: Urshifu|Close Combat|p1b: Terapagos\n|-supereffective|p1b: Terapagos\n|-damage|p1b: Terapagos|0 fnt\n|-unboost|p2b: Urshifu|def|1\n|-unboost|p2b: Urshifu|spd|1\n|faint|p1b: Terapagos\n|\n|upkeep\n|\n|t:|1746058512\n|switch|p1b: Farigiraf|Farigiraf, L50, M|22/100\n|turn|7\n|\n|t:|1746058534\n|move|p2a: Calyrex|Psyshock|p1b: Farigiraf\n|-resisted|p1b: Farigiraf\n|-damage|p1b: Farigiraf|0 fnt\n|faint|p1b: Farigiraf\n|\n|win|nintendoswitch200\n||nintendoswitch200 is ready for game 2.\n||AwsoGlitch is ready for game 2.\n|uhtml|next|Next: <a href=\"/battle-gen9vgc2025regibo3-2354333535\"><strong>Game 2 of 3</strong></a>\n|l|\u2606AwsoGlitch\n|player|p1|\n", "uploadtime": 1746058537, "views": 8, "formatid": "gen9vgc2025regibo3", "rating": null, "private": 0, "password": null}