{"id": "gen9vgc2025regibo3-2353932474", "format": "[Gen 9] VGC 2025 Reg I (Bo3)", "players": ["G00bermeister69420", "AwsoGlitch"], "log": "|j|\u2606G00bermeister69420\n|j|\u2606AwsoGlitch\n|html|<table width=\"100%\"><tr><td align=\"left\">G00bermeister69420</td><td align=\"right\">AwsoGlitch</tr><tr><td align=\"left\"><i class=\"fa fa-circle-o\"></i> <i class=\"fa fa-circle-o\"></i> </td><td align=\"right\"><i class=\"fa fa-circle-o\"></i> <i class=\"fa fa-circle\"></i> </tr></table>\n|uhtml|bestof|<h2><strong>Game 2</strong> of <a href=\"/game-bestof3-gen9vgc2025regibo3-2353930904\">a best-of-3</a></h2>\n|t:|1746020181\n|gametype|doubles\n|player|p1|G00bermeister69420|hiker-gen4|1091\n|player|p2|AwsoGlitch|riley|1067\n|teamsize|p1|6\n|teamsize|p2|6\n|gen|9\n|tier|[Gen 9] VGC 2025 Reg I (Bo3)\n|rated|\n|rule|Species Clause: Limit one of each Pok\u00e9mon\n|rule|Item Clause: Limit 1 of each item\n|clearpoke\n|poke|p1|Regidrago, L50|\n|poke|p1|Zacian-*, L50|\n|poke|p1|Calyrex-Ice, L50|\n|poke|p1|Ogerpon-Cornerstone, L50, F|\n|poke|p1|Chandelure, L50, M|\n|poke|p1|Ursaluna, L50, F|\n|poke|p2|Terapagos, L50, M|\n|poke|p2|Farigiraf, L50, F|\n|poke|p2|Incineroar, L50, F|\n|poke|p2|Calyrex-Ice, L50|\n|poke|p2|Ninetales-Alola, L50, M|\n|poke|p2|Landorus, L50, M|\n|teampreview|4\n|showteam|p1|Regidrago||IronBall|DragonsMaw|DragonEnergy,EarthPower,DragonPulse,Protect||||||50|,,,,,Dragon]Zacian-Crowned||RustedSword|IntrepidSword|behemothblade,PlayRough,SacredSword,Protect||||||50|,,,,,Fighting]Calyrex-Ice||PowerLens|AsOneGlastrier|GlacialLance,HealPulse,CloseCombat,TrickRoom||||||50|,,,,,Water]Ogerpon-Cornerstone||CornerstoneMask|Sturdy|SpikyShield,Taunt,FollowMe,IvyCudgel|||F|||50|,,,,,Rock]Chandelure||FocusSash|Infiltrator|TrickRoom,Flamethrower,ShadowBall,Haze|||M|||50|,,,,,Fire]Ursaluna||FlameOrb|Guts|Facade,BrickBreak,Protect,HeadlongRush|||F|||50|,,,,,Fighting\n|showteam|p2|Terapagos||Leftovers|TeraShift|Protect,TeraStarstorm,BugBuzz,DarkPulse|||M|||50|,,,,,Stellar]Farigiraf||MentalHerb|ArmorTail|TrickRoom,Endeavor,Psychic,Protect|||F|||50|,,,,,Steel]Incineroar||SafetyGoggles|Intimidate|FakeOut,PartingShot,FlareBlitz,KnockOff|||F|||50|,,,,,Ghost]Calyrex-Ice||CovertCloak|AsOneGlastrier|Protect,GlacialLance,HighHorsepower,Crunch||||||50|,,,,,Grass]Ninetales-Alola||LightClay|SnowWarning|Protect,AuroraVeil,Blizzard,MistyTerrain|||M|||50|,,,,,Grass]Landorus||LifeOrb|SheerForce|EarthPower,Psychic,SludgeWave,Protect|||M|||50|,,,,,Poison\n|inactive|Battle timer is ON: inactive players will automatically lose when time's up. (requested by AwsoGlitch)\n|inactive|AwsoGlitch has 60 seconds left.\n|inactive|AwsoGlitch has 30 seconds left.\n|l|\u2606G00bermeister69420\n|inactive|G00bermeister69420 disconnected and has a minute to reconnect!\n|player|p1|\n|inactive|AwsoGlitch has 20 seconds left.\n|\n|t:|1746020256\n|start\n|switch|p1a: Timmy|Ogerpon-Cornerstone, L50, F|100/100\n|switch|p1b: We are the pub|Calyrex-Ice, L50|100/100\n|switch|p2a: Terapagos|Terapagos, L50, M|100/100\n|switch|p2b: Incineroar|Incineroar, L50, F|100/100\n|-activate|p2a: Terapagos|ability: Tera Shift\n|detailschange|p2a: Terapagos|Terapagos-Terastal, L50, M\n|-heal|p2a: Terapagos|100/100|[silent]\n|-ability|p1b: We are the pub|As One\n|-ability|p1b: We are the pub|Unnerve\n|-ability|p2b: Incineroar|Intimidate|boost\n|-unboost|p1a: Timmy|atk|1\n|-unboost|p1b: We are the pub|atk|1\n|turn|1\n|j|\u2606G00bermeister69420\n|inactive|G00bermeister69420 reconnected and has 45 seconds left.\n|player|p1|G00bermeister69420|hiker-gen4|\n|\n|t:|1746020276\n|move|p1a: Timmy|Follow Me|p1a: Timmy\n|-singleturn|p1a: Timmy|move: Follow Me\n|move|p2a: Terapagos|Bug Buzz|p1a: Timmy\n|-supereffective|p1a: Timmy\n|-damage|p1a: Timmy|37/100\n|move|p2b: Incineroar|Flare Blitz|p1a: Timmy\n|-damage|p1a: Timmy|0 fnt\n|faint|p1a: Timmy\n|-damage|p2b: Incineroar|91/100|[from] Recoil\n|move|p1b: We are the pub|Trick Room|p1b: We are the pub\n|-fieldstart|move: Trick Room|[of] p1b: We are the pub\n|\n|upkeep\n|\n|t:|1746020289\n|switch|p1a: Ginshakaklook|Regidrago, L50|100/100\n|turn|2\n|inactive|AwsoGlitch has 30 seconds left.\n|inactive|AwsoGlitch has 20 seconds left.\n|inactive|AwsoGlitch has 15 seconds left.\n|inactive|AwsoGlitch has 10 seconds left.\n|inactive|AwsoGlitch has 5 seconds left.\n|\n|t:|1746020344\n|-terastallize|p1a: Ginshakaklook|Dragon\n|move|p2a: Terapagos|Protect|p2a: Terapagos\n|-singleturn|p2a: Terapagos|Protect\n|move|p2b: Incineroar|Fake Out||[still]\n|-hint|Fake Out only works on your first turn out.\n|-fail|p2b: Incineroar\n|move|p1b: We are the pub|Close Combat|p2b: Incineroar\n|-supereffective|p2b: Incineroar\n|-crit|p2b: Incineroar\n|-damage|p2b: Incineroar|0 fnt\n|-unboost|p1b: We are the pub|def|1\n|-unboost|p1b: We are the pub|spd|1\n|faint|p2b: Incineroar\n|-ability|p1b: We are the pub|Chilling Neigh|boost\n|-boost|p1b: We are the pub|atk|1\n|move|p1a: Ginshakaklook|Dragon Energy|p2a: Terapagos\n|-activate|p2a: Terapagos|move: Protect\n|\n|upkeep\n|\n|t:|1746020348\n|switch|p2b: Ninetales|Ninetales-Alola, L50, M|100/100\n|-weather|Snowscape|[from] ability: Snow Warning|[of] p2b: Ninetales\n|turn|3\n|inactive|G00bermeister69420 has 30 seconds left.\n|inactive|AwsoGlitch has 30 seconds left.\n|inactive|AwsoGlitch has 20 seconds left.\n|inactive|AwsoGlitch has 15 seconds left.\n|inactive|AwsoGlitch has 10 seconds left.\n|inactive|G00bermeister69420 has 20 seconds left.\n|inactive|G00bermeister69420 has 15 seconds left.\n|inactive|G00bermeister69420 has 10 seconds left.\n|\n|t:|1746020411\n|-terastallize|p2a: Terapagos|Stellar\n|detailschange|p2a: Terapagos|Terapagos-Stellar, L50, M, tera:Stellar\n|-heal|p2a: Terapagos|100/100|[silent]\n|-ability|p2a: Terapagos|Teraform Zero\n|-weather|none\n|move|p1b: We are the pub|Close Combat|p2b: Ninetales\n|-damage|p2b: Ninetales|25/100\n|-unboost|p1b: We are the pub|def|1\n|-unboost|p1b: We are the pub|spd|1\n|move|p1a: Ginshakaklook|Dragon Energy|p2b: Ninetales|[spread] p2a\n|-immune|p2b: Ninetales\n|-damage|p2a: Terapagos|32/100\n|move|p2a: Terapagos|Tera Starstorm|p1a: Ginshakaklook|[spread] p1a,p1b\n|-supereffective|p1a: Ginshakaklook\n|-damage|p1a: Ginshakaklook|23/100\n|-damage|p1b: We are the pub|45/100\n|move|p2b: Ninetales|Misty Terrain|p2b: Ninetales\n|-fieldstart|move: Misty Terrain\n|\n|-heal|p2a: Terapagos|38/100|[from] item: Leftovers\n|upkeep\n|turn|4\n|\n|t:|1746020435\n|move|p2a: Terapagos|Protect|p2a: Terapagos\n|-singleturn|p2a: Terapagos|Protect\n|move|p2b: Ninetales|Protect|p2b: Ninetales\n|-singleturn|p2b: Ninetales|Protect\n|move|p1b: We are the pub|Heal Pulse|p1a: Ginshakaklook\n|-heal|p1a: Ginshakaklook|73/100\n|move|p1a: Ginshakaklook|Dragon Energy|p2b: Ninetales|[spread] \n|-activate|p2a: Terapagos|move: Protect\n|-activate|p2b: Ninetales|move: Protect\n|\n|-heal|p2a: Terapagos|44/100|[from] item: Leftovers\n|upkeep\n|turn|5\n|\n|t:|1746020443\n|switch|p2b: Calyrex|Calyrex-Ice, L50|100/100\n|-ability|p2b: Calyrex|As One\n|-ability|p2b: Calyrex|Unnerve\n|move|p1b: We are the pub|Close Combat|p2a: Terapagos\n|-supereffective|p2a: Terapagos\n|-damage|p2a: Terapagos|0 fnt\n|-unboost|p1b: We are the pub|def|1\n|-unboost|p1b: We are the pub|spd|1\n|faint|p2a: Terapagos\n|-ability|p1b: We are the pub|Chilling Neigh|boost\n|-boost|p1b: We are the pub|atk|1\n|move|p1a: Ginshakaklook|Earth Power|p2b: Calyrex\n|-damage|p2b: Calyrex|82/100\n|\n|-fieldend|move: Trick Room\n|upkeep\n|\n|t:|1746020445\n|switch|p2a: Ninetales|Ninetales-Alola, L50, M|25/100\n|-weather|Snowscape|[from] ability: Snow Warning|[of] p2a: Ninetales\n|turn|6\n|\n|t:|1746020462\n|move|p1a: Ginshakaklook|Protect|p1a: Ginshakaklook\n|-singleturn|p1a: Ginshakaklook|Protect\n|move|p2a: Ninetales|Aurora Veil|p2a: Ninetales\n|-sidestart|p2: AwsoGlitch|move: Aurora Veil\n|move|p2b: Calyrex|Glacial Lance|p1b: We are the pub|[spread] p1b\n|-activate|p1a: Ginshakaklook|move: Protect\n|-resisted|p1b: We are the pub\n|-damage|p1b: We are the pub|15/100\n|move|p1b: We are the pub|Trick Room|p1b: We are the pub\n|-fieldstart|move: Trick Room|[of] p1b: We are the pub\n|\n|-weather|Snowscape|[upkeep]\n|upkeep\n|turn|7\n|\n|t:|1746020476\n|move|p1b: We are the pub|Heal Pulse|p1a: Ginshakaklook\n|-heal|p1a: Ginshakaklook|100/100\n|move|p1a: Ginshakaklook|Dragon Energy|p2b: Calyrex|[spread] p2b\n|-immune|p2a: Ninetales\n|-damage|p2b: Calyrex|55/100\n|move|p2b: Calyrex|Glacial Lance|p1b: We are the pub|[spread] p1a,p1b\n|-supereffective|p1a: Ginshakaklook\n|-resisted|p1b: We are the pub\n|-damage|p1a: Ginshakaklook|0 fnt\n|-damage|p1b: We are the pub|0 fnt\n|faint|p1a: Ginshakaklook\n|faint|p1b: We are the pub\n|-ability|p2b: Calyrex|Chilling Neigh|boost\n|-boost|p2b: Calyrex|atk|2\n|move|p2a: Ninetales|Blizzard|p1: Ginshakaklook|[notarget]\n|-fail|p2a: Ninetales\n|\n|-weather|Snowscape|[upkeep]\n|-fieldend|Misty Terrain\n|upkeep\n|\n|t:|1746020486\n|switch|p1b: Chandelure|Chandelure, L50, M|100/100\n|turn|8\n|\n|t:|1746020494\n|move|p2b: Calyrex|High Horsepower|p1b: Chandelure\n|-supereffective|p1b: Chandelure\n|-enditem|p1b: Chandelure|Focus Sash\n|-damage|p1b: Chandelure|1/100\n|move|p1b: Chandelure|Flamethrower|p2b: Calyrex\n|-supereffective|p2b: Calyrex\n|-damage|p2b: Calyrex|0 fnt\n|faint|p2b: Calyrex\n|move|p2a: Ninetales|Blizzard|p1b: Chandelure\n|-resisted|p1b: Chandelure\n|-damage|p1b: Chandelure|0 fnt\n|faint|p1b: Chandelure\n|\n|win|AwsoGlitch\n|raw|G00bermeister69420's rating: 1091 &rarr; <strong>1066</strong><br />(-25 for losing)\n|raw|AwsoGlitch's rating: 1067 &rarr; <strong>1099</strong><br />(+32 for winning)\n|l|\u2606AwsoGlitch\n|player|p2|\n", "uploadtime": 1746020529, "views": 31, "formatid": "gen9vgc2025regibo3", "rating": 1066, "private": 0, "password": null}