{"id": "gen9vgc2025regibo3-2354491406", "format": "[Gen 9] VGC 2025 Reg I (Bo3)", "players": ["MixedMurse", "Ryan65"], "log": "|j|\u2606MixedMurse\n|j|\u2606Ryan65\n|html|<table width=\"100%\"><tr><td align=\"left\">MixedMurse</td><td align=\"right\">Ryan65</tr><tr><td align=\"left\"><i class=\"fa fa-circle-o\"></i> <i class=\"fa fa-circle-o\"></i> </td><td align=\"right\"><i class=\"fa fa-circle-o\"></i> <i class=\"fa fa-circle-o\"></i> </tr></table>\n|uhtml|bestof|<h2><strong>Game 1</strong> of <a href=\"/game-bestof3-gen9vgc2025regibo3-2354491405\">a best-of-3</a></h2>\n|t:|1746080770\n|gametype|doubles\n|player|p1|MixedMurse|169|\n|player|p2|Ryan65|101|\n|teamsize|p1|6\n|teamsize|p2|6\n|gen|9\n|tier|[Gen 9] VGC 2025 Reg I (Bo3)\n|rule|Species Clause: Limit one of each Pok\u00e9mon\n|rule|Item Clause: Limit 1 of each item\n|clearpoke\n|poke|p1|Calyrex-Shadow, L50|\n|poke|p1|Zamazenta-*, L50|\n|poke|p1|Rillaboom, L50, M|\n|poke|p1|Chien-Pao, L50|\n|poke|p1|Tornadus, L50, M|\n|poke|p1|Urshifu-*, L50, M|\n|poke|p2|Calyrex-Shadow, L50|\n|poke|p2|Zamazenta-*, L50|\n|poke|p2|Incineroar, L50, F|\n|poke|p2|Urshifu-*, L50, M|\n|poke|p2|Rillaboom, L50, F|\n|poke|p2|Raikou, L50|\n|teampreview|4\n|showteam|p1|Calyrex-Shadow||FocusSash|AsOneSpectrier|AstralBarrage,DarkPulse,Encore,Protect||||||50|,,,,,Dark]Zamazenta-Crowned||RustedShield|DauntlessShield|BodyPress,WideGuard,HeavySlam,Protect||||||50|,,,,,Grass]Rillaboom||AssaultVest|GrassySurge|GrassyGlide,WoodHammer,FakeOut,Uturn|||M|||50|,,,,,Fire]Chien-Pao||LifeOrb|SwordofRuin|IceShard,IcicleCrash,SuckerPunch,Protect||||||50|,,,,,Stellar]Tornadus||CovertCloak|Prankster|BleakwindStorm,Taunt,Tailwind,Protect|||M|||50|,,,,,Dark]Urshifu-Rapid-Strike||MysticWater|UnseenFist|SurgingStrikes,AquaJet,CloseCombat,Detect|||M|||50|,,,,,Water\n|showteam|p2|Calyrex-Shadow||FocusSash|AsOneSpectrier|AstralBarrage,Psychic,NastyPlot,Protect||||||50|,,,,,Normal]Zamazenta-Crowned||RustedShield|DauntlessShield|BodyPress,WideGuard,Protect,behemothbash||||||50|,,,,,Fairy]Incineroar||SitrusBerry|Intimidate|FakeOut,PartingShot,KnockOff,FlareBlitz|||F|||50|,,,,,Ghost]Urshifu-Rapid-Strike||SafetyGoggles|UnseenFist|SurgingStrikes,AquaJet,Detect,CloseCombat|||M|||50|,,,,,Ground]Rillaboom||AssaultVest|GrassySurge|GrassyGlide,DrumBeating,FakeOut,Uturn|||F|||50|,,,,,Grass]Raikou||ClearAmulet|InnerFocus|AuraSphere,Electroweb,VoltSwitch,ThunderWave||||||50|,,,,,Electric\n|\n|t:|1746080819\n|start\n|switch|p1a: Rillaboom|Rillaboom, L50, M|100/100\n|switch|p1b: Calyrex|Calyrex-Shadow, L50|100/100\n|switch|p2a: Raikou|Raikou, L50|100/100\n|switch|p2b: Incineroar|Incineroar, L50, F|100/100\n|-ability|p1b: Calyrex|As One\n|-ability|p1b: Calyrex|Unnerve\n|-fieldstart|move: Grassy Terrain|[from] ability: Grassy Surge|[of] p1a: Rillaboom\n|-ability|p2b: Incineroar|Intimidate|boost\n|-unboost|p1a: Rillaboom|atk|1\n|-unboost|p1b: Calyrex|atk|1\n|turn|1\n|\n|t:|1746080885\n|-terastallize|p1b: Calyrex|Dark\n|move|p1a: Rillaboom|Fake Out|p2a: Raikou\n|-damage|p2a: Raikou|88/100\n|move|p1b: Calyrex|Astral Barrage|p2b: Incineroar|[spread] p2a,p2b\n|-resisted|p2b: Incineroar\n|-damage|p2a: Raikou|29/100\n|-damage|p2b: Incineroar|74/100\n|move|p2a: Raikou|Thunder Wave|p1b: Calyrex\n|-status|p1b: Calyrex|par\n|move|p2b: Incineroar|Knock Off|p1b: Calyrex\n|-resisted|p1b: Calyrex\n|-damage|p1b: Calyrex|70/100 par\n|-enditem|p1b: Calyrex|Focus Sash|[from] move: Knock Off|[of] p2b: Incineroar\n|\n|-heal|p2a: Raikou|35/100|[from] Grassy Terrain\n|-heal|p1b: Calyrex|76/100 par|[from] Grassy Terrain\n|-heal|p2b: Incineroar|80/100|[from] Grassy Terrain\n|upkeep\n|turn|2\n|\n|t:|1746080979\n|move|p2a: Raikou|Aura Sphere|p1b: Calyrex\n|-supereffective|p1b: Calyrex\n|-damage|p1b: Calyrex|28/100 par\n|move|p1b: Calyrex|Astral Barrage|p2a: Raikou|[spread] p2a,p2b\n|-resisted|p2b: Incineroar\n|-damage|p2a: Raikou|0 fnt\n|-damage|p2b: Incineroar|55/100\n|faint|p2a: Raikou\n|-ability|p1b: Calyrex|Grim Neigh|boost\n|-boost|p1b: Calyrex|spa|1\n|move|p1a: Rillaboom|Wood Hammer|p2b: Incineroar\n|-resisted|p2b: Incineroar\n|-damage|p2b: Incineroar|33/100\n|-damage|p1a: Rillaboom|93/100|[from] Recoil\n|move|p2b: Incineroar|Parting Shot|p1b: Calyrex\n|-unboost|p1b: Calyrex|atk|1\n|-unboost|p1b: Calyrex|spa|1\n|\n|t:|1746080998\n|switch|p2b: Calyrex|Calyrex-Shadow, L50|100/100|[from] Parting Shot\n|-ability|p2b: Calyrex|As One\n|-ability|p2b: Calyrex|Unnerve\n|\n|-heal|p1b: Calyrex|35/100 par|[from] Grassy Terrain\n|-heal|p1a: Rillaboom|99/100|[from] Grassy Terrain\n|upkeep\n|\n|t:|1746081006\n|switch|p2a: Incineroar|Incineroar, L50, F|33/100\n|-ability|p2a: Incineroar|Intimidate|boost\n|-unboost|p1a: Rillaboom|atk|1\n|-unboost|p1b: Calyrex|atk|1\n|turn|3\n|\n|t:|1746081049\n|move|p1b: Calyrex|Protect|p1b: Calyrex\n|-singleturn|p1b: Calyrex|Protect\n|move|p2a: Incineroar|Fake Out|p1a: Rillaboom\n|-damage|p1a: Rillaboom|84/100\n|move|p2b: Calyrex|Astral Barrage|p1a: Rillaboom|[spread] p1a\n|-activate|p1b: Calyrex|move: Protect\n|-damage|p1a: Rillaboom|49/100\n|cant|p1a: Rillaboom|flinch\n|\n|-heal|p1b: Calyrex|41/100 par|[from] Grassy Terrain\n|-heal|p1a: Rillaboom|55/100|[from] Grassy Terrain\n|-heal|p2a: Incineroar|39/100|[from] Grassy Terrain\n|upkeep\n|turn|4\n|\n|t:|1746081078\n|switch|p1b: Zamazenta|Zamazenta-Crowned, L50|100/100\n|-enditem|p2a: Incineroar|Sitrus Berry|[eat]\n|-heal|p2a: Incineroar|63/100|[from] item: Sitrus Berry\n|-ability|p1b: Zamazenta|Dauntless Shield|boost\n|-boost|p1b: Zamazenta|def|1\n|move|p2b: Calyrex|Astral Barrage|p1b: Zamazenta|[spread] p1a,p1b\n|-damage|p1a: Rillaboom|21/100\n|-damage|p1b: Zamazenta|56/100\n|move|p1a: Rillaboom|U-turn|p2b: Calyrex\n|-damage|p2b: Calyrex|86/100\n|\n|t:|1746081091\n|switch|p1a: Tornadus|Tornadus, L50, M|100/100|[from] U-turn\n|move|p2a: Incineroar|Flare Blitz|p1a: Tornadus\n|-damage|p1a: Tornadus|38/100\n|-damage|p2a: Incineroar|47/100|[from] Recoil\n|\n|-heal|p2b: Calyrex|92/100|[from] Grassy Terrain\n|-heal|p1b: Zamazenta|62/100|[from] Grassy Terrain\n|-heal|p2a: Incineroar|52/100|[from] Grassy Terrain\n|upkeep\n|turn|5\n|\n|t:|1746081118\n|-terastallize|p2a: Incineroar|Ghost\n|move|p1a: Tornadus|Tailwind|p1a: Tornadus\n|-sidestart|p1: MixedMurse|move: Tailwind\n|move|p1b: Zamazenta|Heavy Slam|p2b: Calyrex\n|-damage|p2b: Calyrex|36/100\n|move|p2b: Calyrex|Psychic|p1a: Tornadus\n|-damage|p1a: Tornadus|0 fnt\n|faint|p1a: Tornadus\n|-ability|p2b: Calyrex|Grim Neigh|boost\n|-boost|p2b: Calyrex|spa|1\n|move|p2a: Incineroar|Parting Shot|p1b: Zamazenta\n|-unboost|p1b: Zamazenta|atk|1\n|-unboost|p1b: Zamazenta|spa|1\n|\n|t:|1746081132\n|switch|p2a: Zamazenta|Zamazenta-Crowned, L50|100/100|[from] Parting Shot\n|-ability|p2a: Zamazenta|Dauntless Shield|boost\n|-boost|p2a: Zamazenta|def|1\n|\n|-heal|p1b: Zamazenta|68/100|[from] Grassy Terrain\n|-heal|p2b: Calyrex|42/100|[from] Grassy Terrain\n|-fieldend|move: Grassy Terrain\n|upkeep\n|\n|t:|1746081134\n|switch|p1a: Calyrex|Calyrex-Shadow, L50, tera:Dark|41/100 par\n|-ability|p1a: Calyrex|As One\n|-ability|p1a: Calyrex|Unnerve\n|turn|6\n|\n|t:|1746081165\n|move|p2b: Calyrex|Protect|p2b: Calyrex\n|-singleturn|p2b: Calyrex|Protect\n|move|p1b: Zamazenta|Body Press|p2a: Zamazenta\n|-supereffective|p2a: Zamazenta\n|-damage|p2a: Zamazenta|36/100\n|move|p1a: Calyrex|Astral Barrage|p2a: Zamazenta|[spread] p2a\n|-activate|p2b: Calyrex|move: Protect\n|-damage|p2a: Zamazenta|0 fnt\n|faint|p2a: Zamazenta\n|-ability|p1a: Calyrex|Grim Neigh|boost\n|-boost|p1a: Calyrex|spa|1\n|\n|upkeep\n|\n|t:|1746081198\n|switch|p2a: Incineroar|Incineroar, L50, F, tera:Ghost|52/100\n|-ability|p2a: Incineroar|Intimidate|boost\n|-unboost|p1a: Calyrex|atk|1\n|-unboost|p1b: Zamazenta|atk|1\n|turn|7\n|-message|Ryan65 forfeited.\n|\n|win|MixedMurse\n|l|\u2606Ryan65\n|player|p2|\n|l|\u2606MixedMurse\n|player|p1|\n", "uploadtime": 1746081492, "views": 23, "formatid": "gen9vgc2025regibo3", "rating": null, "private": 0, "password": null}