{"id": "gen9vgc2025regibo3-2353597751", "format": "[Gen 9] VGC 2025 Reg I (Bo3)", "players": ["easyboss9000", "Icefxm"], "log": "|j|\u2606easyboss9000\n|j|\u2606Icefxm\n|html|<table width=\"100%\"><tr><td align=\"left\">easyboss9000</td><td align=\"right\">Icefxm</tr><tr><td align=\"left\"><i class=\"fa fa-circle-o\"></i> <i class=\"fa fa-circle-o\"></i> </td><td align=\"right\"><i class=\"fa fa-circle-o\"></i> <i class=\"fa fa-circle-o\"></i> </tr></table>\n|uhtml|bestof|<h2><strong>Game 1</strong> of <a href=\"/game-bestof3-gen9vgc2025regibo3-2353597750\">a best-of-3</a></h2>\n|t:|1745972746\n|gametype|doubles\n|player|p1|easyboss9000|cynthia-gen4|\n|player|p2|Icefxm|flannery|\n|teamsize|p1|6\n|teamsize|p2|6\n|gen|9\n|tier|[Gen 9] VGC 2025 Reg I (Bo3)\n|rule|Species Clause: Limit one of each Pok\u00e9mon\n|rule|Item Clause: Limit 1 of each item\n|clearpoke\n|poke|p1|Kyogre, L50|\n|poke|p1|Toxapex, L50, F|\n|poke|p1|Thundurus, L50, M|\n|poke|p1|Azumarill, L50, F|\n|poke|p1|Bellibolt, L50, M|\n|poke|p1|Whiscash, L50, F|\n|poke|p2|Primarina, L50, F|\n|poke|p2|Rillaboom, L50, F|\n|poke|p2|Terapagos, L50, M|\n|poke|p2|Smeargle, L50, M|\n|poke|p2|Grimmsnarl, L50, M|\n|poke|p2|Sneasler, L50, F|\n|teampreview|4\n|showteam|p1|Kyogre||SitrusBerry|Drizzle|CalmMind,ThunderWave,OriginPulse,Thunder||||||50|,,,,,Water]Toxapex||AguavBerry|Regenerator|Toxic,ToxicSpikes,BanefulBunker,Recover|||F|||50|,,,,,Ground]Thundurus||LifeOrb|Prankster|NastyPlot,ThunderWave,Thunder,SludgeBomb|||M|||50|,,,,,Electric]Azumarill||IapapaBerry|HugePower|BellyDrum,AquaJet,Liquidation,PlayRough|||F|||50|,,,,,Fairy]Bellibolt||Leftovers|Electromorphosis|Discharge,MuddyWater,SlackOff,VoltSwitch|||M|||50|,,,,,Electric]Whiscash||FigyBerry|Oblivious|DragonDance,Waterfall,StoneEdge,Substitute|||F|||50|,,,,,Dragon\n|showteam|p2|Primarina||FigyBerry|Torrent|WaterPledge,Protect,AlluringVoice,FlipTurn|||F|||50|,,,,,Water]Rillaboom||GrassySeed|GrassySurge|GrassPledge,FakeOut,Protect,WoodHammer|||F|||50|,,,,,Grass]Terapagos||AssaultVest|TeraShift|RockSlide,TeraStarstorm,IceBeam,DazzlingGleam|||M|||50|,,,,,Stellar]Smeargle||IapapaBerry|OwnTempo|ClangorousSoul,BatonPass,FakeOut,Protect|||M|||50|,,,,,Normal]Grimmsnarl||Leftovers|Prankster|PartingShot,ThunderWave,FakeOut,ThunderPunch|||M|||50|,,,,,Dark]Sneasler||LifeOrb|Unburden|DireClaw,FakeOut,Protect,GunkShot|||F|||50|,,,,,Fighting\n|inactive|Battle timer is ON: inactive players will automatically lose when time's up. (requested by Icefxm)\n|inactive|easyboss9000 has 60 seconds left.\n|\n|t:|1745972796\n|start\n|switch|p1a: Skrunkly Cringe|Toxapex, L50, F|100/100\n|switch|p1b: Moist big chungus|Azumarill, L50, F|100/100\n|switch|p2a: The laboom|Rillaboom, L50, F, shiny|100/100\n|switch|p2b: Trad Cath Aryan|Primarina, L50, F, shiny|100/100\n|-fieldstart|move: Grassy Terrain|[from] ability: Grassy Surge|[of] p2a: The laboom\n|-enditem|p2a: The laboom|Grassy Seed\n|-boost|p2a: The laboom|def|1|[from] item: Grassy Seed\n|turn|1\n|\n|t:|1745972819\n|-terastallize|p1b: Moist big chungus|Fairy\n|move|p2a: The laboom|Grass Pledge|p1b: Moist big chungus\n|-waiting|p2a: The laboom|p2b: Trad Cath Aryan\n|move|p2b: Trad Cath Aryan|Water Pledge|p1a: Skrunkly Cringe|[from] move: Grass Pledge\n|-combine\n|-damage|p1a: Skrunkly Cringe|30/100\n|-sidestart|p1: easyboss9000|Grass Pledge\n|move|p1b: Moist big chungus|Belly Drum|p1b: Moist big chungus\n|-damage|p1b: Moist big chungus|50/100\n|-setboost|p1b: Moist big chungus|atk|6|[from] move: Belly Drum\n|move|p1a: Skrunkly Cringe|Toxic Spikes|p2b: Trad Cath Aryan\n|-sidestart|p2: Icefxm|move: Toxic Spikes\n|\n|-heal|p1b: Moist big chungus|56/100|[from] Grassy Terrain\n|-heal|p1a: Skrunkly Cringe|36/100|[from] Grassy Terrain\n|upkeep\n|turn|2\n|inactive|easyboss9000 has 30 seconds left.\n|inactive|Icefxm has 30 seconds left.\n|inactive|easyboss9000 has 20 seconds left.\n|inactive|Icefxm has 20 seconds left.\n|inactive|easyboss9000 has 15 seconds left.\n|inactive|Icefxm has 15 seconds left.\n|inactive|easyboss9000 has 10 seconds left.\n|inactive|Icefxm has 10 seconds left.\n|\n|t:|1745972867\n|move|p1a: Skrunkly Cringe|Baneful Bunker|p1a: Skrunkly Cringe\n|-singleturn|p1a: Skrunkly Cringe|move: Protect\n|move|p2a: The laboom|Wood Hammer|p1a: Skrunkly Cringe\n|-activate|p1a: Skrunkly Cringe|move: Protect\n|-status|p2a: The laboom|psn\n|move|p2b: Trad Cath Aryan|Alluring Voice|p1b: Moist big chungus\n|-damage|p1b: Moist big chungus|22/100\n|-enditem|p1b: Moist big chungus|Iapapa Berry|[eat]\n|-heal|p1b: Moist big chungus|55/100|[from] item: Iapapa Berry\n|move|p1b: Moist big chungus|Play Rough|p2a: The laboom\n|-damage|p2a: The laboom|0 fnt\n|faint|p2a: The laboom\n|\n|-heal|p1b: Moist big chungus|61/100|[from] Grassy Terrain\n|-heal|p1a: Skrunkly Cringe|41/100|[from] Grassy Terrain\n|upkeep\n|\n|t:|1745972888\n|switch|p2a: I HATE HIM|Smeargle, L50, M|100/100\n|-status|p2a: I HATE HIM|psn\n|turn|3\n|\n|t:|1745972907\n|move|p2a: I HATE HIM|Fake Out|p1b: Moist big chungus\n|-damage|p1b: Moist big chungus|55/100\n|cant|p1b: Moist big chungus|flinch\n|move|p2b: Trad Cath Aryan|Water Pledge|p1a: Skrunkly Cringe\n|-resisted|p1a: Skrunkly Cringe\n|-damage|p1a: Skrunkly Cringe|26/100\n|move|p1a: Skrunkly Cringe|Recover|p1a: Skrunkly Cringe\n|-heal|p1a: Skrunkly Cringe|76/100\n|\n|-heal|p1b: Moist big chungus|61/100|[from] Grassy Terrain\n|-heal|p1a: Skrunkly Cringe|82/100|[from] Grassy Terrain\n|-damage|p2a: I HATE HIM|88/100 psn|[from] psn\n|upkeep\n|turn|4\n|inactive|Icefxm has 30 seconds left.\n|\n|t:|1745972934\n|move|p2b: Trad Cath Aryan|Protect|p2b: Trad Cath Aryan\n|-singleturn|p2b: Trad Cath Aryan|Protect\n|move|p2a: I HATE HIM|Clangorous Soul|p2a: I HATE HIM\n|-boost|p2a: I HATE HIM|atk|1\n|-boost|p2a: I HATE HIM|def|1\n|-boost|p2a: I HATE HIM|spa|1\n|-boost|p2a: I HATE HIM|spd|1\n|-boost|p2a: I HATE HIM|spe|1\n|-damage|p2a: I HATE HIM|56/100 psn\n|move|p1b: Moist big chungus|Play Rough|p2a: I HATE HIM\n|-damage|p2a: I HATE HIM|0 fnt\n|faint|p2a: I HATE HIM\n|move|p1a: Skrunkly Cringe|Toxic|p2b: Trad Cath Aryan\n|-activate|p2b: Trad Cath Aryan|move: Protect\n|\n|-heal|p1b: Moist big chungus|67/100|[from] Grassy Terrain\n|-heal|p1a: Skrunkly Cringe|88/100|[from] Grassy Terrain\n|-sideend|p1: easyboss9000|Grass Pledge\n|upkeep\n|\n|t:|1745972952\n|switch|p2a: lgbtq turtle|Terapagos, L50, M|100/100\n|-activate|p2a: lgbtq turtle|ability: Tera Shift\n|detailschange|p2a: lgbtq turtle|Terapagos-Terastal, L50, M\n|-heal|p2a: lgbtq turtle|100/100|[silent]\n|-status|p2a: lgbtq turtle|psn\n|turn|5\n|inactive|easyboss9000 has 30 seconds left.\n|inactive|easyboss9000 has 20 seconds left.\n|\n|t:|1745972991\n|-terastallize|p2a: lgbtq turtle|Stellar\n|detailschange|p2a: lgbtq turtle|Terapagos-Stellar, L50, M, tera:Stellar\n|-heal|p2a: lgbtq turtle|100/100 psn|[silent]\n|-ability|p2a: lgbtq turtle|Teraform Zero\n|-fieldend|move: Grassy Terrain\n|move|p2a: lgbtq turtle|Tera Starstorm|p1a: Skrunkly Cringe|[spread] p1a,p1b\n|-supereffective|p1b: Moist big chungus\n|-damage|p1a: Skrunkly Cringe|64/100\n|-damage|p1b: Moist big chungus|8/100\n|move|p2b: Trad Cath Aryan|Water Pledge|p1b: Moist big chungus\n|-damage|p1b: Moist big chungus|0 fnt\n|faint|p1b: Moist big chungus\n|move|p1a: Skrunkly Cringe|Toxic|p2b: Trad Cath Aryan\n|-status|p2b: Trad Cath Aryan|tox\n|\n|-damage|p2a: lgbtq turtle|88/100 psn|[from] psn\n|-damage|p2b: Trad Cath Aryan|94/100 tox|[from] psn\n|upkeep\n|\n|t:|1745973005\n|switch|p1b: Unbothered&Moist|Whiscash, L50, F|100/100\n|turn|6\n|\n|t:|1745973021\n|switch|p1a: BBW green frog|Bellibolt, L50, M|100/100\n|move|p2a: lgbtq turtle|Tera Starstorm|p1a: BBW green frog|[spread] p1a,p1b\n|-damage|p1a: BBW green frog|72/100\n|-damage|p1b: Unbothered&Moist|58/100\n|-start|p1a: BBW green frog|Charge|Tera Starstorm|[from] ability: Electromorphosis\n|move|p1b: Unbothered&Moist|Dragon Dance|p1b: Unbothered&Moist\n|-boost|p1b: Unbothered&Moist|atk|1\n|-boost|p1b: Unbothered&Moist|spe|1\n|move|p2b: Trad Cath Aryan|Alluring Voice|p1a: BBW green frog\n|-damage|p1a: BBW green frog|38/100\n|-start|p1a: BBW green frog|Charge|Alluring Voice|[from] ability: Electromorphosis\n|\n|-heal|p1a: BBW green frog|44/100|[from] item: Leftovers\n|-damage|p2a: lgbtq turtle|76/100 psn|[from] psn\n|-damage|p2b: Trad Cath Aryan|82/100 tox|[from] psn\n|upkeep\n|turn|7\n|\n|t:|1745973043\n|move|p1b: Unbothered&Moist|Stone Edge|p2b: Trad Cath Aryan\n|-damage|p2b: Trad Cath Aryan|28/100 tox\n|move|p2a: lgbtq turtle|Tera Starstorm|p1a: BBW green frog|[spread] p1a,p1b\n|-damage|p1a: BBW green frog|16/100\n|-damage|p1b: Unbothered&Moist|16/100\n|-start|p1a: BBW green frog|Charge|Tera Starstorm|[from] ability: Electromorphosis\n|-enditem|p1b: Unbothered&Moist|Figy Berry|[eat]\n|-heal|p1b: Unbothered&Moist|49/100|[from] item: Figy Berry\n|move|p2b: Trad Cath Aryan|Alluring Voice|p1b: Unbothered&Moist\n|-crit|p1b: Unbothered&Moist\n|-damage|p1b: Unbothered&Moist|0 fnt\n|faint|p1b: Unbothered&Moist\n|move|p1a: BBW green frog|Discharge|p2a: lgbtq turtle|[spread] p2a,p2b\n|-supereffective|p2b: Trad Cath Aryan\n|-damage|p2a: lgbtq turtle|57/100 psn\n|-damage|p2b: Trad Cath Aryan|0 fnt\n|faint|p2b: Trad Cath Aryan\n|-end|p1a: BBW green frog|Charge|[silent]\n|\n|-heal|p1a: BBW green frog|22/100|[from] item: Leftovers\n|-damage|p2a: lgbtq turtle|44/100 psn|[from] psn\n|upkeep\n|\n|t:|1745973048\n|switch|p1b: Skrunkly Cringe|Toxapex, L50, F|97/100\n|turn|8\n|\n|t:|1745973062\n|move|p1b: Skrunkly Cringe|Baneful Bunker|p1b: Skrunkly Cringe\n|-singleturn|p1b: Skrunkly Cringe|move: Protect\n|move|p2a: lgbtq turtle|Tera Starstorm|p1a: BBW green frog|[spread] p1a\n|-activate|p1b: Skrunkly Cringe|move: Protect\n|-damage|p1a: BBW green frog|0 fnt\n|faint|p1a: BBW green frog\n|\n|-damage|p2a: lgbtq turtle|32/100 psn|[from] psn\n|upkeep\n|turn|9\n|\n|t:|1745973074\n|move|p2a: lgbtq turtle|Tera Starstorm|p1b: Skrunkly Cringe\n|-damage|p1b: Skrunkly Cringe|59/100\n|move|p1b: Skrunkly Cringe|Recover|p1b: Skrunkly Cringe\n|-heal|p1b: Skrunkly Cringe|100/100\n|\n|-damage|p2a: lgbtq turtle|20/100 psn|[from] psn\n|upkeep\n|turn|10\n|\n|t:|1745973085\n|move|p1b: Skrunkly Cringe|Baneful Bunker|p1b: Skrunkly Cringe\n|-singleturn|p1b: Skrunkly Cringe|move: Protect\n|move|p2a: lgbtq turtle|Rock Slide|p1b: Skrunkly Cringe\n|-activate|p1b: Skrunkly Cringe|move: Protect\n|\n|-damage|p2a: lgbtq turtle|8/100 psn|[from] psn\n|upkeep\n|turn|11\n|\n|t:|1745973092\n|move|p2a: lgbtq turtle|Rock Slide|p1b: Skrunkly Cringe\n|-damage|p1b: Skrunkly Cringe|88/100\n|cant|p1b: Skrunkly Cringe|flinch\n|\n|-damage|p2a: lgbtq turtle|0 fnt|[from] psn\n|faint|p2a: lgbtq turtle\n|\n|win|easyboss9000\n||easyboss9000 is ready for game 2.\n|l|\u2606easyboss9000\n|player|p1|\n||Icefxm is ready for game 2.\n|uhtml|next|Next: <a href=\"/battle-gen9vgc2025regibo3-2353600745\"><strong>Game 2 of 3</strong></a>\n", "uploadtime": 1745973453, "views": 6, "formatid": "gen9vgc2025regibo3", "rating": null, "private": 0, "password": null}