{"id": "gen9vgc2025regibo3-2354329820", "format": "[Gen 9] VGC 2025 Reg I (Bo3)", "players": ["zKorey", "thetestingpokemonz"], "log": "|j|\u2606zKorey\n|j|\u2606thetestingpokemonz\n|html|<table width=\"100%\"><tr><td align=\"left\">zKorey</td><td align=\"right\">thetestingpokemonz</tr><tr><td align=\"left\"><i class=\"fa fa-circle-o\"></i> <i class=\"fa fa-circle-o\"></i> </td><td align=\"right\"><i class=\"fa fa-circle-o\"></i> <i class=\"fa fa-circle\"></i> </tr></table>\n|uhtml|bestof|<h2><strong>Game 2</strong> of <a href=\"/game-bestof3-gen9vgc2025regibo3-2354328338\">a best-of-3</a></h2>\n|t:|1746058100\n|gametype|doubles\n|player|p1|zKorey|volkner|1168\n|player|p2|thetestingpokemonz|lucas|1194\n|teamsize|p1|6\n|teamsize|p2|6\n|gen|9\n|tier|[Gen 9] VGC 2025 Reg I (Bo3)\n|rated|\n|rule|Species Clause: Limit one of each Pok\u00e9mon\n|rule|Item Clause: Limit 1 of each item\n|clearpoke\n|poke|p1|Zacian-*, L50|\n|poke|p1|Whimsicott, L50, M|\n|poke|p1|Volcarona, L50, F|\n|poke|p1|Urshifu-*, L50, F|\n|poke|p1|Torterra, L50, F|\n|poke|p1|Calyrex-Shadow, L50|\n|poke|p2|Calyrex-Shadow, L50|\n|poke|p2|Miraidon, L50|\n|poke|p2|Chi-Yu, L50|\n|poke|p2|Incineroar, L50, F|\n|poke|p2|Tornadus, L50, M|\n|poke|p2|Ogerpon-Cornerstone, L50, F|\n|teampreview|4\n|showteam|p1|Zacian-Crowned||RustedSword|IntrepidSword|behemothblade,PlayRough,SwordsDance,Protect||||||50|,,,,,Fire]Whimsicott||CovertCloak|Prankster|Tailwind,Encore,Moonblast,HelpingHand|||M|||50|,,,,,Dark]Volcarona||RockyHelmet|FlameBody|RagePowder,HeatWave,BugBuzz,QuiverDance|||F|||50|,,,,,Fairy]Urshifu-Rapid-Strike||ChoiceScarf|UnseenFist|SurgingStrikes,AquaJet,CloseCombat,Uturn|||F|||50|,,,,,Water]Torterra||Leftovers|ShellArmor|WideGuard,LeechSeed,BodyPress,EarthPower|||F|||50|,,,,,Ghost]Calyrex-Shadow||FocusSash|AsOneSpectrier|AstralBarrage,TeraBlast,NastyPlot,Protect||||||50|,,,,,Dark\n|showteam|p2|Calyrex-Shadow||FocusSash|AsOneSpectrier|AstralBarrage,PollenPuff,NastyPlot,Protect||||||50|,,,,,Ghost]Miraidon||CovertCloak|HadronEngine|ElectroDrift,DazzlingGleam,DragonPulse,Protect||||||50|,,,,,Fairy]Chi-Yu||ChoiceScarf|BeadsofRuin|HeatWave,Snarl,DarkPulse,Overheat||||||50|,,,,,Ghost]Incineroar||RockyHelmet|Intimidate|FakeOut,WillOWisp,KnockOff,HelpingHand|||F|||50|,,,,,Ghost]Tornadus||MentalHerb|Prankster|Tailwind,SunnyDay,BleakwindStorm,Protect|||M|||50|,,,,,Ghost]Ogerpon-Cornerstone||CornerstoneMask|Sturdy|IvyCudgel,FollowMe,WoodHammer,SpikyShield|||F|||50|,,,,,Rock\n|inactive|Battle timer is ON: inactive players will automatically lose when time's up. (requested by thetestingpokemonz)\n|\n|t:|1746058143\n|start\n|switch|p1a: Whimsicott|Whimsicott, L50, M|100/100\n|switch|p1b: Zacian|Zacian-Crowned, L50|100/100\n|switch|p2a: Incineroar|Incineroar, L50, F|100/100\n|switch|p2b: Calyrex|Calyrex-Shadow, L50|100/100\n|-ability|p2b: Calyrex|As One\n|-ability|p2b: Calyrex|Unnerve\n|-ability|p1b: Zacian|Intrepid Sword|boost\n|-boost|p1b: Zacian|atk|1\n|-ability|p2a: Incineroar|Intimidate|boost\n|-unboost|p1a: Whimsicott|atk|1\n|-unboost|p1b: Zacian|atk|1\n|turn|1\n|\n|t:|1746058153\n|switch|p2a: Tornadus|Tornadus, L50, M|100/100\n|-terastallize|p2b: Calyrex|Ghost\n|move|p1b: Zacian|Protect|p1b: Zacian\n|-singleturn|p1b: Zacian|Protect\n|move|p1a: Whimsicott|Tailwind|p1a: Whimsicott\n|-sidestart|p1: zKorey|move: Tailwind\n|move|p2b: Calyrex|Astral Barrage|p1a: Whimsicott|[spread] p1a\n|-activate|p1b: Zacian|move: Protect\n|-damage|p1a: Whimsicott|3/100\n|\n|upkeep\n|turn|2\n|inactive|zKorey has 30 seconds left.\n|inactive|zKorey has 20 seconds left.\n|inactive|zKorey has 15 seconds left.\n|inactive|zKorey has 10 seconds left.\n|inactive|zKorey has 5 seconds left.\n|\n|t:|1746058208\n|move|p2b: Calyrex|Protect|p2b: Calyrex\n|-singleturn|p2b: Calyrex|Protect\n|move|p1a: Whimsicott|Tailwind||[still]\n|-fail|p1a: Whimsicott\n|move|p1b: Zacian|Behemoth Blade|p2b: Calyrex\n|-activate|p2b: Calyrex|move: Protect\n|move|p2a: Tornadus|Bleakwind Storm|p1a: Whimsicott|[spread] p1a\n|-miss|p2a: Tornadus|p1b: Zacian\n|-supereffective|p1a: Whimsicott\n|-damage|p1a: Whimsicott|0 fnt\n|faint|p1a: Whimsicott\n|\n|upkeep\n|\n|t:|1746058215\n|switch|p1a: Torterra|Torterra, L50, F|100/100\n|turn|3\n|\n|t:|1746058232\n|switch|p2b: Incineroar|Incineroar, L50, F|100/100\n|-ability|p2b: Incineroar|Intimidate|boost\n|-unboost|p1a: Torterra|atk|1\n|-unboost|p1b: Zacian|atk|1\n|move|p2a: Tornadus|Protect|p2a: Tornadus\n|-singleturn|p2a: Tornadus|Protect\n|move|p1a: Torterra|Wide Guard|p1a: Torterra\n|-singleturn|p1a: Torterra|Wide Guard\n|move|p1b: Zacian|Behemoth Blade|p2b: Incineroar\n|-resisted|p2b: Incineroar\n|-damage|p2b: Incineroar|85/100\n|-damage|p1b: Zacian|84/100|[from] item: Rocky Helmet|[of] p2b: Incineroar\n|\n|upkeep\n|turn|4\n|\n|t:|1746058258\n|switch|p1b: Calyrex|Calyrex-Shadow, L50|100/100\n|-ability|p1b: Calyrex|As One\n|-ability|p1b: Calyrex|Unnerve\n|move|p2b: Incineroar|Fake Out|p1a: Torterra\n|-damage|p1a: Torterra|92/100\n|move|p2a: Tornadus|Tailwind|p2a: Tornadus\n|-sidestart|p2: thetestingpokemonz|move: Tailwind\n|cant|p1a: Torterra|flinch\n|\n|-heal|p1a: Torterra|98/100|[from] item: Leftovers\n|-sideend|p1: zKorey|move: Tailwind\n|upkeep\n|turn|5\n|inactive|zKorey has 30 seconds left.\n|inactive|zKorey has 20 seconds left.\n|\n|t:|1746058294\n|move|p1b: Calyrex|Protect|p1b: Calyrex\n|-singleturn|p1b: Calyrex|Protect\n|move|p2a: Tornadus|Bleakwind Storm|p1a: Torterra|[spread] p1a\n|-activate|p1b: Calyrex|move: Protect\n|-supereffective|p1a: Torterra\n|-damage|p1a: Torterra|27/100\n|move|p2b: Incineroar|Knock Off|p1a: Torterra\n|-damage|p1a: Torterra|1/100\n|-enditem|p1a: Torterra|Leftovers|[from] move: Knock Off|[of] p2b: Incineroar\n|move|p1a: Torterra|Leech Seed|p2a: Tornadus\n|-start|p2a: Tornadus|move: Leech Seed\n|\n|-damage|p2a: Tornadus|88/100|[from] Leech Seed|[of] p1a: Torterra\n|-heal|p1a: Torterra|12/100|[silent]\n|upkeep\n|turn|6\n|inactive|zKorey has 30 seconds left.\n|\n|t:|1746058328\n|switch|p1a: Zacian|Zacian-Crowned, L50|84/100\n|-terastallize|p1b: Calyrex|Dark\n|move|p2a: Tornadus|Protect|p2a: Tornadus\n|-singleturn|p2a: Tornadus|Protect\n|move|p1b: Calyrex|Astral Barrage|p2b: Incineroar|[spread] p2b\n|-activate|p2a: Tornadus|move: Protect\n|-resisted|p2b: Incineroar\n|-damage|p2b: Incineroar|60/100\n|move|p2b: Incineroar|Knock Off|p1a: Zacian\n|-resisted|p1a: Zacian\n|-damage|p1a: Zacian|71/100\n|\n|-damage|p2a: Tornadus|76/100|[from] Leech Seed|[of] p1a: Zacian\n|-heal|p1a: Zacian|84/100|[silent]\n|upkeep\n|turn|7\n|inactive|zKorey has 30 seconds left.\n|\n|t:|1746058355\n|switch|p2a: Calyrex|Calyrex-Shadow, L50, tera:Ghost|100/100\n|-ability|p2a: Calyrex|As One\n|-ability|p2a: Calyrex|Unnerve\n|move|p1b: Calyrex|Nasty Plot|p1b: Calyrex\n|-boost|p1b: Calyrex|spa|2\n|move|p1a: Zacian|Swords Dance|p1a: Zacian\n|-boost|p1a: Zacian|atk|2\n|move|p2b: Incineroar|Will-O-Wisp|p1a: Zacian\n|-status|p1a: Zacian|brn\n|\n|-damage|p1a: Zacian|78/100 brn|[from] brn\n|-sideend|p2: thetestingpokemonz|move: Tailwind\n|upkeep\n|turn|8\n|\n|t:|1746058377\n|move|p2a: Calyrex|Protect|p2a: Calyrex\n|-singleturn|p2a: Calyrex|Protect\n|move|p1b: Calyrex|Astral Barrage|p2a: Calyrex|[spread] p2b\n|-activate|p2a: Calyrex|move: Protect\n|-resisted|p2b: Incineroar\n|-damage|p2b: Incineroar|15/100\n|move|p1a: Zacian|Play Rough|p2b: Incineroar\n|-damage|p2b: Incineroar|0 fnt\n|-damage|p1a: Zacian|62/100 brn|[from] item: Rocky Helmet|[of] p2b: Incineroar\n|faint|p2b: Incineroar\n|\n|-damage|p1a: Zacian|56/100 brn|[from] brn\n|upkeep\n|\n|t:|1746058379\n|switch|p2b: Tornadus|Tornadus, L50, M|76/100\n|turn|9\n|inactive|zKorey has 30 seconds left.\n|inactive|zKorey has 20 seconds left.\n|inactive|zKorey has 15 seconds left.\n|\n|t:|1746058419\n|move|p2b: Tornadus|Tailwind|p2b: Tornadus\n|-sidestart|p2: thetestingpokemonz|move: Tailwind\n|move|p2a: Calyrex|Astral Barrage|p1a: Zacian|[spread] p1a,p1b\n|-crit|p1a: Zacian\n|-resisted|p1b: Calyrex\n|-damage|p1a: Zacian|0 fnt\n|-damage|p1b: Calyrex|64/100\n|faint|p1a: Zacian\n|-ability|p2a: Calyrex|Grim Neigh|boost\n|-boost|p2a: Calyrex|spa|1\n|move|p1b: Calyrex|Astral Barrage|p2a: Calyrex|[spread] p2a,p2b\n|-supereffective|p2a: Calyrex\n|-enditem|p2a: Calyrex|Focus Sash\n|-damage|p2a: Calyrex|1/100\n|-damage|p2b: Tornadus|0 fnt\n|faint|p2b: Tornadus\n|-ability|p1b: Calyrex|Grim Neigh|boost\n|-boost|p1b: Calyrex|spa|1\n|\n|upkeep\n|\n|t:|1746058439\n|switch|p1a: Torterra|Torterra, L50, F|12/100\n|switch|p2b: Miraidon|Miraidon, L50|100/100\n|-fieldstart|move: Electric Terrain|[from] ability: Hadron Engine|[of] p2b: Miraidon\n|turn|10\n|\n|t:|1746058460\n|move|p1a: Torterra|Wide Guard|p1a: Torterra\n|-singleturn|p1a: Torterra|Wide Guard\n|move|p2a: Calyrex|Pollen Puff|p1b: Calyrex\n|-supereffective|p1b: Calyrex\n|-damage|p1b: Calyrex|0 fnt\n|faint|p1b: Calyrex\n|-ability|p2a: Calyrex|Grim Neigh|boost\n|-boost|p2a: Calyrex|spa|1\n|move|p2b: Miraidon|Dragon Pulse|p1a: Torterra\n|-damage|p1a: Torterra|0 fnt\n|faint|p1a: Torterra\n|\n|win|thetestingpokemonz\n|raw|zKorey's rating: 1168 &rarr; <strong>1145</strong><br />(-23 for losing)\n|raw|thetestingpokemonz's rating: 1194 &rarr; <strong>1217</strong><br />(+23 for winning)\n|l|\u2606zKorey\n|player|p1|\n", "uploadtime": 1746058901, "views": 15, "formatid": "gen9vgc2025regibo3", "rating": 1145, "private": 0, "password": null}