{"id": "gen9vgc2025regibo3-2354946071", "format": "[Gen 9] VGC 2025 Reg I (Bo3)", "players": ["firefalls", "nacleboi"], "log": "|j|\u2606firefalls\n|j|\u2606nacleboi\n|html|<table width=\"100%\"><tr><td align=\"left\">firefalls</td><td align=\"right\">nacleboi</tr><tr><td align=\"left\"><i class=\"fa fa-circle\"></i> <i class=\"fa fa-circle-o\"></i> </td><td align=\"right\"><i class=\"fa fa-circle-o\"></i> <i class=\"fa fa-circle-o\"></i> </tr></table>\n|uhtml|bestof|<h2><strong>Game 2</strong> of <a href=\"/game-bestof3-gen9vgc2025regibo3-2354940269\">a best-of-3</a></h2>\n|t:|1746134461\n|gametype|doubles\n|player|p1|firefalls|n|\n|player|p2|nacleboi|lance-lgpe|\n|teamsize|p1|6\n|teamsize|p2|6\n|gen|9\n|tier|[Gen 9] VGC 2025 Reg I (Bo3)\n|rule|Species Clause: Limit one of each Pok\u00e9mon\n|rule|Item Clause: Limit 1 of each item\n|clearpoke\n|poke|p1|Lunala, L50|\n|poke|p1|Koraidon, L50|\n|poke|p1|Flutter Mane, L50|\n|poke|p1|Indeedee-F, L50, F|\n|poke|p1|Ogerpon-Cornerstone, L50, F|\n|poke|p1|Chi-Yu, L50|\n|poke|p2|Koraidon, L50|\n|poke|p2|Ho-Oh, L50|\n|poke|p2|Flutter Mane, L50|\n|poke|p2|Raging Bolt, L50|\n|poke|p2|Chien-Pao, L50|\n|poke|p2|Amoonguss, L50, F|\n|teampreview|4\n|showteam|p1|Lunala||PowerHerb|ShadowShield|Protect,ExpandingForce,MoongeistBeam,MeteorBeam||||||50|,,,,,Water]Koraidon||LifeOrb|OrichalcumPulse|Protect,FlareBlitz,FlameCharge,CloseCombat||||||50|,,,,,Fire]Flutter Mane||FocusSash|Protosynthesis|Protect,Moonblast,ShadowBall,IcyWind||||||50|,,,,,Normal]Indeedee-F||RockyHelmet|PsychicSurge|FollowMe,HelpingHand,ShadowBall,TrickRoom|||F|||50|,,,,,Water]Ogerpon-Cornerstone||CornerstoneMask|Sturdy|Protect,IvyCudgel,PowerWhip,FollowMe|||F|||50|,,,,,Rock]Chi-Yu||ChoiceScarf|BeadsofRuin|HeatWave,Snarl,DarkPulse,Overheat||||||50|,,,,,Fire\n|showteam|p2|Koraidon||ClearAmulet|OrichalcumPulse|FlareBlitz,CollisionCourse,Uturn,Protect||||||50|,,,,,Fire]Ho-Oh||RockyHelmet|Regenerator|SacredFire,LifeDew,Tailwind,Protect||||||50|,,,,,Grass]Flutter Mane||ChoiceSpecs|Protosynthesis|Moonblast,DazzlingGleam,ShadowBall,IcyWind||||||50|,,,,,Fairy]Raging Bolt||AssaultVest|Protosynthesis|Thunderclap,DracoMeteor,VoltSwitch,Snarl||||||50|,,,,,Electric]Chien-Pao||FocusSash|SwordofRuin|IceSpinner,ThroatChop,SuckerPunch,Protect||||||50|,,,,,Stellar]Amoonguss||MentalHerb|Regenerator|Spore,RagePowder,PollenPuff,ClearSmog|||F|||50|,,,,,Fire\n|c|\u2606nacleboi|glhf!\n|c|\u2606firefalls|gl hf!\n|\n|t:|1746134561\n|start\n|switch|p1a: Bonkers|Koraidon, L50|100/100\n|switch|p1b: Drawcia|Flutter Mane, L50|100/100\n|switch|p2a: Chien-Pao|Chien-Pao, L50|100/100\n|switch|p2b: Ho-Oh|Ho-Oh, L50|100/100\n|-weather|SunnyDay|[from] ability: Orichalcum Pulse|[of] p1a: Bonkers\n|-activate|p1b: Drawcia|ability: Protosynthesis\n|-start|p1b: Drawcia|protosynthesisspe\n|-activate|p1a: Bonkers|Orichalcum Pulse|[source]\n|-ability|p2a: Chien-Pao|Sword of Ruin\n|turn|1\n|\n|t:|1746134601\n|switch|p1a: Nightmare|Lunala, L50|100/100\n|move|p1b: Drawcia|Protect|p1b: Drawcia\n|-singleturn|p1b: Drawcia|Protect\n|move|p2a: Chien-Pao|Protect|p2a: Chien-Pao\n|-singleturn|p2a: Chien-Pao|Protect\n|move|p2b: Ho-Oh|Tailwind|p2b: Ho-Oh\n|-sidestart|p2: nacleboi|move: Tailwind\n|\n|-weather|SunnyDay|[upkeep]\n|upkeep\n|turn|2\n|\n|t:|1746134683\n|switch|p2b: Raging Bolt|Raging Bolt, L50|100/100\n|-activate|p2b: Raging Bolt|ability: Protosynthesis\n|-start|p2b: Raging Bolt|protosynthesisspa\n|-terastallize|p1a: Nightmare|Water\n|move|p2a: Chien-Pao|Throat Chop|p1a: Nightmare\n|-damage|p1a: Nightmare|76/100\n|-start|p1a: Nightmare|Throat Chop|[silent]\n|move|p1b: Drawcia|Shadow Ball|p2a: Chien-Pao\n|-resisted|p2a: Chien-Pao\n|-damage|p2a: Chien-Pao|67/100\n|move|p1a: Nightmare|Meteor Beam||[still]\n|-prepare|p1a: Nightmare|Meteor Beam\n|-boost|p1a: Nightmare|spa|1\n|-enditem|p1a: Nightmare|Power Herb\n|-anim|p1a: Nightmare|Meteor Beam|p2a: Chien-Pao\n|-supereffective|p2a: Chien-Pao\n|-damage|p2a: Chien-Pao|0 fnt\n|faint|p2a: Chien-Pao\n|\n|-weather|SunnyDay|[upkeep]\n|upkeep\n|\n|t:|1746134704\n|switch|p2a: Koraidon|Koraidon, L50|100/100\n|-activate|p2a: Koraidon|ability: Orichalcum Pulse\n|turn|3\n|\n|t:|1746134753\n|-end|p1b: Drawcia|Protosynthesis|[silent]\n|switch|p1b: Ribbon|Indeedee-F, L50, F|100/100\n|-fieldstart|move: Psychic Terrain|[from] ability: Psychic Surge|[of] p1b: Ribbon\n|move|p1a: Nightmare|Protect|p1a: Nightmare\n|-singleturn|p1a: Nightmare|Protect\n|move|p2b: Raging Bolt|Thunderclap||[still]\n|-fail|p2b: Raging Bolt\n|move|p2a: Koraidon|Flare Blitz|p1b: Ribbon\n|-damage|p1b: Ribbon|5/100\n|-damage|p2a: Koraidon|84/100|[from] item: Rocky Helmet|[of] p1b: Ribbon\n|-damage|p2a: Koraidon|54/100|[from] Recoil\n|\n|-weather|SunnyDay|[upkeep]\n|-end|p1a: Nightmare|Throat Chop|[silent]\n|upkeep\n|turn|4\n|\n|t:|1746134781\n|switch|p1a: Drawcia|Flutter Mane, L50|100/100\n|-activate|p1a: Drawcia|ability: Protosynthesis\n|-start|p1a: Drawcia|protosynthesisspe\n|move|p1b: Ribbon|Follow Me|p1b: Ribbon\n|-singleturn|p1b: Ribbon|move: Follow Me\n|move|p2a: Koraidon|U-turn|p1b: Ribbon\n|-supereffective|p1b: Ribbon\n|-damage|p1b: Ribbon|0 fnt\n|-damage|p2a: Koraidon|37/100|[from] item: Rocky Helmet|[of] p1b: Ribbon\n|faint|p1b: Ribbon\n|\n|t:|1746134792\n|switch|p2a: Ho-Oh|Ho-Oh, L50|100/100|[from] U-turn\n|move|p2b: Raging Bolt|Volt Switch|p1a: Drawcia\n|-damage|p1a: Drawcia|52/100\n|\n|t:|1746134797\n|-end|p2b: Raging Bolt|Protosynthesis|[silent]\n|switch|p2b: Koraidon|Koraidon, L50|37/100|[from] Volt Switch\n|-activate|p2b: Koraidon|ability: Orichalcum Pulse\n|\n|-weather|SunnyDay|[upkeep]\n|-sideend|p2: nacleboi|move: Tailwind\n|upkeep\n|\n|t:|1746134820\n|switch|p1b: Nightmare|Lunala, L50, tera:Water|76/100\n|turn|5\n|\n|t:|1746134871\n|switch|p2b: Raging Bolt|Raging Bolt, L50|100/100\n|-activate|p2b: Raging Bolt|ability: Protosynthesis\n|-start|p2b: Raging Bolt|protosynthesisspa\n|move|p1a: Drawcia|Shadow Ball|p2a: Ho-Oh\n|-damage|p2a: Ho-Oh|77/100\n|-unboost|p2a: Ho-Oh|spd|1\n|move|p1b: Nightmare|Expanding Force|p2a: Ho-Oh|[spread] p2a,p2b\n|-damage|p2a: Ho-Oh|26/100\n|-damage|p2b: Raging Bolt|67/100\n|move|p2a: Ho-Oh|Sacred Fire|p1a: Drawcia\n|-damage|p1a: Drawcia|0 fnt\n|faint|p1a: Drawcia\n|-end|p1a: Drawcia|Protosynthesis|[silent]\n|\n|-weather|none\n|-end|p2b: Raging Bolt|Protosynthesis\n|upkeep\n|\n|t:|1746134883\n|switch|p1a: Bonkers|Koraidon, L50|100/100\n|-weather|SunnyDay|[from] ability: Orichalcum Pulse|[of] p1a: Bonkers\n|-activate|p2b: Raging Bolt|ability: Protosynthesis\n|-start|p2b: Raging Bolt|protosynthesisspa\n|-activate|p1a: Bonkers|Orichalcum Pulse|[source]\n|turn|6\n|\n|t:|1746134950\n|move|p1a: Bonkers|Flare Blitz|p2b: Raging Bolt\n|-resisted|p2b: Raging Bolt\n|-damage|p2b: Raging Bolt|17/100\n|-damage|p1a: Bonkers|80/100|[from] Recoil\n|-damage|p1a: Bonkers|70/100|[from] item: Life Orb\n|move|p1b: Nightmare|Expanding Force|p2a: Ho-Oh|[spread] p2a,p2b\n|-damage|p2a: Ho-Oh|0 fnt\n|-damage|p2b: Raging Bolt|0 fnt\n|faint|p2a: Ho-Oh\n|faint|p2b: Raging Bolt\n|-end|p2b: Raging Bolt|Protosynthesis|[silent]\n|\n|-weather|SunnyDay|[upkeep]\n|upkeep\n|c|\u2606nacleboi|gg !\n|\n|t:|1746135019\n|switch|p2b: Koraidon|Koraidon, L50|37/100\n|-activate|p2b: Koraidon|ability: Orichalcum Pulse\n|turn|7\n|\n|t:|1746135043\n|-terastallize|p2b: Koraidon|Fire\n|move|p1a: Bonkers|Close Combat|p2b: Koraidon\n|-damage|p2b: Koraidon|0 fnt\n|-unboost|p1a: Bonkers|def|1\n|-unboost|p1a: Bonkers|spd|1\n|faint|p2b: Koraidon\n|-damage|p1a: Bonkers|61/100|[from] item: Life Orb\n|\n|win|firefalls\n|c|\u2606firefalls|gg!\n", "uploadtime": 1746135052, "views": 7, "formatid": "gen9vgc2025regibo3", "rating": null, "private": 0, "password": null}