{"id": "gen9vgc2025regibo3-2354477524", "format": "[Gen 9] VGC 2025 Reg I (Bo3)", "players": ["atrixmj", "YoungSinatra44"], "log": "|j|\u2606atrixmj\n|j|\u2606YoungSinatra44\n|html|<table width=\"100%\"><tr><td align=\"left\">atrixmj</td><td align=\"right\">YoungSinatra44</tr><tr><td align=\"left\"><i class=\"fa fa-circle\"></i> <i class=\"fa fa-circle-o\"></i> </td><td align=\"right\"><i class=\"fa fa-circle-o\"></i> <i class=\"fa fa-circle-o\"></i> </tr></table>\n|uhtml|bestof|<h2><strong>Game 2</strong> of <a href=\"/game-bestof3-gen9vgc2025regibo3-2354476345\">a best-of-3</a></h2>\n|t:|1746078077\n|gametype|doubles\n|player|p1|atrixmj|265|1317\n|player|p2|YoungSinatra44|169|1362\n|teamsize|p1|6\n|teamsize|p2|6\n|gen|9\n|tier|[Gen 9] VGC 2025 Reg I (Bo3)\n|rated|\n|rule|Species Clause: Limit one of each Pok\u00e9mon\n|rule|Item Clause: Limit 1 of each item\n|clearpoke\n|poke|p1|Lunala, L50|\n|poke|p1|Koraidon, L50|\n|poke|p1|Chi-Yu, L50|\n|poke|p1|Ursaluna, L50, F|\n|poke|p1|Flutter Mane, L50|\n|poke|p1|Indeedee-F, L50, F|\n|poke|p2|Calyrex-Shadow, L50|\n|poke|p2|Iron Treads, L50|\n|poke|p2|Tyranitar, L50, F|\n|poke|p2|Raging Bolt, L50|\n|poke|p2|Ho-Oh, L50|\n|poke|p2|Urshifu-*, L50, M|\n|teampreview|4\n|showteam|p1|Lunala||SafetyGoggles|ShadowShield|MoongeistBeam,ExpandingForce,WideGuard,TrickRoom||||||50|,,,,,Water]Koraidon||LifeOrb|OrichalcumPulse|CloseCombat,FlareBlitz,FlameCharge,Protect||||||50|,,,,,Fire]Chi-Yu||ChoiceScarf|BeadsofRuin|HeatWave,Flamethrower,DarkPulse,Snarl||||||50|,,,,,Fire]Ursaluna||FlameOrb|Guts|Facade,HeadlongRush,Earthquake,Protect|||F|||50|,,,,,Ghost]Flutter Mane||FocusSash|Protosynthesis|Moonblast,IcyWind,Taunt,Protect||||||50|,,,,,Fairy]Indeedee-F||RockyHelmet|PsychicSurge|Psychic,FollowMe,HelpingHand,TrickRoom|||F|||50|,,,,,Water\n|showteam|p2|Calyrex-Shadow||CovertCloak|AsOneSpectrier|AstralBarrage,Psychic,NastyPlot,Protect||||||50|,,,,,Dark]Iron Treads||LifeOrb|QuarkDrive|HighHorsepower,IronHead,KnockOff,Protect||||||50|,,,,,Ghost]Tyranitar||SafetyGoggles|SandStream|RockSlide,KnockOff,LowKick,Protect|||F|||50|,,,,,Flying]Raging Bolt||AssaultVest|Protosynthesis|Thunderclap,DragonPulse,Thunderbolt,Snarl||||||50|,,,,,Fairy]Ho-Oh||SitrusBerry|Regenerator|BraveBird,SacredFire,Tailwind,Protect||||||50|,,,,,Grass]Urshifu-Rapid-Strike||ChoiceScarf|UnseenFist|SurgingStrikes,CloseCombat,AquaJet,Uturn|||M|||50|,,,,,Water\n|inactive|Battle timer is ON: inactive players will automatically lose when time's up. (requested by atrixmj)\n|inactive|atrixmj has 60 seconds left.\n|inactive|YoungSinatra44 has 60 seconds left.\n|\n|t:|1746078121\n|start\n|switch|p1a: CANTSTANDIT|Flutter Mane, L50|100/100\n|switch|p1b: ULTRA TRAILER|Koraidon, L50|100/100\n|switch|p2a: Tyranitar|Tyranitar, L50, F|100/100\n|switch|p2b: Raging Bolt|Raging Bolt, L50|100/100\n|-weather|SunnyDay|[from] ability: Orichalcum Pulse|[of] p1b: ULTRA TRAILER\n|-activate|p1a: CANTSTANDIT|ability: Protosynthesis\n|-start|p1a: CANTSTANDIT|protosynthesisspe\n|-activate|p2b: Raging Bolt|ability: Protosynthesis\n|-start|p2b: Raging Bolt|protosynthesisspa\n|-activate|p1b: ULTRA TRAILER|Orichalcum Pulse|[source]\n|-weather|Sandstorm|[from] ability: Sand Stream|[of] p2a: Tyranitar\n|-end|p1a: CANTSTANDIT|Protosynthesis\n|-end|p2b: Raging Bolt|Protosynthesis\n|turn|1\n|inactive|atrixmj has 30 seconds left.\n|\n|t:|1746078147\n|switch|p2a: Ho-Oh|Ho-Oh, L50, shiny|100/100\n|-terastallize|p1a: CANTSTANDIT|Fairy\n|move|p1b: ULTRA TRAILER|Close Combat|p2a: Ho-Oh\n|-resisted|p2a: Ho-Oh\n|-damage|p2a: Ho-Oh|66/100\n|-unboost|p1b: ULTRA TRAILER|def|1\n|-unboost|p1b: ULTRA TRAILER|spd|1\n|-damage|p1b: ULTRA TRAILER|91/100|[from] item: Life Orb\n|move|p1a: CANTSTANDIT|Moonblast|p2b: Raging Bolt\n|-supereffective|p2b: Raging Bolt\n|-damage|p2b: Raging Bolt|24/100\n|-unboost|p2b: Raging Bolt|spa|1\n|move|p2b: Raging Bolt|Snarl|p1a: CANTSTANDIT|[spread] p1a,p1b\n|-resisted|p1a: CANTSTANDIT\n|-resisted|p1b: ULTRA TRAILER\n|-damage|p1a: CANTSTANDIT|94/100\n|-damage|p1b: ULTRA TRAILER|84/100\n|-unboost|p1a: CANTSTANDIT|spa|1\n|-unboost|p1b: ULTRA TRAILER|spa|1\n|\n|-weather|Sandstorm|[upkeep]\n|-damage|p1a: CANTSTANDIT|88/100|[from] Sandstorm\n|-damage|p1b: ULTRA TRAILER|78/100|[from] Sandstorm\n|-damage|p2a: Ho-Oh|60/100|[from] Sandstorm\n|-damage|p2b: Raging Bolt|17/100|[from] Sandstorm\n|upkeep\n|turn|2\n|inactive|YoungSinatra44 has 30 seconds left.\n|inactive|YoungSinatra44 has 20 seconds left.\n|inactive|YoungSinatra44 has 15 seconds left.\n|inactive|YoungSinatra44 has 10 seconds left.\n|\n|t:|1746078194\n|move|p2b: Raging Bolt|Thunderclap||[still]\n|-fail|p2b: Raging Bolt\n|move|p1b: ULTRA TRAILER|Close Combat|p2b: Raging Bolt\n|-damage|p2b: Raging Bolt|0 fnt\n|-unboost|p1b: ULTRA TRAILER|def|1\n|-unboost|p1b: ULTRA TRAILER|spd|1\n|faint|p2b: Raging Bolt\n|-end|p2b: Raging Bolt|Protosynthesis|[silent]\n|-damage|p1b: ULTRA TRAILER|68/100|[from] item: Life Orb\n|move|p1a: CANTSTANDIT|Taunt|p2a: Ho-Oh\n|-start|p2a: Ho-Oh|move: Taunt\n|move|p2a: Ho-Oh|Brave Bird|p1b: ULTRA TRAILER\n|-supereffective|p1b: ULTRA TRAILER\n|-damage|p1b: ULTRA TRAILER|0 fnt\n|faint|p1b: ULTRA TRAILER\n|-damage|p2a: Ho-Oh|42/100|[from] Recoil\n|-enditem|p2a: Ho-Oh|Sitrus Berry|[eat]\n|-heal|p2a: Ho-Oh|67/100|[from] item: Sitrus Berry\n|\n|-weather|Sandstorm|[upkeep]\n|-damage|p1a: CANTSTANDIT|82/100|[from] Sandstorm\n|-damage|p2a: Ho-Oh|61/100|[from] Sandstorm\n|upkeep\n|\n|t:|1746078208\n|switch|p1b: CANDYCOOKIE|Chi-Yu, L50|100/100\n|switch|p2b: Calyrex|Calyrex-Shadow, L50|100/100\n|-ability|p2b: Calyrex|As One\n|-ability|p2b: Calyrex|Unnerve\n|-ability|p1b: CANDYCOOKIE|Beads of Ruin\n|turn|3\n|\n|t:|1746078222\n|switch|p2b: Tyranitar|Tyranitar, L50, F|100/100\n|move|p1b: CANDYCOOKIE|Dark Pulse|p2a: Ho-Oh\n|-damage|p2a: Ho-Oh|24/100\n|move|p1a: CANTSTANDIT|Moonblast|p2a: Ho-Oh\n|-resisted|p2a: Ho-Oh\n|-damage|p2a: Ho-Oh|6/100\n|move|p2a: Ho-Oh|Brave Bird|p1b: CANDYCOOKIE\n|-damage|p1b: CANDYCOOKIE|8/100\n|-damage|p2a: Ho-Oh|0 fnt|[from] Recoil\n|faint|p2a: Ho-Oh\n|\n|-weather|Sandstorm|[upkeep]\n|-damage|p1b: CANDYCOOKIE|2/100|[from] Sandstorm\n|-damage|p1a: CANTSTANDIT|76/100|[from] Sandstorm\n|upkeep\n|\n|t:|1746078235\n|switch|p2a: Calyrex|Calyrex-Shadow, L50|100/100\n|-ability|p2a: Calyrex|As One\n|-ability|p2a: Calyrex|Unnerve\n|turn|4\n|\n|t:|1746078250\n|-terastallize|p2a: Calyrex|Dark\n|move|p1b: CANDYCOOKIE|Dark Pulse|p2b: Tyranitar\n|-resisted|p2b: Tyranitar\n|-damage|p2b: Tyranitar|82/100\n|move|p2a: Calyrex|Nasty Plot|p2a: Calyrex\n|-boost|p2a: Calyrex|spa|2\n|move|p1a: CANTSTANDIT|Moonblast|p2b: Tyranitar\n|-supereffective|p2b: Tyranitar\n|-damage|p2b: Tyranitar|14/100\n|move|p2b: Tyranitar|Rock Slide|p1b: CANDYCOOKIE|[spread] p1a,p1b\n|-supereffective|p1b: CANDYCOOKIE\n|-damage|p1a: CANTSTANDIT|14/100\n|-damage|p1b: CANDYCOOKIE|0 fnt\n|faint|p1b: CANDYCOOKIE\n|\n|-weather|Sandstorm|[upkeep]\n|-damage|p2a: Calyrex|94/100|[from] Sandstorm\n|-damage|p1a: CANTSTANDIT|7/100|[from] Sandstorm\n|upkeep\n|\n|t:|1746078258\n|switch|p1b: M. LOVE|Lunala, L50, shiny|100/100\n|turn|5\n|\n|t:|1746078287\n|move|p1a: CANTSTANDIT|Protect|p1a: CANTSTANDIT\n|-singleturn|p1a: CANTSTANDIT|Protect\n|move|p2a: Calyrex|Psychic|p1a: CANTSTANDIT\n|-activate|p1a: CANTSTANDIT|move: Protect\n|move|p1b: M. LOVE|Moongeist Beam|p2b: Tyranitar\n|-resisted|p2b: Tyranitar\n|-damage|p2b: Tyranitar|0 fnt\n|faint|p2b: Tyranitar\n|\n|-weather|none\n|upkeep\n|turn|6\n|\n|t:|1746078299\n|move|p1a: CANTSTANDIT|Protect||[still]\n|-fail|p1a: CANTSTANDIT\n|move|p2a: Calyrex|Psychic|p1a: CANTSTANDIT\n|-damage|p1a: CANTSTANDIT|0 fnt\n|faint|p1a: CANTSTANDIT\n|-end|p1a: CANTSTANDIT|Protosynthesis|[silent]\n|-ability|p2a: Calyrex|Grim Neigh|boost\n|-boost|p2a: Calyrex|spa|1\n|move|p1b: M. LOVE|Trick Room|p1b: M. LOVE\n|-fieldstart|move: Trick Room|[of] p1b: M. LOVE\n|\n|upkeep\n|turn|7\n|\n|t:|1746078303\n|move|p1b: M. LOVE|Wide Guard|p1b: M. LOVE\n|-singleturn|p1b: M. LOVE|Wide Guard\n|move|p2a: Calyrex|Astral Barrage|p1b: M. LOVE\n|-activate|p1b: M. LOVE|move: Wide Guard\n|\n|upkeep\n|turn|8\n|\n|t:|1746078306\n|move|p1b: M. LOVE|Moongeist Beam|p2a: Calyrex\n|-resisted|p2a: Calyrex\n|-damage|p2a: Calyrex|67/100\n|move|p2a: Calyrex|Astral Barrage|p1b: M. LOVE\n|-supereffective|p1b: M. LOVE\n|-damage|p1b: M. LOVE|0 fnt\n|faint|p1b: M. LOVE\n|\n|win|YoungSinatra44\n||atrixmj is ready for game 3.\n||YoungSinatra44 is ready for game 3.\n|uhtml|next|Next: <a href=\"/battle-gen9vgc2025regibo3-2354478779\"><strong>Game 3 of 3</strong></a>\n|l|\u2606atrixmj\n|player|p1|\n|l|\u2606YoungSinatra44\n|player|p2|\n", "uploadtime": 1746078705, "views": 8, "formatid": "gen9vgc2025regibo3", "rating": null, "private": 0, "password": null}