{"id": "gen9vgc2025regibo3-2353577644", "format": "[Gen 9] VGC 2025 Reg I (Bo3)", "players": ["waveniki", "acheimassa"], "log": "|j|\u2606waveniki\n|j|\u2606acheimassa\n|html|<table width=\"100%\"><tr><td align=\"left\">waveniki</td><td align=\"right\">acheimassa</tr><tr><td align=\"left\"><i class=\"fa fa-circle-o\"></i> <i class=\"fa fa-circle-o\"></i> </td><td align=\"right\"><i class=\"fa fa-circle-o\"></i> <i class=\"fa fa-circle\"></i> </tr></table>\n|uhtml|bestof|<h2><strong>Game 2</strong> of <a href=\"/game-bestof3-gen9vgc2025regibo3-2353575699\">a best-of-3</a></h2>\n|t:|1745970408\n|gametype|doubles\n|player|p1|waveniki|clerk|1221\n|player|p2|acheimassa|266|1115\n|teamsize|p1|6\n|teamsize|p2|6\n|gen|9\n|tier|[Gen 9] VGC 2025 Reg I (Bo3)\n|rated|\n|rule|Species Clause: Limit one of each Pok\u00e9mon\n|rule|Item Clause: Limit 1 of each item\n|clearpoke\n|poke|p1|Terapagos, L50, M|\n|poke|p1|Koraidon, L50|\n|poke|p1|Incineroar, L50, M|\n|poke|p1|Flutter Mane, L50|\n|poke|p1|Raging Bolt, L50|\n|poke|p1|Ogerpon-Cornerstone, L50, F|\n|poke|p2|Dondozo, L50, F|\n|poke|p2|Tatsugiri-Droopy, L50, F|\n|poke|p2|Koraidon, L50|\n|poke|p2|Calyrex-Shadow, L50|\n|poke|p2|Weezing-Galar, L50, F|\n|poke|p2|Chi-Yu, L50|\n|teampreview|4\n|showteam|p1|Terapagos||Leftovers|TeraShift|TeraStarstorm,EarthPower,CalmMind,Protect|||M|||50|,,,,,Stellar]Koraidon||LifeOrb|OrichalcumPulse|CloseCombat,FlareBlitz,FlameCharge,Protect||||||50|,,,,,Fire]Incineroar||RockyHelmet|Intimidate|FakeOut,FlareBlitz,KnockOff,PartingShot|||M|||50|,,,,,Bug]Flutter Mane||FocusSash|Protosynthesis|Moonblast,ShadowBall,IcyWind,Protect||||||50|,,,,,Stellar]Raging Bolt||AssaultVest|Protosynthesis|Thunderbolt,Thunderclap,Snarl,DracoMeteor||||||50|,,,,,Electric]Ogerpon-Cornerstone||CornerstoneMask|Sturdy|IvyCudgel,PowerWhip,FollowMe,SpikyShield|||F|||50|,,,,,Rock\n|showteam|p2|Dondozo||Leftovers|Unaware|WaveCrash,Earthquake,BodyPress,Protect|||F|||50|,,,,,Grass]Tatsugiri-Droopy||FocusSash|Commander|Protect,IcyWind,MuddyWater,DracoMeteor|||F|||50|,,,,,Normal]Koraidon||AbilityShield|OrichalcumPulse|FlareBlitz,DragonClaw,CollisionCourse,Protect||||||50|,,,,,Fire]Calyrex-Shadow||LifeOrb|AsOneSpectrier|AstralBarrage,Psychic,PollenPuff,Protect||||||50|,,,,,Dark]Weezing-Galar||SitrusBerry|NeutralizingGas|StrangeSteam,PoisonGas,ToxicSpikes,Protect|||F|||50|,,,,,Dark]Chi-Yu||ChoiceScarf|BeadsofRuin|HeatWave,Overheat,ScaryFace,Snarl||||||50|,,,,,Ghost\n|inactive|Battle timer is ON: inactive players will automatically lose when time's up. (requested by waveniki)\n|\n|t:|1745970419\n|start\n|switch|p1a: Flutter Mane|Flutter Mane, L50|100/100\n|switch|p1b: Ogerpon|Ogerpon-Cornerstone, L50, F|100/100\n|switch|p2a: Annie|Calyrex-Shadow, L50|100/100\n|switch|p2b: Zeke|Weezing-Galar, L50, F, shiny|100/100\n|-ability|p2b: Zeke|Neutralizing Gas\n|-ability|p2a: Annie|As One\n|-ability|p2a: Annie|Unnerve\n|turn|1\n|\n|t:|1745970444\n|-terastallize|p2a: Annie|Dark\n|move|p2a: Annie|Astral Barrage|p1a: Flutter Mane|[spread] p1a,p1b\n|-supereffective|p1a: Flutter Mane\n|-enditem|p1a: Flutter Mane|Focus Sash\n|-damage|p1a: Flutter Mane|1/100\n|-damage|p1b: Ogerpon|14/100\n|-damage|p2a: Annie|91/100|[from] item: Life Orb\n|move|p1a: Flutter Mane|Shadow Ball|p2b: Zeke\n|-damage|p2b: Zeke|55/100\n|-unboost|p2b: Zeke|spd|1\n|move|p1b: Ogerpon|Ivy Cudgel|p2b: Zeke|[anim] Ivy Cudgel Rock\n|-crit|p2b: Zeke\n|-damage|p2b: Zeke|0 fnt\n|faint|p2b: Zeke\n|-end|p2b: Zeke|ability: Neutralizing Gas\n|\n|upkeep\n|inactive|acheimassa has 30 seconds left.\n|\n|t:|1745970470\n|switch|p2b: Bertolt|Dondozo, L50, F|100/100\n|turn|2\n|\n|t:|1745970477\n|move|p1a: Flutter Mane|Protect|p1a: Flutter Mane\n|-singleturn|p1a: Flutter Mane|Protect\n|move|p1b: Ogerpon|Spiky Shield|p1b: Ogerpon\n|-singleturn|p1b: Ogerpon|move: Protect\n|move|p2b: Bertolt|Protect|p2b: Bertolt\n|-singleturn|p2b: Bertolt|Protect\n|move|p2a: Annie|Astral Barrage|p1a: Flutter Mane|[spread] \n|-activate|p1a: Flutter Mane|move: Protect\n|-activate|p1b: Ogerpon|move: Protect\n|\n|upkeep\n|turn|3\n|\n|t:|1745970489\n|switch|p1b: Koraidon|Koraidon, L50|100/100\n|-weather|SunnyDay|[from] ability: Orichalcum Pulse|[of] p1b: Koraidon\n|-activate|p1a: Flutter Mane|ability: Protosynthesis\n|-start|p1a: Flutter Mane|protosynthesisspe\n|-activate|p1b: Koraidon|Orichalcum Pulse|[source]\n|move|p2b: Bertolt|Protect||[still]\n|-fail|p2b: Bertolt\n|move|p1a: Flutter Mane|Moonblast|p2a: Annie\n|-supereffective|p2a: Annie\n|-damage|p2a: Annie|0 fnt\n|faint|p2a: Annie\n|\n|-weather|SunnyDay|[upkeep]\n|upkeep\n|\n|t:|1745970499\n|switch|p2a: Reiner|Tatsugiri-Droopy, L50, F, shiny|100/100\n|-activate|p2a: Reiner|ability: Commander|[of] p2b: Bertolt\n|-boost|p2b: Bertolt|atk|2\n|-boost|p2b: Bertolt|spa|2\n|-boost|p2b: Bertolt|spe|2\n|-boost|p2b: Bertolt|def|2\n|-boost|p2b: Bertolt|spd|2\n|turn|4\n|\n|t:|1745970506\n|move|p1a: Flutter Mane|Moonblast|p2b: Bertolt\n|-damage|p2b: Bertolt|81/100\n|move|p1b: Koraidon|Close Combat|p2b: Bertolt\n|-damage|p2b: Bertolt|46/100\n|-unboost|p1b: Koraidon|def|1\n|-unboost|p1b: Koraidon|spd|1\n|-damage|p1b: Koraidon|91/100|[from] item: Life Orb\n|move|p2b: Bertolt|Earthquake|p1a: Flutter Mane|[spread] p1a,p1b\n|-miss|p2b: Bertolt|p2a: Reiner\n|-damage|p1a: Flutter Mane|0 fnt\n|-damage|p1b: Koraidon|58/100\n|faint|p1a: Flutter Mane\n|-end|p1a: Flutter Mane|Protosynthesis|[silent]\n|\n|-weather|SunnyDay|[upkeep]\n|-heal|p2b: Bertolt|52/100|[from] item: Leftovers\n|upkeep\n|\n|t:|1745970508\n|switch|p1a: Raging Bolt|Raging Bolt, L50|100/100\n|-activate|p1a: Raging Bolt|ability: Protosynthesis\n|-start|p1a: Raging Bolt|protosynthesisspa\n|turn|5\n|\n|t:|1745970513\n|-terastallize|p1a: Raging Bolt|Electric\n|move|p2b: Bertolt|Protect|p2b: Bertolt\n|-singleturn|p2b: Bertolt|Protect\n|move|p1b: Koraidon|Close Combat|p2b: Bertolt\n|-activate|p2b: Bertolt|move: Protect\n|move|p1a: Raging Bolt|Thunderbolt|p2b: Bertolt\n|-activate|p2b: Bertolt|move: Protect\n|\n|-weather|SunnyDay|[upkeep]\n|-heal|p2b: Bertolt|58/100|[from] item: Leftovers\n|upkeep\n|turn|6\n|\n|t:|1745970522\n|move|p1a: Raging Bolt|Thunderclap|p2b: Bertolt\n|-supereffective|p2b: Bertolt\n|-damage|p2b: Bertolt|2/100\n|move|p1b: Koraidon|Close Combat|p2b: Bertolt\n|-damage|p2b: Bertolt|0 fnt\n|-unboost|p1b: Koraidon|def|1\n|-unboost|p1b: Koraidon|spd|1\n|faint|p2b: Bertolt\n|-damage|p1b: Koraidon|48/100|[from] item: Life Orb\n|\n|-weather|SunnyDay|[upkeep]\n|upkeep\n|turn|7\n|\n|t:|1745970533\n|move|p1b: Koraidon|Flame Charge|p2a: Reiner\n|-resisted|p2a: Reiner\n|-damage|p2a: Reiner|75/100\n|-boost|p1b: Koraidon|spe|1\n|-damage|p1b: Koraidon|39/100|[from] item: Life Orb\n|move|p2a: Reiner|Draco Meteor|p1a: Raging Bolt\n|-damage|p1a: Raging Bolt|61/100\n|-unboost|p2a: Reiner|spa|2\n|move|p1a: Raging Bolt|Thunderbolt|p2a: Reiner\n|-damage|p2a: Reiner|0 fnt\n|faint|p2a: Reiner\n|\n|win|waveniki\n||acheimassa is ready for game 3.\n||waveniki is ready for game 3.\n|uhtml|next|Next: <a href=\"/battle-gen9vgc2025regibo3-2353578802\"><strong>Game 3 of 3</strong></a>\n|l|\u2606acheimassa\n|player|p2|\n", "uploadtime": 1745970537, "views": 25, "formatid": "gen9vgc2025regibo3", "rating": null, "private": 0, "password": null}