{"id": "gen9vgc2025regibo3-2354246659", "format": "[Gen 9] VGC 2025 Reg I (Bo3)", "players": ["brr brr skibidi", "skibidiowisp"], "log": "|j|\u2606brr brr skibidi\n|j|\u2606skibidiowisp\n|html|<table width=\"100%\"><tr><td align=\"left\">brr brr skibidi</td><td align=\"right\">skibidiowisp</tr><tr><td align=\"left\"><i class=\"fa fa-circle-o\"></i> <i class=\"fa fa-circle-o\"></i> </td><td align=\"right\"><i class=\"fa fa-circle-o\"></i> <i class=\"fa fa-circle-o\"></i> </tr></table>\n|uhtml|bestof|<h2><strong>Game 1</strong> of <a href=\"/game-bestof3-gen9vgc2025regibo3-2354246658\">a best-of-3</a></h2>\n|t:|1746048702\n|gametype|doubles\n|player|p1|brr brr skibidi|cheren-gen5bw2|\n|player|p2|skibidiowisp|miku-fire|\n|teamsize|p1|6\n|teamsize|p2|6\n|gen|9\n|tier|[Gen 9] VGC 2025 Reg I (Bo3)\n|rule|Species Clause: Limit one of each Pok\u00e9mon\n|rule|Item Clause: Limit 1 of each item\n|clearpoke\n|poke|p1|Koraidon, L50|\n|poke|p1|Lunala, L50|\n|poke|p1|Indeedee-F, L50, F|\n|poke|p1|Flutter Mane, L50|\n|poke|p1|Incineroar, L50, F|\n|poke|p1|Raging Bolt, L50|\n|poke|p2|Kyogre, L50|\n|poke|p2|Calyrex-Ice, L50|\n|poke|p2|Incineroar, L50, M|\n|poke|p2|Roaring Moon, L50|\n|poke|p2|Rillaboom, L50, M|\n|poke|p2|Ogerpon-Cornerstone, L50, F|\n|teampreview|4\n|showteam|p1|Koraidon||LifeOrb|OrichalcumPulse|CloseCombat,FlareBlitz,FlameCharge,Protect||||||50|,,,,,Fire]Lunala||PowerHerb|ShadowShield|MoongeistBeam,MeteorBeam,WideGuard,ExpandingForce||||||50|,,,,,Water]Indeedee-F||SafetyGoggles|PsychicSurge|AlluringVoice,FollowMe,HelpingHand,TrickRoom|||F|||50|,,,,,Psychic]Flutter Mane||FocusSash|Protosynthesis|Moonblast,DazzlingGleam,IcyWind,Protect||||||50|,,,,,Fairy]Incineroar||RockyHelmet|Intimidate|FlareBlitz,KnockOff,FakeOut,PartingShot|||F|||50|,,,,,Water]Raging Bolt||AssaultVest|Protosynthesis|Thunderbolt,DracoMeteor,Thunderclap,VoltSwitch||||||50|,,,,,Electric\n|showteam|p2|Kyogre||Leftovers|Drizzle|HydroPump,OriginPulse,CalmMind,Protect||||||50|,,,,,Grass]Calyrex-Ice||NeverMeltIce|AsOneGlastrier|GlacialLance,HighHorsepower,TrickRoom,Protect||||||50|,,,,,Dragon]Incineroar||RockyHelmet|Intimidate|KnockOff,WillOWisp,PartingShot,FakeOut|||M|||50|,,,,,Ghost]Roaring Moon||BoosterEnergy|Protosynthesis|KnockOff,Tailwind,Protect,Acrobatics||||||50|,,,,,Poison]Rillaboom||AssaultVest|GrassySurge|FakeOut,GrassyGlide,Uturn,WoodHammer|||M|||50|,,,,,Fire]Ogerpon-Cornerstone||CornerstoneMask|Sturdy|IvyCudgel,FollowMe,SpikyShield,PowerWhip|||F|||50|,,,,,Rock\n|\n|t:|1746048755\n|start\n|switch|p1a: Lunala|Lunala, L50|100/100\n|switch|p1b: Incineroar|Incineroar, L50, F|100/100\n|switch|p2a: Roaring Moon|Roaring Moon, L50|100/100\n|switch|p2b: Rillaboom|Rillaboom, L50, M|100/100\n|-fieldstart|move: Grassy Terrain|[from] ability: Grassy Surge|[of] p2b: Rillaboom\n|-ability|p1b: Incineroar|Intimidate|boost\n|-unboost|p2a: Roaring Moon|atk|1\n|-unboost|p2b: Rillaboom|atk|1\n|-enditem|p2a: Roaring Moon|Booster Energy\n|-activate|p2a: Roaring Moon|ability: Protosynthesis|[fromitem]\n|-start|p2a: Roaring Moon|protosynthesisspe\n|turn|1\n|\n|t:|1746048787\n|move|p1b: Incineroar|Fake Out|p2a: Roaring Moon\n|-damage|p2a: Roaring Moon|90/100\n|cant|p2a: Roaring Moon|flinch\n|move|p1a: Lunala|Meteor Beam||[still]\n|-prepare|p1a: Lunala|Meteor Beam\n|-boost|p1a: Lunala|spa|1\n|-enditem|p1a: Lunala|Power Herb\n|-anim|p1a: Lunala|Meteor Beam|p2b: Rillaboom\n|-damage|p2b: Rillaboom|61/100\n|move|p2b: Rillaboom|Wood Hammer|p1a: Lunala\n|-damage|p1a: Lunala|80/100\n|-damage|p2b: Rillaboom|53/100|[from] Recoil\n|\n|-heal|p2a: Roaring Moon|96/100|[from] Grassy Terrain\n|-heal|p1a: Lunala|85/100|[from] Grassy Terrain\n|-heal|p2b: Rillaboom|59/100|[from] Grassy Terrain\n|upkeep\n|turn|2\n|\n|t:|1746048834\n|-terastallize|p1a: Lunala|Water\n|move|p2a: Roaring Moon|Protect|p2a: Roaring Moon\n|-singleturn|p2a: Roaring Moon|Protect\n|move|p1a: Lunala|Moongeist Beam|p2b: Rillaboom\n|-damage|p2b: Rillaboom|7/100\n|move|p2b: Rillaboom|U-turn|p1a: Lunala\n|-damage|p1a: Lunala|73/100\n|\n|t:|1746048845\n|switch|p2b: Kyogre|Kyogre, L50|100/100|[from] U-turn\n|-weather|RainDance|[from] ability: Drizzle|[of] p2b: Kyogre\n|move|p1b: Incineroar|Parting Shot|p2a: Roaring Moon\n|-activate|p2a: Roaring Moon|move: Protect\n|\n|-weather|RainDance|[upkeep]\n|-heal|p2a: Roaring Moon|100/100|[from] Grassy Terrain\n|-heal|p1a: Lunala|79/100|[from] Grassy Terrain\n|upkeep\n|turn|3\n|\n|t:|1746048868\n|move|p1a: Lunala|Wide Guard|p1a: Lunala\n|-singleturn|p1a: Lunala|Wide Guard\n|move|p2a: Roaring Moon|Acrobatics|p1a: Lunala\n|-damage|p1a: Lunala|60/100\n|move|p2b: Kyogre|Calm Mind|p2b: Kyogre\n|-boost|p2b: Kyogre|spa|1\n|-boost|p2b: Kyogre|spd|1\n|move|p1b: Incineroar|Parting Shot|p2b: Kyogre\n|-unboost|p2b: Kyogre|atk|1\n|-unboost|p2b: Kyogre|spa|1\n|\n|t:|1746048878\n|switch|p1b: Koraidon|Koraidon, L50|100/100|[from] Parting Shot\n|-weather|SunnyDay|[from] ability: Orichalcum Pulse|[of] p1b: Koraidon\n|-activate|p1b: Koraidon|Orichalcum Pulse|[source]\n|\n|-weather|SunnyDay|[upkeep]\n|-heal|p1a: Lunala|66/100|[from] Grassy Terrain\n|upkeep\n|turn|4\n|\n|t:|1746048906\n|switch|p1b: Incineroar|Incineroar, L50, F|100/100\n|-ability|p1b: Incineroar|Intimidate|boost\n|-unboost|p2a: Roaring Moon|atk|1\n|-unboost|p2b: Kyogre|atk|1\n|move|p2b: Kyogre|Protect|p2b: Kyogre\n|-singleturn|p2b: Kyogre|Protect\n|move|p2a: Roaring Moon|Acrobatics|p1b: Incineroar\n|-damage|p1b: Incineroar|84/100\n|-damage|p2a: Roaring Moon|84/100|[from] item: Rocky Helmet|[of] p1b: Incineroar\n|move|p1a: Lunala|Moongeist Beam|p2b: Kyogre\n|-activate|p2b: Kyogre|move: Protect\n|\n|-weather|SunnyDay|[upkeep]\n|-heal|p2a: Roaring Moon|90/100|[from] Grassy Terrain\n|-heal|p1a: Lunala|72/100|[from] Grassy Terrain\n|-heal|p1b: Incineroar|90/100|[from] Grassy Terrain\n|upkeep\n|turn|5\n|\n|t:|1746048938\n|move|p1b: Incineroar|Fake Out|p2a: Roaring Moon\n|-damage|p2a: Roaring Moon|78/100\n|cant|p2a: Roaring Moon|flinch\n|move|p1a: Lunala|Moongeist Beam|p2b: Kyogre\n|-damage|p2b: Kyogre|61/100\n|move|p2b: Kyogre|Calm Mind|p2b: Kyogre\n|-boost|p2b: Kyogre|spa|1\n|-boost|p2b: Kyogre|spd|1\n|\n|-weather|SunnyDay|[upkeep]\n|-heal|p2a: Roaring Moon|84/100|[from] Grassy Terrain\n|-heal|p1a: Lunala|77/100|[from] Grassy Terrain\n|-heal|p2b: Kyogre|67/100|[from] Grassy Terrain\n|-heal|p2b: Kyogre|72/100|[from] item: Leftovers\n|-heal|p1b: Incineroar|96/100|[from] Grassy Terrain\n|-fieldend|move: Grassy Terrain\n|upkeep\n|turn|6\n|\n|t:|1746048958\n|move|p2b: Kyogre|Protect|p2b: Kyogre\n|-singleturn|p2b: Kyogre|Protect\n|move|p1a: Lunala|Wide Guard|p1a: Lunala\n|-singleturn|p1a: Lunala|Wide Guard\n|move|p2a: Roaring Moon|Tailwind|p2a: Roaring Moon\n|-sidestart|p2: skibidiowisp|move: Tailwind\n|move|p1b: Incineroar|Knock Off|p2b: Kyogre\n|-activate|p2b: Kyogre|move: Protect\n|\n|-weather|SunnyDay|[upkeep]\n|-heal|p2b: Kyogre|78/100|[from] item: Leftovers\n|upkeep\n|turn|7\n|\n|t:|1746048974\n|move|p1a: Lunala|Wide Guard|p1a: Lunala\n|-singleturn|p1a: Lunala|Wide Guard\n|move|p2a: Roaring Moon|Acrobatics|p1b: Incineroar\n|-damage|p1b: Incineroar|81/100\n|-damage|p2a: Roaring Moon|68/100|[from] item: Rocky Helmet|[of] p1b: Incineroar\n|move|p2b: Kyogre|Hydro Pump|p1b: Incineroar\n|-supereffective|p1b: Incineroar\n|-damage|p1b: Incineroar|6/100\n|move|p1b: Incineroar|Flare Blitz|p2a: Roaring Moon\n|-resisted|p2a: Roaring Moon\n|-crit|p2a: Roaring Moon\n|-damage|p2a: Roaring Moon|12/100\n|-damage|p1b: Incineroar|0 fnt|[from] Recoil\n|faint|p1b: Incineroar\n|\n|-weather|none\n|-heal|p2b: Kyogre|84/100|[from] item: Leftovers\n|upkeep\n|\n|t:|1746048984\n|switch|p1b: Indeedee|Indeedee-F, L50, F|100/100\n|-fieldstart|move: Psychic Terrain|[from] ability: Psychic Surge|[of] p1b: Indeedee\n|turn|8\n|\n|t:|1746049006\n|move|p2a: Roaring Moon|Knock Off|p1b: Indeedee\n|-supereffective|p1b: Indeedee\n|-damage|p1b: Indeedee|43/100\n|-enditem|p1b: Indeedee|Safety Goggles|[from] move: Knock Off|[of] p2a: Roaring Moon\n|move|p2b: Kyogre|Calm Mind|p2b: Kyogre\n|-boost|p2b: Kyogre|spa|1\n|-boost|p2b: Kyogre|spd|1\n|move|p1a: Lunala|Moongeist Beam|p2b: Kyogre\n|-damage|p2b: Kyogre|63/100\n|move|p1b: Indeedee|Trick Room|p1b: Indeedee\n|-fieldstart|move: Trick Room|[of] p1b: Indeedee\n|\n|-heal|p2b: Kyogre|69/100|[from] item: Leftovers\n|upkeep\n|turn|9\n|\n|t:|1746049028\n|move|p2b: Kyogre|Protect|p2b: Kyogre\n|-singleturn|p2b: Kyogre|Protect\n|move|p1b: Indeedee|Alluring Voice|p2a: Roaring Moon\n|-supereffective|p2a: Roaring Moon\n|-damage|p2a: Roaring Moon|0 fnt\n|faint|p2a: Roaring Moon\n|-end|p2a: Roaring Moon|Protosynthesis|[silent]\n|move|p1a: Lunala|Expanding Force|p2b: Kyogre\n|-activate|p2b: Kyogre|move: Protect\n|\n|-heal|p2b: Kyogre|75/100|[from] item: Leftovers\n|-sideend|p2: skibidiowisp|move: Tailwind\n|upkeep\n|\n|t:|1746049043\n|switch|p2a: Rillaboom|Rillaboom, L50, M|7/100\n|-fieldstart|move: Grassy Terrain|[from] ability: Grassy Surge|[of] p2a: Rillaboom\n|turn|10\n|\n|t:|1746049059\n|switch|p1a: Koraidon|Koraidon, L50|100/100\n|-weather|SunnyDay|[from] ability: Orichalcum Pulse|[of] p1a: Koraidon\n|-activate|p1a: Koraidon|Orichalcum Pulse|[source]\n|move|p2a: Rillaboom|Grassy Glide|p1a: Koraidon\n|-resisted|p1a: Koraidon\n|-damage|p1a: Koraidon|85/100\n|move|p2b: Kyogre|Origin Pulse|p1a: Koraidon|[spread] p1b\n|-miss|p2b: Kyogre|p1a: Koraidon\n|-damage|p1b: Indeedee|8/100\n|move|p1b: Indeedee|Trick Room|p1b: Indeedee\n|-fieldend|move: Trick Room\n|\n|-weather|SunnyDay|[upkeep]\n|-heal|p1a: Koraidon|91/100|[from] Grassy Terrain\n|-heal|p2b: Kyogre|81/100|[from] Grassy Terrain\n|-heal|p2b: Kyogre|86/100|[from] item: Leftovers\n|-heal|p2a: Rillaboom|13/100|[from] Grassy Terrain\n|-heal|p1b: Indeedee|15/100|[from] Grassy Terrain\n|upkeep\n|turn|11\n|\n|t:|1746049090\n|switch|p1b: Lunala|Lunala, L50, tera:Water|77/100\n|move|p1a: Koraidon|Close Combat|p2b: Kyogre\n|-damage|p2b: Kyogre|0 fnt\n|-unboost|p1a: Koraidon|def|1\n|-unboost|p1a: Koraidon|spd|1\n|faint|p2b: Kyogre\n|-damage|p1a: Koraidon|82/100|[from] item: Life Orb\n|move|p2a: Rillaboom|U-turn|p1b: Lunala\n|-damage|p1b: Lunala|60/100\n|\n|t:|1746049100\n|switch|p2a: Calyrex|Calyrex-Ice, L50|100/100|[from] U-turn\n|-ability|p2a: Calyrex|As One\n|-ability|p2a: Calyrex|Unnerve\n|\n|-weather|SunnyDay|[upkeep]\n|-heal|p1a: Koraidon|88/100|[from] Grassy Terrain\n|-heal|p1b: Lunala|66/100|[from] Grassy Terrain\n|upkeep\n|\n|t:|1746049101\n|switch|p2b: Rillaboom|Rillaboom, L50, M|13/100\n|turn|12\n|\n|t:|1746049115\n|switch|p1a: Indeedee|Indeedee-F, L50, F|15/100\n|-fieldstart|move: Psychic Terrain|[from] ability: Psychic Surge|[of] p1a: Indeedee\n|-terastallize|p2a: Calyrex|Dragon\n|move|p2b: Rillaboom|Fake Out|p1a: Indeedee\n|-activate|p1a: Indeedee|move: Psychic Terrain\n|move|p1b: Lunala|Expanding Force|p2b: Rillaboom|[spread] p2a,p2b\n|-damage|p2a: Calyrex|60/100\n|-damage|p2b: Rillaboom|0 fnt\n|faint|p2b: Rillaboom\n|move|p2a: Calyrex|Trick Room|p2a: Calyrex\n|-fieldstart|move: Trick Room|[of] p2a: Calyrex\n|\n|-weather|SunnyDay|[upkeep]\n|upkeep\n|turn|13\n|\n|t:|1746049134\n|switch|p1a: Koraidon|Koraidon, L50|88/100\n|-activate|p1a: Koraidon|ability: Orichalcum Pulse\n|move|p1b: Lunala|Wide Guard|p1b: Lunala\n|-singleturn|p1b: Lunala|Wide Guard\n|move|p2a: Calyrex|Glacial Lance|p1b: Lunala|[spread] \n|-activate|p1a: Koraidon|move: Wide Guard\n|-activate|p1b: Lunala|move: Wide Guard\n|\n|-weather|SunnyDay|[upkeep]\n|upkeep\n|turn|14\n|\n|t:|1746049139\n|move|p1b: Lunala|Wide Guard|p1b: Lunala\n|-singleturn|p1b: Lunala|Wide Guard\n|move|p2a: Calyrex|High Horsepower|p1b: Lunala\n|-damage|p1b: Lunala|32/100\n|move|p1a: Koraidon|Close Combat|p2a: Calyrex\n|-damage|p2a: Calyrex|0 fnt\n|-unboost|p1a: Koraidon|def|1\n|-unboost|p1a: Koraidon|spd|1\n|faint|p2a: Calyrex\n|-damage|p1a: Koraidon|78/100|[from] item: Life Orb\n|\n|win|brr brr skibidi\n||brr brr skibidi is ready for game 2.\n||skibidiowisp is ready for game 2.\n|uhtml|next|Next: <a href=\"/battle-gen9vgc2025regibo3-2354250936\"><strong>Game 2 of 3</strong></a>\n", "uploadtime": 1746049673, "views": 14, "formatid": "gen9vgc2025regibo3", "rating": null, "private": 0, "password": null}