{"id": "gen9vgc2025regibo3-2353861443", "format": "[Gen 9] VGC 2025 Reg I (Bo3)", "players": ["hlamidamonada", "oporrinovgc"], "log": "|j|\u2606hlamidamonada\n|j|\u2606oporrinovgc\n|html|<table width=\"100%\"><tr><td align=\"left\">hlamidamonada</td><td align=\"right\">oporrinovgc</tr><tr><td align=\"left\"><i class=\"fa fa-circle\"></i> <i class=\"fa fa-circle-o\"></i> </td><td align=\"right\"><i class=\"fa fa-circle-o\"></i> <i class=\"fa fa-circle\"></i> </tr></table>\n|uhtml|bestof|<h2><strong>Game 3</strong> of <a href=\"/game-bestof3-gen9vgc2025regibo3-2353858412\">a best-of-3</a></h2>\n|t:|1746011736\n|gametype|doubles\n|player|p1|hlamidamonada|265|1171\n|player|p2|oporrinovgc|169|1285\n|teamsize|p1|6\n|teamsize|p2|6\n|gen|9\n|tier|[Gen 9] VGC 2025 Reg I (Bo3)\n|rated|\n|rule|Species Clause: Limit one of each Pok\u00e9mon\n|rule|Item Clause: Limit 1 of each item\n|clearpoke\n|poke|p1|Kyogre, L50|\n|poke|p1|Whimsicott, L50, F|\n|poke|p1|Chien-Pao, L50|\n|poke|p1|Zacian-*, L50|\n|poke|p1|Incineroar, L50, M|\n|poke|p1|Urshifu-*, L50, M|\n|poke|p2|Miraidon, L50|\n|poke|p2|Whimsicott, L50, M|\n|poke|p2|Farigiraf, L50, F|\n|poke|p2|Iron Hands, L50|\n|poke|p2|Chi-Yu, L50|\n|poke|p2|Koraidon, L50|\n|teampreview|4\n|showteam|p1|Kyogre||MysticWater|Drizzle|WaterSpout,OriginPulse,Thunder,Protect||||||50|,,,,,Water]Whimsicott||CovertCloak|Prankster|Tailwind,Moonblast,Encore,Taunt|||F|||50|,,,,,Dark]Chien-Pao||FocusSash|SwordofRuin|IceSpinner,SuckerPunch,PsychicFangs,SacredSword||||||50|,,,,,Stellar]Zacian-Crowned||RustedSword|IntrepidSword|behemothblade,SacredSword,PlayRough,Protect||||||50|,,,,,Fairy]Incineroar||SafetyGoggles|Intimidate|KnockOff,PartingShot,WillOWisp,FakeOut|||M|||50|,,,,,Ghost]Urshifu-Rapid-Strike||ChoiceBand|UnseenFist|AquaJet,SurgingStrikes,Detect,CloseCombat|||M|||50|,,,,,Water\n|showteam|p2|Miraidon||ChoiceSpecs|HadronEngine|ElectroDrift,DracoMeteor,VoltSwitch,DazzlingGleam||||||50|,,,,,Fairy]Whimsicott||CovertCloak|Prankster|Tailwind,Encore,LightScreen,Moonblast|||M|||50|,,,,,Dark]Farigiraf||ElectricSeed|ArmorTail|Psychic,FoulPlay,HelpingHand,TrickRoom|||F|||50|,,,,,Dark]Iron Hands||AssaultVest|QuarkDrive|LowKick,DrainPunch,WildCharge,FakeOut||||||50|,,,,,Water]Chi-Yu||ChoiceScarf|BeadsofRuin|Snarl,Overheat,DarkPulse,HeatWave||||||50|,,,,,Ghost]Koraidon||LifeOrb|OrichalcumPulse|CloseCombat,FlareBlitz,FlameCharge,Protect||||||50|,,,,,Fire\n|inactive|Battle timer is ON: inactive players will automatically lose when time's up. (requested by oporrinovgc)\n|\n|t:|1746011762\n|start\n|switch|p1a: Whimsicott|Whimsicott, L50, F|100/100\n|switch|p1b: Zacian|Zacian-Crowned, L50, shiny|100/100\n|switch|p2a: Miraidon|Miraidon, L50|100/100\n|switch|p2b: Whimsicott|Whimsicott, L50, M|100/100\n|-ability|p1b: Zacian|Intrepid Sword|boost\n|-boost|p1b: Zacian|atk|1\n|-fieldstart|move: Electric Terrain|[from] ability: Hadron Engine|[of] p2a: Miraidon\n|turn|1\n|\n|t:|1746011769\n|-terastallize|p1b: Zacian|Fairy\n|-terastallize|p2b: Whimsicott|Dark\n|move|p1a: Whimsicott|Encore|p2b: Whimsicott\n|-hint|Since gen 7, Dark is immune to Prankster moves.\n|-immune|p2b: Whimsicott\n|move|p2b: Whimsicott|Tailwind|p2b: Whimsicott\n|-sidestart|p2: oporrinovgc|move: Tailwind\n|move|p2a: Miraidon|Electro Drift|p1b: Zacian\n|-damage|p1b: Zacian|0 fnt\n|faint|p1b: Zacian\n|\n|upkeep\n|\n|t:|1746011782\n|switch|p1b: Chien-Pao|Chien-Pao, L50|100/100\n|-ability|p1b: Chien-Pao|Sword of Ruin\n|turn|2\n|\n|t:|1746011796\n|switch|p2a: Farigiraf|Farigiraf, L50, F|100/100\n|-enditem|p2a: Farigiraf|Electric Seed\n|-boost|p2a: Farigiraf|def|1|[from] item: Electric Seed\n|move|p1a: Whimsicott|Tailwind|p1a: Whimsicott\n|-sidestart|p1: hlamidamonada|move: Tailwind\n|move|p1b: Chien-Pao|Ice Spinner|p2a: Farigiraf\n|-damage|p2a: Farigiraf|71/100\n|-fieldend|move: Electric Terrain\n|move|p2b: Whimsicott|Moonblast|p1b: Chien-Pao\n|-supereffective|p1b: Chien-Pao\n|-damage|p1b: Chien-Pao|8/100\n|\n|upkeep\n|turn|3\n|\n|t:|1746011814\n|switch|p1b: Kyogre|Kyogre, L50, shiny|100/100\n|-weather|RainDance|[from] ability: Drizzle|[of] p1b: Kyogre\n|move|p2b: Whimsicott|Encore|p1a: Whimsicott\n|-start|p1a: Whimsicott|Encore\n|move|p1a: Whimsicott|Tailwind||[still]\n|-fail|p1a: Whimsicott\n|move|p2a: Farigiraf|Foul Play|p1b: Kyogre\n|-crit|p1b: Kyogre\n|-damage|p1b: Kyogre|75/100\n|\n|-weather|RainDance|[upkeep]\n|upkeep\n|turn|4\n|\n|t:|1746011829\n|switch|p1a: Chien-Pao|Chien-Pao, L50|8/100\n|-ability|p1a: Chien-Pao|Sword of Ruin\n|move|p2b: Whimsicott|Light Screen|p2b: Whimsicott\n|-sidestart|p2: oporrinovgc|move: Light Screen\n|move|p1b: Kyogre|Origin Pulse|p2b: Whimsicott|[spread] p2a\n|-miss|p1b: Kyogre|p2b: Whimsicott\n|-damage|p2a: Farigiraf|12/100\n|move|p2a: Farigiraf|Psychic|p1b: Kyogre\n|-damage|p1b: Kyogre|52/100\n|-unboost|p1b: Kyogre|spd|1\n|\n|-weather|RainDance|[upkeep]\n|-sideend|p2: oporrinovgc|move: Tailwind\n|upkeep\n|turn|5\n|\n|t:|1746011850\n|move|p2b: Whimsicott|Tailwind|p2b: Whimsicott\n|-sidestart|p2: oporrinovgc|move: Tailwind\n|move|p1a: Chien-Pao|Ice Spinner|p2b: Whimsicott\n|-damage|p2b: Whimsicott|36/100\n|move|p1b: Kyogre|Origin Pulse|p2b: Whimsicott|[spread] p2a\n|-miss|p1b: Kyogre|p2b: Whimsicott\n|-damage|p2a: Farigiraf|0 fnt\n|faint|p2a: Farigiraf\n|\n|-weather|RainDance|[upkeep]\n|-sideend|p1: hlamidamonada|move: Tailwind\n|upkeep\n|\n|t:|1746011855\n|switch|p2a: Koraidon|Koraidon, L50|100/100\n|-weather|SunnyDay|[from] ability: Orichalcum Pulse|[of] p2a: Koraidon\n|-activate|p2a: Koraidon|Orichalcum Pulse|[source]\n|turn|6\n|\n|t:|1746011872\n|switch|p1a: Whimsicott|Whimsicott, L50, F|100/100\n|move|p1b: Kyogre|Protect|p1b: Kyogre\n|-singleturn|p1b: Kyogre|Protect\n|move|p2a: Koraidon|Flare Blitz|p1b: Kyogre\n|-activate|p1b: Kyogre|move: Protect\n|move|p2b: Whimsicott|Moonblast|p1a: Whimsicott\n|-damage|p1a: Whimsicott|62/100\n|\n|-weather|SunnyDay|[upkeep]\n|upkeep\n|turn|7\n|\n|t:|1746011887\n|switch|p1b: Chien-Pao|Chien-Pao, L50|8/100\n|-ability|p1b: Chien-Pao|Sword of Ruin\n|move|p1a: Whimsicott|Tailwind|p1a: Whimsicott\n|-sidestart|p1: hlamidamonada|move: Tailwind\n|move|p2a: Koraidon|Flare Blitz|p1a: Whimsicott\n|-supereffective|p1a: Whimsicott\n|-damage|p1a: Whimsicott|0 fnt\n|faint|p1a: Whimsicott\n|-damage|p2a: Koraidon|81/100|[from] Recoil\n|-damage|p2a: Koraidon|71/100|[from] item: Life Orb\n|move|p2b: Whimsicott|Moonblast|p1b: Chien-Pao\n|-supereffective|p1b: Chien-Pao\n|-damage|p1b: Chien-Pao|0 fnt\n|faint|p1b: Chien-Pao\n|\n|-weather|SunnyDay|[upkeep]\n|upkeep\n|\n|t:|1746011896\n|switch|p1b: Kyogre|Kyogre, L50, shiny|52/100\n|-weather|RainDance|[from] ability: Drizzle|[of] p1b: Kyogre\n|turn|8\n|\n|t:|1746011902\n|move|p2a: Koraidon|Close Combat|p1b: Kyogre\n|-damage|p1b: Kyogre|0 fnt\n|-unboost|p2a: Koraidon|def|1\n|-unboost|p2a: Koraidon|spd|1\n|faint|p1b: Kyogre\n|-damage|p2a: Koraidon|62/100|[from] item: Life Orb\n|\n|win|oporrinovgc\n|raw|hlamidamonada's rating: 1171 &rarr; <strong>1154</strong><br />(-17 for losing)\n|raw|oporrinovgc's rating: 1285 &rarr; <strong>1302</strong><br />(+17 for winning)\n|c|\u2606hlamidamonada|nice luck dog\n|l|\u2606hlamidamonada\n|player|p1|\n|c|\u2606oporrinovgc|ez\n", "uploadtime": 1746011924, "views": 17, "formatid": "gen9vgc2025regibo3", "rating": 1154, "private": 0, "password": null}