{"id": "gen9vgc2025regibo3-2354731817", "format": "[Gen 9] VGC 2025 Reg I (Bo3)", "players": ["rubentino", "LiterallyAKoala"], "log": "|j|\u2606rubentino\n|j|\u2606LiterallyAKoala\n|html|<table width=\"100%\"><tr><td align=\"left\">rubentino</td><td align=\"right\">LiterallyAKoala</tr><tr><td align=\"left\"><i class=\"fa fa-circle-o\"></i> <i class=\"fa fa-circle-o\"></i> </td><td align=\"right\"><i class=\"fa fa-circle-o\"></i> <i class=\"fa fa-circle\"></i> </tr></table>\n|uhtml|bestof|<h2><strong>Game 2</strong> of <a href=\"/game-bestof3-gen9vgc2025regibo3-2354728615\">a best-of-3</a></h2>\n|t:|1746114821\n|gametype|doubles\n|player|p1|rubentino|1|1100\n|player|p2|LiterallyAKoala|emmet|1016\n|teamsize|p1|6\n|teamsize|p2|6\n|gen|9\n|tier|[Gen 9] VGC 2025 Reg I (Bo3)\n|rated|\n|rule|Species Clause: Limit one of each Pok\u00e9mon\n|rule|Item Clause: Limit 1 of each item\n|clearpoke\n|poke|p1|Terapagos, L50, M|\n|poke|p1|Calyrex-Shadow, L50|\n|poke|p1|Incineroar, L50, M|\n|poke|p1|Rillaboom, L50, M|\n|poke|p1|Urshifu-*, L50, M|\n|poke|p1|Amoonguss, L50, F|\n|poke|p2|Miraidon, L50|\n|poke|p2|Urshifu-*, L50, F|\n|poke|p2|Calyrex-Shadow, L50|\n|poke|p2|Flutter Mane, L50|\n|poke|p2|Amoonguss, L50, F|\n|poke|p2|Iron Hands, L50|\n|teampreview|4\n|showteam|p1|Terapagos||Leftovers|TeraShift|TeraStarstorm,EarthPower,CalmMind,Protect|||M|||50|,,,,,Stellar]Calyrex-Shadow||FocusSash|AsOneSpectrier|AstralBarrage,Encore,Disable,Protect||||||50|,,,,,Ghost]Incineroar||SafetyGoggles|Intimidate|FakeOut,KnockOff,WillOWisp,PartingShot|||M|||50|,,,,,Bug]Rillaboom||AssaultVest|GrassySurge|FakeOut,WoodHammer,GrassyGlide,Uturn|||M|||50|,,,,,Water]Urshifu-Rapid-Strike||ChoiceScarf|UnseenFist|SurgingStrikes,CloseCombat,AquaJet,Uturn|||M|||50|,,,,,Water]Amoonguss||RockyHelmet|Regenerator|SludgeBomb,Spore,RagePowder,Protect|||F|||50|,,,,,Water\n|showteam|p2|Miraidon||ChoiceSpecs|HadronEngine|ElectroDrift,DracoMeteor,VoltSwitch,DazzlingGleam||||||50|,,,,,Fairy]Urshifu-Rapid-Strike||FocusSash|UnseenFist|SurgingStrikes,CloseCombat,AquaJet,Detect|||F|||50|,,,,,Grass]Calyrex-Shadow||LifeOrb|AsOneSpectrier|AstralBarrage,ExpandingForce,Protect,NastyPlot||||||50|,,,,,Ghost]Flutter Mane||BoosterEnergy|Protosynthesis|Moonblast,IcyWind,TrickRoom,Taunt||||||50|,,,,,Fairy]Amoonguss||RockyHelmet|Regenerator|PollenPuff,Spore,RagePowder,Protect|||F|||50|,,,,,Water]Iron Hands||AssaultVest|QuarkDrive|WildCharge,DrainPunch,HeavySlam,FakeOut||||||50|,,,,,Water\n|inactive|Battle timer is ON: inactive players will automatically lose when time's up. (requested by LiterallyAKoala)\n|inactive|rubentino has 60 seconds left.\n|inactive|LiterallyAKoala has 60 seconds left.\n|\n|t:|1746114861\n|start\n|switch|p1a: Calyrex|Calyrex-Shadow, L50|100/100\n|switch|p1b: Rillaboom|Rillaboom, L50, M|100/100\n|switch|p2a: Miraidon|Miraidon, L50|100/100\n|switch|p2b: Flutter Mane|Flutter Mane, L50|100/100\n|-ability|p1a: Calyrex|As One\n|-ability|p1a: Calyrex|Unnerve\n|-fieldstart|move: Electric Terrain|[from] ability: Hadron Engine|[of] p2a: Miraidon\n|-fieldstart|move: Grassy Terrain|[from] ability: Grassy Surge|[of] p1b: Rillaboom\n|-enditem|p2b: Flutter Mane|Booster Energy\n|-activate|p2b: Flutter Mane|ability: Protosynthesis|[fromitem]\n|-start|p2b: Flutter Mane|protosynthesisspe\n|turn|1\n|inactive|LiterallyAKoala has 30 seconds left.\n|\n|t:|1746114889\n|-terastallize|p2b: Flutter Mane|Fairy\n|move|p1b: Rillaboom|Fake Out|p2a: Miraidon\n|-damage|p2a: Miraidon|88/100\n|move|p2b: Flutter Mane|Icy Wind|p1b: Rillaboom|[spread] p1a,p1b\n|-supereffective|p1b: Rillaboom\n|-damage|p1a: Calyrex|86/100\n|-damage|p1b: Rillaboom|83/100\n|-unboost|p1a: Calyrex|spe|1\n|-unboost|p1b: Rillaboom|spe|1\n|cant|p2a: Miraidon|flinch\n|move|p1a: Calyrex|Astral Barrage|p2a: Miraidon|[spread] p2a,p2b\n|-damage|p2a: Miraidon|40/100\n|-damage|p2b: Flutter Mane|50/100\n|\n|-heal|p2b: Flutter Mane|56/100|[from] Grassy Terrain\n|-heal|p2a: Miraidon|46/100|[from] Grassy Terrain\n|-heal|p1a: Calyrex|93/100|[from] Grassy Terrain\n|-heal|p1b: Rillaboom|89/100|[from] Grassy Terrain\n|upkeep\n|turn|2\n|\n|t:|1746114908\n|move|p1a: Calyrex|Protect|p1a: Calyrex\n|-singleturn|p1a: Calyrex|Protect\n|move|p1b: Rillaboom|Grassy Glide|p2b: Flutter Mane\n|-damage|p2b: Flutter Mane|7/100\n|move|p2b: Flutter Mane|Moonblast|p1b: Rillaboom\n|-damage|p1b: Rillaboom|50/100\n|move|p2a: Miraidon|Electro Drift|p1a: Calyrex\n|-activate|p1a: Calyrex|move: Protect\n|\n|-heal|p2b: Flutter Mane|13/100|[from] Grassy Terrain\n|-heal|p2a: Miraidon|52/100|[from] Grassy Terrain\n|-heal|p1a: Calyrex|99/100|[from] Grassy Terrain\n|-heal|p1b: Rillaboom|56/100|[from] Grassy Terrain\n|upkeep\n|turn|3\n|inactive|LiterallyAKoala has 30 seconds left.\n|\n|t:|1746114936\n|-end|p2b: Flutter Mane|Protosynthesis|[silent]\n|switch|p2b: Amoonguss|Amoonguss, L50, F|100/100\n|switch|p2a: Iron Hands|Iron Hands, L50|100/100\n|switch|p1a: Amoonguss|Amoonguss, L50, F|100/100\n|move|p1b: Rillaboom|Grassy Glide|p2b: Amoonguss\n|-resisted|p2b: Amoonguss\n|-damage|p2b: Amoonguss|93/100\n|-damage|p1b: Rillaboom|40/100|[from] item: Rocky Helmet|[of] p2b: Amoonguss\n|\n|-heal|p1b: Rillaboom|45/100|[from] Grassy Terrain\n|-heal|p2b: Amoonguss|99/100|[from] Grassy Terrain\n|upkeep\n|turn|4\n|inactive|rubentino has 30 seconds left.\n|inactive|LiterallyAKoala has 30 seconds left.\n|\n|t:|1746114969\n|move|p1b: Rillaboom|U-turn|p2a: Iron Hands\n|-resisted|p2a: Iron Hands\n|-damage|p2a: Iron Hands|94/100\n|\n|t:|1746114975\n|switch|p1b: Terapagos|Terapagos, L50, M|100/100|[from] U-turn\n|-activate|p1b: Terapagos|ability: Tera Shift\n|detailschange|p1b: Terapagos|Terapagos-Terastal, L50, M\n|-heal|p1b: Terapagos|100/100|[silent]\n|move|p2a: Iron Hands|Drain Punch|p1b: Terapagos\n|-activate|p1b: Terapagos|ability: Tera Shell\n|-resisted|p1b: Terapagos\n|-damage|p1b: Terapagos|85/100\n|-heal|p2a: Iron Hands|99/100|[from] drain|[of] p1b: Terapagos\n|move|p1a: Amoonguss|Sludge Bomb|p2b: Amoonguss\n|-damage|p2b: Amoonguss|78/100\n|move|p2b: Amoonguss|Pollen Puff|p1b: Terapagos\n|-damage|p1b: Terapagos|70/100\n|\n|-heal|p1b: Terapagos|77/100|[from] Grassy Terrain\n|-heal|p1b: Terapagos|83/100|[from] item: Leftovers\n|-heal|p2a: Iron Hands|100/100|[from] Grassy Terrain\n|-heal|p2b: Amoonguss|84/100|[from] Grassy Terrain\n|upkeep\n|turn|5\n|inactive|LiterallyAKoala has 30 seconds left.\n|\n|t:|1746115003\n|move|p1b: Terapagos|Protect|p1b: Terapagos\n|-singleturn|p1b: Terapagos|Protect\n|move|p2a: Iron Hands|Drain Punch|p1b: Terapagos\n|-activate|p1b: Terapagos|move: Protect\n|move|p1a: Amoonguss|Spore|p2a: Iron Hands\n|-status|p2a: Iron Hands|slp|[from] move: Spore\n|move|p2b: Amoonguss|Spore|p1b: Terapagos\n|-activate|p1b: Terapagos|move: Protect\n|\n|-heal|p1b: Terapagos|89/100|[from] Grassy Terrain\n|-heal|p1b: Terapagos|95/100|[from] item: Leftovers\n|-heal|p2b: Amoonguss|90/100|[from] Grassy Terrain\n|-fieldend|move: Grassy Terrain\n|upkeep\n|turn|6\n|inactive|LiterallyAKoala has 30 seconds left.\n|\n|t:|1746115035\n|switch|p1b: Rillaboom|Rillaboom, L50, M|45/100\n|-fieldstart|move: Grassy Terrain|[from] ability: Grassy Surge|[of] p1b: Rillaboom\n|switch|p1a: Calyrex|Calyrex-Shadow, L50|99/100\n|-ability|p1a: Calyrex|As One\n|-ability|p1a: Calyrex|Unnerve\n|cant|p2a: Iron Hands|slp\n|move|p2b: Amoonguss|Pollen Puff|p1b: Rillaboom\n|-supereffective|p1b: Rillaboom\n|-crit|p1b: Rillaboom\n|-damage|p1b: Rillaboom|11/100\n|\n|-heal|p1a: Calyrex|100/100|[from] Grassy Terrain\n|-heal|p1b: Rillaboom|16/100|[from] Grassy Terrain\n|-heal|p2b: Amoonguss|96/100|[from] Grassy Terrain\n|upkeep\n|turn|7\n|inactive|rubentino has 30 seconds left.\n|\n|t:|1746115060\n|switch|p1b: Amoonguss|Amoonguss, L50, F|100/100\n|move|p2b: Amoonguss|Protect|p2b: Amoonguss\n|-singleturn|p2b: Amoonguss|Protect\n|move|p1a: Calyrex|Encore|p2b: Amoonguss\n|-activate|p2b: Amoonguss|move: Protect\n|cant|p2a: Iron Hands|slp\n|\n|-heal|p2b: Amoonguss|100/100|[from] Grassy Terrain\n|upkeep\n|turn|8\n|\n|t:|1746115087\n|switch|p2b: Flutter Mane|Flutter Mane, L50, tera:Fairy|13/100\n|move|p1a: Calyrex|Astral Barrage|p2b: Flutter Mane|[spread] p2a,p2b\n|-crit|p2a: Iron Hands\n|-damage|p2a: Iron Hands|62/100 slp\n|-damage|p2b: Flutter Mane|0 fnt\n|faint|p2b: Flutter Mane\n|-end|p2b: Flutter Mane|Protosynthesis|[silent]\n|-ability|p1a: Calyrex|Grim Neigh|boost\n|-boost|p1a: Calyrex|spa|1\n|-curestatus|p2a: Iron Hands|slp|[msg]\n|move|p2a: Iron Hands|Wild Charge|p1a: Calyrex\n|-damage|p1a: Calyrex|49/100\n|-damage|p2a: Iron Hands|53/100|[from] Recoil\n|move|p1b: Amoonguss|Spore|p2a: Iron Hands\n|-status|p2a: Iron Hands|slp|[from] move: Spore\n|\n|-heal|p1a: Calyrex|55/100|[from] Grassy Terrain\n|-heal|p2a: Iron Hands|59/100 slp|[from] Grassy Terrain\n|upkeep\n|\n|t:|1746115102\n|switch|p2b: Miraidon|Miraidon, L50|52/100\n|-fieldstart|move: Electric Terrain|[from] ability: Hadron Engine|[of] p2b: Miraidon\n|-activate|p2a: Iron Hands|ability: Quark Drive\n|-start|p2a: Iron Hands|quarkdriveatk\n|turn|9\n|\n|t:|1746115124\n|switch|p1b: Rillaboom|Rillaboom, L50, M|16/100\n|-fieldstart|move: Grassy Terrain|[from] ability: Grassy Surge|[of] p1b: Rillaboom\n|-end|p2a: Iron Hands|Quark Drive\n|move|p1a: Calyrex|Protect|p1a: Calyrex\n|-singleturn|p1a: Calyrex|Protect\n|move|p2b: Miraidon|Electro Drift|p1a: Calyrex\n|-activate|p1a: Calyrex|move: Protect\n|cant|p2a: Iron Hands|slp\n|\n|-heal|p1a: Calyrex|61/100|[from] Grassy Terrain\n|-heal|p2b: Miraidon|59/100|[from] Grassy Terrain\n|-heal|p1b: Rillaboom|22/100|[from] Grassy Terrain\n|-heal|p2a: Iron Hands|65/100 slp|[from] Grassy Terrain\n|upkeep\n|turn|10\n|\n|t:|1746115139\n|switch|p2b: Amoonguss|Amoonguss, L50, F|100/100\n|move|p1b: Rillaboom|Fake Out|p2a: Iron Hands\n|-damage|p2a: Iron Hands|56/100 slp\n|move|p1a: Calyrex|Astral Barrage|p2a: Iron Hands|[spread] p2a,p2b\n|-damage|p2a: Iron Hands|18/100 slp\n|-damage|p2b: Amoonguss|42/100\n|cant|p2a: Iron Hands|slp\n|\n|-heal|p1a: Calyrex|68/100|[from] Grassy Terrain\n|-heal|p1b: Rillaboom|28/100|[from] Grassy Terrain\n|-heal|p2a: Iron Hands|24/100 slp|[from] Grassy Terrain\n|-heal|p2b: Amoonguss|48/100|[from] Grassy Terrain\n|upkeep\n|turn|11\n|\n|t:|1746115155\n|-end|p2a: Iron Hands|Quark Drive|[silent]\n|switch|p2a: Miraidon|Miraidon, L50|59/100\n|-fieldstart|move: Electric Terrain|[from] ability: Hadron Engine|[of] p2a: Miraidon\n|move|p2b: Amoonguss|Protect|p2b: Amoonguss\n|-singleturn|p2b: Amoonguss|Protect\n|move|p1a: Calyrex|Astral Barrage|p2a: Miraidon|[spread] p2a\n|-activate|p2b: Amoonguss|move: Protect\n|-damage|p2a: Miraidon|0 fnt\n|faint|p2a: Miraidon\n|-ability|p1a: Calyrex|Grim Neigh|boost\n|-boost|p1a: Calyrex|spa|1\n|move|p1b: Rillaboom|U-turn|p2b: Amoonguss\n|-activate|p2b: Amoonguss|move: Protect\n|\n|upkeep\n|\n|t:|1746115158\n|switch|p2a: Iron Hands|Iron Hands, L50|24/100 slp\n|-activate|p2a: Iron Hands|ability: Quark Drive\n|-start|p2a: Iron Hands|quarkdriveatk\n|turn|12\n|\n|t:|1746115170\n|move|p1a: Calyrex|Astral Barrage|p2b: Amoonguss|[spread] p2a,p2b\n|-damage|p2a: Iron Hands|0 fnt\n|-damage|p2b: Amoonguss|0 fnt\n|faint|p2a: Iron Hands\n|-end|p2a: Iron Hands|Quark Drive|[silent]\n|faint|p2b: Amoonguss\n|\n|win|rubentino\n||LiterallyAKoala is ready for game 3.\n", "uploadtime": 1746115175, "views": 24, "formatid": "gen9vgc2025regibo3", "rating": null, "private": 0, "password": null}