{"id": "gen9vgc2025regibo3-2353853007", "format": "[Gen 9] VGC 2025 Reg I (Bo3)", "players": ["edo ghira", "CheTuHaiGiocato"], "log": "|j|\u2606edo ghira\n|j|\u2606CheTuHaiGiocato\n|html|<table width=\"100%\"><tr><td align=\"left\">edo ghira</td><td align=\"right\">CheTuHaiGiocato</tr><tr><td align=\"left\"><i class=\"fa fa-circle-o\"></i> <i class=\"fa fa-circle-o\"></i> </td><td align=\"right\"><i class=\"fa fa-circle-o\"></i> <i class=\"fa fa-circle-o\"></i> </tr></table>\n|uhtml|bestof|<h2><strong>Game 1</strong> of <a href=\"/game-bestof3-gen9vgc2025regibo3-2353853006\">a best-of-3</a></h2>\n|t:|1746010522\n|gametype|doubles\n|player|p1|edo ghira|lance|1410\n|player|p2|CheTuHaiGiocato|1|1303\n|teamsize|p1|6\n|teamsize|p2|6\n|gen|9\n|tier|[Gen 9] VGC 2025 Reg I (Bo3)\n|rated|\n|rule|Species Clause: Limit one of each Pok\u00e9mon\n|rule|Item Clause: Limit 1 of each item\n|clearpoke\n|poke|p1|Kyogre, L50|\n|poke|p1|Lunala, L50|\n|poke|p1|Indeedee-F, L50, F|\n|poke|p1|Sinistcha-Masterpiece, L50|\n|poke|p1|Incineroar, L50, F|\n|poke|p1|Ursaluna, L50, F|\n|poke|p2|Miraidon, L50|\n|poke|p2|Calyrex-Ice, L50|\n|poke|p2|Farigiraf, L50, F|\n|poke|p2|Ogerpon-Cornerstone, L50, F|\n|poke|p2|Incineroar, L50, F|\n|poke|p2|Iron Valiant, L50|\n|teampreview|4\n|showteam|p1|Kyogre||AssaultVest|Drizzle|WaterSpout,HydroPump,Thunder,IceBeam||||||50|,,,,,Grass]Lunala||SafetyGoggles|ShadowShield|ExpandingForce,MoongeistBeam,WideGuard,TrickRoom||||||50|,,,,,Water]Indeedee-F||PsychicSeed|PsychicSurge|FollowMe,TrickRoom,Psychic,HealPulse|||F|||50|,,,,,Fairy]Sinistcha-Masterpiece||RockyHelmet|Hospitality|MatchaGotcha,LifeDew,RagePowder,TrickRoom||||||50|,,,,,Water]Incineroar||FocusSash|Intimidate|KnockOff,LeechLife,FakeOut,PartingShot|||F|||50|,,,,,Bug]Ursaluna||FlameOrb|Guts|Facade,HeadlongRush,Earthquake,Protect|||F|||50|,,,,,Ghost\n|showteam|p2|Miraidon||ChoiceSpecs|HadronEngine|ElectroDrift,DracoMeteor,VoltSwitch,DazzlingGleam||||||50|,,,,,Fairy]Calyrex-Ice||ClearAmulet|AsOneGlastrier|GlacialLance,HighHorsepower,TrickRoom,Protect||||||50|,,,,,Water]Farigiraf||ElectricSeed|ArmorTail|FoulPlay,Psychic,TrickRoom,HelpingHand|||F|||50|,,,,,Water]Ogerpon-Cornerstone||CornerstoneMask|Sturdy|IvyCudgel,PowerWhip,FollowMe,SpikyShield|||F|||50|,,,,,Rock]Incineroar||AssaultVest|Intimidate|KnockOff,FlareBlitz,FakeOut,Uturn|||F|||50|,,,,,Bug]Iron Valiant||FocusSash|QuarkDrive|SpiritBreak,IcyWind,Coaching,WideGuard||||||50|,,,,,Ghost\n|c|\u2606edo ghira|dimmi i 10 giocatori di vgc\n|l|\u2606CheTuHaiGiocato\n|player|p2|\n|j|\u2606CheTuHaiGiocato\n|player|p2|CheTuHaiGiocato|1|\n|\n|t:|1746010583\n|start\n|switch|p1a: Lunala|Lunala, L50|100/100\n|switch|p1b: Indeedee|Indeedee-F, L50, F|100/100\n|switch|p2a: Miraidon|Miraidon, L50|100/100\n|switch|p2b: Calyrex|Calyrex-Ice, L50|100/100\n|-ability|p2b: Calyrex|As One\n|-ability|p2b: Calyrex|Unnerve\n|-fieldstart|move: Electric Terrain|[from] ability: Hadron Engine|[of] p2a: Miraidon\n|-fieldstart|move: Psychic Terrain|[from] ability: Psychic Surge|[of] p1b: Indeedee\n|-enditem|p1b: Indeedee|Psychic Seed\n|-boost|p1b: Indeedee|spd|1|[from] item: Psychic Seed\n|turn|1\n|\n|t:|1746010604\n|move|p2a: Miraidon|Volt Switch|p1a: Lunala\n|-damage|p1a: Lunala|81/100\n|\n|t:|1746010611\n|switch|p2a: Incineroar|Incineroar, L50, F|100/100|[from] Volt Switch\n|-ability|p2a: Incineroar|Intimidate|boost\n|-unboost|p1a: Lunala|atk|1\n|-unboost|p1b: Indeedee|atk|1\n|move|p1a: Lunala|Moongeist Beam|p2b: Calyrex\n|-supereffective|p2b: Calyrex\n|-damage|p2b: Calyrex|28/100\n|move|p2b: Calyrex|Glacial Lance|p1b: Indeedee|[spread] p1a,p1b\n|-damage|p1a: Lunala|39/100\n|-damage|p1b: Indeedee|45/100\n|move|p1b: Indeedee|Trick Room|p1b: Indeedee\n|-fieldstart|move: Trick Room|[of] p1b: Indeedee\n|\n|upkeep\n|turn|2\n|\n|t:|1746010635\n|switch|p1b: Vanzini|Ursaluna, L50, F|100/100\n|move|p1a: Lunala|Wide Guard|p1a: Lunala\n|-singleturn|p1a: Lunala|Wide Guard\n|move|p2b: Calyrex|High Horsepower|p1a: Lunala\n|-damage|p1a: Lunala|8/100\n|move|p2a: Incineroar|U-turn|p1b: Vanzini\n|-damage|p1b: Vanzini|87/100\n|\n|t:|1746010647\n|switch|p2a: Ogerpon|Ogerpon-Cornerstone, L50, F|100/100|[from] U-turn\n|\n|-status|p1b: Vanzini|brn|[from] item: Flame Orb\n|upkeep\n|turn|3\n|\n|t:|1746010658\n|switch|p2b: Incineroar|Incineroar, L50, F|100/100\n|-ability|p2b: Incineroar|Intimidate|boost\n|-unboost|p1a: Lunala|atk|1\n|-unboost|p1b: Vanzini|atk|1\n|-terastallize|p1b: Vanzini|Ghost\n|move|p2a: Ogerpon|Spiky Shield|p2a: Ogerpon\n|-singleturn|p2a: Ogerpon|move: Protect\n|move|p1a: Lunala|Wide Guard|p1a: Lunala\n|-singleturn|p1a: Lunala|Wide Guard\n|move|p1b: Vanzini|Earthquake|p2b: Incineroar|[spread] p2b\n|-activate|p1a: Lunala|move: Wide Guard\n|-activate|p2a: Ogerpon|move: Protect\n|-supereffective|p2b: Incineroar\n|-damage|p2b: Incineroar|47/100\n|\n|-damage|p1b: Vanzini|81/100 brn|[from] brn\n|upkeep\n|turn|4\n|\n|t:|1746010688\n|-terastallize|p2b: Incineroar|Bug\n|move|p1a: Lunala|Wide Guard|p1a: Lunala\n|-singleturn|p1a: Lunala|Wide Guard\n|move|p1b: Vanzini|Earthquake|p2b: Incineroar|[spread] p2a,p2b\n|-activate|p1a: Lunala|move: Wide Guard\n|-resisted|p2b: Incineroar\n|-damage|p2a: Ogerpon|44/100\n|-damage|p2b: Incineroar|33/100\n|move|p2b: Incineroar|Knock Off|p1a: Lunala\n|-supereffective|p1a: Lunala\n|-damage|p1a: Lunala|0 fnt\n|-enditem|p1a: Lunala|Safety Goggles|[from] move: Knock Off|[of] p2b: Incineroar\n|faint|p1a: Lunala\n|move|p2a: Ogerpon|Power Whip|p1b: Vanzini|[miss]\n|-miss|p2a: Ogerpon|p1b: Vanzini\n|\n|-damage|p1b: Vanzini|75/100 brn|[from] brn\n|upkeep\n|\n|t:|1746010709\n|switch|p1a: Nowins|Kyogre, L50|100/100\n|-weather|RainDance|[from] ability: Drizzle|[of] p1a: Nowins\n|turn|5\n|\n|t:|1746010723\n|move|p1b: Vanzini|Facade|p2b: Incineroar\n|-damage|p2b: Incineroar|0 fnt\n|faint|p2b: Incineroar\n|move|p1a: Nowins|Water Spout|p2a: Ogerpon\n|-damage|p2a: Ogerpon|0 fnt\n|faint|p2a: Ogerpon\n|\n|-weather|RainDance|[upkeep]\n|-damage|p1b: Vanzini|69/100 brn|[from] brn\n|-fieldend|move: Trick Room\n|-fieldend|move: Psychic Terrain\n|upkeep\n|\n|t:|1746010731\n|switch|p2a: Miraidon|Miraidon, L50|100/100\n|switch|p2b: Calyrex|Calyrex-Ice, L50|28/100\n|-ability|p2b: Calyrex|As One\n|-ability|p2b: Calyrex|Unnerve\n|-fieldstart|move: Electric Terrain|[from] ability: Hadron Engine|[of] p2a: Miraidon\n|turn|6\n|\n|t:|1746010755\n|switch|p1a: Indeedee|Indeedee-F, L50, F|45/100\n|-fieldstart|move: Psychic Terrain|[from] ability: Psychic Surge|[of] p1a: Indeedee\n|move|p2a: Miraidon|Electro Drift|p1a: Indeedee\n|-damage|p1a: Indeedee|0 fnt\n|faint|p1a: Indeedee\n|move|p2b: Calyrex|Glacial Lance|p1b: Vanzini\n|-damage|p1b: Vanzini|11/100 brn\n|move|p1b: Vanzini|Facade|p2b: Calyrex\n|-damage|p2b: Calyrex|0 fnt\n|faint|p2b: Calyrex\n|\n|-weather|RainDance|[upkeep]\n|-damage|p1b: Vanzini|6/100 brn|[from] brn\n|upkeep\n|\n|t:|1746010768\n|switch|p1a: Nowins|Kyogre, L50|100/100\n|turn|7\n|\n|t:|1746010776\n|move|p2a: Miraidon|Electro Drift|p1b: Vanzini\n|-damage|p1b: Vanzini|0 fnt\n|faint|p1b: Vanzini\n|move|p1a: Nowins|Ice Beam|p2a: Miraidon\n|-supereffective|p2a: Miraidon\n|-damage|p2a: Miraidon|39/100\n|\n|-weather|RainDance|[upkeep]\n|upkeep\n|turn|8\n|\n|t:|1746010790\n|move|p2a: Miraidon|Electro Drift|p1a: Nowins\n|-supereffective|p1a: Nowins\n|-damage|p1a: Nowins|0 fnt\n|faint|p1a: Nowins\n|\n|win|CheTuHaiGiocato\n||CheTuHaiGiocato is ready for game 2.\n|inactive|edo ghira has 30 seconds to confirm battle start!\n||edo ghira is ready for game 2.\n|uhtml|next|Next: <a href=\"/battle-gen9vgc2025regibo3-2353854943\"><strong>Game 2 of 3</strong></a>\n|l|\u2606edo ghira\n|player|p1|\n", "uploadtime": 1746011103, "views": 6, "formatid": "gen9vgc2025regibo3", "rating": null, "private": 0, "password": null}