{"id": "gen9vgc2025regibo3-2354102862", "format": "[Gen 9] VGC 2025 Reg I (Bo3)", "players": ["atrixmj", "bvg2"], "log": "|j|\u2606atrixmj\n|j|\u203dbvg2\n|html|<table width=\"100%\"><tr><td align=\"left\">atrixmj</td><td align=\"right\">bvg2</tr><tr><td align=\"left\"><i class=\"fa fa-circle-o\"></i> <i class=\"fa fa-circle-o\"></i> </td><td align=\"right\"><i class=\"fa fa-circle-o\"></i> <i class=\"fa fa-circle-o\"></i> </tr></table>\n|uhtml|bestof|<h2><strong>Game 1</strong> of <a href=\"/game-bestof3-gen9vgc2025regibo3-2354102861\">a best-of-3</a></h2>\n|t:|1746035071\n|gametype|doubles\n|player|p1|atrixmj|2|1403\n|player|p2|bvg2|flannery|1333\n|teamsize|p1|6\n|teamsize|p2|6\n|gen|9\n|tier|[Gen 9] VGC 2025 Reg I (Bo3)\n|rated|\n|rule|Species Clause: Limit one of each Pok\u00e9mon\n|rule|Item Clause: Limit 1 of each item\n|clearpoke\n|poke|p1|Lunala, L50|\n|poke|p1|Chi-Yu, L50|\n|poke|p1|Ursaluna, L50, M|\n|poke|p1|Koraidon, L50|\n|poke|p1|Flutter Mane, L50|\n|poke|p1|Indeedee-F, L50, F|\n|poke|p2|Calyrex-Shadow, L50|\n|poke|p2|Dondozo, L50, F|\n|poke|p2|Tatsugiri-Droopy, L50, F|\n|poke|p2|Chi-Yu, L50|\n|poke|p2|Miraidon, L50|\n|poke|p2|Sneasler, L50, M|\n|teampreview|4\n|showteam|p1|Lunala||SafetyGoggles|ShadowShield|MoongeistBeam,ExpandingForce,WideGuard,TrickRoom||||||50|,,,,,Water]Chi-Yu||ChoiceScarf|BeadsofRuin|HeatWave,Flamethrower,DarkPulse,Snarl||||||50|,,,,,Fire]Ursaluna||FlameOrb|Guts|Facade,HeadlongRush,Earthquake,Protect|||M|||50|,,,,,Ghost]Koraidon||LifeOrb|OrichalcumPulse|CloseCombat,FlareBlitz,FlameCharge,Protect||||||50|,,,,,Fire]Flutter Mane||FocusSash|Protosynthesis|Moonblast,IcyWind,Taunt,Protect||||||50|,,,,,Fairy]Indeedee-F||RockyHelmet|PsychicSurge|Psychic,FollowMe,HelpingHand,TrickRoom|||F|||50|,,,,,Water\n|showteam|p2|Calyrex-Shadow||LifeOrb|AsOneSpectrier|Protect,AstralBarrage,ExpandingForce,Encore||||||50|,,,,,Normal]Dondozo||Leftovers|Unaware|Protect,BodyPress,OrderUp,WaveCrash|||F|||50|,,,,,Grass]Tatsugiri-Droopy||FocusSash|Commander|Protect,HelpingHand,DragonPulse,MuddyWater|||F|||50|,,,,,Stellar]Chi-Yu||ChoiceScarf|BeadsofRuin|ScaryFace,Snarl,HeatWave,Overheat||||||50|,,,,,Ghost]Miraidon||AssaultVest|HadronEngine|ElectroDrift,DracoMeteor,DazzlingGleam,VoltSwitch||||||50|,,,,,Fairy]Sneasler||ElectricSeed|Unburden|CloseCombat,DireClaw,ToxicSpikes,FakeOut|||M|||50|,,,,,Ghost\n|inactive|Battle timer is ON: inactive players will automatically lose when time's up. (requested by atrixmj)\n|inactive|atrixmj has 60 seconds left.\n|\n|t:|1746035111\n|start\n|switch|p1a: BABY|Lunala, L50, shiny|100/100\n|switch|p1b: Indeedee|Indeedee-F, L50, F|100/100\n|switch|p2a: Miraidon|Miraidon, L50|100/100\n|switch|p2b: Sneasler|Sneasler, L50, M|100/100\n|-fieldstart|move: Electric Terrain|[from] ability: Hadron Engine|[of] p2a: Miraidon\n|-enditem|p2b: Sneasler|Electric Seed\n|-boost|p2b: Sneasler|def|1|[from] item: Electric Seed\n|-fieldstart|move: Psychic Terrain|[from] ability: Psychic Surge|[of] p1b: Indeedee\n|turn|1\n|inactive|bvg2 has 30 seconds left.\n|inactive|bvg2 has 20 seconds left.\n|\n|t:|1746035150\n|switch|p2b: Tatsugiri|Tatsugiri-Droopy, L50, F|100/100\n|move|p1b: Indeedee|Helping Hand|p1a: BABY\n|-singleturn|p1a: BABY|Helping Hand|[of] p1b: Indeedee\n|move|p2a: Miraidon|Volt Switch|p1a: BABY\n|-damage|p1a: BABY|87/100\n|\n|t:|1746035157\n|switch|p2a: Dondozo|Dondozo, L50, F|100/100|[from] Volt Switch\n|-activate|p2b: Tatsugiri|ability: Commander|[of] p2a: Dondozo\n|-boost|p2a: Dondozo|atk|2\n|-boost|p2a: Dondozo|spa|2\n|-boost|p2a: Dondozo|spe|2\n|-boost|p2a: Dondozo|def|2\n|-boost|p2a: Dondozo|spd|2\n|move|p1a: BABY|Expanding Force|p2a: Dondozo|[spread] p2a\n|-miss|p1a: BABY|p2b: Tatsugiri\n|-damage|p2a: Dondozo|64/100\n|\n|-heal|p2a: Dondozo|70/100|[from] item: Leftovers\n|upkeep\n|turn|2\n|\n|t:|1746035175\n|switch|p1b: Koraidon|Koraidon, L50|100/100\n|-weather|SunnyDay|[from] ability: Orichalcum Pulse|[of] p1b: Koraidon\n|-activate|p1b: Koraidon|Orichalcum Pulse|[source]\n|move|p2a: Dondozo|Protect|p2a: Dondozo\n|-singleturn|p2a: Dondozo|Protect\n|move|p1a: BABY|Expanding Force|p2b: Tatsugiri|[spread] \n|-miss|p1a: BABY|p2b: Tatsugiri\n|-activate|p2a: Dondozo|move: Protect\n|\n|-weather|SunnyDay|[upkeep]\n|-heal|p2a: Dondozo|77/100|[from] item: Leftovers\n|upkeep\n|turn|3\n|\n|t:|1746035189\n|switch|p1b: Flutter Mane|Flutter Mane, L50, shiny|100/100\n|-activate|p1b: Flutter Mane|ability: Protosynthesis\n|-start|p1b: Flutter Mane|protosynthesisspe\n|move|p1a: BABY|Expanding Force|p2b: Tatsugiri|[spread] p2a\n|-miss|p1a: BABY|p2b: Tatsugiri\n|-damage|p2a: Dondozo|54/100\n|move|p2a: Dondozo|Wave Crash|p1a: BABY\n|-damage|p1a: BABY|54/100\n|-damage|p2a: Dondozo|44/100|[from] Recoil\n|\n|-weather|SunnyDay|[upkeep]\n|-heal|p2a: Dondozo|50/100|[from] item: Leftovers\n|upkeep\n|turn|4\n|\n|t:|1746035213\n|-terastallize|p1b: Flutter Mane|Fairy\n|move|p2a: Dondozo|Protect|p2a: Dondozo\n|-singleturn|p2a: Dondozo|Protect\n|move|p1b: Flutter Mane|Moonblast|p2a: Dondozo\n|-activate|p2a: Dondozo|move: Protect\n|move|p1a: BABY|Expanding Force|p2b: Tatsugiri|[spread] \n|-miss|p1a: BABY|p2b: Tatsugiri\n|-activate|p2a: Dondozo|move: Protect\n|\n|-weather|SunnyDay|[upkeep]\n|-heal|p2a: Dondozo|56/100|[from] item: Leftovers\n|upkeep\n|turn|5\n|\n|t:|1746035231\n|move|p1b: Flutter Mane|Moonblast|p2a: Dondozo\n|-damage|p2a: Dondozo|31/100\n|move|p1a: BABY|Expanding Force|p2a: Dondozo|[spread] p2a\n|-miss|p1a: BABY|p2b: Tatsugiri\n|-damage|p2a: Dondozo|6/100\n|move|p2a: Dondozo|Body Press|p1b: Flutter Mane\n|-resisted|p1b: Flutter Mane\n|-damage|p1b: Flutter Mane|50/100\n|\n|-weather|SunnyDay|[upkeep]\n|-heal|p2a: Dondozo|13/100|[from] item: Leftovers\n|-fieldend|move: Psychic Terrain\n|upkeep\n|turn|6\n|\n|t:|1746035247\n|move|p1b: Flutter Mane|Moonblast|p2a: Dondozo\n|-damage|p2a: Dondozo|0 fnt\n|faint|p2a: Dondozo\n|move|p1a: BABY|Moongeist Beam|p2b: Tatsugiri\n|-damage|p2b: Tatsugiri|25/100\n|\n|-weather|none\n|-end|p1b: Flutter Mane|Protosynthesis\n|upkeep\n|\n|t:|1746035256\n|switch|p2a: Miraidon|Miraidon, L50|100/100\n|-fieldstart|move: Electric Terrain|[from] ability: Hadron Engine|[of] p2a: Miraidon\n|turn|7\n|inactive|bvg2 has 30 seconds left.\n|\n|t:|1746035282\n|-end|p1b: Flutter Mane|Protosynthesis|[silent]\n|switch|p1b: Indeedee|Indeedee-F, L50, F|100/100\n|-fieldstart|move: Psychic Terrain|[from] ability: Psychic Surge|[of] p1b: Indeedee\n|-terastallize|p2a: Miraidon|Fairy\n|move|p2a: Miraidon|Electro Drift|p1a: BABY\n|-damage|p1a: BABY|13/100\n|move|p2b: Tatsugiri|Muddy Water|p1b: Indeedee|[spread] p1a,p1b\n|-crit|p1b: Indeedee\n|-damage|p1a: BABY|0 fnt\n|-damage|p1b: Indeedee|54/100\n|faint|p1a: BABY\n|\n|upkeep\n|\n|t:|1746035295\n|switch|p1a: Koraidon|Koraidon, L50|100/100\n|-weather|SunnyDay|[from] ability: Orichalcum Pulse|[of] p1a: Koraidon\n|-activate|p1a: Koraidon|Orichalcum Pulse|[source]\n|turn|8\n|\n|t:|1746035319\n|move|p2b: Tatsugiri|Helping Hand|p2a: Miraidon\n|-singleturn|p2a: Miraidon|Helping Hand|[of] p2b: Tatsugiri\n|move|p1b: Indeedee|Helping Hand|p1a: Koraidon\n|-singleturn|p1a: Koraidon|Helping Hand|[of] p1b: Indeedee\n|move|p1a: Koraidon|Flare Blitz|p2a: Miraidon\n|-damage|p2a: Miraidon|0 fnt\n|faint|p2a: Miraidon\n|-damage|p1a: Koraidon|64/100|[from] Recoil\n|-damage|p1a: Koraidon|54/100|[from] item: Life Orb\n|\n|-weather|SunnyDay|[upkeep]\n|upkeep\n|-message|bvg2 forfeited.\n|\n|win|atrixmj\n|l|\u203dbvg2\n|player|p2|\n||bvg2 is ready for game 2.\n||atrixmj is ready for game 2.\n|uhtml|next|Next: <a href=\"/battle-gen9vgc2025regibo3-2354105826\"><strong>Game 2 of 3</strong></a>\n", "uploadtime": 1746035489, "views": 9, "formatid": "gen9vgc2025regibo3", "rating": null, "private": 0, "password": null}