{"id": "gen9vgc2025regibo3-2354977204", "format": "[Gen 9] VGC 2025 Reg I (Bo3)", "players": ["pizzawing", "choosenickname123"], "log": "|j|\u2606pizzawing\n|j|\u2606choosenickname123\n|html|<table width=\"100%\"><tr><td align=\"left\">pizzawing</td><td align=\"right\">choosenickname123</tr><tr><td align=\"left\"><i class=\"fa fa-circle-o\"></i> <i class=\"fa fa-circle-o\"></i> </td><td align=\"right\"><i class=\"fa fa-circle-o\"></i> <i class=\"fa fa-circle\"></i> </tr></table>\n|uhtml|bestof|<h2><strong>Game 2</strong> of <a href=\"/game-bestof3-gen9vgc2025regibo3-2354973544\">a best-of-3</a></h2>\n|t:|1746137843\n|gametype|doubles\n|player|p1|pizzawing|101|1240\n|player|p2|choosenickname123|265|1299\n|teamsize|p1|6\n|teamsize|p2|6\n|gen|9\n|tier|[Gen 9] VGC 2025 Reg I (Bo3)\n|rated|\n|rule|Species Clause: Limit one of each Pok\u00e9mon\n|rule|Item Clause: Limit 1 of each item\n|clearpoke\n|poke|p1|Terapagos, L50, M|\n|poke|p1|Calyrex-Shadow, L50|\n|poke|p1|Grimmsnarl, L50, M|\n|poke|p1|Rillaboom, L50, M|\n|poke|p1|Incineroar, L50, F|\n|poke|p1|Pelipper, L50, F|\n|poke|p2|Koraidon, L50|\n|poke|p2|Calyrex-Ice, L50|\n|poke|p2|Raging Bolt, L50|\n|poke|p2|Brute Bonnet, L50|\n|poke|p2|Chi-Yu, L50|\n|poke|p2|Flutter Mane, L50|\n|teampreview|4\n|showteam|p1|Terapagos||Leftovers|TeraShift|TeraStarstorm,EarthPower,CalmMind,Protect|||M|||50|,,,,,Stellar]Calyrex-Shadow||LifeOrb|AsOneSpectrier|AstralBarrage,Psychic,Protect,TeraBlast||||||50|,,,,,Water]Grimmsnarl||CovertCloak|Prankster|FakeOut,FakeTears,ThunderWave,SpiritBreak|||M|||50|,,,,,Steel]Rillaboom||AssaultVest|GrassySurge|GrassyGlide,FakeOut,WoodHammer,Uturn|||M|||50|,,,,,Fire]Incineroar||SafetyGoggles|Intimidate|KnockOff,FakeOut,PartingShot,Taunt|||F|||50|,,,,,Ghost]Pelipper||RockyHelmet|Drizzle|Hurricane,Protect,WideGuard,WeatherBall|||F|||50|,,,,,Ghost\n|showteam|p2|Koraidon||LifeOrb|OrichalcumPulse|FlareBlitz,FlameCharge,CloseCombat,Protect||||||50|,,,,,Fire]Calyrex-Ice||ClearAmulet|AsOneGlastrier|GlacialLance,HighHorsepower,TrickRoom,Protect||||||50|,,,,,Fire]Raging Bolt||AssaultVest|Protosynthesis|Thunderclap,DracoMeteor,Snarl,Thunderbolt||||||50|,,,,,Water]Brute Bonnet||CovertCloak|Protosynthesis|RagePowder,Spore,SuckerPunch,Protect||||||50|,,,,,Water]Chi-Yu||ChoiceScarf|BeadsofRuin|Overheat,HeatWave,Snarl,DarkPulse||||||50|,,,,,Ghost]Flutter Mane||ChoiceSpecs|Protosynthesis|ShadowBall,Moonblast,DazzlingGleam,IcyWind||||||50|,,,,,Fairy\n|inactive|Battle timer is ON: inactive players will automatically lose when time's up. (requested by choosenickname123)\n|inactive|pizzawing has 60 seconds left.\n|\n|t:|1746137880\n|start\n|switch|p1a: Incineroar|Incineroar, L50, F|100/100\n|switch|p1b: Rillaboom|Rillaboom, L50, M|100/100\n|switch|p2a: Chi-Yu|Chi-Yu, L50|100/100\n|switch|p2b: Flutter Mane|Flutter Mane, L50|100/100\n|-ability|p2a: Chi-Yu|Beads of Ruin\n|-fieldstart|move: Grassy Terrain|[from] ability: Grassy Surge|[of] p1b: Rillaboom\n|-ability|p1a: Incineroar|Intimidate|boost\n|-unboost|p2a: Chi-Yu|atk|1\n|-unboost|p2b: Flutter Mane|atk|1\n|turn|1\n|inactive|pizzawing has 30 seconds left.\n|\n|t:|1746137910\n|switch|p1a: Pelipper|Pelipper, L50, F|100/100\n|-weather|RainDance|[from] ability: Drizzle|[of] p1a: Pelipper\n|-terastallize|p2b: Flutter Mane|Fairy\n|move|p2a: Chi-Yu|Heat Wave|p1a: Pelipper|[spread] p1a,p1b\n|-resisted|p1a: Pelipper\n|-supereffective|p1b: Rillaboom\n|-damage|p1a: Pelipper|84/100\n|-damage|p1b: Rillaboom|67/100\n|move|p2b: Flutter Mane|Moonblast|p1a: Pelipper\n|-damage|p1a: Pelipper|0 fnt\n|faint|p1a: Pelipper\n|move|p1b: Rillaboom|Wood Hammer|p2b: Flutter Mane\n|-damage|p2b: Flutter Mane|0 fnt\n|faint|p2b: Flutter Mane\n|-end|p2b: Flutter Mane|Protosynthesis|[silent]\n|-damage|p1b: Rillaboom|46/100|[from] Recoil\n|\n|-weather|RainDance|[upkeep]\n|-heal|p1b: Rillaboom|52/100|[from] Grassy Terrain\n|upkeep\n|\n|t:|1746137925\n|switch|p2b: Raging Bolt|Raging Bolt, L50|100/100\n|switch|p1a: Incineroar|Incineroar, L50, F|100/100\n|-ability|p1a: Incineroar|Intimidate|boost\n|-unboost|p2a: Chi-Yu|atk|1\n|-unboost|p2b: Raging Bolt|atk|1\n|turn|2\n|\n|t:|1746137943\n|switch|p2a: Koraidon|Koraidon, L50|100/100\n|-weather|SunnyDay|[from] ability: Orichalcum Pulse|[of] p2a: Koraidon\n|-activate|p2b: Raging Bolt|ability: Protosynthesis\n|-start|p2b: Raging Bolt|protosynthesisspa\n|-activate|p2a: Koraidon|Orichalcum Pulse|[source]\n|move|p1b: Rillaboom|U-turn|p2b: Raging Bolt\n|-damage|p2b: Raging Bolt|82/100\n|\n|t:|1746137951\n|switch|p1b: Terapagos|Terapagos, L50, M|100/100|[from] U-turn\n|-activate|p1b: Terapagos|ability: Tera Shift\n|detailschange|p1b: Terapagos|Terapagos-Terastal, L50, M\n|-heal|p1b: Terapagos|100/100|[silent]\n|move|p2b: Raging Bolt|Thunderbolt|p1a: Incineroar\n|-damage|p1a: Incineroar|46/100\n|-status|p1a: Incineroar|par\n|move|p1a: Incineroar|Knock Off|p2b: Raging Bolt\n|-damage|p2b: Raging Bolt|51/100\n|-enditem|p2b: Raging Bolt|Assault Vest|[from] move: Knock Off|[of] p1a: Incineroar\n|\n|-weather|SunnyDay|[upkeep]\n|-heal|p2b: Raging Bolt|57/100|[from] Grassy Terrain\n|-heal|p1a: Incineroar|52/100 par|[from] Grassy Terrain\n|upkeep\n|turn|3\n|inactive|pizzawing has 30 seconds left.\n|inactive|choosenickname123 has 30 seconds left.\n|inactive|pizzawing has 20 seconds left.\n|\n|t:|1746137988\n|switch|p1a: Rillaboom|Rillaboom, L50, M|52/100\n|move|p2a: Koraidon|Flame Charge|p1b: Terapagos\n|-activate|p1b: Terapagos|ability: Tera Shell\n|-resisted|p1b: Terapagos\n|-damage|p1b: Terapagos|82/100\n|-boost|p2a: Koraidon|spe|1\n|-damage|p2a: Koraidon|91/100|[from] item: Life Orb\n|move|p1b: Terapagos|Tera Starstorm|p2a: Koraidon\n|-damage|p2a: Koraidon|36/100\n|move|p2b: Raging Bolt|Draco Meteor|p1a: Rillaboom\n|-damage|p1a: Rillaboom|0 fnt\n|-unboost|p2b: Raging Bolt|spa|2\n|faint|p1a: Rillaboom\n|\n|-weather|SunnyDay|[upkeep]\n|-heal|p2a: Koraidon|42/100|[from] Grassy Terrain\n|-heal|p1b: Terapagos|88/100|[from] Grassy Terrain\n|-heal|p1b: Terapagos|94/100|[from] item: Leftovers\n|-heal|p2b: Raging Bolt|63/100|[from] Grassy Terrain\n|upkeep\n|\n|t:|1746138002\n|switch|p1a: Incineroar|Incineroar, L50, F|52/100 par\n|-ability|p1a: Incineroar|Intimidate|boost\n|-unboost|p2a: Koraidon|atk|1\n|-unboost|p2b: Raging Bolt|atk|1\n|turn|4\n|\n|t:|1746138026\n|-end|p2b: Raging Bolt|Protosynthesis|[silent]\n|switch|p2b: Chi-Yu|Chi-Yu, L50|100/100\n|-ability|p2b: Chi-Yu|Beads of Ruin\n|-terastallize|p1b: Terapagos|Stellar\n|detailschange|p1b: Terapagos|Terapagos-Stellar, L50, M, tera:Stellar\n|-heal|p1b: Terapagos|95/100|[silent]\n|-ability|p1b: Terapagos|Teraform Zero\n|-weather|none\n|-fieldend|move: Grassy Terrain\n|move|p2a: Koraidon|Protect|p2a: Koraidon\n|-singleturn|p2a: Koraidon|Protect\n|move|p1a: Incineroar|Fake Out|p2b: Chi-Yu\n|-damage|p2b: Chi-Yu|84/100\n|move|p1b: Terapagos|Tera Starstorm|p2a: Koraidon|[spread] p2b\n|-activate|p2a: Koraidon|move: Protect\n|-damage|p2b: Chi-Yu|40/100\n|\n|-heal|p1b: Terapagos|100/100|[from] item: Leftovers\n|upkeep\n|turn|5\n|inactive|choosenickname123 has 30 seconds left.\n|\n|t:|1746138052\n|switch|p2a: Raging Bolt|Raging Bolt, L50|63/100\n|move|p1b: Terapagos|Protect|p1b: Terapagos\n|-singleturn|p1b: Terapagos|Protect\n|move|p2b: Chi-Yu|Snarl|p1b: Terapagos|[spread] p1a\n|-activate|p1b: Terapagos|move: Protect\n|-resisted|p1a: Incineroar\n|-damage|p1a: Incineroar|42/100 par\n|-unboost|p1a: Incineroar|spa|1\n|move|p1a: Incineroar|Parting Shot|p2a: Raging Bolt\n|-unboost|p2a: Raging Bolt|atk|1\n|-unboost|p2a: Raging Bolt|spa|1\n|\n|upkeep\n|turn|6\n|inactive|choosenickname123 has 30 seconds left.\n|\n|t:|1746138077\n|move|p2b: Chi-Yu|Snarl|p1b: Terapagos|[spread] p1a,p1b\n|-resisted|p1a: Incineroar\n|-damage|p1a: Incineroar|31/100 par\n|-damage|p1b: Terapagos|81/100\n|-unboost|p1a: Incineroar|spa|1\n|-unboost|p1b: Terapagos|spa|1\n|move|p1b: Terapagos|Tera Starstorm|p2b: Chi-Yu|[spread] p2a,p2b\n|-damage|p2a: Raging Bolt|35/100\n|-damage|p2b: Chi-Yu|12/100\n|move|p2a: Raging Bolt|Draco Meteor|p1a: Incineroar\n|-damage|p1a: Incineroar|0 fnt\n|-unboost|p2a: Raging Bolt|spa|2\n|faint|p1a: Incineroar\n|\n|-heal|p1b: Terapagos|87/100|[from] item: Leftovers\n|upkeep\n|turn|7\n|\n|t:|1746138090\n|move|p1b: Terapagos|Protect|p1b: Terapagos\n|-singleturn|p1b: Terapagos|Protect\n|move|p2b: Chi-Yu|Snarl|p1b: Terapagos\n|-activate|p1b: Terapagos|move: Protect\n|move|p2a: Raging Bolt|Snarl|p1b: Terapagos\n|-activate|p1b: Terapagos|move: Protect\n|\n|-heal|p1b: Terapagos|93/100|[from] item: Leftovers\n|upkeep\n|turn|8\n|\n|t:|1746138094\n|move|p2b: Chi-Yu|Snarl|p1b: Terapagos\n|-damage|p1b: Terapagos|68/100\n|-unboost|p1b: Terapagos|spa|1\n|move|p1b: Terapagos|Tera Starstorm|p2b: Chi-Yu|[spread] p2a,p2b\n|-damage|p2a: Raging Bolt|18/100\n|-damage|p2b: Chi-Yu|0 fnt\n|faint|p2b: Chi-Yu\n|move|p2a: Raging Bolt|Snarl|p1b: Terapagos\n|-damage|p1b: Terapagos|63/100\n|-unboost|p1b: Terapagos|spa|1\n|\n|-heal|p1b: Terapagos|69/100|[from] item: Leftovers\n|upkeep\n|-message|pizzawing forfeited.\n|raw|pizzawing's rating: 1240 &rarr; <strong>1219</strong><br />(-21 for losing)\n|raw|choosenickname123's rating: 1299 &rarr; <strong>1320</strong><br />(+21 for winning)\n|\n|win|choosenickname123\n|l|\u2606pizzawing\n|player|p1|\n", "uploadtime": 1746138102, "views": 14, "formatid": "gen9vgc2025regibo3", "rating": 1219, "private": 0, "password": null}