{"id": "gen9vgc2025regibo3-2353476431", "format": "[Gen 9] VGC 2025 Reg I (Bo3)", "players": ["Professor_J93", "steeltrainer"], "log": "|j|\u2606Professor_J93\n|j|\u2606steeltrainer\n|html|<table width=\"100%\"><tr><td align=\"left\">Professor_J93</td><td align=\"right\">steeltrainer</tr><tr><td align=\"left\"><i class=\"fa fa-circle-o\"></i> <i class=\"fa fa-circle-o\"></i> </td><td align=\"right\"><i class=\"fa fa-circle-o\"></i> <i class=\"fa fa-circle-o\"></i> </tr></table>\n|uhtml|bestof|<h2><strong>Game 1</strong> of <a href=\"/game-bestof3-gen9vgc2025regibo3-2353476430\">a best-of-3</a></h2>\n|t:|1745959486\n|gametype|doubles\n|player|p1|Professor_J93|n|1223\n|player|p2|steeltrainer|steven|1127\n|teamsize|p1|6\n|teamsize|p2|6\n|gen|9\n|tier|[Gen 9] VGC 2025 Reg I (Bo3)\n|rated|\n|rule|Species Clause: Limit one of each Pok\u00e9mon\n|rule|Item Clause: Limit 1 of each item\n|clearpoke\n|poke|p1|Calyrex-Shadow, L50|\n|poke|p1|Zamazenta-*, L50|\n|poke|p1|Chien-Pao, L50|\n|poke|p1|Dragonite, L50, F|\n|poke|p1|Ogerpon-Hearthflame, L50, F|\n|poke|p1|Urshifu-*, L50, F|\n|poke|p2|Zamazenta-*, L50|\n|poke|p2|Chien-Pao, L50|\n|poke|p2|Dragonite, L50, F|\n|poke|p2|Calyrex-Shadow, L50|\n|poke|p2|Tornadus, L50, M|\n|poke|p2|Ogerpon-Hearthflame, L50, F|\n|teampreview|4\n|showteam|p1|Calyrex-Shadow||CovertCloak|AsOneSpectrier|Protect,AstralBarrage,NastyPlot,Psyshock||||||50|,,,,,Water]Zamazenta-Crowned||RustedShield|DauntlessShield|BodyPress,behemothbash,WideGuard,Protect||||||50|,,,,,Dragon]Chien-Pao||FocusSash|SwordofRuin|IceSpinner,ThroatChop,SacredSword,Protect||||||50|,,,,,Stellar]Dragonite||ClearAmulet|Multiscale|ExtremeSpeed,BreakingSwipe,Tailwind,Protect|||F|||50|,,,,,Normal]Ogerpon-Hearthflame||HearthflameMask|MoldBreaker|IvyCudgel,WoodHammer,FollowMe,SpikyShield|||F|||50|,,,,,Fire]Urshifu-Rapid-Strike||SplashPlate|UnseenFist|SurgingStrikes,CloseCombat,Taunt,Detect|||F|||50|,,,,,Water\n|showteam|p2|Zamazenta-Crowned||RustedShield|DauntlessShield|BodyPress,behemothbash,WideGuard,Protect||||||50|,,,,,Dragon]Chien-Pao||FocusSash|SwordofRuin|IceSpinner,ThroatChop,SuckerPunch,Protect||||||50|,,,,,Ghost]Dragonite||ChoiceBand|InnerFocus|Outrage,ExtremeSpeed,AerialAce,LowKick|||F|||50|,,,,,Normal]Calyrex-Shadow||SpellTag|AsOneSpectrier|AstralBarrage,ShadowBall,PollenPuff,Protect||||||50|,,,,,Dark]Tornadus||CovertCloak|Prankster|BleakwindStorm,RainDance,Tailwind,Taunt|||M|||50|,,,,,Dark]Ogerpon-Hearthflame||HearthflameMask|MoldBreaker|IvyCudgel,HelpingHand,FollowMe,SpikyShield|||F|||50|,,,,,Fire\n|inactive|Battle timer is ON: inactive players will automatically lose when time's up. (requested by Professor_J93)\n|c|\u2606Professor_J93|yoooooo\n|c|\u2606Professor_J93|brother\n|c|\u2606steeltrainer|hello?????\n|c|\u2606steeltrainer|brother\n|inactive|Professor_J93 has 60 seconds left.\n|inactive|steeltrainer has 60 seconds left.\n|\n|t:|1745959544\n|start\n|switch|p1a: Dragonite|Dragonite, L50, F|100/100\n|switch|p1b: Urshifu|Urshifu-Rapid-Strike, L50, F|100/100\n|switch|p2a: Dragonite|Dragonite, L50, F|100/100\n|switch|p2b: Chien-Pao|Chien-Pao, L50|100/100\n|-ability|p2b: Chien-Pao|Sword of Ruin\n|turn|1\n|\n|t:|1745959558\n|-terastallize|p2a: Dragonite|Normal\n|move|p1a: Dragonite|Protect|p1a: Dragonite\n|-singleturn|p1a: Dragonite|Protect\n|move|p2a: Dragonite|Extreme Speed|p1b: Urshifu\n|-damage|p1b: Urshifu|21/100\n|move|p2b: Chien-Pao|Sucker Punch|p1b: Urshifu\n|-resisted|p1b: Urshifu\n|-damage|p1b: Urshifu|1/100\n|move|p1b: Urshifu|Surging Strikes|p2b: Chien-Pao\n|-crit|p2b: Chien-Pao\n|-damage|p2b: Chien-Pao|70/100\n|-crit|p2b: Chien-Pao\n|-damage|p2b: Chien-Pao|38/100\n|-crit|p2b: Chien-Pao\n|-damage|p2b: Chien-Pao|4/100\n|-hitcount|p2b: Chien-Pao|3\n|\n|upkeep\n|turn|2\n|inactive|steeltrainer has 30 seconds left.\n|\n|t:|1745959588\n|switch|p2b: Calyrex|Calyrex-Shadow, L50|100/100\n|-ability|p2b: Calyrex|As One\n|-ability|p2b: Calyrex|Unnerve\n|move|p1b: Urshifu|Detect|p1b: Urshifu\n|-singleturn|p1b: Urshifu|Protect\n|move|p2a: Dragonite|Extreme Speed|p1b: Urshifu\n|-activate|p1b: Urshifu|move: Protect\n|move|p1a: Dragonite|Tailwind|p1a: Dragonite\n|-sidestart|p1: Professor_J93|move: Tailwind\n|\n|upkeep\n|turn|3\n|\n|t:|1745959612\n|move|p2a: Dragonite|Extreme Speed|p1a: Dragonite\n|-damage|p1a: Dragonite|70/100\n|move|p1b: Urshifu|Surging Strikes|p2b: Calyrex\n|-crit|p2b: Calyrex\n|-damage|p2b: Calyrex|78/100\n|-crit|p2b: Calyrex\n|-damage|p2b: Calyrex|56/100\n|-crit|p2b: Calyrex\n|-damage|p2b: Calyrex|32/100\n|-hitcount|p2b: Calyrex|3\n|move|p1a: Dragonite|Breaking Swipe|p2a: Dragonite|[spread] p2a,p2b\n|-damage|p2a: Dragonite|77/100\n|-damage|p2b: Calyrex|7/100\n|-unboost|p2a: Dragonite|atk|1\n|-unboost|p2b: Calyrex|atk|1\n|move|p2b: Calyrex|Astral Barrage|p1a: Dragonite|[spread] p1a,p1b\n|-damage|p1a: Dragonite|19/100\n|-damage|p1b: Urshifu|0 fnt\n|faint|p1b: Urshifu\n|-ability|p2b: Calyrex|Grim Neigh|boost\n|-boost|p2b: Calyrex|spa|1\n|\n|upkeep\n|\n|t:|1745959633\n|switch|p1b: Chien-Pao|Chien-Pao, L50|100/100\n|-ability|p1b: Chien-Pao|Sword of Ruin\n|turn|4\n|\n|t:|1745959647\n|switch|p2b: Zamazenta|Zamazenta-Crowned, L50|100/100\n|-ability|p2b: Zamazenta|Dauntless Shield|boost\n|-boost|p2b: Zamazenta|def|1\n|move|p1a: Dragonite|Protect|p1a: Dragonite\n|-singleturn|p1a: Dragonite|Protect\n|move|p2a: Dragonite|Extreme Speed|p1a: Dragonite\n|-activate|p1a: Dragonite|move: Protect\n|move|p1b: Chien-Pao|Sacred Sword|p2a: Dragonite\n|-supereffective|p2a: Dragonite\n|-damage|p2a: Dragonite|0 fnt\n|faint|p2a: Dragonite\n|\n|upkeep\n|\n|t:|1745959655\n|switch|p2a: Calyrex|Calyrex-Shadow, L50|7/100\n|-ability|p2a: Calyrex|As One\n|-ability|p2a: Calyrex|Unnerve\n|turn|5\n|\n|t:|1745959674\n|move|p1b: Chien-Pao|Sacred Sword|p2b: Zamazenta\n|-supereffective|p2b: Zamazenta\n|-damage|p2b: Zamazenta|52/100\n|move|p1a: Dragonite|Breaking Swipe|p2a: Calyrex|[spread] p2a,p2b\n|-resisted|p2b: Zamazenta\n|-crit|p2b: Zamazenta\n|-damage|p2a: Calyrex|0 fnt\n|-damage|p2b: Zamazenta|38/100\n|-unboost|p2b: Zamazenta|atk|1\n|faint|p2a: Calyrex\n|move|p2b: Zamazenta|Behemoth Bash|p1b: Chien-Pao\n|-supereffective|p1b: Chien-Pao\n|-damage|p1b: Chien-Pao|23/100\n|\n|-sideend|p1: Professor_J93|move: Tailwind\n|upkeep\n|\n|t:|1745959680\n|switch|p2a: Chien-Pao|Chien-Pao, L50|4/100\n|-ability|p2a: Chien-Pao|Sword of Ruin\n|turn|6\n|\n|t:|1745959697\n|move|p1a: Dragonite|Extreme Speed|p2a: Chien-Pao\n|-damage|p2a: Chien-Pao|0 fnt\n|faint|p2a: Chien-Pao\n|move|p1b: Chien-Pao|Sacred Sword|p2b: Zamazenta\n|-supereffective|p2b: Zamazenta\n|-damage|p2b: Zamazenta|0 fnt\n|faint|p2b: Zamazenta\n|\n|win|Professor_J93\n", "uploadtime": 1745959700, "views": 22, "formatid": "gen9vgc2025regibo3", "rating": null, "private": 0, "password": null}