{"id": "gen9vgc2025regibo3-2354558826", "format": "[Gen 9] VGC 2025 Reg I (Bo3)", "players": ["MidoMidori", "mincarretta"], "log": "|j|\u2606MidoMidori\n|j|\u2606mincarretta\n|html|<table width=\"100%\"><tr><td align=\"left\">MidoMidori</td><td align=\"right\">mincarretta</tr><tr><td align=\"left\"><i class=\"fa fa-circle-o\"></i> <i class=\"fa fa-circle-o\"></i> </td><td align=\"right\"><i class=\"fa fa-circle-o\"></i> <i class=\"fa fa-circle-o\"></i> </tr></table>\n|uhtml|bestof|<h2><strong>Game 1</strong> of <a href=\"/game-bestof3-gen9vgc2025regibo3-2354558825\">a best-of-3</a></h2>\n|t:|1746094259\n|gametype|doubles\n|player|p1|MidoMidori|roxanne-gen6|1113\n|player|p2|mincarretta|1|1000\n|teamsize|p1|6\n|teamsize|p2|6\n|gen|9\n|tier|[Gen 9] VGC 2025 Reg I (Bo3)\n|rated|\n|rule|Species Clause: Limit one of each Pok\u00e9mon\n|rule|Item Clause: Limit 1 of each item\n|clearpoke\n|poke|p1|Koraidon, L50|\n|poke|p1|Ho-Oh, L50|\n|poke|p1|Flutter Mane, L50|\n|poke|p1|Incineroar, L50, M|\n|poke|p1|Raging Bolt, L50|\n|poke|p1|Iron Treads, L50|\n|poke|p2|Grimmsnarl, L50, M|\n|poke|p2|Calyrex-Shadow, L50|\n|poke|p2|Urshifu-*, L50, M|\n|poke|p2|Indeedee-F, L50, F|\n|poke|p2|Lunala, L50|\n|poke|p2|Torkoal, L50, F|\n|teampreview|4\n|showteam|p1|Koraidon||LoadedDice|OrichalcumPulse|ScaleShot,FlareBlitz,CollisionCourse,Protect||||||50|,,,,,Fire]Ho-Oh||ClearAmulet|Regenerator|SacredFire,BraveBird,Tailwind,Protect||||||50|,,,,,Grass]Flutter Mane||FocusSash|Protosynthesis|Moonblast,IcyWind,ShadowBall,Protect||||||50|,,,,,Normal]Incineroar||SafetyGoggles|Intimidate|FakeOut,FlareBlitz,KnockOff,PartingShot|||M|||50|,,,,,Water]Raging Bolt||AssaultVest|Protosynthesis|Thunderclap,VoltSwitch,DracoMeteor,Thunderbolt||||||50|,,,,,Electric]Iron Treads||LifeOrb|QuarkDrive|HighHorsepower,IronHead,SteelRoller,Protect||||||50|,,,,,Stellar\n|showteam|p2|Grimmsnarl||CovertCloak|Prankster|FakeTears,ThunderWave,PartingShot,FoulPlay|||M|||50|,,,,,Steel]Calyrex-Shadow||LifeOrb|AsOneSpectrier|AstralBarrage,DrainingKiss,Protect,ExpandingForce||||||50|,,,,,Normal]Urshifu-Rapid-Strike||FocusSash|UnseenFist|Detect,SurgingStrikes,AquaJet,CloseCombat|||M|||50|,,,,,Water]Indeedee-F||RockyHelmet|PsychicSurge|TrickRoom,ShadowBall,HelpingHand,FollowMe|||F|||50|,,,,,Psychic]Lunala||PsychicSeed|ShadowShield|ExpandingForce,TrickRoom,MoongeistBeam,WideGuard||||||50|,,,,,Fairy]Torkoal||Charcoal|Drought|Eruption,WeatherBall,EarthPower,Protect|||F|||50|,,,,,Fire\n|inactive|Battle timer is ON: inactive players will automatically lose when time's up. (requested by mincarretta)\n|inactive|MidoMidori has 60 seconds left.\n|\n|t:|1746094307\n|start\n|switch|p1a: Koraidon|Koraidon, L50|100/100\n|switch|p1b: Flutter Mane|Flutter Mane, L50|100/100\n|switch|p2a: Indeedee|Indeedee-F, L50, F|100/100\n|switch|p2b: Lunala|Lunala, L50|100/100\n|-weather|SunnyDay|[from] ability: Orichalcum Pulse|[of] p1a: Koraidon\n|-activate|p1b: Flutter Mane|ability: Protosynthesis\n|-start|p1b: Flutter Mane|protosynthesisspe\n|-activate|p1a: Koraidon|Orichalcum Pulse|[source]\n|-fieldstart|move: Psychic Terrain|[from] ability: Psychic Surge|[of] p2a: Indeedee\n|-enditem|p2b: Lunala|Psychic Seed\n|-boost|p2b: Lunala|spd|1|[from] item: Psychic Seed\n|turn|1\n|\n|t:|1746094329\n|-end|p1b: Flutter Mane|Protosynthesis|[silent]\n|switch|p1b: Incineroar|Incineroar, L50, M|100/100\n|-ability|p1b: Incineroar|Intimidate|boost\n|-unboost|p2a: Indeedee|atk|1\n|-unboost|p2b: Lunala|atk|1\n|-terastallize|p1a: Koraidon|Fire\n|move|p2a: Indeedee|Follow Me|p2a: Indeedee\n|-singleturn|p2a: Indeedee|move: Follow Me\n|move|p1a: Koraidon|Flare Blitz|p2a: Indeedee\n|-damage|p2a: Indeedee|0 fnt\n|-damage|p1a: Koraidon|84/100|[from] item: Rocky Helmet|[of] p2a: Indeedee\n|faint|p2a: Indeedee\n|-damage|p1a: Koraidon|53/100|[from] Recoil\n|move|p2b: Lunala|Trick Room|p2b: Lunala\n|-fieldstart|move: Trick Room|[of] p2b: Lunala\n|\n|-weather|SunnyDay|[upkeep]\n|upkeep\n|\n|t:|1746094351\n|switch|p2a: Torkoal|Torkoal, L50, F|100/100\n|turn|2\n|\n|t:|1746094368\n|-terastallize|p2a: Torkoal|Fire\n|move|p1a: Koraidon|Protect|p1a: Koraidon\n|-singleturn|p1a: Koraidon|Protect\n|move|p2a: Torkoal|Eruption|p1b: Incineroar|[spread] p1b\n|-activate|p1a: Koraidon|move: Protect\n|-resisted|p1b: Incineroar\n|-damage|p1b: Incineroar|49/100\n|move|p1b: Incineroar|Parting Shot|p2b: Lunala\n|-unboost|p2b: Lunala|atk|1\n|-unboost|p2b: Lunala|spa|1\n|\n|t:|1746094378\n|switch|p1b: Ho-Oh|Ho-Oh, L50|100/100|[from] Parting Shot\n|move|p2b: Lunala|Moongeist Beam|p1b: Ho-Oh\n|-damage|p1b: Ho-Oh|75/100\n|\n|-weather|SunnyDay|[upkeep]\n|upkeep\n|turn|3\n|\n|t:|1746094390\n|switch|p1a: Incineroar|Incineroar, L50, M|49/100\n|-ability|p1a: Incineroar|Intimidate|boost\n|-unboost|p2a: Torkoal|atk|1\n|-unboost|p2b: Lunala|atk|1\n|move|p2a: Torkoal|Eruption|p1b: Ho-Oh|[spread] p1a,p1b\n|-resisted|p1a: Incineroar\n|-resisted|p1b: Ho-Oh\n|-damage|p1a: Incineroar|2/100\n|-damage|p1b: Ho-Oh|42/100\n|move|p2b: Lunala|Expanding Force|p1b: Ho-Oh|[spread] p1b\n|-immune|p1a: Incineroar\n|-damage|p1b: Ho-Oh|13/100\n|move|p1b: Ho-Oh|Brave Bird|p2a: Torkoal\n|-damage|p2a: Torkoal|49/100\n|-damage|p1b: Ho-Oh|0 fnt|[from] Recoil\n|faint|p1b: Ho-Oh\n|\n|-weather|SunnyDay|[upkeep]\n|upkeep\n|\n|t:|1746094402\n|switch|p1b: Flutter Mane|Flutter Mane, L50|100/100\n|-activate|p1b: Flutter Mane|ability: Protosynthesis\n|-start|p1b: Flutter Mane|protosynthesisspe\n|turn|4\n|\n|t:|1746094422\n|switch|p1a: Koraidon|Koraidon, L50, tera:Fire|53/100\n|-activate|p1a: Koraidon|ability: Orichalcum Pulse\n|move|p2a: Torkoal|Eruption|p1a: Koraidon|[spread] p1a,p1b\n|-resisted|p1a: Koraidon\n|-damage|p1a: Koraidon|28/100\n|-damage|p1b: Flutter Mane|44/100\n|move|p2b: Lunala|Moongeist Beam|p1b: Flutter Mane\n|-supereffective|p1b: Flutter Mane\n|-damage|p1b: Flutter Mane|0 fnt\n|faint|p1b: Flutter Mane\n|-end|p1b: Flutter Mane|Protosynthesis|[silent]\n|\n|-weather|SunnyDay|[upkeep]\n|upkeep\n|\n|t:|1746094427\n|switch|p1b: Incineroar|Incineroar, L50, M|2/100\n|-ability|p1b: Incineroar|Intimidate|boost\n|-unboost|p2a: Torkoal|atk|1\n|-unboost|p2b: Lunala|atk|1\n|turn|5\n|-message|MidoMidori forfeited.\n|\n|win|mincarretta\n||MidoMidori is ready for game 2.\n||mincarretta is ready for game 2.\n|uhtml|next|Next: <a href=\"/battle-gen9vgc2025regibo3-2354559787\"><strong>Game 2 of 3</strong></a>\n|l|\u2606mincarretta\n|player|p2|\n", "uploadtime": 1746094953, "views": 13, "formatid": "gen9vgc2025regibo3", "rating": null, "private": 0, "password": null}