{"id": "gen9vgc2025regibo3-2355024434", "format": "[Gen 9] VGC 2025 Reg I (Bo3)", "players": ["adynan legal", "inXuman"], "log": "|j|\u2606adynan legal\n|j|\u2606inXuman\n|html|<table width=\"100%\"><tr><td align=\"left\">adynan legal</td><td align=\"right\">inXuman</tr><tr><td align=\"left\"><i class=\"fa fa-circle-o\"></i> <i class=\"fa fa-circle-o\"></i> </td><td align=\"right\"><i class=\"fa fa-circle-o\"></i> <i class=\"fa fa-circle-o\"></i> </tr></table>\n|uhtml|bestof|<h2><strong>Game 1</strong> of <a href=\"/game-bestof3-gen9vgc2025regibo3-2355024432\">a best-of-3</a></h2>\n|t:|1746143335\n|gametype|doubles\n|player|p1|adynan legal|dancer|1040\n|player|p2|inXuman|shadowtriad|1071\n|teamsize|p1|6\n|teamsize|p2|6\n|gen|9\n|tier|[Gen 9] VGC 2025 Reg I (Bo3)\n|rated|\n|rule|Species Clause: Limit one of each Pok\u00e9mon\n|rule|Item Clause: Limit 1 of each item\n|clearpoke\n|poke|p1|Calyrex-Ice, L50|\n|poke|p1|Miraidon, L50|\n|poke|p1|Iron Bundle, L50|\n|poke|p1|Iron Hands, L50|\n|poke|p1|Farigiraf, L50, M|\n|poke|p1|Ogerpon-Hearthflame, L50, F|\n|poke|p2|Miraidon, L50|\n|poke|p2|Calyrex-Ice, L50|\n|poke|p2|Ditto, L50|\n|poke|p2|Farigiraf, L50, M|\n|poke|p2|Volcarona, L50, M|\n|poke|p2|Iron Hands, L50|\n|teampreview|4\n|showteam|p1|Calyrex-Ice||ClearAmulet|AsOneGlastrier|GlacialLance,HighHorsepower,TrickRoom,Protect||||||50|,,,,,Fire]Miraidon||ChoiceSpecs|HadronEngine|ElectroDrift,VoltSwitch,DracoMeteor,DazzlingGleam||||||50|,,,,,Fairy]Iron Bundle||FocusSash|QuarkDrive|FreezeDry,IcyWind,Encore,Protect||||||50|,,,,,Ghost]Iron Hands||AssaultVest|QuarkDrive|FakeOut,DrainPunch,LowKick,HeavySlam||||||50|,,,,,Bug]Farigiraf||ElectricSeed|ArmorTail|PsychicNoise,FoulPlay,HelpingHand,TrickRoom|||M|||50|,,,,,Water]Ogerpon-Hearthflame||HearthflameMask|MoldBreaker|IvyCudgel,KnockOff,FollowMe,SpikyShield|||F|||50|,,,,,Fire\n|showteam|p2|Miraidon||ChoiceSpecs|HadronEngine|VoltSwitch,ElectroDrift,DracoMeteor,DazzlingGleam||||||50|,,,,,Fairy]Calyrex-Ice||ClearAmulet|AsOneGlastrier|GlacialLance,HighHorsepower,TrickRoom,Protect||||||50|,,,,,Fire]Ditto||FocusSash|Imposter|Transform||||||50|,,,,,Ghost]Farigiraf||ElectricSeed|ArmorTail|Psychic,TrickRoom,FoulPlay,HelpingHand|||M|||50|,,,,,Water]Volcarona||RockyHelmet|FlameBody|Tailwind,RagePowder,FieryDance,Protect|||M|||50|,,,,,Dragon]Iron Hands||AssaultVest|QuarkDrive|FakeOut,DrainPunch,LowKick,HeavySlam||||||50|,,,,,Water\n|inactive|Battle timer is ON: inactive players will automatically lose when time's up. (requested by adynan legal)\n|inactive|adynan legal has 60 seconds left.\n|inactive|inXuman has 60 seconds left.\n|\n|t:|1746143393\n|start\n|switch|p1a: Miraidon|Miraidon, L50|100/100\n|switch|p1b: Iron Bundle|Iron Bundle, L50|100/100\n|switch|p2a: Iron Hands|Iron Hands, L50|100/100\n|switch|p2b: Ditto|Ditto, L50, shiny|100/100\n|-fieldstart|move: Electric Terrain|[from] ability: Hadron Engine|[of] p1a: Miraidon\n|-activate|p1b: Iron Bundle|ability: Quark Drive\n|-start|p1b: Iron Bundle|quarkdrivespe\n|-activate|p2a: Iron Hands|ability: Quark Drive\n|-start|p2a: Iron Hands|quarkdriveatk\n|-transform|p2b: Ditto|p1a: Miraidon|[from] ability: Imposter\n|-activate|p2b: Ditto|ability: Hadron Engine\n|turn|1\n|inactive|inXuman has 30 seconds left.\n|inactive|inXuman has 20 seconds left.\n|\n|t:|1746143432\n|move|p2a: Iron Hands|Fake Out|p1a: Miraidon\n|-damage|p1a: Miraidon|85/100\n|move|p1b: Iron Bundle|Icy Wind|p2a: Iron Hands|[spread] p2a,p2b\n|-supereffective|p2b: Ditto\n|-damage|p2a: Iron Hands|89/100\n|-damage|p2b: Ditto|60/100\n|-unboost|p2a: Iron Hands|spe|1\n|-unboost|p2b: Ditto|spe|1\n|cant|p1a: Miraidon|flinch\n|move|p2b: Ditto|Dazzling Gleam|p1b: Iron Bundle|[spread] p1a,p1b\n|-supereffective|p1a: Miraidon\n|-damage|p1a: Miraidon|49/100\n|-damage|p1b: Iron Bundle|42/100\n|\n|upkeep\n|turn|2\n|inactive|adynan legal has 30 seconds left.\n|inactive|inXuman has 30 seconds left.\n|\n|t:|1746143466\n|switch|p2b: Volcarona|Volcarona, L50, M|100/100\n|-terastallize|p1a: Miraidon|Fairy\n|move|p1b: Iron Bundle|Encore|p2a: Iron Hands\n|-start|p2a: Iron Hands|Encore\n|move|p1a: Miraidon|Dazzling Gleam|p2a: Iron Hands|[spread] p2a,p2b\n|-supereffective|p2a: Iron Hands\n|-resisted|p2b: Volcarona\n|-crit|p2b: Volcarona\n|-damage|p2a: Iron Hands|21/100\n|-damage|p2b: Volcarona|61/100\n|move|p2a: Iron Hands|Fake Out||[still]\n|-hint|Fake Out only works on your first turn out.\n|-fail|p2a: Iron Hands\n|\n|upkeep\n|turn|3\n|\n|t:|1746143486\n|move|p2a: Iron Hands|Fake Out||[still]\n|-hint|Fake Out only works on your first turn out.\n|-fail|p2a: Iron Hands\n|move|p1b: Iron Bundle|Icy Wind|p2b: Volcarona|[spread] p2a,p2b\n|-resisted|p2b: Volcarona\n|-damage|p2a: Iron Hands|11/100\n|-damage|p2b: Volcarona|52/100\n|-unboost|p2a: Iron Hands|spe|1\n|-unboost|p2b: Volcarona|spe|1\n|move|p1a: Miraidon|Dazzling Gleam|p2b: Volcarona|[spread] p2a,p2b\n|-supereffective|p2a: Iron Hands\n|-resisted|p2b: Volcarona\n|-damage|p2a: Iron Hands|0 fnt\n|-damage|p2b: Volcarona|22/100\n|faint|p2a: Iron Hands\n|-end|p2a: Iron Hands|Quark Drive|[silent]\n|move|p2b: Volcarona|Tailwind|p2b: Volcarona\n|-sidestart|p2: inXuman|move: Tailwind\n|\n|upkeep\n|\n|t:|1746143493\n|switch|p2a: Miraidon|Miraidon, L50|100/100\n|-activate|p2a: Miraidon|ability: Hadron Engine\n|turn|4\n|inactive|inXuman has 30 seconds left.\n|inactive|inXuman has 20 seconds left.\n|\n|t:|1746143531\n|switch|p2b: Ditto|Ditto, L50, shiny|60/100\n|-transform|p2b: Ditto|p1a: Miraidon|[from] ability: Imposter\n|-activate|p2b: Ditto|ability: Hadron Engine\n|-terastallize|p2a: Miraidon|Fairy\n|move|p2a: Miraidon|Dazzling Gleam|p1a: Miraidon|[spread] p1a,p1b\n|-damage|p1a: Miraidon|4/100\n|-damage|p1b: Iron Bundle|0 fnt\n|faint|p1b: Iron Bundle\n|-end|p1b: Iron Bundle|Quark Drive|[silent]\n|move|p1a: Miraidon|Dazzling Gleam|p2b: Ditto|[spread] p2a,p2b\n|-supereffective|p2b: Ditto\n|-damage|p2a: Miraidon|48/100\n|-damage|p2b: Ditto|0 fnt\n|faint|p2b: Ditto\n|\n|upkeep\n|\n|t:|1746143549\n|switch|p1b: Iron Hands|Iron Hands, L50|100/100\n|switch|p2b: Volcarona|Volcarona, L50, M|22/100\n|-activate|p1b: Iron Hands|ability: Quark Drive\n|-start|p1b: Iron Hands|quarkdriveatk\n|turn|5\n|\n|t:|1746143561\n|switch|p1a: Farigiraf|Farigiraf, L50, M|100/100\n|-enditem|p1a: Farigiraf|Electric Seed\n|-boost|p1a: Farigiraf|def|1|[from] item: Electric Seed\n|move|p2a: Miraidon|Dazzling Gleam|p1b: Iron Hands|[spread] p1a,p1b\n|-supereffective|p1b: Iron Hands\n|-damage|p1a: Farigiraf|42/100\n|-damage|p1b: Iron Hands|40/100\n|move|p2b: Volcarona|Fiery Dance|p1a: Farigiraf\n|-damage|p1a: Farigiraf|10/100\n|move|p1b: Iron Hands|Heavy Slam|p2a: Miraidon\n|-supereffective|p2a: Miraidon\n|-damage|p2a: Miraidon|9/100\n|\n|-fieldend|move: Electric Terrain\n|-end|p1b: Iron Hands|Quark Drive\n|upkeep\n|turn|6\n|\n|t:|1746143580\n|move|p1a: Farigiraf|Helping Hand|p1b: Iron Hands\n|-singleturn|p1b: Iron Hands|Helping Hand|[of] p1a: Farigiraf\n|move|p2a: Miraidon|Dazzling Gleam|p1b: Iron Hands|[spread] p1a,p1b\n|-supereffective|p1b: Iron Hands\n|-damage|p1a: Farigiraf|0 fnt\n|-damage|p1b: Iron Hands|0 fnt\n|faint|p1a: Farigiraf\n|faint|p1b: Iron Hands\n|-end|p1b: Iron Hands|Quark Drive|[silent]\n|move|p2b: Volcarona|Fiery Dance|p1: Farigiraf|[notarget]\n|-fail|p2b: Volcarona\n|\n|-sideend|p2: inXuman|move: Tailwind\n|upkeep\n|\n|t:|1746143586\n|switch|p1b: Miraidon|Miraidon, L50, tera:Fairy|4/100\n|-fieldstart|move: Electric Terrain|[from] ability: Hadron Engine|[of] p1b: Miraidon\n|turn|7\n|\n|t:|1746143607\n|move|p2a: Miraidon|Dazzling Gleam|p1b: Miraidon\n|-damage|p1b: Miraidon|0 fnt\n|faint|p1b: Miraidon\n|\n|win|inXuman\n", "uploadtime": 1746143607, "views": 3, "formatid": "gen9vgc2025regibo3", "rating": null, "private": 0, "password": null}