{"id": "gen9vgc2025regibo3-2354372116", "format": "[Gen 9] VGC 2025 Reg I (Bo3)", "players": ["boogieboy653", "Fireball'n777"], "log": "|j|\u2606boogieboy653\n|j|\u2606Fireball'n777\n|html|<table width=\"100%\"><tr><td align=\"left\">boogieboy653</td><td align=\"right\">Fireball&apos;n777</tr><tr><td align=\"left\"><i class=\"fa fa-circle\"></i> <i class=\"fa fa-circle-o\"></i> </td><td align=\"right\"><i class=\"fa fa-circle-o\"></i> <i class=\"fa fa-circle-o\"></i> </tr></table>\n|uhtml|bestof|<h2><strong>Game 2</strong> of <a href=\"/game-bestof3-gen9vgc2025regibo3-2354370281\">a best-of-3</a></h2>\n|t:|1746063232\n|gametype|doubles\n|player|p1|boogieboy653|ghetsis|1060\n|player|p2|Fireball'n777|gentleman-gen4dp|1129\n|teamsize|p1|6\n|teamsize|p2|6\n|gen|9\n|tier|[Gen 9] VGC 2025 Reg I (Bo3)\n|rated|\n|rule|Species Clause: Limit one of each Pok\u00e9mon\n|rule|Item Clause: Limit 1 of each item\n|clearpoke\n|poke|p1|Groudon, L50|\n|poke|p1|Lunala, L50|\n|poke|p1|Smeargle, L50, M|\n|poke|p1|Gouging Fire, L50|\n|poke|p1|Ogerpon-Cornerstone, L50, F|\n|poke|p1|Raging Bolt, L50|\n|poke|p2|Calyrex-Ice, L50|\n|poke|p2|Koraidon, L50|\n|poke|p2|Flutter Mane, L50|\n|poke|p2|Raging Bolt, L50|\n|poke|p2|Rillaboom, L50, F|\n|poke|p2|Incineroar, L50, M|\n|teampreview|4\n|showteam|p1|Groudon||ClearAmulet|Drought|PrecipiceBlades,HeatCrash,BulkUp,Protect||||||50|,,,,,Fire]Lunala||PowerHerb|ShadowShield|TrickRoom,MoongeistBeam,MeteorBeam,ExpandingForce||||||50|,,,,,Water]Smeargle||FocusSash|Moody|SpikyShield,Decorate,FollowMe,FakeOut|||M|||50|,,,,,Ghost]Gouging Fire||BoosterEnergy|Protosynthesis|BurningBulwark,FlareBlitz,DragonClaw,MorningSun||||||50|,,,,,Dragon]Ogerpon-Cornerstone||CornerstoneMask|Sturdy|IvyCudgel,WoodHammer,FollowMe,SpikyShield|||F|||50|,,,,,Rock]Raging Bolt||AssaultVest|Protosynthesis|DracoMeteor,Discharge,Thunderclap,Snarl||||||50|,,,,,Fairy\n|showteam|p2|Calyrex-Ice||ClearAmulet|AsOneGlastrier|GlacialLance,HighHorsepower,TrickRoom,Protect||||||50|,,,,,Water]Koraidon||LifeOrb|OrichalcumPulse|FlareBlitz,ScaleShot,CollisionCourse,Protect||||||50|,,,,,Fire]Flutter Mane||FocusSash|Protosynthesis|Moonblast,IcyWind,Taunt,Protect||||||50|,,,,,Normal]Raging Bolt||AssaultVest|Protosynthesis|Thunder,DracoMeteor,Thunderclap,Snarl||||||50|,,,,,Fairy]Rillaboom||MiracleSeed|GrassySurge|GrassyGlide,WoodHammer,FakeOut,Uturn|||F|||50|,,,,,Grass]Incineroar||SafetyGoggles|Intimidate|FlareBlitz,KnockOff,PartingShot,FakeOut|||M|||50|,,,,,Fairy\n|inactive|Battle timer is ON: inactive players will automatically lose when time's up. (requested by boogieboy653)\n|inactive|boogieboy653 has 60 seconds left.\n|\n|t:|1746063279\n|start\n|switch|p1a: Gouging Fire|Gouging Fire, L50|100/100\n|switch|p1b: Smeargle|Smeargle, L50, M, shiny|100/100\n|switch|p2a: Flutter Mane|Flutter Mane, L50|100/100\n|switch|p2b: Incineroar|Incineroar, L50, M|100/100\n|-ability|p2b: Incineroar|Intimidate|boost\n|-unboost|p1a: Gouging Fire|atk|1\n|-unboost|p1b: Smeargle|atk|1\n|-enditem|p1a: Gouging Fire|Booster Energy\n|-activate|p1a: Gouging Fire|ability: Protosynthesis|[fromitem]\n|-start|p1a: Gouging Fire|protosynthesisspe\n|turn|1\n|\n|t:|1746063298\n|-terastallize|p1b: Smeargle|Ghost\n|move|p1a: Gouging Fire|Burning Bulwark|p1a: Gouging Fire\n|-singleturn|p1a: Gouging Fire|move: Protect\n|move|p2b: Incineroar|Fake Out|p1a: Gouging Fire\n|-activate|p1a: Gouging Fire|move: Protect\n|move|p2a: Flutter Mane|Taunt|p1b: Smeargle\n|-start|p1b: Smeargle|move: Taunt\n|cant|p1b: Smeargle|move: Taunt|Decorate\n|\n|-ability|p1b: Smeargle|Moody|boost\n|-boost|p1b: Smeargle|spd|2\n|-unboost|p1b: Smeargle|atk|1\n|upkeep\n|turn|2\n|inactive|Fireball'n777 has 30 seconds left.\n|\n|t:|1746063327\n|-end|p1a: Gouging Fire|Protosynthesis|[silent]\n|switch|p1a: Groudon|Groudon, L50|100/100\n|-weather|SunnyDay|[from] ability: Drought|[of] p1a: Groudon\n|-activate|p2a: Flutter Mane|ability: Protosynthesis\n|-start|p2a: Flutter Mane|protosynthesisspe\n|switch|p1b: Lunala|Lunala, L50, shiny|100/100\n|move|p2a: Flutter Mane|Icy Wind|p1b: Lunala|[spread] p1a,p1b\n|-supereffective|p1a: Groudon\n|-damage|p1a: Groudon|76/100\n|-damage|p1b: Lunala|96/100\n|-unboost|p1b: Lunala|spe|1\n|move|p2b: Incineroar|Parting Shot|p1a: Groudon\n|-fail|p1a: Groudon|unboost|[from] item: Clear Amulet|[of] p1a: Groudon\n|\n|-weather|SunnyDay|[upkeep]\n|upkeep\n|turn|3\n|inactive|Fireball'n777 has 30 seconds left.\n|\n|t:|1746063357\n|-terastallize|p2b: Incineroar|Fairy\n|move|p2a: Flutter Mane|Moonblast|p1a: Groudon\n|-damage|p1a: Groudon|33/100\n|move|p1a: Groudon|Heat Crash|p2a: Flutter Mane\n|-enditem|p2a: Flutter Mane|Focus Sash\n|-damage|p2a: Flutter Mane|1/100\n|move|p2b: Incineroar|Knock Off|p1b: Lunala\n|-supereffective|p1b: Lunala\n|-damage|p1b: Lunala|0 fnt\n|-enditem|p1b: Lunala|Power Herb|[from] move: Knock Off|[of] p2b: Incineroar\n|faint|p1b: Lunala\n|\n|-weather|SunnyDay|[upkeep]\n|upkeep\n|\n|t:|1746063368\n|switch|p1b: Gouging Fire|Gouging Fire, L50|100/100\n|-activate|p1b: Gouging Fire|ability: Protosynthesis\n|-start|p1b: Gouging Fire|protosynthesisspe\n|turn|4\n|\n|t:|1746063384\n|move|p2a: Flutter Mane|Protect|p2a: Flutter Mane\n|-singleturn|p2a: Flutter Mane|Protect\n|move|p1b: Gouging Fire|Flare Blitz|p2b: Incineroar\n|-damage|p2b: Incineroar|26/100\n|-damage|p1b: Gouging Fire|73/100|[from] Recoil\n|move|p1a: Groudon|Precipice Blades|p2a: Flutter Mane|[spread] p2b\n|-activate|p2a: Flutter Mane|move: Protect\n|-damage|p2b: Incineroar|0 fnt\n|faint|p2b: Incineroar\n|\n|-weather|SunnyDay|[upkeep]\n|upkeep\n|\n|t:|1746063393\n|switch|p2b: Koraidon|Koraidon, L50|100/100\n|-activate|p2b: Koraidon|ability: Orichalcum Pulse\n|turn|5\n|\n|t:|1746063407\n|move|p2b: Koraidon|Protect|p2b: Koraidon\n|-singleturn|p2b: Koraidon|Protect\n|move|p2a: Flutter Mane|Icy Wind|p1b: Gouging Fire|[spread] p1a,p1b\n|-supereffective|p1a: Groudon\n|-crit|p1a: Groudon\n|-damage|p1a: Groudon|0 fnt\n|-damage|p1b: Gouging Fire|59/100\n|-unboost|p1b: Gouging Fire|spe|1\n|faint|p1a: Groudon\n|move|p1b: Gouging Fire|Dragon Claw|p2b: Koraidon\n|-activate|p2b: Koraidon|move: Protect\n|\n|-weather|SunnyDay|[upkeep]\n|upkeep\n|\n|t:|1746063412\n|switch|p1a: Smeargle|Smeargle, L50, M, shiny, tera:Ghost|100/100\n|turn|6\n|\n|t:|1746063432\n|-end|p2a: Flutter Mane|Protosynthesis|[silent]\n|switch|p2a: Calyrex|Calyrex-Ice, L50|100/100\n|-ability|p2a: Calyrex|As One\n|-ability|p2a: Calyrex|Unnerve\n|move|p1a: Smeargle|Spiky Shield|p1a: Smeargle\n|-singleturn|p1a: Smeargle|move: Protect\n|move|p2b: Koraidon|Scale Shot|p1b: Gouging Fire\n|-supereffective|p1b: Gouging Fire\n|-damage|p1b: Gouging Fire|23/100\n|-supereffective|p1b: Gouging Fire\n|-damage|p1b: Gouging Fire|0 fnt\n|faint|p1b: Gouging Fire\n|-end|p1b: Gouging Fire|Protosynthesis|[silent]\n|-hitcount|p1: Gouging Fire|2\n|-unboost|p2b: Koraidon|def|1\n|-boost|p2b: Koraidon|spe|1\n|-damage|p2b: Koraidon|91/100|[from] item: Life Orb\n|\n|-weather|none\n|-ability|p1a: Smeargle|Moody|boost\n|-boost|p1a: Smeargle|spd|2\n|-unboost|p1a: Smeargle|spe|1\n|upkeep\n|turn|7\n|-message|boogieboy653 forfeited.\n|\n|win|Fireball'n777\n|l|\u2606boogieboy653\n|player|p1|\n", "uploadtime": 1746063440, "views": 14, "formatid": "gen9vgc2025regibo3", "rating": null, "private": 0, "password": null}