{"id": "gen9vgc2025regibo3-2354476478", "format": "[Gen 9] VGC 2025 Reg I (Bo3)", "players": ["ExessVGC", "Taste the raynbow"], "log": "|j|\u2606ExessVGC\n|j|\u2606Taste the raynbow\n|html|<table width=\"100%\"><tr><td align=\"left\">ExessVGC</td><td align=\"right\">Taste the raynbow</tr><tr><td align=\"left\"><i class=\"fa fa-circle-o\"></i> <i class=\"fa fa-circle-o\"></i> </td><td align=\"right\"><i class=\"fa fa-circle-o\"></i> <i class=\"fa fa-circle-o\"></i> </tr></table>\n|uhtml|bestof|<h2><strong>Game 1</strong> of <a href=\"/game-bestof3-gen9vgc2025regibo3-2354476477\">a best-of-3</a></h2>\n|t:|1746077886\n|gametype|doubles\n|player|p1|ExessVGC|169|1206\n|player|p2|Taste the raynbow|clerkf|1255\n|teamsize|p1|6\n|teamsize|p2|6\n|gen|9\n|tier|[Gen 9] VGC 2025 Reg I (Bo3)\n|rated|\n|rule|Species Clause: Limit one of each Pok\u00e9mon\n|rule|Item Clause: Limit 1 of each item\n|clearpoke\n|poke|p1|Necrozma-Dawn-Wings, L50|\n|poke|p1|Tyranitar, L50, F|\n|poke|p1|Calyrex-Ice, L50|\n|poke|p1|Indeedee-F, L50, F|\n|poke|p1|Excadrill, L50, F|\n|poke|p1|Cresselia, L50, F|\n|poke|p2|Zamazenta-*, L50|\n|poke|p2|Lunala, L50|\n|poke|p2|Urshifu-*, L50, M|\n|poke|p2|Incineroar, L50, F|\n|poke|p2|Tornadus, L50, M|\n|poke|p2|Ogerpon, L50, F|\n|teampreview|4\n|showteam|p1|Necrozma-Dawn-Wings||PsychicSeed|PrismArmor|TrickRoom,PowerGem,ExpandingForce,MoongeistBeam||||||50|,,,,,Rock]Tyranitar||IronBall|SandStream|Protect,Fling,RockSlide,KnockOff|||F|||50|,,,,,Dark]Calyrex-Ice||ClearAmulet|AsOneGlastrier|Protect,TrickRoom,GlacialLance,HighHorsepower||||||50|,,,,,Water]Indeedee-F||SafetyGoggles|PsychicSurge|HelpingHand,TrickRoom,FollowMe,DazzlingGleam|||F|||50|,,,,,Fairy]Excadrill||AssaultVest|SandForce|IronHead,HighHorsepower,Earthquake,RockSlide|||F|||50|,,,,,Water]Cresselia||MentalHerb|Levitate|TrickRoom,HelpingHand,LunarBlessing,Moonblast|||F|||50|,,,,,Dark\n|showteam|p2|Zamazenta-Crowned||RustedShield|DauntlessShield|BodyPress,WideGuard,Protect,HeavySlam||||||50|,,,,,Ghost]Lunala||PowerHerb|ShadowShield|TrickRoom,MoongeistBeam,MeteorBeam,WideGuard||||||50|,,,,,Fairy]Urshifu-Rapid-Strike||FocusSash|UnseenFist|SurgingStrikes,CloseCombat,AquaJet,Detect|||M|||50|,,,,,Water]Incineroar||SafetyGoggles|Intimidate|FakeOut,Uturn,HelpingHand,KnockOff|||F|||50|,,,,,Bug]Tornadus||RockyHelmet|Prankster|BleakwindStorm,Tailwind,Protect,RainDance|||M|||50|,,,,,Dark]Ogerpon||LoadedDice|Defiant|BulletSeed,Taunt,FollowMe,SpikyShield|||F|||50|,,,,,Grass\n|inactive|Battle timer is ON: inactive players will automatically lose when time's up. (requested by ExessVGC)\n|\n|t:|1746077952\n|start\n|switch|p1a: Calyrex|Calyrex-Ice, L50|100/100\n|switch|p1b: Indeedee|Indeedee-F, L50, F|100/100\n|switch|p2a: Lunala|Lunala, L50|100/100\n|switch|p2b: Incineroar|Incineroar, L50, F|100/100\n|-ability|p1a: Calyrex|As One\n|-ability|p1a: Calyrex|Unnerve\n|-fieldstart|move: Psychic Terrain|[from] ability: Psychic Surge|[of] p1b: Indeedee\n|-ability|p2b: Incineroar|Intimidate|boost\n|-fail|p1a: Calyrex|unboost|[from] item: Clear Amulet|[of] p1a: Calyrex\n|-unboost|p1b: Indeedee|atk|1\n|turn|1\n|inactive|ExessVGC has 30 seconds left.\n|inactive|Taste the raynbow has 30 seconds left.\n|inactive|ExessVGC has 20 seconds left.\n|inactive|ExessVGC has 15 seconds left.\n|inactive|ExessVGC has 10 seconds left.\n|\n|t:|1746078001\n|move|p1b: Indeedee|Follow Me|p1b: Indeedee\n|-singleturn|p1b: Indeedee|move: Follow Me\n|move|p2a: Lunala|Meteor Beam||[still]\n|-prepare|p2a: Lunala|Meteor Beam\n|-boost|p2a: Lunala|spa|1\n|-enditem|p2a: Lunala|Power Herb\n|-anim|p2a: Lunala|Meteor Beam|p1b: Indeedee\n|-damage|p1b: Indeedee|30/100\n|move|p2b: Incineroar|Knock Off|p1b: Indeedee\n|-supereffective|p1b: Indeedee\n|-damage|p1b: Indeedee|0 fnt\n|-enditem|p1b: Indeedee|Safety Goggles|[from] move: Knock Off|[of] p2b: Incineroar\n|faint|p1b: Indeedee\n|move|p1a: Calyrex|Trick Room|p1a: Calyrex\n|-fieldstart|move: Trick Room|[of] p1a: Calyrex\n|\n|upkeep\n|\n|t:|1746078013\n|switch|p1b: Necrozma|Necrozma-Dawn-Wings, L50|100/100\n|-enditem|p1b: Necrozma|Psychic Seed\n|-boost|p1b: Necrozma|spd|1|[from] item: Psychic Seed\n|turn|2\n|inactive|ExessVGC has 30 seconds left.\n|inactive|Taste the raynbow has 30 seconds left.\n|\n|t:|1746078041\n|switch|p1a: Tyranitar|Tyranitar, L50, F|100/100\n|-weather|Sandstorm|[from] ability: Sand Stream|[of] p1a: Tyranitar\n|-terastallize|p1b: Necrozma|Rock\n|-terastallize|p2a: Lunala|Fairy\n|move|p2b: Incineroar|Knock Off|p1a: Tyranitar\n|-resisted|p1a: Tyranitar\n|-damage|p1a: Tyranitar|86/100\n|-enditem|p1a: Tyranitar|Iron Ball|[from] move: Knock Off|[of] p2b: Incineroar\n|move|p1b: Necrozma|Power Gem|p2b: Incineroar\n|-supereffective|p2b: Incineroar\n|-damage|p2b: Incineroar|11/100\n|move|p2a: Lunala|Moongeist Beam|p1a: Tyranitar\n|-resisted|p1a: Tyranitar\n|-damage|p1a: Tyranitar|59/100\n|\n|-weather|Sandstorm|[upkeep]\n|-damage|p2a: Lunala|95/100|[from] Sandstorm\n|upkeep\n|turn|3\n|inactive|ExessVGC has 30 seconds left.\n|inactive|Taste the raynbow has 30 seconds left.\n|inactive|Taste the raynbow has 20 seconds left.\n|\n|t:|1746078081\n|switch|p2b: Zamazenta|Zamazenta-Crowned, L50|100/100\n|-ability|p2b: Zamazenta|Dauntless Shield|boost\n|-boost|p2b: Zamazenta|def|1\n|move|p1a: Tyranitar|Rock Slide|p2a: Lunala|[spread] p2a,p2b\n|-resisted|p2b: Zamazenta\n|-damage|p2a: Lunala|68/100\n|-damage|p2b: Zamazenta|98/100\n|move|p1b: Necrozma|Moongeist Beam|p2a: Lunala\n|-damage|p2a: Lunala|25/100\n|move|p2a: Lunala|Moongeist Beam|p1b: Necrozma\n|-damage|p1b: Necrozma|72/100\n|\n|-weather|Sandstorm|[upkeep]\n|-damage|p2a: Lunala|19/100|[from] Sandstorm\n|upkeep\n|turn|4\n|inactive|ExessVGC has 30 seconds left.\n|inactive|Taste the raynbow has 30 seconds left.\n|inactive|Taste the raynbow has 20 seconds left.\n|\n|t:|1746078116\n|move|p2a: Lunala|Wide Guard|p2a: Lunala\n|-singleturn|p2a: Lunala|Wide Guard\n|move|p1a: Tyranitar|Rock Slide|p2a: Lunala|[spread] \n|-activate|p2a: Lunala|move: Wide Guard\n|-activate|p2b: Zamazenta|move: Wide Guard\n|move|p1b: Necrozma|Moongeist Beam|p2b: Zamazenta\n|-damage|p2b: Zamazenta|49/100\n|move|p2b: Zamazenta|Body Press|p1b: Necrozma\n|-supereffective|p1b: Necrozma\n|-damage|p1b: Necrozma|0 fnt\n|faint|p1b: Necrozma\n|\n|-weather|Sandstorm|[upkeep]\n|-damage|p2a: Lunala|13/100|[from] Sandstorm\n|upkeep\n|\n|t:|1746078120\n|switch|p1b: Calyrex|Calyrex-Ice, L50|100/100\n|-ability|p1b: Calyrex|As One\n|-ability|p1b: Calyrex|Unnerve\n|turn|5\n|inactive|Taste the raynbow has 30 seconds left.\n|\n|t:|1746078145\n|switch|p2a: Incineroar|Incineroar, L50, F|11/100\n|-ability|p2a: Incineroar|Intimidate|boost\n|-unboost|p1a: Tyranitar|atk|1\n|-fail|p1b: Calyrex|unboost|[from] item: Clear Amulet|[of] p1b: Calyrex\n|move|p2b: Zamazenta|Protect|p2b: Zamazenta\n|-singleturn|p2b: Zamazenta|Protect\n|move|p1b: Calyrex|High Horsepower|p2b: Zamazenta\n|-activate|p2b: Zamazenta|move: Protect\n|move|p1a: Tyranitar|Knock Off|p2a: Incineroar\n|-resisted|p2a: Incineroar\n|-damage|p2a: Incineroar|0 fnt\n|-enditem|p2a: Incineroar|Safety Goggles|[from] move: Knock Off|[of] p1a: Tyranitar\n|faint|p2a: Incineroar\n|\n|-weather|Sandstorm|[upkeep]\n|-damage|p1b: Calyrex|95/100|[from] Sandstorm\n|-fieldend|move: Trick Room\n|-fieldend|move: Psychic Terrain\n|upkeep\n|\n|t:|1746078161\n|switch|p2a: Lunala|Lunala, L50, tera:Fairy|13/100\n|turn|6\n|\n|t:|1746078173\n|move|p1a: Tyranitar|Protect|p1a: Tyranitar\n|-singleturn|p1a: Tyranitar|Protect\n|move|p2b: Zamazenta|Body Press|p1b: Calyrex\n|-damage|p1b: Calyrex|54/100\n|move|p2a: Lunala|Moongeist Beam|p1b: Calyrex\n|-supereffective|p1b: Calyrex\n|-damage|p1b: Calyrex|0 fnt\n|faint|p1b: Calyrex\n|\n|-weather|none\n|upkeep\n|turn|7\n|-message|ExessVGC forfeited.\n|\n|win|Taste the raynbow\n|l|\u2606ExessVGC\n|player|p1|\n||Taste the raynbow is ready for game 2.\n||ExessVGC is ready for game 2.\n|uhtml|next|Next: <a href=\"/battle-gen9vgc2025regibo3-2354478108\"><strong>Game 2 of 3</strong></a>\n", "uploadtime": 1746078566, "views": 8, "formatid": "gen9vgc2025regibo3", "rating": null, "private": 0, "password": null}