{"id": "gen9vgc2025regibo3-2353742862", "format": "[Gen 9] VGC 2025 Reg I (Bo3)", "players": ["alteraltaltaccount", "spongebob601"], "log": "|j|\u203dalteraltaltaccount\n|j|\u2606spongebob601\n|html|<table width=\"100%\"><tr><td align=\"left\">alteraltaltaccount</td><td align=\"right\">spongebob601</tr><tr><td align=\"left\"><i class=\"fa fa-circle-o\"></i> <i class=\"fa fa-circle-o\"></i> </td><td align=\"right\"><i class=\"fa fa-circle-o\"></i> <i class=\"fa fa-circle-o\"></i> </tr></table>\n|uhtml|bestof|<h2><strong>Game 1</strong> of <a href=\"/game-bestof3-gen9vgc2025regibo3-2353742860\">a best-of-3</a></h2>\n|t:|1745992239\n|gametype|doubles\n|player|p1|alteraltaltaccount|lucas|1127\n|player|p2|spongebob601|265|1153\n|teamsize|p1|6\n|teamsize|p2|6\n|gen|9\n|tier|[Gen 9] VGC 2025 Reg I (Bo3)\n|rated|\n|rule|Species Clause: Limit one of each Pok\u00e9mon\n|rule|Item Clause: Limit 1 of each item\n|clearpoke\n|poke|p1|Entei, L50|\n|poke|p1|Miraidon, L50|\n|poke|p1|Urshifu-*, L50, F|\n|poke|p1|Rayquaza, L50|\n|poke|p1|Whimsicott, L50, F|\n|poke|p1|Farigiraf, L50, M|\n|poke|p2|Calyrex-Shadow, L50|\n|poke|p2|Zamazenta-*, L50|\n|poke|p2|Incineroar, L50, M|\n|poke|p2|Raging Bolt, L50|\n|poke|p2|Rillaboom, L50, F|\n|poke|p2|Grimmsnarl, L50, M|\n|teampreview|4\n|showteam|p1|Entei||ChoiceBand|InnerFocus|SacredFire,TeraBlast,ExtremeSpeed,IronHead||||||50|,,,,,Grass]Miraidon||ChoiceSpecs|HadronEngine|ElectroDrift,VoltSwitch,Discharge,DragonPulse||||||50|,,,,,Electric]Urshifu-Rapid-Strike||FocusSash|UnseenFist|SurgingStrikes,CloseCombat,AquaJet,Detect|||F|||50|,,,,,Stellar]Rayquaza||ClearAmulet|AirLock|SwordsDance,DragonAscent,ExtremeSpeed,Protect||||||50|,,,,,Normal]Whimsicott||CovertCloak|Prankster|Moonblast,Encore,LightScreen,Tailwind|||F|||50|,,,,,Dark]Farigiraf||RockyHelmet|ArmorTail|TrickRoom,HelpingHand,FoulPlay,Protect|||M|||50|,,,,,Water\n|showteam|p2|Calyrex-Shadow||SitrusBerry|AsOneSpectrier|Snarl,AstralBarrage,Protect,Substitute||||||50|,,,,,Dragon]Zamazenta-Crowned||RustedShield|DauntlessShield|BodyPress,IronDefense,Snarl,WideGuard||||||50|,,,,,Dragon]Incineroar||AguavBerry|Intimidate|KnockOff,PartingShot,FakeOut,WillOWisp|||M|||50|,,,,,Dragon]Raging Bolt||Leftovers|Protosynthesis|Thunderclap,CalmMind,DragonPulse,Snarl||||||50|,,,,,Fairy]Rillaboom||AssaultVest|GrassySurge|Uturn,GrassyGlide,WoodHammer,FakeOut|||F|||50|,,,,,Fire]Grimmsnarl||LightClay|Prankster|LightScreen,Reflect,SpiritBreak,ThunderWave|||M|||50|,,,,,Ghost\n|\n|t:|1745992278\n|start\n|switch|p1a: Entei|Entei, L50|100/100\n|switch|p1b: Whimsicott|Whimsicott, L50, F|100/100\n|switch|p2a: Rillaboom|Rillaboom, L50, F|100/100\n|switch|p2b: Grimmsnarl|Grimmsnarl, L50, M|100/100\n|-fieldstart|move: Grassy Terrain|[from] ability: Grassy Surge|[of] p2a: Rillaboom\n|turn|1\n|\n|t:|1745992312\n|-terastallize|p2a: Rillaboom|Fire\n|move|p1b: Whimsicott|Tailwind|p1b: Whimsicott\n|-sidestart|p1: alteraltaltaccount|move: Tailwind\n|move|p2b: Grimmsnarl|Reflect|p2b: Grimmsnarl\n|-sidestart|p2: spongebob601|Reflect\n|move|p1a: Entei|Sacred Fire|p2a: Rillaboom\n|-resisted|p2a: Rillaboom\n|-damage|p2a: Rillaboom|81/100\n|move|p2a: Rillaboom|U-turn|p1b: Whimsicott\n|-damage|p1b: Whimsicott|73/100\n|\n|t:|1745992332\n|switch|p2a: Calyrex|Calyrex-Shadow, L50|100/100|[from] U-turn\n|-ability|p2a: Calyrex|As One\n|-ability|p2a: Calyrex|Unnerve\n|\n|-heal|p1b: Whimsicott|79/100|[from] Grassy Terrain\n|upkeep\n|turn|2\n|\n|t:|1745992355\n|move|p1b: Whimsicott|Light Screen|p1b: Whimsicott\n|-sidestart|p1: alteraltaltaccount|move: Light Screen\n|move|p2b: Grimmsnarl|Thunder Wave|p1a: Entei\n|-status|p1a: Entei|par\n|move|p2a: Calyrex|Astral Barrage|p1b: Whimsicott|[spread] p1a,p1b\n|-damage|p1a: Entei|66/100 par\n|-damage|p1b: Whimsicott|38/100\n|move|p1a: Entei|Sacred Fire|p2a: Calyrex\n|-damage|p2a: Calyrex|52/100\n|\n|-heal|p1b: Whimsicott|44/100|[from] Grassy Terrain\n|-heal|p2a: Calyrex|58/100|[from] Grassy Terrain\n|-heal|p1a: Entei|72/100 par|[from] Grassy Terrain\n|upkeep\n|turn|3\n|\n|t:|1745992378\n|-terastallize|p1b: Whimsicott|Dark\n|move|p2b: Grimmsnarl|Light Screen|p2b: Grimmsnarl\n|-sidestart|p2: spongebob601|move: Light Screen\n|move|p1b: Whimsicott|Moonblast|p2a: Calyrex\n|-damage|p2a: Calyrex|42/100\n|-unboost|p2a: Calyrex|spa|1\n|-enditem|p2a: Calyrex|Sitrus Berry|[eat]\n|-heal|p2a: Calyrex|66/100|[from] item: Sitrus Berry\n|move|p2a: Calyrex|Astral Barrage|p1a: Entei|[spread] p1a,p1b\n|-resisted|p1b: Whimsicott\n|-damage|p1a: Entei|47/100 par\n|-damage|p1b: Whimsicott|31/100\n|move|p1a: Entei|Sacred Fire|p2a: Calyrex\n|-damage|p2a: Calyrex|18/100\n|\n|-heal|p1b: Whimsicott|37/100|[from] Grassy Terrain\n|-heal|p2a: Calyrex|24/100|[from] Grassy Terrain\n|-heal|p1a: Entei|53/100 par|[from] Grassy Terrain\n|upkeep\n|turn|4\n|\n|t:|1745992416\n|move|p2a: Calyrex|Protect|p2a: Calyrex\n|-singleturn|p2a: Calyrex|Protect\n|move|p1b: Whimsicott|Moonblast|p2b: Grimmsnarl\n|-supereffective|p2b: Grimmsnarl\n|-damage|p2b: Grimmsnarl|69/100\n|-unboost|p2b: Grimmsnarl|spa|1\n|cant|p1a: Entei|par\n|move|p2b: Grimmsnarl|Spirit Break|p1b: Whimsicott\n|-supereffective|p1b: Whimsicott\n|-damage|p1b: Whimsicott|0 fnt\n|faint|p1b: Whimsicott\n|\n|-heal|p2a: Calyrex|30/100|[from] Grassy Terrain\n|-heal|p1a: Entei|59/100 par|[from] Grassy Terrain\n|-heal|p2b: Grimmsnarl|75/100|[from] Grassy Terrain\n|-sideend|p1: alteraltaltaccount|move: Tailwind\n|upkeep\n|\n|t:|1745992420\n|switch|p1b: Miraidon|Miraidon, L50|100/100\n|-fieldstart|move: Electric Terrain|[from] ability: Hadron Engine|[of] p1b: Miraidon\n|turn|5\n|\n|t:|1745992452\n|switch|p2a: Rillaboom|Rillaboom, L50, F, tera:Fire|81/100\n|-fieldstart|move: Grassy Terrain|[from] ability: Grassy Surge|[of] p2a: Rillaboom\n|move|p1b: Miraidon|Volt Switch|p2b: Grimmsnarl\n|-damage|p2b: Grimmsnarl|38/100\n|\n|t:|1745992458\n|switch|p1b: Rayquaza|Rayquaza, L50|100/100|[from] Volt Switch\n|-ability|p1b: Rayquaza|Air Lock\n|cant|p1a: Entei|par\n|move|p2b: Grimmsnarl|Spirit Break|p1b: Rayquaza\n|-supereffective|p1b: Rayquaza\n|-damage|p1b: Rayquaza|30/100\n|\n|-heal|p2a: Rillaboom|87/100|[from] Grassy Terrain\n|-heal|p1a: Entei|65/100 par|[from] Grassy Terrain\n|-heal|p2b: Grimmsnarl|44/100|[from] Grassy Terrain\n|upkeep\n|turn|6\n|\n|t:|1745992482\n|move|p1b: Rayquaza|Protect|p1b: Rayquaza\n|-singleturn|p1b: Rayquaza|Protect\n|move|p2b: Grimmsnarl|Thunder Wave|p1b: Rayquaza\n|-activate|p1b: Rayquaza|move: Protect\n|move|p2a: Rillaboom|U-turn|p1b: Rayquaza\n|-activate|p1b: Rayquaza|move: Protect\n|move|p1a: Entei|Sacred Fire|p2b: Grimmsnarl\n|-damage|p2b: Grimmsnarl|0 fnt\n|faint|p2b: Grimmsnarl\n|\n|-heal|p2a: Rillaboom|93/100|[from] Grassy Terrain\n|-heal|p1a: Entei|70/100 par|[from] Grassy Terrain\n|-sideend|p1: alteraltaltaccount|move: Light Screen\n|upkeep\n|\n|t:|1745992503\n|switch|p2b: Zamazenta|Zamazenta-Crowned, L50|100/100\n|-ability|p2b: Zamazenta|Dauntless Shield|boost\n|-boost|p2b: Zamazenta|def|1\n|turn|7\n|\n|t:|1745992518\n|move|p2a: Rillaboom|Grassy Glide|p1b: Rayquaza\n|-resisted|p1b: Rayquaza\n|-damage|p1b: Rayquaza|21/100\n|move|p1b: Rayquaza|Swords Dance|p1b: Rayquaza\n|-boost|p1b: Rayquaza|atk|2\n|move|p2b: Zamazenta|Iron Defense|p2b: Zamazenta\n|-boost|p2b: Zamazenta|def|2\n|move|p1a: Entei|Sacred Fire|p2b: Zamazenta\n|-supereffective|p2b: Zamazenta\n|-damage|p2b: Zamazenta|76/100\n|-status|p2b: Zamazenta|brn\n|\n|-heal|p2b: Zamazenta|82/100 brn|[from] Grassy Terrain\n|-heal|p2a: Rillaboom|99/100|[from] Grassy Terrain\n|-heal|p1a: Entei|76/100 par|[from] Grassy Terrain\n|-damage|p2b: Zamazenta|76/100 brn|[from] brn\n|upkeep\n|turn|8\n|\n|t:|1745992543\n|switch|p1a: Miraidon|Miraidon, L50|100/100\n|-fieldstart|move: Electric Terrain|[from] ability: Hadron Engine|[of] p1a: Miraidon\n|move|p1b: Rayquaza|Protect|p1b: Rayquaza\n|-singleturn|p1b: Rayquaza|Protect\n|move|p2b: Zamazenta|Body Press|p1b: Rayquaza\n|-activate|p1b: Rayquaza|move: Protect\n|move|p2a: Rillaboom|Grassy Glide|p1b: Rayquaza\n|-activate|p1b: Rayquaza|move: Protect\n|\n|-damage|p2b: Zamazenta|70/100 brn|[from] brn\n|-sideend|p2: spongebob601|Reflect\n|upkeep\n|turn|9\n|\n|t:|1745992580\n|move|p1a: Miraidon|Electro Drift|p2b: Zamazenta\n|-damage|p2b: Zamazenta|17/100 brn\n|move|p1b: Rayquaza|Dragon Ascent|p2a: Rillaboom\n|-damage|p2a: Rillaboom|0 fnt\n|-unboost|p1b: Rayquaza|def|1\n|-unboost|p1b: Rayquaza|spd|1\n|faint|p2a: Rillaboom\n|move|p2b: Zamazenta|Snarl|p1a: Miraidon|[spread] p1a,p1b\n|-damage|p1a: Miraidon|94/100\n|-damage|p1b: Rayquaza|7/100\n|-unboost|p1a: Miraidon|spa|1\n|\n|-damage|p2b: Zamazenta|11/100 brn|[from] brn\n|upkeep\n|\n|t:|1745992594\n|switch|p2a: Calyrex|Calyrex-Shadow, L50|30/100\n|-ability|p2a: Calyrex|As One\n|-ability|p2a: Calyrex|Unnerve\n|turn|10\n|\n|t:|1745992609\n|move|p1b: Rayquaza|Protect|p1b: Rayquaza\n|-singleturn|p1b: Rayquaza|Protect\n|move|p2a: Calyrex|Astral Barrage|p1b: Rayquaza|[spread] p1a\n|-activate|p1b: Rayquaza|move: Protect\n|-damage|p1a: Miraidon|49/100\n|move|p1a: Miraidon|Electro Drift|p2a: Calyrex\n|-damage|p2a: Calyrex|0 fnt\n|faint|p2a: Calyrex\n|move|p2b: Zamazenta|Body Press|p1a: Miraidon\n|-damage|p1a: Miraidon|0 fnt\n|faint|p1a: Miraidon\n|\n|-damage|p2b: Zamazenta|5/100 brn|[from] brn\n|-sideend|p2: spongebob601|move: Light Screen\n|upkeep\n|\n|t:|1745992619\n|switch|p1a: Entei|Entei, L50|76/100 par\n|turn|11\n|\n|t:|1745992633\n|move|p1b: Rayquaza|Dragon Ascent|p2b: Zamazenta\n|-damage|p2b: Zamazenta|0 fnt\n|-unboost|p1b: Rayquaza|def|1\n|-unboost|p1b: Rayquaza|spd|1\n|faint|p2b: Zamazenta\n|\n|win|alteraltaltaccount\n|l|\u203dalteraltaltaccount\n|player|p1|\n||spongebob601 is ready for game 2.\n||alteraltaltaccount is ready for game 2.\n|uhtml|next|Next: <a href=\"/battle-gen9vgc2025regibo3-2353745052\"><strong>Game 2 of 3</strong></a>\n", "uploadtime": 1745992977, "views": 6, "formatid": "gen9vgc2025regibo3", "rating": null, "private": 0, "password": null}