{"id": "gen9vgc2025regibo3-2354478282", "format": "[Gen 9] VGC 2025 Reg I (Bo3)", "players": ["kakarotto_san6969", "Jerm626"], "log": "|j|\u2606kakarotto_san6969\n|j|\u2606Jerm626\n|html|<table width=\"100%\"><tr><td align=\"left\">kakarotto_san6969</td><td align=\"right\">Jerm626</tr><tr><td align=\"left\"><i class=\"fa fa-circle-o\"></i> <i class=\"fa fa-circle-o\"></i> </td><td align=\"right\"><i class=\"fa fa-circle-o\"></i> <i class=\"fa fa-circle-o\"></i> </tr></table>\n|uhtml|bestof|<h2><strong>Game 1</strong> of <a href=\"/game-bestof3-gen9vgc2025regibo3-2354478281\">a best-of-3</a></h2>\n|t:|1746078222\n|gametype|doubles\n|player|p1|kakarotto_san6969|1|1052\n|player|p2|Jerm626|1|1155\n|teamsize|p1|6\n|teamsize|p2|6\n|gen|9\n|tier|[Gen 9] VGC 2025 Reg I (Bo3)\n|rated|\n|rule|Species Clause: Limit one of each Pok\u00e9mon\n|rule|Item Clause: Limit 1 of each item\n|clearpoke\n|poke|p1|Terapagos, L50, M|\n|poke|p1|Rillaboom, L50, F|\n|poke|p1|Urshifu-*, L50, F|\n|poke|p1|Sinistcha, L50|\n|poke|p1|Ho-Oh, L50|\n|poke|p1|Clefairy, L50, M|\n|poke|p2|Koraidon, L50|\n|poke|p2|Lunala, L50|\n|poke|p2|Indeedee-F, L50, F|\n|poke|p2|Ursaluna, L50, M|\n|poke|p2|Flutter Mane, L50|\n|poke|p2|Ogerpon-Cornerstone, L50, F|\n|teampreview|4\n|showteam|p1|Terapagos||Leftovers|TeraShift|TeraStarstorm,CalmMind,Substitute,Protect|||M|||50|,,,,,Stellar]Rillaboom||AssaultVest|GrassySurge|FakeOut,WoodHammer,Uturn,GrassyGlide|||F|||50|,,,,,Water]Urshifu-Rapid-Strike||FocusSash|UnseenFist|SurgingStrikes,CloseCombat,AquaJet,Detect|||F|||50|,,,,,Water]Sinistcha||QuickClaw|Hospitality|MatchaGotcha,Protect,StrengthSap,RagePowder||||||50|,,,,,Water]Ho-Oh||SitrusBerry|Regenerator|BraveBird,Tailwind,SacredFire,Protect||||||50|,,,,,Grass]Clefairy||Eviolite|FriendGuard|FollowMe,HelpingHand,Encore,AfterYou|||M|||50|,,,,,Ghost\n|showteam|p2|Koraidon||ClearAmulet|OrichalcumPulse|CloseCombat,FlameCharge,FlareBlitz,Protect||||||50|,,,,,Fire]Lunala||PowerHerb|ShadowShield|ExpandingForce,MeteorBeam,WideGuard,MoongeistBeam||||||50|,,,,,Water]Indeedee-F||RockyHelmet|PsychicSurge|TrickRoom,FollowMe,Psychic,HealPulse|||F|||50|,,,,,Water]Ursaluna||FlameOrb|Guts|Facade,HeadlongRush,Protect,Earthquake|||M|||50|,,,,,Ghost]Flutter Mane||FocusSash|Protosynthesis|IcyWind,Moonblast,Protect,Taunt||||||50|,,,,,Normal]Ogerpon-Cornerstone||CornerstoneMask|Sturdy|IvyCudgel,SpikyShield,FollowMe,PowerWhip|||F|||50|,,,,,Rock\n|inactive|Battle timer is ON: inactive players will automatically lose when time's up. (requested by Jerm626)\n|\n|t:|1746078257\n|start\n|switch|p1a: Urshifu|Urshifu-Rapid-Strike, L50, F|100/100\n|switch|p1b: Ho-Oh|Ho-Oh, L50, shiny|100/100\n|switch|p2a: Koraidon|Koraidon, L50|100/100\n|switch|p2b: Ogerpon|Ogerpon-Cornerstone, L50, F|100/100\n|-weather|SunnyDay|[from] ability: Orichalcum Pulse|[of] p2a: Koraidon\n|-activate|p2a: Koraidon|Orichalcum Pulse|[source]\n|turn|1\n|inactive|kakarotto_san6969 has 30 seconds left.\n|inactive|Jerm626 has 30 seconds left.\n|inactive|kakarotto_san6969 has 20 seconds left.\n|inactive|Jerm626 has 20 seconds left.\n|inactive|Jerm626 has 15 seconds left.\n|\n|t:|1746078301\n|switch|p2a: Indeedee|Indeedee-F, L50, F, shiny|100/100\n|-fieldstart|move: Psychic Terrain|[from] ability: Psychic Surge|[of] p2a: Indeedee\n|move|p1b: Ho-Oh|Protect|p1b: Ho-Oh\n|-singleturn|p1b: Ho-Oh|Protect\n|move|p2b: Ogerpon|Power Whip|p1a: Urshifu\n|-supereffective|p1a: Urshifu\n|-enditem|p1a: Urshifu|Focus Sash\n|-damage|p1a: Urshifu|1/100\n|move|p1a: Urshifu|Close Combat|p2b: Ogerpon\n|-supereffective|p2b: Ogerpon\n|-ability|p2b: Ogerpon|Sturdy\n|-damage|p2b: Ogerpon|1/100\n|-unboost|p1a: Urshifu|def|1\n|-unboost|p1a: Urshifu|spd|1\n|\n|-weather|SunnyDay|[upkeep]\n|upkeep\n|turn|2\n|inactive|kakarotto_san6969 has 30 seconds left.\n|\n|t:|1746078331\n|switch|p1a: Rillaboom|Rillaboom, L50, F, shiny|100/100\n|-fieldstart|move: Grassy Terrain|[from] ability: Grassy Surge|[of] p1a: Rillaboom\n|switch|p1b: Terapagos|Terapagos, L50, M|100/100\n|-activate|p1b: Terapagos|ability: Tera Shift\n|detailschange|p1b: Terapagos|Terapagos-Terastal, L50, M\n|-heal|p1b: Terapagos|100/100|[silent]\n|move|p2a: Indeedee|Follow Me|p2a: Indeedee\n|-singleturn|p2a: Indeedee|move: Follow Me\n|move|p2b: Ogerpon|Ivy Cudgel|p1b: Terapagos|[anim] Ivy Cudgel Rock\n|-activate|p1b: Terapagos|ability: Tera Shell\n|-resisted|p1b: Terapagos\n|-damage|p1b: Terapagos|75/100\n|\n|-weather|SunnyDay|[upkeep]\n|-heal|p2b: Ogerpon|7/100|[from] Grassy Terrain\n|-heal|p1b: Terapagos|81/100|[from] Grassy Terrain\n|-heal|p1b: Terapagos|87/100|[from] item: Leftovers\n|upkeep\n|turn|3\n|inactive|kakarotto_san6969 has 30 seconds left.\n|inactive|Jerm626 has 30 seconds left.\n|inactive|Jerm626 has 20 seconds left.\n|inactive|Jerm626 has 15 seconds left.\n|\n|t:|1746078375\n|switch|p2b: Koraidon|Koraidon, L50|100/100\n|-activate|p2b: Koraidon|ability: Orichalcum Pulse\n|switch|p2a: Lunala|Lunala, L50, shiny|100/100\n|move|p1a: Rillaboom|Grassy Glide|p2b: Koraidon\n|-resisted|p2b: Koraidon\n|-damage|p2b: Koraidon|83/100\n|move|p1b: Terapagos|Calm Mind|p1b: Terapagos\n|-boost|p1b: Terapagos|spa|1\n|-boost|p1b: Terapagos|spd|1\n|\n|-weather|SunnyDay|[upkeep]\n|-heal|p2b: Koraidon|89/100|[from] Grassy Terrain\n|-heal|p1b: Terapagos|92/100|[from] Grassy Terrain\n|-heal|p1b: Terapagos|98/100|[from] item: Leftovers\n|upkeep\n|turn|4\n|inactive|kakarotto_san6969 has 30 seconds left.\n|inactive|kakarotto_san6969 has 20 seconds left.\n|inactive|kakarotto_san6969 has 15 seconds left.\n|inactive|kakarotto_san6969 has 10 seconds left.\n|inactive|kakarotto_san6969 has 5 seconds left.\n|\n|t:|1746078430\n|switch|p1a: Urshifu|Urshifu-Rapid-Strike, L50, F|1/100\n|move|p1b: Terapagos|Protect|p1b: Terapagos\n|-singleturn|p1b: Terapagos|Protect\n|move|p2b: Koraidon|Close Combat|p1b: Terapagos\n|-activate|p1b: Terapagos|move: Protect\n|move|p2a: Lunala|Meteor Beam||[still]\n|-prepare|p2a: Lunala|Meteor Beam\n|-boost|p2a: Lunala|spa|1\n|-enditem|p2a: Lunala|Power Herb\n|-anim|p2a: Lunala|Meteor Beam|p1a: Urshifu\n|-resisted|p1a: Urshifu\n|-damage|p1a: Urshifu|0 fnt\n|faint|p1a: Urshifu\n|\n|-weather|SunnyDay|[upkeep]\n|-heal|p2b: Koraidon|95/100|[from] Grassy Terrain\n|-heal|p1b: Terapagos|100/100|[from] Grassy Terrain\n|upkeep\n|\n|t:|1746078450\n|switch|p1a: Ho-Oh|Ho-Oh, L50, shiny|100/100\n|turn|5\n|\n|t:|1746078472\n|switch|p2b: Indeedee|Indeedee-F, L50, F, shiny|100/100\n|-fieldstart|move: Psychic Terrain|[from] ability: Psychic Surge|[of] p2b: Indeedee\n|-terastallize|p1b: Terapagos|Stellar\n|detailschange|p1b: Terapagos|Terapagos-Stellar, L50, M, tera:Stellar\n|-heal|p1b: Terapagos|100/100|[silent]\n|-ability|p1b: Terapagos|Teraform Zero\n|-weather|none\n|-fieldend|move: Psychic Terrain\n|move|p2a: Lunala|Moongeist Beam|p1a: Ho-Oh\n|-damage|p1a: Ho-Oh|55/100\n|move|p1a: Ho-Oh|Tailwind|p1a: Ho-Oh\n|-sidestart|p1: kakarotto_san6969|move: Tailwind\n|move|p1b: Terapagos|Tera Starstorm|p2a: Lunala|[spread] p2a,p2b\n|-damage|p2a: Lunala|80/100\n|-damage|p2b: Indeedee|48/100\n|\n|upkeep\n|turn|6\n|inactive|Jerm626 has 30 seconds left.\n|\n|t:|1746078503\n|move|p2b: Indeedee|Follow Me|p2b: Indeedee\n|-singleturn|p2b: Indeedee|move: Follow Me\n|move|p1b: Terapagos|Tera Starstorm|p2b: Indeedee|[spread] p2a,p2b\n|-damage|p2a: Lunala|43/100\n|-damage|p2b: Indeedee|0 fnt\n|faint|p2b: Indeedee\n|move|p1a: Ho-Oh|Sacred Fire|p2a: Lunala\n|-damage|p2a: Lunala|9/100\n|move|p2a: Lunala|Expanding Force|p1b: Terapagos\n|-damage|p1b: Terapagos|75/100\n|\n|-heal|p1b: Terapagos|82/100|[from] item: Leftovers\n|upkeep\n|l|\u2606kakarotto_san6969\n|inactive|kakarotto_san6969 disconnected and has a minute to reconnect!\n|player|p1|\n|\n|t:|1746078525\n|switch|p2b: Koraidon|Koraidon, L50|95/100\n|-weather|SunnyDay|[from] ability: Orichalcum Pulse|[of] p2b: Koraidon\n|-activate|p2b: Koraidon|Orichalcum Pulse|[source]\n|turn|7\n|inactive|kakarotto_san6969 has 30 seconds left.\n|j|\u2606kakarotto_san6969\n|inactive|kakarotto_san6969 reconnected and has 30 seconds left.\n|player|p1|kakarotto_san6969|1|\n|inactive|kakarotto_san6969 has 20 seconds left.\n|\n|t:|1746078560\n|-terastallize|p2b: Koraidon|Fire\n|move|p2a: Lunala|Wide Guard|p2a: Lunala\n|-singleturn|p2a: Lunala|Wide Guard\n|move|p1a: Ho-Oh|Brave Bird|p2b: Koraidon\n|-damage|p2b: Koraidon|48/100\n|-damage|p1a: Ho-Oh|43/100|[from] Recoil\n|-enditem|p1a: Ho-Oh|Sitrus Berry|[eat]\n|-heal|p1a: Ho-Oh|68/100|[from] item: Sitrus Berry\n|move|p1b: Terapagos|Tera Starstorm|p2a: Lunala|[spread] \n|-activate|p2a: Lunala|move: Wide Guard\n|-activate|p2b: Koraidon|move: Wide Guard\n|move|p2b: Koraidon|Close Combat|p1b: Terapagos\n|-supereffective|p1b: Terapagos\n|-damage|p1b: Terapagos|0 fnt\n|-unboost|p2b: Koraidon|def|1\n|-unboost|p2b: Koraidon|spd|1\n|faint|p1b: Terapagos\n|\n|-weather|SunnyDay|[upkeep]\n|upkeep\n|\n|t:|1746078582\n|switch|p1b: Rillaboom|Rillaboom, L50, F, shiny|100/100\n|-fieldstart|move: Grassy Terrain|[from] ability: Grassy Surge|[of] p1b: Rillaboom\n|turn|8\n|\n|t:|1746078606\n|move|p2b: Koraidon|Protect|p2b: Koraidon\n|-singleturn|p2b: Koraidon|Protect\n|move|p1b: Rillaboom|Fake Out|p2b: Koraidon\n|-activate|p2b: Koraidon|move: Protect\n|move|p1a: Ho-Oh|Sacred Fire|p2a: Lunala\n|-damage|p2a: Lunala|0 fnt\n|faint|p2a: Lunala\n|\n|-weather|SunnyDay|[upkeep]\n|-heal|p2b: Koraidon|54/100|[from] Grassy Terrain\n|-sideend|p1: kakarotto_san6969|move: Tailwind\n|upkeep\n|\n|t:|1746078614\n|switch|p2a: Ogerpon|Ogerpon-Cornerstone, L50, F|7/100\n|turn|9\n|inactive|kakarotto_san6969 has 30 seconds left.\n|\n|t:|1746078641\n|move|p2a: Ogerpon|Spiky Shield|p2a: Ogerpon\n|-singleturn|p2a: Ogerpon|move: Protect\n|move|p1b: Rillaboom|Grassy Glide|p2a: Ogerpon\n|-activate|p2a: Ogerpon|move: Protect\n|-damage|p1b: Rillaboom|88/100|[from] Spiky Shield|[of] p2a: Ogerpon\n|move|p2b: Koraidon|Flare Blitz|p1b: Rillaboom\n|-supereffective|p1b: Rillaboom\n|-damage|p1b: Rillaboom|0 fnt\n|faint|p1b: Rillaboom\n|-damage|p2b: Koraidon|23/100|[from] Recoil\n|move|p1a: Ho-Oh|Tailwind|p1a: Ho-Oh\n|-sidestart|p1: kakarotto_san6969|move: Tailwind\n|\n|-weather|SunnyDay|[upkeep]\n|-heal|p2b: Koraidon|29/100|[from] Grassy Terrain\n|-heal|p2a: Ogerpon|13/100|[from] Grassy Terrain\n|upkeep\n|turn|10\n|\n|t:|1746078662\n|move|p1a: Ho-Oh|Sacred Fire|p2a: Ogerpon\n|-damage|p2a: Ogerpon|0 fnt\n|faint|p2a: Ogerpon\n|move|p2b: Koraidon|Flame Charge|p1a: Ho-Oh\n|-resisted|p1a: Ho-Oh\n|-damage|p1a: Ho-Oh|45/100\n|-boost|p2b: Koraidon|spe|1\n|\n|-weather|SunnyDay|[upkeep]\n|-heal|p2b: Koraidon|35/100|[from] Grassy Terrain\n|upkeep\n|turn|11\n|\n|t:|1746078683\n|move|p2b: Koraidon|Flare Blitz|p1a: Ho-Oh\n|-resisted|p1a: Ho-Oh\n|-damage|p1a: Ho-Oh|4/100\n|-damage|p2b: Koraidon|18/100|[from] Recoil\n|move|p1a: Ho-Oh|Brave Bird|p2b: Koraidon\n|-damage|p2b: Koraidon|0 fnt\n|faint|p2b: Koraidon\n|-damage|p1a: Ho-Oh|0 fnt|[from] Recoil\n|faint|p1a: Ho-Oh\n|\n|win|kakarotto_san6969\n|inactive|kakarotto_san6969 has 30 seconds to confirm battle start!\n|inactive|Jerm626 has 30 seconds to confirm battle start!\n|l|\u2606kakarotto_san6969\n|player|p1|\n|inactive|kakarotto_san6969 has 20 seconds to confirm battle start!\n|inactive|Jerm626 has 20 seconds to confirm battle start!\n||Jerm626 is ready for game 2.\n|inactive|kakarotto_san6969 has 10 seconds to confirm battle start!\n||kakarotto_san6969 is ready for game 2.\n|uhtml|next|Next: <a href=\"/battle-gen9vgc2025regibo3-2354480930\"><strong>Game 2 of 3</strong></a>\n|l|\u2606Jerm626\n|player|p2|\n", "uploadtime": 1746078984, "views": 8, "formatid": "gen9vgc2025regibo3", "rating": null, "private": 0, "password": null}