{"id": "gen9vgc2025regibo3-2355039851", "format": "[Gen 9] VGC 2025 Reg I (Bo3)", "players": ["flubberbut", "black urshifu stan"], "log": "|j|\u2606flubberbut\n|j|\u2606black urshifu stan\n|html|<table width=\"100%\"><tr><td align=\"left\">flubberbut</td><td align=\"right\">black urshifu stan</tr><tr><td align=\"left\"><i class=\"fa fa-circle-o\"></i> <i class=\"fa fa-circle-o\"></i> </td><td align=\"right\"><i class=\"fa fa-circle-o\"></i> <i class=\"fa fa-circle-o\"></i> </tr></table>\n|uhtml|bestof|<h2><strong>Game 1</strong> of <a href=\"/game-bestof3-gen9vgc2025regibo3-2355039850\">a best-of-3</a></h2>\n|t:|1746145138\n|gametype|doubles\n|player|p1|flubberbut|hoopster|1295\n|player|p2|black urshifu stan|pokefan-gen4|1406\n|teamsize|p1|6\n|teamsize|p2|6\n|gen|9\n|tier|[Gen 9] VGC 2025 Reg I (Bo3)\n|rated|\n|rule|Species Clause: Limit one of each Pok\u00e9mon\n|rule|Item Clause: Limit 1 of each item\n|clearpoke\n|poke|p1|Zamazenta-*, L50|\n|poke|p1|Chien-Pao, L50|\n|poke|p1|Dragonite, L50, M|\n|poke|p1|Dondozo, L50, F|\n|poke|p1|Ting-Lu, L50|\n|poke|p1|Giratina-Origin, L50|\n|poke|p2|Calyrex-Shadow, L50|\n|poke|p2|Miraidon, L50|\n|poke|p2|Iron Hands, L50|\n|poke|p2|Volcarona, L50, M|\n|poke|p2|Grimmsnarl, L50, M|\n|poke|p2|Iron Treads, L50|\n|teampreview|4\n|showteam|p1|Zamazenta-Crowned||RustedShield|DauntlessShield|HeavySlam,BodyPress,WideGuard,Protect||||||50|,,,,,Dragon]Chien-Pao||FocusSash|SwordofRuin|SuckerPunch,IceShard,IceSpinner,Protect||||||50|,,,,,Stellar]Dragonite||ChoiceBand|InnerFocus|ExtremeSpeed,Outrage,AquaJet,AerialAce|||M|||50|,,,,,Normal]Dondozo||Leftovers|Unaware|Yawn,WaveCrash,Fissure,Protect|||F|||50|,,,,,Poison]Ting-Lu||ZoomLens|VesselofRuin|Taunt,SandTomb,Ruination,Protect||||||50|,,,,,Poison]Giratina-Origin||GriseousCore|Levitate|DragonClaw,ShadowSneak,Poltergeist,Protect||||||50|,,,,,Fire\n|showteam|p2|Calyrex-Shadow||FocusSash|AsOneSpectrier|AstralBarrage,Psychic,Encore,Protect||||||50|,,,,,Ghost]Miraidon||ChoiceSpecs|HadronEngine|ElectroDrift,DracoMeteor,DazzlingGleam,VoltSwitch||||||50|,,,,,Fairy]Iron Hands||AssaultVest|QuarkDrive|FakeOut,DrainPunch,LowKick,WildCharge||||||50|,,,,,Water]Volcarona||ElectricSeed|FlameBody|FieryDance,GigaDrain,QuiverDance,Protect|||M|||50|,,,,,Grass]Grimmsnarl||LightClay|Prankster|FoulPlay,ThunderWave,LightScreen,Reflect|||M|||50|,,,,,Ghost]Iron Treads||ChoiceBand|QuarkDrive|IronHead,HighHorsepower,SteelRoller,KnockOff||||||50|,,,,,Ghost\n|inactive|Battle timer is ON: inactive players will automatically lose when time's up. (requested by black urshifu stan)\n|j| Chonkyidiot\n|inactive|black urshifu stan has 60 seconds left.\n|\n|t:|1746145169\n|start\n|switch|p1a: Dragonite|Dragonite, L50, M|100/100\n|switch|p1b: Chien-Pao|Chien-Pao, L50|100/100\n|switch|p2a: Miraidon|Miraidon, L50|100/100\n|switch|p2b: Iron Hands|Iron Hands, L50|100/100\n|-fieldstart|move: Electric Terrain|[from] ability: Hadron Engine|[of] p2a: Miraidon\n|-activate|p2b: Iron Hands|ability: Quark Drive\n|-start|p2b: Iron Hands|quarkdriveatk\n|-ability|p1b: Chien-Pao|Sword of Ruin\n|turn|1\n|\n|t:|1746145187\n|-terastallize|p2a: Miraidon|Fairy\n|-terastallize|p1a: Dragonite|Normal\n|move|p1b: Chien-Pao|Protect|p1b: Chien-Pao\n|-singleturn|p1b: Chien-Pao|Protect\n|move|p1a: Dragonite|Extreme Speed|p2a: Miraidon\n|-damage|p2a: Miraidon|4/100\n|move|p2a: Miraidon|Dazzling Gleam|p1a: Dragonite|[spread] p1a\n|-activate|p1b: Chien-Pao|move: Protect\n|-damage|p1a: Dragonite|35/100\n|move|p2b: Iron Hands|Drain Punch|p1a: Dragonite\n|-supereffective|p1a: Dragonite\n|-damage|p1a: Dragonite|0 fnt\n|faint|p1a: Dragonite\n|\n|upkeep\n|\n|t:|1746145210\n|switch|p1a: Zamazenta|Zamazenta-Crowned, L50|100/100\n|-ability|p1a: Zamazenta|Dauntless Shield|boost\n|-boost|p1a: Zamazenta|def|1\n|turn|2\n|\n|t:|1746145216\n|move|p1b: Chien-Pao|Ice Shard|p2a: Miraidon\n|-damage|p2a: Miraidon|0 fnt\n|faint|p2a: Miraidon\n|move|p1a: Zamazenta|Body Press|p2b: Iron Hands\n|-damage|p2b: Iron Hands|29/100\n|move|p2b: Iron Hands|Low Kick|p1a: Zamazenta\n|-supereffective|p1a: Zamazenta\n|-damage|p1a: Zamazenta|3/100\n|\n|upkeep\n|\n|t:|1746145231\n|switch|p2a: Iron Treads|Iron Treads, L50|100/100\n|-activate|p2a: Iron Treads|ability: Quark Drive\n|-start|p2a: Iron Treads|quarkdrivespe\n|turn|3\n|\n|t:|1746145246\n|move|p2a: Iron Treads|Iron Head|p1a: Zamazenta\n|-resisted|p1a: Zamazenta\n|-damage|p1a: Zamazenta|0 fnt\n|faint|p1a: Zamazenta\n|move|p1b: Chien-Pao|Ice Spinner|p2b: Iron Hands\n|-damage|p2b: Iron Hands|0 fnt\n|-fieldend|move: Electric Terrain\n|-end|p2a: Iron Treads|Quark Drive\n|faint|p2b: Iron Hands\n|-end|p2b: Iron Hands|Quark Drive|[silent]\n|\n|upkeep\n|\n|t:|1746145252\n|switch|p1a: Giratina|Giratina-Origin, L50|100/100\n|switch|p2b: Nikola Jokic|Calyrex-Shadow, L50|100/100\n|-ability|p2b: Nikola Jokic|As One\n|-ability|p2b: Nikola Jokic|Unnerve\n|turn|4\n|\n|t:|1746145260\n|move|p2b: Nikola Jokic|Protect|p2b: Nikola Jokic\n|-singleturn|p2b: Nikola Jokic|Protect\n|move|p1b: Chien-Pao|Ice Shard|p2b: Nikola Jokic\n|-activate|p2b: Nikola Jokic|move: Protect\n|move|p1a: Giratina|Shadow Sneak|p2b: Nikola Jokic\n|-activate|p2b: Nikola Jokic|move: Protect\n|move|p2a: Iron Treads|Iron Head|p1b: Chien-Pao\n|-supereffective|p1b: Chien-Pao\n|-enditem|p1b: Chien-Pao|Focus Sash\n|-damage|p1b: Chien-Pao|1/100\n|\n|upkeep\n|turn|5\n|\n|t:|1746145271\n|move|p2b: Nikola Jokic|Protect||[still]\n|-fail|p2b: Nikola Jokic\n|move|p1b: Chien-Pao|Ice Shard|p2b: Nikola Jokic\n|-damage|p2b: Nikola Jokic|71/100\n|move|p1a: Giratina|Shadow Sneak|p2b: Nikola Jokic\n|-supereffective|p2b: Nikola Jokic\n|-damage|p2b: Nikola Jokic|0 fnt\n|faint|p2b: Nikola Jokic\n|move|p2a: Iron Treads|Iron Head|p1b: Chien-Pao\n|-supereffective|p1b: Chien-Pao\n|-damage|p1b: Chien-Pao|0 fnt\n|faint|p1b: Chien-Pao\n|\n|upkeep\n|turn|6\n|\n|t:|1746145280\n|move|p2a: Iron Treads|Iron Head|p1a: Giratina\n|-damage|p1a: Giratina|59/100\n|cant|p1a: Giratina|flinch\n|\n|upkeep\n|turn|7\n|\n|t:|1746145286\n|move|p2a: Iron Treads|Iron Head|p1a: Giratina\n|-damage|p1a: Giratina|19/100\n|move|p1a: Giratina|Poltergeist|p2a: Iron Treads\n|-activate|p2a: Iron Treads|move: Poltergeist|Choice Band\n|-damage|p2a: Iron Treads|37/100\n|\n|upkeep\n|turn|8\n|\n|t:|1746145293\n|move|p1a: Giratina|Shadow Sneak|p2a: Iron Treads\n|-damage|p2a: Iron Treads|15/100\n|move|p2a: Iron Treads|Iron Head|p1a: Giratina\n|-damage|p1a: Giratina|0 fnt\n|faint|p1a: Giratina\n|\n|win|black urshifu stan\n||black urshifu stan is ready for game 2.\n||flubberbut is ready for game 2.\n|uhtml|next|Next: <a href=\"/battle-gen9vgc2025regibo3-2355041192\"><strong>Game 2 of 3</strong></a>\n|l|\u2606black urshifu stan\n|player|p2|\n|l|\u2606flubberbut\n|player|p1|\n|l| Chonkyidiot\n", "uploadtime": 1746145688, "views": 19, "formatid": "gen9vgc2025regibo3", "rating": null, "private": 0, "password": null}