{"id": "gen9vgc2025regibo3-2354945366", "format": "[Gen 9] VGC 2025 Reg I (Bo3)", "players": ["Monsteralover", "venutor"], "log": "|j|\u2606Monsteralover\n|j|\u2606venutor\n|html|<table width=\"100%\"><tr><td align=\"left\">Monsteralover</td><td align=\"right\">venutor</tr><tr><td align=\"left\"><i class=\"fa fa-circle-o\"></i> <i class=\"fa fa-circle-o\"></i> </td><td align=\"right\"><i class=\"fa fa-circle-o\"></i> <i class=\"fa fa-circle-o\"></i> </tr></table>\n|uhtml|bestof|<h2><strong>Game 1</strong> of <a href=\"/game-bestof3-gen9vgc2025regibo3-2354945365\">a best-of-3</a></h2>\n|t:|1746134389\n|gametype|doubles\n|player|p1|Monsteralover|baker|1283\n|player|p2|venutor|swimmer-gen4|1348\n|teamsize|p1|6\n|teamsize|p2|6\n|gen|9\n|tier|[Gen 9] VGC 2025 Reg I (Bo3)\n|rated|\n|rule|Species Clause: Limit one of each Pok\u00e9mon\n|rule|Item Clause: Limit 1 of each item\n|clearpoke\n|poke|p1|Terapagos, L50, M|\n|poke|p1|Incineroar, L50, F|\n|poke|p1|Rillaboom, L50, F|\n|poke|p1|Ogerpon-Cornerstone, L50, F|\n|poke|p1|Grimmsnarl, L50, M|\n|poke|p1|Calyrex-Shadow, L50|\n|poke|p2|Koraidon, L50|\n|poke|p2|Lunala, L50|\n|poke|p2|Chi-Yu, L50|\n|poke|p2|Ursaluna, L50, M|\n|poke|p2|Brute Bonnet, L50|\n|poke|p2|Flutter Mane, L50|\n|teampreview|4\n|showteam|p1|Terapagos||Leftovers|TeraShift|TeraStarstorm,EarthPower,Protect,CalmMind|||M|||50|,,,,,Stellar]Incineroar||RockyHelmet|Intimidate|KnockOff,FakeOut,WillOWisp,PartingShot|||F|||50|,,,,,Water]Rillaboom||AssaultVest|GrassySurge|FakeOut,DrumBeating,Uturn,GrassyGlide|||F|||50|,,,,,Fire]Ogerpon-Cornerstone||CornerstoneMask|Sturdy|IvyCudgel,SpikyShield,FollowMe,Encore|||F|||50|,,,,,Rock]Grimmsnarl||LightClay|Prankster|SpiritBreak,Reflect,ThunderWave,LightScreen|||M|||50|,,,,,Ghost]Calyrex-Shadow||FocusSash|AsOneSpectrier|AstralBarrage,Psychic,NastyPlot,Protect||||||50|,,,,,Ghost\n|showteam|p2|Koraidon||LifeOrb|OrichalcumPulse|FlareBlitz,FlameCharge,CloseCombat,Protect||||||50|,,,,,Fire]Lunala||PowerHerb|ShadowShield|MoongeistBeam,MeteorBeam,WideGuard,TrickRoom||||||50|,,,,,Water]Chi-Yu||ChoiceScarf|BeadsofRuin|Overheat,HeatWave,DarkPulse,Snarl||||||50|,,,,,Ghost]Ursaluna||FlameOrb|Guts|Facade,Earthquake,HeadlongRush,Protect|||M|||50|,,,,,Water]Brute Bonnet||CovertCloak|Protosynthesis|SeedBomb,SuckerPunch,Spore,RagePowder||||||50|,,,,,Water]Flutter Mane||FocusSash|Protosynthesis|Moonblast,IcyWind,ShadowBall,Protect||||||50|,,,,,Normal\n|\n|t:|1746134444\n|start\n|switch|p1a: Ogerpon|Ogerpon-Cornerstone, L50, F|100/100\n|switch|p1b: Terapagos|Terapagos, L50, M|100/100\n|switch|p2a: Chi-Yu|Chi-Yu, L50|100/100\n|switch|p2b: Lunala|Lunala, L50|100/100\n|-activate|p1b: Terapagos|ability: Tera Shift\n|detailschange|p1b: Terapagos|Terapagos-Terastal, L50, M\n|-heal|p1b: Terapagos|100/100|[silent]\n|-ability|p2a: Chi-Yu|Beads of Ruin\n|turn|1\n|\n|t:|1746134469\n|switch|p2a: Koraidon|Koraidon, L50|100/100\n|-weather|SunnyDay|[from] ability: Orichalcum Pulse|[of] p2a: Koraidon\n|-activate|p2a: Koraidon|Orichalcum Pulse|[source]\n|switch|p1a: Incineroar|Incineroar, L50, F|100/100\n|-ability|p1a: Incineroar|Intimidate|boost\n|-unboost|p2a: Koraidon|atk|1\n|-unboost|p2b: Lunala|atk|1\n|move|p1b: Terapagos|Calm Mind|p1b: Terapagos\n|-boost|p1b: Terapagos|spa|1\n|-boost|p1b: Terapagos|spd|1\n|move|p2b: Lunala|Meteor Beam||[still]\n|-prepare|p2b: Lunala|Meteor Beam\n|-boost|p2b: Lunala|spa|1\n|-enditem|p2b: Lunala|Power Herb\n|-anim|p2b: Lunala|Meteor Beam|p1a: Incineroar\n|-supereffective|p1a: Incineroar\n|-damage|p1a: Incineroar|0 fnt\n|faint|p1a: Incineroar\n|\n|-weather|SunnyDay|[upkeep]\n|upkeep\n|\n|t:|1746134489\n|switch|p1a: Grimmsnarl|Grimmsnarl, L50, M|100/100\n|turn|2\n|inactive|Battle timer is ON: inactive players will automatically lose when time's up. (requested by Monsteralover)\n|\n|t:|1746134558\n|move|p1a: Grimmsnarl|Reflect|p1a: Grimmsnarl\n|-sidestart|p1: Monsteralover|Reflect\n|move|p2a: Koraidon|Flare Blitz|p1a: Grimmsnarl\n|-damage|p1a: Grimmsnarl|53/100\n|-damage|p2a: Koraidon|83/100|[from] Recoil\n|-damage|p2a: Koraidon|73/100|[from] item: Life Orb\n|move|p1b: Terapagos|Tera Starstorm|p2a: Koraidon\n|-damage|p2a: Koraidon|6/100\n|move|p2b: Lunala|Moongeist Beam|p1a: Grimmsnarl\n|-resisted|p1a: Grimmsnarl\n|-damage|p1a: Grimmsnarl|13/100\n|\n|-weather|SunnyDay|[upkeep]\n|upkeep\n|turn|3\n|inactive|Monsteralover has 30 seconds left.\n|inactive|Monsteralover has 20 seconds left.\n|\n|t:|1746134595\n|move|p2a: Koraidon|Protect|p2a: Koraidon\n|-singleturn|p2a: Koraidon|Protect\n|move|p1a: Grimmsnarl|Light Screen|p1a: Grimmsnarl\n|-sidestart|p1: Monsteralover|move: Light Screen\n|move|p1b: Terapagos|Calm Mind|p1b: Terapagos\n|-boost|p1b: Terapagos|spa|1\n|-boost|p1b: Terapagos|spd|1\n|move|p2b: Lunala|Moongeist Beam|p1a: Grimmsnarl\n|-resisted|p1a: Grimmsnarl\n|-damage|p1a: Grimmsnarl|0 fnt\n|faint|p1a: Grimmsnarl\n|\n|-weather|SunnyDay|[upkeep]\n|upkeep\n|\n|t:|1746134607\n|switch|p1a: Ogerpon|Ogerpon-Cornerstone, L50, F|100/100\n|turn|4\n|inactive|Monsteralover has 30 seconds left.\n|\n|t:|1746134633\n|switch|p2a: Chi-Yu|Chi-Yu, L50|100/100\n|-ability|p2a: Chi-Yu|Beads of Ruin\n|move|p1a: Ogerpon|Spiky Shield|p1a: Ogerpon\n|-singleturn|p1a: Ogerpon|move: Protect\n|move|p1b: Terapagos|Earth Power|p2a: Chi-Yu\n|-supereffective|p2a: Chi-Yu\n|-damage|p2a: Chi-Yu|7/100\n|-unboost|p2a: Chi-Yu|spd|1\n|move|p2b: Lunala|Moongeist Beam|p1a: Ogerpon\n|-activate|p1a: Ogerpon|move: Protect\n|\n|-weather|SunnyDay|[upkeep]\n|upkeep\n|turn|5\n|inactive|Monsteralover has 30 seconds left.\n|\n|t:|1746134662\n|move|p2a: Chi-Yu|Heat Wave|p1b: Terapagos|[spread] p1a,p1b\n|-activate|p1b: Terapagos|ability: Tera Shell\n|-resisted|p1b: Terapagos\n|-damage|p1a: Ogerpon|40/100\n|-damage|p1b: Terapagos|90/100\n|-status|p1a: Ogerpon|brn\n|move|p1a: Ogerpon|Ivy Cudgel|p2b: Lunala|[anim] Ivy Cudgel Rock\n|-crit|p2b: Lunala\n|-damage|p2b: Lunala|83/100\n|move|p1b: Terapagos|Earth Power|p2b: Lunala\n|-damage|p2b: Lunala|40/100\n|move|p2b: Lunala|Moongeist Beam|p1a: Ogerpon\n|-damage|p1a: Ogerpon|0 fnt\n|faint|p1a: Ogerpon\n|\n|-weather|none\n|-heal|p1b: Terapagos|96/100|[from] item: Leftovers\n|upkeep\n|turn|6\n|inactive|Monsteralover has 30 seconds left.\n|\n|t:|1746134689\n|-terastallize|p1b: Terapagos|Stellar\n|detailschange|p1b: Terapagos|Terapagos-Stellar, L50, M, tera:Stellar\n|-heal|p1b: Terapagos|97/100|[silent]\n|move|p2a: Chi-Yu|Heat Wave|p1b: Terapagos\n|-damage|p1b: Terapagos|83/100\n|move|p1b: Terapagos|Tera Starstorm|p2b: Lunala|[spread] p2a,p2b\n|-damage|p2a: Chi-Yu|0 fnt\n|-damage|p2b: Lunala|0 fnt\n|faint|p2a: Chi-Yu\n|faint|p2b: Lunala\n|\n|-heal|p1b: Terapagos|89/100|[from] item: Leftovers\n|upkeep\n|\n|t:|1746134694\n|switch|p2a: Koraidon|Koraidon, L50|6/100\n|switch|p2b: Flutter Mane|Flutter Mane, L50|100/100\n|-weather|SunnyDay|[from] ability: Orichalcum Pulse|[of] p2a: Koraidon\n|-activate|p2b: Flutter Mane|ability: Protosynthesis\n|-start|p2b: Flutter Mane|protosynthesisspe\n|-activate|p2a: Koraidon|Orichalcum Pulse|[source]\n|turn|7\n|\n|t:|1746134706\n|move|p2a: Koraidon|Protect|p2a: Koraidon\n|-singleturn|p2a: Koraidon|Protect\n|move|p1b: Terapagos|Protect|p1b: Terapagos\n|-singleturn|p1b: Terapagos|Protect\n|move|p2b: Flutter Mane|Moonblast|p1b: Terapagos\n|-activate|p1b: Terapagos|move: Protect\n|\n|-weather|SunnyDay|[upkeep]\n|-heal|p1b: Terapagos|95/100|[from] item: Leftovers\n|upkeep\n|turn|8\n|\n|t:|1746134716\n|move|p2b: Flutter Mane|Moonblast|p1b: Terapagos\n|-damage|p1b: Terapagos|84/100\n|move|p2a: Koraidon|Close Combat|p1b: Terapagos\n|-supereffective|p1b: Terapagos\n|-damage|p1b: Terapagos|17/100\n|-unboost|p2a: Koraidon|def|1\n|-unboost|p2a: Koraidon|spd|1\n|-damage|p2a: Koraidon|0 fnt|[from] item: Life Orb\n|faint|p2a: Koraidon\n|move|p1b: Terapagos|Tera Starstorm|p2b: Flutter Mane\n|-damage|p2b: Flutter Mane|17/100\n|\n|-weather|SunnyDay|[upkeep]\n|-heal|p1b: Terapagos|23/100|[from] item: Leftovers\n|upkeep\n|turn|9\n|\n|t:|1746134730\n|move|p2b: Flutter Mane|Moonblast|p1b: Terapagos\n|-damage|p1b: Terapagos|11/100\n|move|p1b: Terapagos|Tera Starstorm|p2b: Flutter Mane\n|-damage|p2b: Flutter Mane|0 fnt\n|faint|p2b: Flutter Mane\n|-end|p2b: Flutter Mane|Protosynthesis|[silent]\n|\n|win|Monsteralover\n", "uploadtime": 1746134731, "views": 8, "formatid": "gen9vgc2025regibo3", "rating": null, "private": 0, "password": null}