{"id": "gen9vgc2025regibo3-2354489488", "format": "[Gen 9] VGC 2025 Reg I (Bo3)", "players": ["AUBrigade", "TheGalarGod"], "log": "|j|\u2606AUBrigade\n|j|\u2606TheGalarGod\n|html|<table width=\"100%\"><tr><td align=\"left\">AUBrigade</td><td align=\"right\">TheGalarGod</tr><tr><td align=\"left\"><i class=\"fa fa-circle-o\"></i> <i class=\"fa fa-circle-o\"></i> </td><td align=\"right\"><i class=\"fa fa-circle-o\"></i> <i class=\"fa fa-circle-o\"></i> </tr></table>\n|uhtml|bestof|<h2><strong>Game 1</strong> of <a href=\"/game-bestof3-gen9vgc2025regibo3-2354489487\">a best-of-3</a></h2>\n|t:|1746080393\n|gametype|doubles\n|player|p1|AUBrigade|morty|1158\n|player|p2|TheGalarGod|psychic-gen4|1052\n|teamsize|p1|6\n|teamsize|p2|6\n|gen|9\n|tier|[Gen 9] VGC 2025 Reg I (Bo3)\n|rated|\n|rule|Species Clause: Limit one of each Pok\u00e9mon\n|rule|Item Clause: Limit 1 of each item\n|clearpoke\n|poke|p1|Koraidon, L50|\n|poke|p1|Ho-Oh, L50|\n|poke|p1|Flutter Mane, L50|\n|poke|p1|Incineroar, L50, F|\n|poke|p1|Rillaboom, L50, F|\n|poke|p1|Toxapex, L50, M|\n|poke|p2|Clefairy, L50, M|\n|poke|p2|Incineroar, L50, F|\n|poke|p2|Calyrex-Shadow, L50|\n|poke|p2|Urshifu-*, L50, F|\n|poke|p2|Tornadus, L50, M|\n|poke|p2|Miraidon, L50|\n|teampreview|4\n|showteam|p1|Koraidon||LoadedDice|OrichalcumPulse|ScaleShot,CollisionCourse,FlareBlitz,Protect||||||50|,,,,,Fire]Ho-Oh||ClearAmulet|Regenerator|SacredFire,BraveBird,Tailwind,Protect||||||50|,,,,,Grass]Flutter Mane||FocusSash|Protosynthesis|Moonblast,IcyWind,DazzlingGleam,Protect||||||50|,,,,,Fairy]Incineroar||SafetyGoggles|Intimidate|PartingShot,FakeOut,KnockOff,Taunt|||F|||50|,,,,,Bug]Rillaboom||AssaultVest|GrassySurge|Uturn,FakeOut,GrassyGlide,WoodHammer|||F|||50|,,,,,Fire]Toxapex||Leftovers|Regenerator|Infestation,BanefulBunker,ToxicSpikes,WideGuard|||M|||50|,,,,,Grass\n|showteam|p2|Clefairy||Eviolite|FriendGuard|FollowMe,Moonblast,HelpingHand,HealPulse|||M|||50|,,,,,Fairy]Incineroar||RockyHelmet|Intimidate|PartingShot,FlareBlitz,FakeOut,KnockOff|||F|||50|,,,,,Grass]Calyrex-Shadow||LifeOrb|AsOneSpectrier|AstralBarrage,DrainingKiss,ExpandingForce,Protect||||||50|,,,,,Fairy]Urshifu-Rapid-Strike||MysticWater|UnseenFist|SurgingStrikes,AquaJet,CloseCombat,Detect|||F|||50|,,,,,Water]Tornadus||CovertCloak|Prankster|Tailwind,BleakwindStorm,Uturn,Taunt|||M|||50|,,,,,Dark]Miraidon||ChoiceSpecs|HadronEngine|DazzlingGleam,VoltSwitch,ElectroDrift,DracoMeteor||||||50|,,,,,Fairy\n|inactive|Battle timer is ON: inactive players will automatically lose when time's up. (requested by TheGalarGod)\n|inactive|TheGalarGod has 60 seconds left.\n|\n|t:|1746080427\n|start\n|switch|p1a: Koraidon|Koraidon, L50|100/100\n|switch|p1b: Flutter Mane|Flutter Mane, L50, shiny|100/100\n|switch|p2a: Jay-Fist|Urshifu-Rapid-Strike, L50, F|100/100\n|switch|p2b: Zeus|Miraidon, L50|100/100\n|-fieldstart|move: Electric Terrain|[from] ability: Hadron Engine|[of] p2b: Zeus\n|-weather|SunnyDay|[from] ability: Orichalcum Pulse|[of] p1a: Koraidon\n|-activate|p1b: Flutter Mane|ability: Protosynthesis\n|-start|p1b: Flutter Mane|protosynthesisspe\n|-activate|p1a: Koraidon|Orichalcum Pulse|[source]\n|turn|1\n|inactive|AUBrigade has 30 seconds left.\n|inactive|AUBrigade has 20 seconds left.\n|inactive|AUBrigade has 15 seconds left.\n|\n|t:|1746080469\n|move|p2a: Jay-Fist|Detect|p2a: Jay-Fist\n|-singleturn|p2a: Jay-Fist|Protect\n|move|p1b: Flutter Mane|Dazzling Gleam|p2a: Jay-Fist|[spread] p2b\n|-activate|p2a: Jay-Fist|move: Protect\n|-supereffective|p2b: Zeus\n|-damage|p2b: Zeus|39/100\n|move|p2b: Zeus|Volt Switch|p1b: Flutter Mane\n|-crit|p1b: Flutter Mane\n|-enditem|p1b: Flutter Mane|Focus Sash\n|-damage|p1b: Flutter Mane|1/100\n|\n|t:|1746080481\n|switch|p2b: Strawberry|Clefairy, L50, M, shiny|100/100|[from] Volt Switch\n|move|p1a: Koraidon|Flare Blitz|p2b: Strawberry\n|-damage|p2b: Strawberry|20/100\n|-damage|p1a: Koraidon|79/100|[from] Recoil\n|\n|-weather|SunnyDay|[upkeep]\n|upkeep\n|turn|2\n|inactive|AUBrigade has 30 seconds left.\n|\n|t:|1746080508\n|-end|p1b: Flutter Mane|Protosynthesis|[silent]\n|switch|p1b: Incineroar|Incineroar, L50, F|100/100\n|-ability|p1b: Incineroar|Intimidate|boost\n|-unboost|p2a: Jay-Fist|atk|1\n|-unboost|p2b: Strawberry|atk|1\n|move|p2b: Strawberry|Follow Me|p2b: Strawberry\n|-singleturn|p2b: Strawberry|move: Follow Me\n|move|p1a: Koraidon|Collision Course|p2b: Strawberry\n|-resisted|p2b: Strawberry\n|-damage|p2b: Strawberry|0 fnt\n|faint|p2b: Strawberry\n|move|p2a: Jay-Fist|Close Combat|p1a: Koraidon\n|-damage|p1a: Koraidon|45/100\n|-unboost|p2a: Jay-Fist|def|1\n|-unboost|p2a: Jay-Fist|spd|1\n|\n|-weather|SunnyDay|[upkeep]\n|upkeep\n|\n|t:|1746080523\n|switch|p2b: Wolfey's Nemesis|Incineroar, L50, F|100/100\n|-ability|p2b: Wolfey's Nemesis|Intimidate|boost\n|-unboost|p1a: Koraidon|atk|1\n|-unboost|p1b: Incineroar|atk|1\n|turn|3\n|\n|t:|1746080545\n|move|p2b: Wolfey's Nemesis|Fake Out|p1a: Koraidon\n|-damage|p1a: Koraidon|34/100\n|cant|p1a: Koraidon|flinch\n|move|p2a: Jay-Fist|Close Combat|p1b: Incineroar\n|-supereffective|p1b: Incineroar\n|-damage|p1b: Incineroar|47/100\n|-unboost|p2a: Jay-Fist|def|1\n|-unboost|p2a: Jay-Fist|spd|1\n|move|p1b: Incineroar|Knock Off|p2a: Jay-Fist\n|-resisted|p2a: Jay-Fist\n|-damage|p2a: Jay-Fist|73/100\n|-enditem|p2a: Jay-Fist|Mystic Water|[from] move: Knock Off|[of] p1b: Incineroar\n|\n|-weather|SunnyDay|[upkeep]\n|upkeep\n|turn|4\n|inactive|AUBrigade has 30 seconds left.\n|inactive|TheGalarGod has 30 seconds left.\n|inactive|AUBrigade has 20 seconds left.\n|inactive|TheGalarGod has 20 seconds left.\n|inactive|AUBrigade has 15 seconds left.\n|inactive|TheGalarGod has 15 seconds left.\n|inactive|TheGalarGod has 10 seconds left.\n|inactive|TheGalarGod has 5 seconds left.\n|\n|t:|1746080595\n|move|p2a: Jay-Fist|Detect|p2a: Jay-Fist\n|-singleturn|p2a: Jay-Fist|Protect\n|move|p1a: Koraidon|Scale Shot|p2a: Jay-Fist\n|-activate|p2a: Jay-Fist|move: Protect\n|move|p2b: Wolfey's Nemesis|Flare Blitz|p1a: Koraidon\n|-resisted|p1a: Koraidon\n|-damage|p1a: Koraidon|0 fnt\n|faint|p1a: Koraidon\n|-damage|p2b: Wolfey's Nemesis|89/100|[from] Recoil\n|move|p1b: Incineroar|Parting Shot|p2b: Wolfey's Nemesis\n|-unboost|p2b: Wolfey's Nemesis|atk|1\n|-unboost|p2b: Wolfey's Nemesis|spa|1\n|\n|t:|1746080607\n|switch|p1b: Rillaboom|Rillaboom, L50, F|100/100|[from] Parting Shot\n|-fieldstart|move: Grassy Terrain|[from] ability: Grassy Surge|[of] p1b: Rillaboom\n|\n|-weather|SunnyDay|[upkeep]\n|-heal|p2a: Jay-Fist|79/100|[from] Grassy Terrain\n|-heal|p2b: Wolfey's Nemesis|95/100|[from] Grassy Terrain\n|upkeep\n|\n|t:|1746080614\n|switch|p1a: Flutter Mane|Flutter Mane, L50, shiny|1/100\n|-activate|p1a: Flutter Mane|ability: Protosynthesis\n|-start|p1a: Flutter Mane|protosynthesisspe\n|turn|5\n|\n|t:|1746080639\n|-terastallize|p1a: Flutter Mane|Fairy\n|move|p1b: Rillaboom|Fake Out|p2a: Jay-Fist\n|-damage|p2a: Jay-Fist|54/100\n|cant|p2a: Jay-Fist|flinch\n|move|p1a: Flutter Mane|Dazzling Gleam|p2b: Wolfey's Nemesis|[spread] p2a,p2b\n|-supereffective|p2a: Jay-Fist\n|-crit|p2b: Wolfey's Nemesis\n|-damage|p2a: Jay-Fist|0 fnt\n|-damage|p2b: Wolfey's Nemesis|35/100\n|faint|p2a: Jay-Fist\n|move|p2b: Wolfey's Nemesis|Parting Shot|p1b: Rillaboom\n|-unboost|p1b: Rillaboom|atk|1\n|-unboost|p1b: Rillaboom|spa|1\n|\n|t:|1746080648\n|switch|p2b: Zeus|Miraidon, L50|39/100|[from] Parting Shot\n|-fieldstart|move: Electric Terrain|[from] ability: Hadron Engine|[of] p2b: Zeus\n|\n|-weather|none\n|-end|p1a: Flutter Mane|Protosynthesis\n|upkeep\n|\n|t:|1746080649\n|switch|p2a: Wolfey's Nemesis|Incineroar, L50, F|35/100\n|-ability|p2a: Wolfey's Nemesis|Intimidate|boost\n|-unboost|p1a: Flutter Mane|atk|1\n|-unboost|p1b: Rillaboom|atk|1\n|turn|6\n|\n|t:|1746080667\n|switch|p1b: Incineroar|Incineroar, L50, F|47/100\n|-ability|p1b: Incineroar|Intimidate|boost\n|-unboost|p2a: Wolfey's Nemesis|atk|1\n|-unboost|p2b: Zeus|atk|1\n|move|p1a: Flutter Mane|Protect|p1a: Flutter Mane\n|-singleturn|p1a: Flutter Mane|Protect\n|move|p2a: Wolfey's Nemesis|Fake Out|p1a: Flutter Mane\n|-activate|p1a: Flutter Mane|move: Protect\n|move|p2b: Zeus|Draco Meteor|p1b: Incineroar\n|-damage|p1b: Incineroar|0 fnt\n|-unboost|p2b: Zeus|spa|2\n|faint|p1b: Incineroar\n|\n|upkeep\n|\n|t:|1746080680\n|switch|p1b: Rillaboom|Rillaboom, L50, F|100/100\n|-fieldstart|move: Grassy Terrain|[from] ability: Grassy Surge|[of] p1b: Rillaboom\n|turn|7\n|\n|t:|1746080689\n|-terastallize|p2a: Wolfey's Nemesis|Grass\n|move|p1b: Rillaboom|Fake Out|p2b: Zeus\n|-damage|p2b: Zeus|26/100\n|cant|p2b: Zeus|flinch\n|move|p1a: Flutter Mane|Dazzling Gleam|p2a: Wolfey's Nemesis|[spread] p2a,p2b\n|-supereffective|p2b: Zeus\n|-damage|p2a: Wolfey's Nemesis|0 fnt\n|-damage|p2b: Zeus|0 fnt\n|faint|p2a: Wolfey's Nemesis\n|faint|p2b: Zeus\n|\n|win|AUBrigade\n||TheGalarGod is ready for game 2.\n|inactive|AUBrigade has 30 seconds to confirm battle start!\n||AUBrigade is ready for game 2.\n|uhtml|next|Next: <a href=\"/battle-gen9vgc2025regibo3-2354491041\"><strong>Game 2 of 3</strong></a>\n|l|\u2606TheGalarGod\n|player|p2|\n|l|\u2606AUBrigade\n|player|p1|\n", "uploadtime": 1746081074, "views": 24, "formatid": "gen9vgc2025regibo3", "rating": null, "private": 0, "password": null}