{"id": "gen9vgc2025regibo3-2353384603", "format": "[Gen 9] VGC 2025 Reg I (Bo3)", "players": ["Jakobtc", "Bjorn1425"], "log": "|j|\u2606Jakobtc\n|j|\u2606Bjorn1425\n|html|<table width=\"100%\"><tr><td align=\"left\">Jakobtc</td><td align=\"right\">Bjorn1425</tr><tr><td align=\"left\"><i class=\"fa fa-circle-o\"></i> <i class=\"fa fa-circle-o\"></i> </td><td align=\"right\"><i class=\"fa fa-circle-o\"></i> <i class=\"fa fa-circle\"></i> </tr></table>\n|uhtml|bestof|<h2><strong>Game 2</strong> of <a href=\"/game-bestof3-gen9vgc2025regibo3-2353382301\">a best-of-3</a></h2>\n|t:|1745951321\n|gametype|doubles\n|player|p1|Jakobtc|riley|1385\n|player|p2|Bjorn1425|170|1299\n|teamsize|p1|6\n|teamsize|p2|6\n|gen|9\n|tier|[Gen 9] VGC 2025 Reg I (Bo3)\n|rated|\n|rule|Species Clause: Limit one of each Pok\u00e9mon\n|rule|Item Clause: Limit 1 of each item\n|clearpoke\n|poke|p1|Calyrex-Shadow, L50|\n|poke|p1|Zacian-*, L50|\n|poke|p1|Incineroar, L50, F|\n|poke|p1|Rillaboom, L50, M|\n|poke|p1|Urshifu-*, L50, F|\n|poke|p1|Tornadus, L50, M|\n|poke|p2|Lunala, L50|\n|poke|p2|Koraidon, L50|\n|poke|p2|Flutter Mane, L50|\n|poke|p2|Indeedee-F, L50, F|\n|poke|p2|Ogerpon-Cornerstone, L50, F|\n|poke|p2|Chi-Yu, L50|\n|teampreview|4\n|showteam|p1|Calyrex-Shadow||FocusSash|AsOneSpectrier|AstralBarrage,Psychic,Taunt,Protect||||||50|,,,,,Stellar]Zacian-Crowned||RustedSword|IntrepidSword|behemothblade,PlayRough,SacredSword,Protect||||||50|,,,,,Water]Incineroar||SafetyGoggles|Intimidate|FakeOut,KnockOff,HelpingHand,PartingShot|||F|||50|,,,,,Bug]Rillaboom||AssaultVest|GrassySurge|FakeOut,GrassyGlide,WoodHammer,Uturn|||M|||50|,,,,,Fire]Urshifu-Rapid-Strike||ChoiceScarf|UnseenFist|SurgingStrikes,CloseCombat,AquaJet,Uturn|||F|||50|,,,,,Water]Tornadus||CovertCloak|Prankster|BleakwindStorm,Tailwind,RainDance,Protect|||M|||50|,,,,,Dark\n|showteam|p2|Lunala||PowerHerb|ShadowShield|Protect,ExpandingForce,MoongeistBeam,MeteorBeam||||||50|,,,,,Water]Koraidon||LifeOrb|OrichalcumPulse|Protect,FlareBlitz,FlameCharge,CloseCombat||||||50|,,,,,Fire]Flutter Mane||FocusSash|Protosynthesis|Protect,Moonblast,ShadowBall,IcyWind||||||50|,,,,,Normal]Indeedee-F||RockyHelmet|PsychicSurge|FollowMe,HelpingHand,ShadowBall,TrickRoom|||F|||50|,,,,,Water]Ogerpon-Cornerstone||CornerstoneMask|Sturdy|Protect,IvyCudgel,PowerWhip,FollowMe|||F|||50|,,,,,Rock]Chi-Yu||ChoiceScarf|BeadsofRuin|HeatWave,Snarl,DarkPulse,Overheat||||||50|,,,,,Fire\n|inactive|Battle timer is ON: inactive players will automatically lose when time's up. (requested by Jakobtc)\n|\n|t:|1745951352\n|start\n|switch|p1a: Zacian|Zacian-Crowned, L50|100/100\n|switch|p1b: Tornadus|Tornadus, L50, M|100/100\n|switch|p2a: Lunala|Lunala, L50|100/100\n|switch|p2b: Indeedee|Indeedee-F, L50, F|100/100\n|-ability|p1a: Zacian|Intrepid Sword|boost\n|-boost|p1a: Zacian|atk|1\n|-fieldstart|move: Psychic Terrain|[from] ability: Psychic Surge|[of] p2b: Indeedee\n|turn|1\n|\n|t:|1745951371\n|-terastallize|p2b: Indeedee|Water\n|move|p1a: Zacian|Behemoth Blade|p2b: Indeedee\n|-resisted|p2b: Indeedee\n|-damage|p2b: Indeedee|57/100\n|-damage|p1a: Zacian|84/100|[from] item: Rocky Helmet|[of] p2b: Indeedee\n|move|p1b: Tornadus|Bleakwind Storm|p2a: Lunala|[spread] p2a,p2b\n|-damage|p2a: Lunala|88/100\n|-damage|p2b: Indeedee|25/100\n|move|p2a: Lunala|Meteor Beam||[still]\n|-prepare|p2a: Lunala|Meteor Beam\n|-boost|p2a: Lunala|spa|1\n|-enditem|p2a: Lunala|Power Herb\n|-anim|p2a: Lunala|Meteor Beam|p1b: Tornadus\n|-supereffective|p1b: Tornadus\n|-damage|p1b: Tornadus|0 fnt\n|faint|p1b: Tornadus\n|move|p2b: Indeedee|Trick Room|p2b: Indeedee\n|-fieldstart|move: Trick Room|[of] p2b: Indeedee\n|\n|upkeep\n|\n|t:|1745951387\n|switch|p1b: Incineroar|Incineroar, L50, F|100/100\n|-ability|p1b: Incineroar|Intimidate|boost\n|-unboost|p2a: Lunala|atk|1\n|-unboost|p2b: Indeedee|atk|1\n|turn|2\n|\n|t:|1745951395\n|switch|p2b: Ogerpon|Ogerpon-Cornerstone, L50, F|100/100\n|move|p2a: Lunala|Protect|p2a: Lunala\n|-singleturn|p2a: Lunala|Protect\n|move|p1a: Zacian|Protect|p1a: Zacian\n|-singleturn|p1a: Zacian|Protect\n|move|p1b: Incineroar|Knock Off|p2b: Ogerpon\n|-damage|p2b: Ogerpon|65/100\n|\n|upkeep\n|turn|3\n|\n|t:|1745951410\n|-terastallize|p1a: Zacian|Water\n|move|p2b: Ogerpon|Follow Me|p2b: Ogerpon\n|-singleturn|p2b: Ogerpon|move: Follow Me\n|move|p1b: Incineroar|Parting Shot|p2b: Ogerpon\n|-unboost|p2b: Ogerpon|atk|1\n|-unboost|p2b: Ogerpon|spa|1\n|\n|t:|1745951415\n|switch|p1b: Calyrex|Calyrex-Shadow, L50|100/100|[from] Parting Shot\n|-ability|p1b: Calyrex|As One\n|-ability|p1b: Calyrex|Unnerve\n|move|p2a: Lunala|Moongeist Beam|p1a: Zacian\n|-damage|p1a: Zacian|9/100\n|move|p1a: Zacian|Behemoth Blade|p2b: Ogerpon\n|-supereffective|p2b: Ogerpon\n|-damage|p2b: Ogerpon|0 fnt\n|faint|p2b: Ogerpon\n|\n|upkeep\n|\n|t:|1745951421\n|switch|p2b: Indeedee|Indeedee-F, L50, F, tera:Water|25/100\n|turn|4\n|\n|t:|1745951434\n|move|p1a: Zacian|Protect|p1a: Zacian\n|-singleturn|p1a: Zacian|Protect\n|move|p1b: Calyrex|Protect|p1b: Calyrex\n|-singleturn|p1b: Calyrex|Protect\n|move|p2b: Indeedee|Shadow Ball|p1b: Calyrex\n|-activate|p1b: Calyrex|move: Protect\n|move|p2a: Lunala|Expanding Force|p1a: Zacian|[spread] \n|-activate|p1a: Zacian|move: Protect\n|-activate|p1b: Calyrex|move: Protect\n|\n|upkeep\n|turn|5\n|\n|t:|1745951463\n|switch|p2b: Koraidon|Koraidon, L50|100/100\n|-weather|SunnyDay|[from] ability: Orichalcum Pulse|[of] p2b: Koraidon\n|-activate|p2b: Koraidon|Orichalcum Pulse|[source]\n|switch|p1a: Incineroar|Incineroar, L50, F|100/100\n|-ability|p1a: Incineroar|Intimidate|boost\n|-unboost|p2a: Lunala|atk|1\n|-unboost|p2b: Koraidon|atk|1\n|move|p2a: Lunala|Expanding Force|p1b: Calyrex|[spread] p1b\n|-immune|p1a: Incineroar\n|-resisted|p1b: Calyrex\n|-damage|p1b: Calyrex|53/100\n|move|p1b: Calyrex|Astral Barrage|p2a: Lunala|[spread] p2a,p2b\n|-supereffective|p2a: Lunala\n|-damage|p2a: Lunala|0 fnt\n|-damage|p2b: Koraidon|48/100\n|faint|p2a: Lunala\n|-ability|p1b: Calyrex|Grim Neigh|boost\n|-boost|p1b: Calyrex|spa|1\n|\n|-weather|SunnyDay|[upkeep]\n|-fieldend|move: Trick Room\n|-fieldend|move: Psychic Terrain\n|upkeep\n|\n|t:|1745951466\n|switch|p2a: Indeedee|Indeedee-F, L50, F, tera:Water|25/100\n|-fieldstart|move: Psychic Terrain|[from] ability: Psychic Surge|[of] p2a: Indeedee\n|turn|6\n|-message|Bjorn1425 forfeited.\n|\n|win|Jakobtc\n||Bjorn1425 is ready for game 3.\n|inactive|Jakobtc has 30 seconds to confirm battle start!\n", "uploadtime": 1745951485, "views": 6, "formatid": "gen9vgc2025regibo3", "rating": null, "private": 0, "password": null}