{"id": "gen9vgc2025regibo3-2354319031", "format": "[Gen 9] VGC 2025 Reg I (Bo3)", "players": ["is_katabo", "goldentrubbish13"], "log": "|j|\u2606is_katabo\n|j|\u203dgoldentrubbish13\n|html|<table width=\"100%\"><tr><td align=\"left\">is_katabo</td><td align=\"right\">goldentrubbish13</tr><tr><td align=\"left\"><i class=\"fa fa-circle\"></i> <i class=\"fa fa-circle-o\"></i> </td><td align=\"right\"><i class=\"fa fa-circle-o\"></i> <i class=\"fa fa-circle-o\"></i> </tr></table>\n|uhtml|bestof|<h2><strong>Game 2</strong> of <a href=\"/game-bestof3-gen9vgc2025regibo3-2354316817\">a best-of-3</a></h2>\n|t:|1746056812\n|gametype|doubles\n|player|p1|is_katabo|caitlin|1121\n|player|p2|goldentrubbish13|265|1075\n|teamsize|p1|6\n|teamsize|p2|6\n|gen|9\n|tier|[Gen 9] VGC 2025 Reg I (Bo3)\n|rated|\n|rule|Species Clause: Limit one of each Pok\u00e9mon\n|rule|Item Clause: Limit 1 of each item\n|clearpoke\n|poke|p1|Koraidon, L50|\n|poke|p1|Calyrex-Shadow, L50|\n|poke|p1|Incineroar, L50, F|\n|poke|p1|Indeedee-F, L50, F|\n|poke|p1|Brute Bonnet, L50|\n|poke|p1|Flutter Mane, L50|\n|poke|p2|Calyrex-Shadow, L50|\n|poke|p2|Koraidon, L50|\n|poke|p2|Whimsicott, L50, F|\n|poke|p2|Ogerpon-Hearthflame, L50, F|\n|poke|p2|Incineroar, L50, M|\n|poke|p2|Iron Hands, L50|\n|teampreview|4\n|showteam|p1|Koraidon||LifeOrb|OrichalcumPulse|CloseCombat,FlameCharge,FlareBlitz,Protect||||||50|,,,,,Fire]Calyrex-Shadow||FocusSash|AsOneSpectrier|AstralBarrage,ExpandingForce,Psychic,Protect||||||50|,,,,,Ghost]Incineroar||SafetyGoggles|Intimidate|FakeOut,KnockOff,PartingShot,Taunt|||F|||50|,,,,,Bug]Indeedee-F||RockyHelmet|PsychicSurge|Psychic,FollowMe,HelpingHand,TrickRoom|||F|||50|,,,,,Water]Brute Bonnet||CovertCloak|Protosynthesis|SeedBomb,SuckerPunch,RagePowder,Spore||||||50|,,,,,Fairy]Flutter Mane||BoosterEnergy|Protosynthesis|Moonblast,IcyWind,Taunt,Protect||||||50|,,,,,Water\n|showteam|p2|Calyrex-Shadow||FocusSash|AsOneSpectrier|AstralBarrage,Psychic,NastyPlot,Protect||||||50|,,,,,Ghost]Koraidon||LifeOrb|OrichalcumPulse|FlareBlitz,CloseCombat,FlameCharge,Protect||||||50|,,,,,Fire]Whimsicott||CovertCloak|Prankster|Moonblast,Tailwind,Encore,Taunt|||F|||50|,,,,,Dark]Ogerpon-Hearthflame||HearthflameMask|MoldBreaker|IvyCudgel,WoodHammer,FollowMe,SpikyShield|||F|||50|,,,,,Fire]Incineroar||RockyHelmet|Intimidate|KnockOff,Taunt,PartingShot,FakeOut|||M|||50|,,,,,Grass]Iron Hands||AssaultVest|QuarkDrive|WildCharge,DrainPunch,LowKick,FakeOut||||||50|,,,,,Water\n|\n|t:|1746056839\n|start\n|switch|p1a: Jockey|Calyrex-Shadow, L50|100/100\n|switch|p1b: Ghast|Flutter Mane, L50|100/100\n|switch|p2a: Koraidon|Koraidon, L50|100/100\n|switch|p2b: Whimsicott|Whimsicott, L50, F|100/100\n|-ability|p1a: Jockey|As One\n|-ability|p1a: Jockey|Unnerve\n|-weather|SunnyDay|[from] ability: Orichalcum Pulse|[of] p2a: Koraidon\n|-activate|p1b: Ghast|ability: Protosynthesis\n|-start|p1b: Ghast|protosynthesisspe\n|-activate|p2a: Koraidon|Orichalcum Pulse|[source]\n|turn|1\n|\n|t:|1746056860\n|-terastallize|p1b: Ghast|Water\n|move|p2a: Koraidon|Protect|p2a: Koraidon\n|-singleturn|p2a: Koraidon|Protect\n|move|p2b: Whimsicott|Tailwind|p2b: Whimsicott\n|-sidestart|p2: goldentrubbish13|move: Tailwind\n|move|p1b: Ghast|Icy Wind|p2a: Koraidon|[spread] p2b\n|-activate|p2a: Koraidon|move: Protect\n|-supereffective|p2b: Whimsicott\n|-damage|p2b: Whimsicott|70/100\n|move|p1a: Jockey|Astral Barrage|p2a: Koraidon|[spread] p2b\n|-activate|p2a: Koraidon|move: Protect\n|-damage|p2b: Whimsicott|5/100\n|\n|-weather|SunnyDay|[upkeep]\n|upkeep\n|turn|2\n|\n|t:|1746056895\n|move|p1a: Jockey|Protect|p1a: Jockey\n|-singleturn|p1a: Jockey|Protect\n|move|p2a: Koraidon|Close Combat|p1b: Ghast\n|-damage|p1b: Ghast|0 fnt\n|-unboost|p2a: Koraidon|def|1\n|-unboost|p2a: Koraidon|spd|1\n|faint|p1b: Ghast\n|-end|p1b: Ghast|Protosynthesis|[silent]\n|-damage|p2a: Koraidon|91/100|[from] item: Life Orb\n|move|p2b: Whimsicott|Moonblast|p1a: Jockey\n|-activate|p1a: Jockey|move: Protect\n|\n|-weather|SunnyDay|[upkeep]\n|upkeep\n|\n|t:|1746056907\n|switch|p1b: Steve|Incineroar, L50, F|100/100\n|-ability|p1b: Steve|Intimidate|boost\n|-unboost|p2a: Koraidon|atk|1\n|-unboost|p2b: Whimsicott|atk|1\n|turn|3\n|\n|t:|1746056953\n|move|p2b: Whimsicott|Encore|p1a: Jockey\n|-start|p1a: Jockey|Encore\n|move|p2a: Koraidon|Flame Charge|p1a: Jockey\n|-damage|p1a: Jockey|61/100\n|-boost|p2a: Koraidon|spe|1\n|-damage|p2a: Koraidon|81/100|[from] item: Life Orb\n|move|p1a: Jockey|Protect||[still]\n|-fail|p1a: Jockey\n|move|p1b: Steve|Knock Off|p2b: Whimsicott\n|-resisted|p2b: Whimsicott\n|-damage|p2b: Whimsicott|0 fnt\n|-enditem|p2b: Whimsicott|Covert Cloak|[from] move: Knock Off|[of] p1b: Steve\n|faint|p2b: Whimsicott\n|\n|-weather|SunnyDay|[upkeep]\n|upkeep\n|\n|t:|1746056961\n|switch|p2b: Calyrex|Calyrex-Shadow, L50|100/100\n|-ability|p2b: Calyrex|As One\n|-ability|p2b: Calyrex|Unnerve\n|turn|4\n|\n|t:|1746056982\n|switch|p1a: Chicken|Koraidon, L50|100/100\n|-activate|p1a: Chicken|ability: Orichalcum Pulse\n|move|p2a: Koraidon|Close Combat|p1b: Steve\n|-supereffective|p1b: Steve\n|-damage|p1b: Steve|0 fnt\n|-unboost|p2a: Koraidon|def|1\n|-unboost|p2a: Koraidon|spd|1\n|faint|p1b: Steve\n|-damage|p2a: Koraidon|72/100|[from] item: Life Orb\n|move|p2b: Calyrex|Nasty Plot|p2b: Calyrex\n|-boost|p2b: Calyrex|spa|2\n|\n|-weather|SunnyDay|[upkeep]\n|-sideend|p2: goldentrubbish13|move: Tailwind\n|upkeep\n|\n|t:|1746056995\n|switch|p1b: Jockey|Calyrex-Shadow, L50|61/100\n|-ability|p1b: Jockey|As One\n|-ability|p1b: Jockey|Unnerve\n|turn|5\n|\n|t:|1746057006\n|move|p2a: Koraidon|Close Combat|p1a: Chicken\n|-damage|p1a: Chicken|33/100\n|-unboost|p2a: Koraidon|def|1\n|-unboost|p2a: Koraidon|spd|1\n|-damage|p2a: Koraidon|62/100|[from] item: Life Orb\n|move|p2b: Calyrex|Astral Barrage|p1a: Chicken|[spread] p1a,p1b\n|-supereffective|p1b: Jockey\n|-damage|p1a: Chicken|0 fnt\n|-damage|p1b: Jockey|0 fnt\n|faint|p1a: Chicken\n|faint|p1b: Jockey\n|\n|win|goldentrubbish13\n||goldentrubbish13 is ready for game 3.\n|inactive|is_katabo has 30 seconds to confirm battle start!\n||is_katabo is ready for game 3.\n|uhtml|next|Next: <a href=\"/battle-gen9vgc2025regibo3-2354320811\"><strong>Game 3 of 3</strong></a>\n", "uploadtime": 1746057018, "views": 6, "formatid": "gen9vgc2025regibo3", "rating": null, "private": 0, "password": null}