{"id": "gen9vgc2025regibo3-2354188493", "format": "[Gen 9] VGC 2025 Reg I (Bo3)", "players": ["entei enthusiast", "Maximilian sheldon"], "log": "|j|\u2606entei enthusiast\n|j|\u2606Maximilian sheldon\n|html|<table width=\"100%\"><tr><td align=\"left\">entei enthusiast</td><td align=\"right\">Maximilian sheldon</tr><tr><td align=\"left\"><i class=\"fa fa-circle-o\"></i> <i class=\"fa fa-circle-o\"></i> </td><td align=\"right\"><i class=\"fa fa-circle-o\"></i> <i class=\"fa fa-circle\"></i> </tr></table>\n|uhtml|bestof|<h2><strong>Game 2</strong> of <a href=\"/game-bestof3-gen9vgc2025regibo3-2354185709\">a best-of-3</a></h2>\n|t:|1746042829\n|gametype|doubles\n|player|p1|entei enthusiast|nate-masters|1348\n|player|p2|Maximilian sheldon|morty|1511\n|teamsize|p1|6\n|teamsize|p2|6\n|gen|9\n|tier|[Gen 9] VGC 2025 Reg I (Bo3)\n|rated|\n|rule|Species Clause: Limit one of each Pok\u00e9mon\n|rule|Item Clause: Limit 1 of each item\n|clearpoke\n|poke|p1|Koraidon, L50|\n|poke|p1|Lunala, L50|\n|poke|p1|Flutter Mane, L50|\n|poke|p1|Chi-Yu, L50|\n|poke|p1|Ursaluna, L50, M|\n|poke|p1|Brute Bonnet, L50|\n|poke|p2|Kyogre, L50|\n|poke|p2|Amoonguss, L50, M|\n|poke|p2|Rillaboom, L50, F|\n|poke|p2|Calyrex-Ice, L50|\n|poke|p2|Urshifu-*, L50, M|\n|poke|p2|Roaring Moon, L50|\n|teampreview|4\n|showteam|p1|Koraidon||LifeOrb|OrichalcumPulse|FlareBlitz,FlameCharge,CloseCombat,Protect||||||50|,,,,,Fire]Lunala||PowerHerb|ShadowShield|WideGuard,MeteorBeam,MoongeistBeam,TrickRoom||||||50|,,,,,Water]Flutter Mane||FocusSash|Protosynthesis|Moonblast,IcyWind,ShadowBall,Protect||||||50|,,,,,Normal]Chi-Yu||ChoiceScarf|BeadsofRuin|Flamethrower,HeatWave,DarkPulse,Snarl||||||50|,,,,,Ghost]Ursaluna||FlameOrb|Guts|Facade,Earthquake,HeadlongRush,Protect|||M|||50|,,,,,Ghost]Brute Bonnet||CovertCloak|Protosynthesis|SeedBomb,SuckerPunch,Spore,RagePowder||||||50|,,,,,Water\n|showteam|p2|Kyogre||MysticWater|Drizzle|WaterSpout,OriginPulse,IceBeam,Protect||||||50|,,,,,Grass]Amoonguss||RockyHelmet|Regenerator|RagePowder,Spore,SludgeBomb,Protect|||M|||50|,,,,,Fairy]Rillaboom||AssaultVest|GrassySurge|WoodHammer,GrassyGlide,Uturn,FakeOut|||F|||50|,,,,,Normal]Calyrex-Ice||ClearAmulet|AsOneGlastrier|GlacialLance,HighHorsepower,TrickRoom,Protect||||||50|,,,,,Fairy]Urshifu-Rapid-Strike||ChoiceScarf|UnseenFist|SurgingStrikes,CloseCombat,AquaJet,Uturn|||M|||50|,,,,,Ghost]Roaring Moon||BoosterEnergy|Protosynthesis|KnockOff,BreakingSwipe,Tailwind,Protect||||||50|,,,,,Poison\n|\n|t:|1746042856\n|start\n|switch|p1a: Kardas|Koraidon, L50|100/100\n|switch|p1b: Gwyndolin|Flutter Mane, L50|100/100\n|switch|p2a: Roaring Moon|Roaring Moon, L50|100/100\n|switch|p2b: Urshifu|Urshifu-Rapid-Strike, L50, M|100/100\n|-weather|SunnyDay|[from] ability: Orichalcum Pulse|[of] p1a: Kardas\n|-activate|p1b: Gwyndolin|ability: Protosynthesis\n|-start|p1b: Gwyndolin|protosynthesisspe\n|-activate|p2a: Roaring Moon|ability: Protosynthesis\n|-start|p2a: Roaring Moon|protosynthesisspe\n|-activate|p1a: Kardas|Orichalcum Pulse|[source]\n|turn|1\n|\n|t:|1746042915\n|-end|p2a: Roaring Moon|Protosynthesis|[silent]\n|switch|p2a: Kyogre|Kyogre, L50|100/100\n|-weather|RainDance|[from] ability: Drizzle|[of] p2a: Kyogre\n|-end|p1b: Gwyndolin|Protosynthesis\n|move|p2b: Urshifu|Surging Strikes|p1b: Gwyndolin\n|-crit|p1b: Gwyndolin\n|-damage|p1b: Gwyndolin|34/100\n|-crit|p1b: Gwyndolin\n|-damage|p1b: Gwyndolin|0 fnt\n|faint|p1b: Gwyndolin\n|-end|p1b: Gwyndolin|Protosynthesis|[silent]\n|-hitcount|p1: Gwyndolin|2\n|move|p1a: Kardas|Close Combat|p2b: Urshifu\n|-damage|p2b: Urshifu|10/100\n|-unboost|p1a: Kardas|def|1\n|-unboost|p1a: Kardas|spd|1\n|-damage|p1a: Kardas|91/100|[from] item: Life Orb\n|\n|-weather|RainDance|[upkeep]\n|upkeep\n|\n|t:|1746042928\n|switch|p1b: Rhapthorne|Lunala, L50|100/100\n|turn|2\n|\n|t:|1746042967\n|move|p1a: Kardas|Protect|p1a: Kardas\n|-singleturn|p1a: Kardas|Protect\n|move|p2b: Urshifu|Surging Strikes|p1a: Kardas\n|-resisted|p1a: Kardas\n|-crit|p1a: Kardas\n|-damage|p1a: Kardas|69/100\n|-resisted|p1a: Kardas\n|-crit|p1a: Kardas\n|-damage|p1a: Kardas|49/100\n|-resisted|p1a: Kardas\n|-crit|p1a: Kardas\n|-damage|p1a: Kardas|27/100\n|-hitcount|p1a: Kardas|3\n|move|p1b: Rhapthorne|Meteor Beam||[still]\n|-prepare|p1b: Rhapthorne|Meteor Beam\n|-boost|p1b: Rhapthorne|spa|1\n|-enditem|p1b: Rhapthorne|Power Herb\n|-anim|p1b: Rhapthorne|Meteor Beam|p2a: Kyogre\n|-damage|p2a: Kyogre|57/100\n|move|p2a: Kyogre|Ice Beam|p1a: Kardas\n|-activate|p1a: Kardas|move: Protect\n|\n|-weather|RainDance|[upkeep]\n|upkeep\n|turn|3\n|\n|t:|1746043006\n|move|p2a: Kyogre|Protect|p2a: Kyogre\n|-singleturn|p2a: Kyogre|Protect\n|move|p2b: Urshifu|Surging Strikes|p1b: Rhapthorne\n|-crit|p1b: Rhapthorne\n|-damage|p1b: Rhapthorne|89/100\n|-crit|p1b: Rhapthorne\n|-damage|p1b: Rhapthorne|67/100\n|-crit|p1b: Rhapthorne\n|-damage|p1b: Rhapthorne|45/100\n|-hitcount|p1b: Rhapthorne|3\n|move|p1a: Kardas|Close Combat|p2b: Urshifu\n|-damage|p2b: Urshifu|0 fnt\n|-unboost|p1a: Kardas|def|1\n|-unboost|p1a: Kardas|spd|1\n|faint|p2b: Urshifu\n|-damage|p1a: Kardas|18/100|[from] item: Life Orb\n|move|p1b: Rhapthorne|Moongeist Beam|p2a: Kyogre\n|-activate|p2a: Kyogre|move: Protect\n|\n|-weather|RainDance|[upkeep]\n|upkeep\n|\n|t:|1746043028\n|switch|p2b: Roaring Moon|Roaring Moon, L50|100/100\n|-enditem|p2b: Roaring Moon|Booster Energy\n|-activate|p2b: Roaring Moon|ability: Protosynthesis|[fromitem]\n|-start|p2b: Roaring Moon|protosynthesisspe\n|turn|4\n|\n|t:|1746043058\n|switch|p2a: Amoonguss|Amoonguss, L50, M|100/100\n|-terastallize|p1b: Rhapthorne|Water\n|move|p1a: Kardas|Protect|p1a: Kardas\n|-singleturn|p1a: Kardas|Protect\n|move|p2b: Roaring Moon|Breaking Swipe|p1a: Kardas|[spread] p1b\n|-activate|p1a: Kardas|move: Protect\n|-damage|p1b: Rhapthorne|27/100\n|-unboost|p1b: Rhapthorne|atk|1\n|move|p1b: Rhapthorne|Trick Room|p1b: Rhapthorne\n|-fieldstart|move: Trick Room|[of] p1b: Rhapthorne\n|\n|-weather|RainDance|[upkeep]\n|upkeep\n|turn|5\n|\n|t:|1746043086\n|switch|p1b: Yao Guai|Ursaluna, L50, M|100/100\n|move|p2a: Amoonguss|Sludge Bomb|p1a: Kardas\n|-damage|p1a: Kardas|0 fnt\n|faint|p1a: Kardas\n|move|p2b: Roaring Moon|Knock Off|p1b: Yao Guai\n|-damage|p1b: Yao Guai|66/100\n|-enditem|p1b: Yao Guai|Flame Orb|[from] move: Knock Off|[of] p2b: Roaring Moon\n|\n|-weather|none\n|upkeep\n|\n|t:|1746043093\n|switch|p1a: Rhapthorne|Lunala, L50, tera:Water|27/100\n|turn|6\n|\n|t:|1746043117\n|move|p1b: Yao Guai|Headlong Rush|p2a: Amoonguss\n|-damage|p2a: Amoonguss|48/100\n|-unboost|p1b: Yao Guai|def|1\n|-unboost|p1b: Yao Guai|spd|1\n|-damage|p1b: Yao Guai|50/100|[from] item: Rocky Helmet|[of] p2a: Amoonguss\n|move|p2a: Amoonguss|Spore|p1b: Yao Guai\n|-status|p1b: Yao Guai|slp|[from] move: Spore\n|move|p1a: Rhapthorne|Moongeist Beam|p2a: Amoonguss\n|-damage|p2a: Amoonguss|0 fnt\n|faint|p2a: Amoonguss\n|move|p2b: Roaring Moon|Knock Off|p1a: Rhapthorne\n|-damage|p1a: Rhapthorne|4/100\n|\n|upkeep\n|inactive|Battle timer is ON: inactive players will automatically lose when time's up. (requested by Maximilian sheldon)\n|\n|t:|1746043125\n|switch|p2a: Kyogre|Kyogre, L50|57/100\n|-weather|RainDance|[from] ability: Drizzle|[of] p2a: Kyogre\n|turn|7\n|\n|t:|1746043135\n|cant|p1b: Yao Guai|slp\n|move|p1a: Rhapthorne|Wide Guard|p1a: Rhapthorne\n|-singleturn|p1a: Rhapthorne|Wide Guard\n|move|p2a: Kyogre|Ice Beam|p1a: Rhapthorne\n|-resisted|p1a: Rhapthorne\n|-damage|p1a: Rhapthorne|0 fnt\n|faint|p1a: Rhapthorne\n|move|p2b: Roaring Moon|Breaking Swipe|p1b: Yao Guai\n|-activate|p1b: Yao Guai|move: Wide Guard\n|\n|-weather|RainDance|[upkeep]\n|upkeep\n|turn|8\n|\n|t:|1746043152\n|move|p2a: Kyogre|Protect|p2a: Kyogre\n|-singleturn|p2a: Kyogre|Protect\n|move|p2b: Roaring Moon|Protect|p2b: Roaring Moon\n|-singleturn|p2b: Roaring Moon|Protect\n|-curestatus|p1b: Yao Guai|slp|[msg]\n|move|p1b: Yao Guai|Facade|p2a: Kyogre\n|-activate|p2a: Kyogre|move: Protect\n|\n|-weather|RainDance|[upkeep]\n|-fieldend|move: Trick Room\n|upkeep\n|turn|9\n|c|\u2606entei enthusiast|ggs\n|\n|t:|1746043160\n|move|p2b: Roaring Moon|Knock Off|p1b: Yao Guai\n|-damage|p1b: Yao Guai|13/100\n|move|p2a: Kyogre|Water Spout|p1b: Yao Guai\n|-supereffective|p1b: Yao Guai\n|-damage|p1b: Yao Guai|0 fnt\n|faint|p1b: Yao Guai\n|\n|win|Maximilian sheldon\n|raw|entei enthusiast's rating: 1348 &rarr; <strong>1337</strong><br />(-11 for losing)\n|raw|Maximilian sheldon's rating: 1511 &rarr; <strong>1522</strong><br />(+11 for winning)\n|c|\u2606Maximilian sheldon|Gg\n|l|\u2606Maximilian sheldon\n|player|p2|\n", "uploadtime": 1746043177, "views": 22, "formatid": "gen9vgc2025regibo3", "rating": 1337, "private": 0, "password": null}