{"id": "gen9vgc2025regibo3-2353856096", "format": "[Gen 9] VGC 2025 Reg I (Bo3)", "players": ["Winged Kings", "pepepitufo"], "log": "|j|\u2606Winged Kings\n|j|\u2606pepepitufo\n|html|<table width=\"100%\"><tr><td align=\"left\">Winged Kings</td><td align=\"right\">pepepitufo</tr><tr><td align=\"left\"><i class=\"fa fa-circle\"></i> <i class=\"fa fa-circle-o\"></i> </td><td align=\"right\"><i class=\"fa fa-circle-o\"></i> <i class=\"fa fa-circle-o\"></i> </tr></table>\n|uhtml|bestof|<h2><strong>Game 2</strong> of <a href=\"/game-bestof3-gen9vgc2025regibo3-2353855072\">a best-of-3</a></h2>\n|t:|1746010972\n|gametype|doubles\n|player|p1|Winged Kings|iono|1242\n|player|p2|pepepitufo|cynthia-gen4|1179\n|teamsize|p1|6\n|teamsize|p2|6\n|gen|9\n|tier|[Gen 9] VGC 2025 Reg I (Bo3)\n|rated|\n|rule|Species Clause: Limit one of each Pok\u00e9mon\n|rule|Item Clause: Limit 1 of each item\n|clearpoke\n|poke|p1|Koraidon, L50|\n|poke|p1|Ho-Oh, L50|\n|poke|p1|Raging Bolt, L50|\n|poke|p1|Flutter Mane, L50|\n|poke|p1|Iron Treads, L50|\n|poke|p1|Brute Bonnet, L50|\n|poke|p2|Calyrex-Ice, L50|\n|poke|p2|Smeargle, L50, M|\n|poke|p2|Miraidon, L50|\n|poke|p2|Whimsicott, L50, F|\n|poke|p2|Chi-Yu, L50|\n|poke|p2|Ursaluna, L50, M|\n|teampreview|4\n|showteam|p1|Koraidon||LoadedDice|OrichalcumPulse|CollisionCourse,FlareBlitz,ScaleShot,Protect||||||50|,,,,,Fire]Ho-Oh||ClearAmulet|Regenerator|BraveBird,SacredFire,Tailwind,Protect||||||50|,,,,,Grass]Raging Bolt||AssaultVest|Protosynthesis|Electroweb,DracoMeteor,Thunderclap,Snarl||||||50|,,,,,Electric]Flutter Mane||FocusSash|Protosynthesis|Moonblast,ShadowBall,IcyWind,Protect||||||50|,,,,,Stellar]Iron Treads||LifeOrb|QuarkDrive|IronHead,KnockOff,HighHorsepower,Protect||||||50|,,,,,Ghost]Brute Bonnet||CovertCloak|Protosynthesis|Spore,RagePowder,SeedBomb,SuckerPunch||||||50|,,,,,Water\n|showteam|p2|Calyrex-Ice||ClearAmulet|AsOneGlastrier|GlacialLance,HighHorsepower,Protect,TrickRoom||||||50|,,,,,Water]Smeargle||FocusSash|OwnTempo|Spore,FollowMe,Decorate,FakeOut|||M|||50|,,,,,Ghost]Miraidon||ChoiceSpecs|HadronEngine|DazzlingGleam,ElectroDrift,VoltSwitch,DracoMeteor||||||50|,,,,,Fairy]Whimsicott||CovertCloak|Prankster|Moonblast,Tailwind,Encore,Taunt|||F|||50|,,,,,Steel]Chi-Yu||ChoiceScarf|BeadsofRuin|Snarl,DarkPulse,Overheat,HeatWave||||||50|,,,,,Ghost]Ursaluna||FlameOrb|Guts|HeadlongRush,Facade,CloseCombat,Protect|||M|||50|,,,,,Ghost\n|\n|t:|1746011011\n|start\n|switch|p1a: Ho-Oh|Ho-Oh, L50, shiny|100/100\n|switch|p1b: Koraidon|Koraidon, L50|100/100\n|switch|p2a: Miraidon|Miraidon, L50|100/100\n|switch|p2b: Smeargle|Smeargle, L50, M|100/100\n|-fieldstart|move: Electric Terrain|[from] ability: Hadron Engine|[of] p2a: Miraidon\n|-weather|SunnyDay|[from] ability: Orichalcum Pulse|[of] p1b: Koraidon\n|-activate|p1b: Koraidon|Orichalcum Pulse|[source]\n|turn|1\n|inactive|Battle timer is ON: inactive players will automatically lose when time's up. (requested by pepepitufo)\n|\n|t:|1746011039\n|-terastallize|p2a: Miraidon|Fairy\n|move|p1b: Koraidon|Protect|p1b: Koraidon\n|-singleturn|p1b: Koraidon|Protect\n|move|p1a: Ho-Oh|Protect|p1a: Ho-Oh\n|-singleturn|p1a: Ho-Oh|Protect\n|move|p2a: Miraidon|Electro Drift|p1a: Ho-Oh\n|-activate|p1a: Ho-Oh|move: Protect\n|move|p2b: Smeargle|Decorate|p2a: Miraidon\n|-boost|p2a: Miraidon|atk|2\n|-boost|p2a: Miraidon|spa|2\n|\n|-weather|SunnyDay|[upkeep]\n|upkeep\n|turn|2\n|inactive|pepepitufo has 30 seconds left.\n|\n|t:|1746011064\n|-terastallize|p1a: Ho-Oh|Grass\n|move|p2b: Smeargle|Follow Me|p2b: Smeargle\n|-singleturn|p2b: Smeargle|move: Follow Me\n|move|p2a: Miraidon|Electro Drift|p1b: Koraidon\n|-resisted|p1b: Koraidon\n|-damage|p1b: Koraidon|0 fnt\n|faint|p1b: Koraidon\n|move|p1a: Ho-Oh|Sacred Fire|p2b: Smeargle\n|-enditem|p2b: Smeargle|Focus Sash\n|-damage|p2b: Smeargle|1/100\n|\n|-weather|SunnyDay|[upkeep]\n|upkeep\n|\n|t:|1746011075\n|switch|p1b: Iron Treads|Iron Treads, L50|100/100\n|-activate|p1b: Iron Treads|ability: Quark Drive\n|-start|p1b: Iron Treads|quarkdrivespe\n|turn|3\n|\n|t:|1746011091\n|move|p2b: Smeargle|Follow Me|p2b: Smeargle\n|-singleturn|p2b: Smeargle|move: Follow Me\n|move|p1b: Iron Treads|Iron Head|p2b: Smeargle\n|-damage|p2b: Smeargle|0 fnt\n|faint|p2b: Smeargle\n|-damage|p1b: Iron Treads|91/100|[from] item: Life Orb\n|move|p2a: Miraidon|Electro Drift|p1a: Ho-Oh\n|-resisted|p1a: Ho-Oh\n|-damage|p1a: Ho-Oh|7/100\n|move|p1a: Ho-Oh|Sacred Fire|p2a: Miraidon\n|-damage|p2a: Miraidon|32/100\n|-status|p2a: Miraidon|brn\n|\n|-weather|SunnyDay|[upkeep]\n|-damage|p2a: Miraidon|26/100 brn|[from] brn\n|upkeep\n|\n|t:|1746011110\n|switch|p2b: Calyrex|Calyrex-Ice, L50|100/100\n|-ability|p2b: Calyrex|As One\n|-ability|p2b: Calyrex|Unnerve\n|turn|4\n|\n|t:|1746011124\n|move|p2b: Calyrex|Protect|p2b: Calyrex\n|-singleturn|p2b: Calyrex|Protect\n|move|p1b: Iron Treads|Iron Head|p2a: Miraidon\n|-supereffective|p2a: Miraidon\n|-damage|p2a: Miraidon|0 fnt\n|faint|p2a: Miraidon\n|-damage|p1b: Iron Treads|81/100|[from] item: Life Orb\n|move|p1a: Ho-Oh|Sacred Fire|p2b: Calyrex\n|-activate|p2b: Calyrex|move: Protect\n|\n|-weather|SunnyDay|[upkeep]\n|upkeep\n|\n|t:|1746011129\n|switch|p2a: Chi-Yu|Chi-Yu, L50|100/100\n|-ability|p2a: Chi-Yu|Beads of Ruin\n|turn|5\n|\n|t:|1746011136\n|move|p1b: Iron Treads|High Horsepower|p2a: Chi-Yu\n|-supereffective|p2a: Chi-Yu\n|-damage|p2a: Chi-Yu|0 fnt\n|faint|p2a: Chi-Yu\n|-damage|p1b: Iron Treads|71/100|[from] item: Life Orb\n|move|p1a: Ho-Oh|Sacred Fire|p2b: Calyrex\n|-supereffective|p2b: Calyrex\n|-damage|p2b: Calyrex|18/100\n|move|p2b: Calyrex|Glacial Lance|p1a: Ho-Oh|[spread] p1a,p1b\n|-supereffective|p1a: Ho-Oh\n|-damage|p1a: Ho-Oh|0 fnt\n|-damage|p1b: Iron Treads|14/100\n|faint|p1a: Ho-Oh\n|-ability|p2b: Calyrex|Chilling Neigh|boost\n|-boost|p2b: Calyrex|atk|1\n|\n|-weather|none\n|-fieldend|move: Electric Terrain\n|-end|p1b: Iron Treads|Quark Drive\n|upkeep\n|\n|t:|1746011148\n|switch|p1a: Raging Bolt|Raging Bolt, L50|100/100\n|turn|6\n|\n|t:|1746011157\n|move|p1b: Iron Treads|Knock Off|p2b: Calyrex\n|-supereffective|p2b: Calyrex\n|-damage|p2b: Calyrex|0 fnt\n|-enditem|p2b: Calyrex|Clear Amulet|[from] move: Knock Off|[of] p1b: Iron Treads\n|faint|p2b: Calyrex\n|-damage|p1b: Iron Treads|5/100|[from] item: Life Orb\n|\n|win|Winged Kings\n|raw|Winged Kings's rating: 1242 &rarr; <strong>1263</strong><br />(+21 for winning)\n|raw|pepepitufo's rating: 1179 &rarr; <strong>1158</strong><br />(-21 for losing)\n|l|\u2606pepepitufo\n|player|p2|\n", "uploadtime": 1746011165, "views": 11, "formatid": "gen9vgc2025regibo3", "rating": 1158, "private": 0, "password": null}