{"id": "gen9vgc2025regibo3-2353758880", "format": "[Gen 9] VGC 2025 Reg I (Bo3)", "players": ["dambro222", "espatocular"], "log": "|j|\u2606dambro222\n|j|\u2606espatocular\n|html|<table width=\"100%\"><tr><td align=\"left\">dambro222</td><td align=\"right\">espatocular</tr><tr><td align=\"left\"><i class=\"fa fa-circle-o\"></i> <i class=\"fa fa-circle-o\"></i> </td><td align=\"right\"><i class=\"fa fa-circle-o\"></i> <i class=\"fa fa-circle-o\"></i> </tr></table>\n|uhtml|bestof|<h2><strong>Game 1</strong> of <a href=\"/game-bestof3-gen9vgc2025regibo3-2353758879\">a best-of-3</a></h2>\n|t:|1745995115\n|gametype|doubles\n|player|p1|dambro222|1|1188\n|player|p2|espatocular|101|1244\n|teamsize|p1|6\n|teamsize|p2|6\n|gen|9\n|tier|[Gen 9] VGC 2025 Reg I (Bo3)\n|rated|\n|rule|Species Clause: Limit one of each Pok\u00e9mon\n|rule|Item Clause: Limit 1 of each item\n|clearpoke\n|poke|p1|Ho-Oh, L50|\n|poke|p1|Miraidon, L50|\n|poke|p1|Flutter Mane, L50|\n|poke|p1|Iron Hands, L50|\n|poke|p1|Urshifu-*, L50, M|\n|poke|p1|Iron Treads, L50|\n|poke|p2|Calyrex-Shadow, L50|\n|poke|p2|Tornadus, L50, M|\n|poke|p2|Zamazenta-*, L50|\n|poke|p2|Urshifu-*, L50, M|\n|poke|p2|Rillaboom, L50, F|\n|poke|p2|Chien-Pao, L50|\n|teampreview|4\n|showteam|p1|Ho-Oh||ClearAmulet|Regenerator|SacredFire,BraveBird,Tailwind,Protect||||||50|,,,,,Dragon]Miraidon||CovertCloak|HadronEngine|ElectroDrift,VoltSwitch,DracoMeteor,Protect||||||50|,,,,,Electric]Flutter Mane||BoosterEnergy|Protosynthesis|Moonblast,ShadowBall,IcyWind,Protect||||||50|,,,,,Fairy]Iron Hands||AssaultVest|QuarkDrive|FakeOut,DrainPunch,WildCharge,IcePunch||||||50|,,,,,Water]Urshifu||FocusSash|UnseenFist|WickedBlow,CloseCombat,SuckerPunch,Detect|||M|||50|,,,,,Poison]Iron Treads||ChoiceBand|QuarkDrive|IronHead,HighHorsepower,KnockOff,SteelRoller||||||50|,,,,,Water\n|showteam|p2|Calyrex-Shadow||FocusSash|AsOneSpectrier|Protect,AstralBarrage,ShadowBall,Psychic||||||50|,,,,,Ghost]Tornadus||RockyHelmet|Prankster|Protect,BleakwindStorm,Tailwind,ScaryFace|||M|||50|,,,,,Dark]Zamazenta-Crowned||RustedShield|DauntlessShield|Protect,BodyPress,HeavySlam,WideGuard||||||50|,,,,,Water]Urshifu-Rapid-Strike||MysticWater|UnseenFist|Detect,SurgingStrikes,CloseCombat,AquaJet|||M|||50|,,,,,Water]Rillaboom||AssaultVest|GrassySurge|FakeOut,WoodHammer,GrassyGlide,Uturn|||F|||50|,,,,,Fire]Chien-Pao||LifeOrb|SwordofRuin|Protect,IcicleCrash,IceShard,SuckerPunch||||||50|,,,,,Stellar\n|inactive|Battle timer is ON: inactive players will automatically lose when time's up. (requested by espatocular)\n|inactive|dambro222 has 60 seconds left.\n|inactive|espatocular has 60 seconds left.\n|inactive|espatocular has 30 seconds left.\n|inactive|espatocular has 20 seconds left.\n|inactive|espatocular has 15 seconds left.\n|\n|t:|1745995196\n|start\n|switch|p1a: Urshifu|Urshifu, L50, M|100/100\n|switch|p1b: Miraidon|Miraidon, L50|100/100\n|switch|p2a: Calyrex|Calyrex-Shadow, L50|100/100\n|switch|p2b: Rillaboom|Rillaboom, L50, F|100/100\n|-ability|p2a: Calyrex|As One\n|-ability|p2a: Calyrex|Unnerve\n|-fieldstart|move: Electric Terrain|[from] ability: Hadron Engine|[of] p1b: Miraidon\n|-fieldstart|move: Grassy Terrain|[from] ability: Grassy Surge|[of] p2b: Rillaboom\n|turn|1\n|inactive|espatocular has 30 seconds left.\n|inactive|espatocular has 20 seconds left.\n|\n|t:|1745995233\n|move|p1b: Miraidon|Protect|p1b: Miraidon\n|-singleturn|p1b: Miraidon|Protect\n|move|p1a: Urshifu|Detect|p1a: Urshifu\n|-singleturn|p1a: Urshifu|Protect\n|move|p2b: Rillaboom|Fake Out|p1a: Urshifu\n|-activate|p1a: Urshifu|move: Protect\n|move|p2a: Calyrex|Astral Barrage|p1b: Miraidon|[spread] \n|-activate|p1a: Urshifu|move: Protect\n|-activate|p1b: Miraidon|move: Protect\n|\n|upkeep\n|turn|2\n|inactive|espatocular has 30 seconds left.\n|inactive|dambro222 has 30 seconds left.\n|inactive|espatocular has 20 seconds left.\n|inactive|espatocular has 15 seconds left.\n|\n|t:|1745995276\n|move|p2a: Calyrex|Astral Barrage|p1b: Miraidon|[spread] p1a,p1b\n|-resisted|p1a: Urshifu\n|-damage|p1a: Urshifu|58/100\n|-damage|p1b: Miraidon|56/100\n|move|p1b: Miraidon|Volt Switch|p2a: Calyrex\n|-damage|p2a: Calyrex|58/100\n|\n|t:|1745995285\n|switch|p1b: Ho-Oh|Ho-Oh, L50|100/100|[from] Volt Switch\n|move|p1a: Urshifu|Wicked Blow|p2a: Calyrex\n|-supereffective|p2a: Calyrex\n|-crit|p2a: Calyrex\n|-damage|p2a: Calyrex|0 fnt\n|faint|p2a: Calyrex\n|move|p2b: Rillaboom|Wood Hammer|p1a: Urshifu\n|-damage|p1a: Urshifu|0 fnt\n|faint|p1a: Urshifu\n|-damage|p2b: Rillaboom|84/100|[from] Recoil\n|\n|-heal|p2b: Rillaboom|90/100|[from] Grassy Terrain\n|upkeep\n|inactive|dambro222 has 30 seconds left.\n|\n|t:|1745995311\n|switch|p2a: Urshifu|Urshifu-Rapid-Strike, L50, M|100/100\n|switch|p1a: Flutter Mane|Flutter Mane, L50|100/100\n|-enditem|p1a: Flutter Mane|Booster Energy\n|-activate|p1a: Flutter Mane|ability: Protosynthesis|[fromitem]\n|-start|p1a: Flutter Mane|protosynthesisspe\n|turn|3\n|\n|t:|1745995328\n|switch|p2b: Tornadus|Tornadus, L50, M|100/100\n|-terastallize|p2a: Urshifu|Water\n|move|p1a: Flutter Mane|Moonblast|p2a: Urshifu\n|-damage|p2a: Urshifu|51/100\n|move|p2a: Urshifu|Surging Strikes|p1a: Flutter Mane\n|-crit|p1a: Flutter Mane\n|-damage|p1a: Flutter Mane|52/100\n|-crit|p1a: Flutter Mane\n|-damage|p1a: Flutter Mane|2/100\n|-crit|p1a: Flutter Mane\n|-damage|p1a: Flutter Mane|0 fnt\n|faint|p1a: Flutter Mane\n|-end|p1a: Flutter Mane|Protosynthesis|[silent]\n|-hitcount|p1: Flutter Mane|3\n|move|p1b: Ho-Oh|Sacred Fire|p2a: Urshifu\n|-resisted|p2a: Urshifu\n|-damage|p2a: Urshifu|25/100\n|\n|-heal|p2a: Urshifu|31/100|[from] Grassy Terrain\n|upkeep\n|\n|t:|1745995346\n|switch|p1a: Miraidon|Miraidon, L50|56/100\n|-fieldstart|move: Electric Terrain|[from] ability: Hadron Engine|[of] p1a: Miraidon\n|turn|4\n|\n|t:|1745995371\n|switch|p2a: Rillaboom|Rillaboom, L50, F|90/100\n|-fieldstart|move: Grassy Terrain|[from] ability: Grassy Surge|[of] p2a: Rillaboom\n|-terastallize|p1b: Ho-Oh|Dragon\n|move|p2b: Tornadus|Tailwind|p2b: Tornadus\n|-sidestart|p2: espatocular|move: Tailwind\n|move|p1a: Miraidon|Electro Drift|p2a: Rillaboom\n|-resisted|p2a: Rillaboom\n|-crit|p2a: Rillaboom\n|-damage|p2a: Rillaboom|66/100\n|move|p1b: Ho-Oh|Brave Bird|p2a: Rillaboom\n|-supereffective|p2a: Rillaboom\n|-damage|p2a: Rillaboom|0 fnt\n|faint|p2a: Rillaboom\n|-damage|p1b: Ho-Oh|78/100|[from] Recoil\n|\n|-heal|p1a: Miraidon|62/100|[from] Grassy Terrain\n|-heal|p1b: Ho-Oh|84/100|[from] Grassy Terrain\n|upkeep\n|\n|t:|1745995383\n|switch|p2a: Urshifu|Urshifu-Rapid-Strike, L50, M, tera:Water|31/100\n|turn|5\n|\n|t:|1745995397\n|move|p2b: Tornadus|Bleakwind Storm|p1b: Ho-Oh|[spread] p1a,p1b\n|-resisted|p1a: Miraidon\n|-crit|p1a: Miraidon\n|-damage|p1a: Miraidon|41/100\n|-damage|p1b: Ho-Oh|61/100\n|move|p2a: Urshifu|Close Combat|p1a: Miraidon\n|-damage|p1a: Miraidon|0 fnt\n|-unboost|p2a: Urshifu|def|1\n|-unboost|p2a: Urshifu|spd|1\n|faint|p1a: Miraidon\n|move|p1b: Ho-Oh|Tailwind|p1b: Ho-Oh\n|-sidestart|p1: dambro222|move: Tailwind\n|\n|-heal|p2a: Urshifu|37/100|[from] Grassy Terrain\n|-heal|p1b: Ho-Oh|67/100|[from] Grassy Terrain\n|upkeep\n|turn|6\n|inactive|dambro222 has 30 seconds left.\n|\n|t:|1745995423\n|move|p2a: Urshifu|Detect|p2a: Urshifu\n|-singleturn|p2a: Urshifu|Protect\n|move|p2b: Tornadus|Bleakwind Storm|p1b: Ho-Oh\n|-damage|p1b: Ho-Oh|38/100\n|move|p1b: Ho-Oh|Brave Bird|p2a: Urshifu\n|-activate|p2a: Urshifu|move: Protect\n|\n|-heal|p2a: Urshifu|43/100|[from] Grassy Terrain\n|-heal|p1b: Ho-Oh|44/100|[from] Grassy Terrain\n|upkeep\n|turn|7\n|\n|t:|1745995432\n|move|p2b: Tornadus|Scary Face|p1b: Ho-Oh\n|-fail|p1b: Ho-Oh|unboost|[from] item: Clear Amulet|[of] p1b: Ho-Oh\n|move|p2a: Urshifu|Close Combat|p1b: Ho-Oh\n|-damage|p1b: Ho-Oh|0 fnt\n|-unboost|p2a: Urshifu|def|1\n|-unboost|p2a: Urshifu|spd|1\n|faint|p1b: Ho-Oh\n|\n|win|espatocular\n||espatocular is ready for game 2.\n||dambro222 is ready for game 2.\n|uhtml|next|Next: <a href=\"/battle-gen9vgc2025regibo3-2353760783\"><strong>Game 2 of 3</strong></a>\n|l|\u2606dambro222\n|player|p1|\n|j|\u2606dambro222\n|player|p1|dambro222|1|\n", "uploadtime": 1745995757, "views": 11, "formatid": "gen9vgc2025regibo3", "rating": null, "private": 0, "password": null}