{"id": "gen9vgc2025regibo3-2353303561", "format": "[Gen 9] VGC 2025 Reg I (Bo3)", "players": ["dambro222", "jambro31"], "log": "|j|\u2606dambro222\n|j|\u2606jambro31\n|html|<table width=\"100%\"><tr><td align=\"left\">dambro222</td><td align=\"right\">jambro31</tr><tr><td align=\"left\"><i class=\"fa fa-circle-o\"></i> <i class=\"fa fa-circle-o\"></i> </td><td align=\"right\"><i class=\"fa fa-circle-o\"></i> <i class=\"fa fa-circle-o\"></i> </tr></table>\n|uhtml|bestof|<h2><strong>Game 1</strong> of <a href=\"/game-bestof3-gen9vgc2025regibo3-2353303560\">a best-of-3</a></h2>\n|t:|1745944780\n|gametype|doubles\n|player|p1|dambro222|1|1051\n|player|p2|jambro31|pokemonranger-gen4|1087\n|teamsize|p1|6\n|teamsize|p2|6\n|gen|9\n|tier|[Gen 9] VGC 2025 Reg I (Bo3)\n|rated|\n|rule|Species Clause: Limit one of each Pok\u00e9mon\n|rule|Item Clause: Limit 1 of each item\n|clearpoke\n|poke|p1|Ho-Oh, L50|\n|poke|p1|Miraidon, L50|\n|poke|p1|Flutter Mane, L50|\n|poke|p1|Iron Hands, L50|\n|poke|p1|Urshifu-*, L50, M|\n|poke|p1|Iron Treads, L50|\n|poke|p2|Rillaboom, L50, M|\n|poke|p2|Kyogre, L50|\n|poke|p2|Zacian-*, L50|\n|poke|p2|Tornadus, L50, M|\n|poke|p2|Farigiraf, L50, M|\n|poke|p2|Rhydon, L50, F|\n|teampreview|4\n|showteam|p1|Ho-Oh||ClearAmulet|Regenerator|SacredFire,BraveBird,Tailwind,Protect||||||50|,,,,,Dragon]Miraidon||CovertCloak|HadronEngine|ElectroDrift,VoltSwitch,DracoMeteor,Protect||||||50|,,,,,Electric]Flutter Mane||BoosterEnergy|Protosynthesis|Moonblast,ShadowBall,IcyWind,Protect||||||50|,,,,,Fairy]Iron Hands||AssaultVest|QuarkDrive|FakeOut,DrainPunch,WildCharge,LowKick||||||50|,,,,,Water]Urshifu||FocusSash|UnseenFist|WickedBlow,CloseCombat,SuckerPunch,Detect|||M|||50|,,,,,Poison]Iron Treads||ChoiceBand|QuarkDrive|IronHead,HighHorsepower,KnockOff,SteelRoller||||||50|,,,,,Water\n|showteam|p2|Rillaboom||AssaultVest|GrassySurge|FakeOut,Uturn,GrassyGlide,HighHorsepower|||M|||50|,,,,,Water]Kyogre||ChoiceScarf|Drizzle|WaterSpout,IceBeam,Thunder,OriginPulse||||||50|,,,,,Water]Zacian-Crowned||RustedSword|IntrepidSword|behemothblade,PlayRough,Protect,SwordsDance||||||50|,,,,,Fairy]Tornadus||CovertCloak|Prankster|Tailwind,BleakwindStorm,Taunt,RainDance|||M|||50|,,,,,Dark]Farigiraf||ThroatSpray|ArmorTail|TrickRoom,PsychicNoise,HyperVoice,Protect|||M|||50|,,,,,Normal]Rhydon||Eviolite|LightningRod|DrillRun,HeavySlam,HelpingHand,BodyPress|||F|||50|,,,,,Grass\n|inactive|Battle timer is ON: inactive players will automatically lose when time's up. (requested by jambro31)\n|\n|t:|1745944857\n|start\n|switch|p1a: Iron Hands|Iron Hands, L50|100/100\n|switch|p1b: Miraidon|Miraidon, L50|100/100\n|switch|p2a: Kyogre|Kyogre, L50, shiny|100/100\n|switch|p2b: Farigiraf|Farigiraf, L50, M|100/100\n|-weather|RainDance|[from] ability: Drizzle|[of] p2a: Kyogre\n|-fieldstart|move: Electric Terrain|[from] ability: Hadron Engine|[of] p1b: Miraidon\n|-activate|p1a: Iron Hands|ability: Quark Drive\n|-start|p1a: Iron Hands|quarkdriveatk\n|turn|1\n|inactive|dambro222 has 30 seconds left.\n|inactive|jambro31 has 30 seconds left.\n|inactive|dambro222 has 20 seconds left.\n|inactive|jambro31 has 20 seconds left.\n|inactive|dambro222 has 15 seconds left.\n|\n|t:|1745944898\n|switch|p2b: Rhydon|Rhydon, L50, F|100/100\n|-terastallize|p2a: Kyogre|Water\n|move|p1b: Miraidon|Protect|p1b: Miraidon\n|-singleturn|p1b: Miraidon|Protect\n|move|p2a: Kyogre|Water Spout|p1a: Iron Hands|[spread] p1a\n|-activate|p1b: Miraidon|move: Protect\n|-damage|p1a: Iron Hands|36/100\n|move|p1a: Iron Hands|Low Kick|p2b: Rhydon\n|-supereffective|p2b: Rhydon\n|-damage|p2b: Rhydon|55/100\n|\n|-weather|RainDance|[upkeep]\n|upkeep\n|turn|2\n|inactive|dambro222 has 30 seconds left.\n|\n|t:|1745944925\n|-terastallize|p1a: Iron Hands|Water\n|move|p2a: Kyogre|Water Spout|p1a: Iron Hands|[spread] p1a,p1b\n|-resisted|p1a: Iron Hands\n|-resisted|p1b: Miraidon\n|-damage|p1a: Iron Hands|3/100\n|-damage|p1b: Miraidon|53/100\n|move|p1b: Miraidon|Draco Meteor|p2a: Kyogre\n|-damage|p2a: Kyogre|18/100\n|-unboost|p1b: Miraidon|spa|2\n|move|p1a: Iron Hands|Drain Punch|p2b: Rhydon\n|-supereffective|p2b: Rhydon\n|-damage|p2b: Rhydon|20/100\n|-heal|p1a: Iron Hands|19/100|[from] drain|[of] p2b: Rhydon\n|move|p2b: Rhydon|Drill Run|p1b: Miraidon\n|-supereffective|p1b: Miraidon\n|-damage|p1b: Miraidon|0 fnt\n|faint|p1b: Miraidon\n|\n|-weather|RainDance|[upkeep]\n|upkeep\n|inactive|dambro222 has 30 seconds left.\n|\n|t:|1745944953\n|switch|p1b: Urshifu|Urshifu, L50, M|100/100\n|turn|3\n|\n|t:|1745944978\n|switch|p2a: Farigiraf|Farigiraf, L50, M|100/100\n|move|p1b: Urshifu|Detect|p1b: Urshifu\n|-singleturn|p1b: Urshifu|Protect\n|move|p1a: Iron Hands|Drain Punch|p2b: Rhydon\n|-supereffective|p2b: Rhydon\n|-damage|p2b: Rhydon|0 fnt\n|-heal|p1a: Iron Hands|28/100|[from] drain|[of] p2b: Rhydon\n|faint|p2b: Rhydon\n|\n|-weather|RainDance|[upkeep]\n|upkeep\n|\n|t:|1745944991\n|switch|p2b: Rillaboom|Rillaboom, L50, M|100/100\n|-fieldstart|move: Grassy Terrain|[from] ability: Grassy Surge|[of] p2b: Rillaboom\n|-end|p1a: Iron Hands|Quark Drive\n|turn|4\n|\n|t:|1745945007\n|move|p2b: Rillaboom|Fake Out|p1b: Urshifu\n|-damage|p1b: Urshifu|87/100\n|cant|p1b: Urshifu|flinch\n|move|p2a: Farigiraf|Hyper Voice|p1a: Iron Hands|[spread] p1a,p1b\n|-damage|p1a: Iron Hands|14/100\n|-damage|p1b: Urshifu|50/100\n|-enditem|p2a: Farigiraf|Throat Spray\n|-boost|p2a: Farigiraf|spa|1|[from] item: Throat Spray\n|move|p1a: Iron Hands|Drain Punch|p2a: Farigiraf\n|-damage|p2a: Farigiraf|56/100\n|-heal|p1a: Iron Hands|36/100|[from] drain|[of] p2a: Farigiraf\n|\n|-weather|RainDance|[upkeep]\n|-heal|p1b: Urshifu|56/100|[from] Grassy Terrain\n|-heal|p2a: Farigiraf|62/100|[from] Grassy Terrain\n|-heal|p1a: Iron Hands|42/100|[from] Grassy Terrain\n|upkeep\n|turn|5\n|\n|t:|1745945029\n|switch|p1b: Ho-Oh|Ho-Oh, L50|100/100\n|move|p2b: Rillaboom|Grassy Glide|p1a: Iron Hands\n|-supereffective|p1a: Iron Hands\n|-damage|p1a: Iron Hands|0 fnt\n|faint|p1a: Iron Hands\n|-end|p1a: Iron Hands|Quark Drive|[silent]\n|move|p2a: Farigiraf|Hyper Voice|p1b: Ho-Oh\n|-damage|p1b: Ho-Oh|70/100\n|\n|-weather|none\n|-heal|p2a: Farigiraf|68/100|[from] Grassy Terrain\n|upkeep\n|\n|t:|1745945040\n|switch|p1a: Urshifu|Urshifu, L50, M|56/100\n|turn|6\n|\n|t:|1745945061\n|move|p1a: Urshifu|Detect|p1a: Urshifu\n|-singleturn|p1a: Urshifu|Protect\n|move|p2a: Farigiraf|Protect|p2a: Farigiraf\n|-singleturn|p2a: Farigiraf|Protect\n|move|p2b: Rillaboom|U-turn|p1a: Urshifu\n|-activate|p1a: Urshifu|move: Protect\n|move|p1b: Ho-Oh|Brave Bird|p2b: Rillaboom\n|-supereffective|p2b: Rillaboom\n|-damage|p2b: Rillaboom|0 fnt\n|faint|p2b: Rillaboom\n|-damage|p1b: Ho-Oh|40/100|[from] Recoil\n|\n|-heal|p1a: Urshifu|62/100|[from] Grassy Terrain\n|-heal|p2a: Farigiraf|74/100|[from] Grassy Terrain\n|upkeep\n|\n|t:|1745945070\n|switch|p2b: Kyogre|Kyogre, L50, shiny, tera:Water|18/100\n|-weather|RainDance|[from] ability: Drizzle|[of] p2b: Kyogre\n|turn|7\n|\n|t:|1745945087\n|move|p2b: Kyogre|Origin Pulse|p1b: Ho-Oh|[spread] p1b\n|-miss|p2b: Kyogre|p1a: Urshifu\n|-supereffective|p1b: Ho-Oh\n|-damage|p1b: Ho-Oh|0 fnt\n|faint|p1b: Ho-Oh\n|move|p1a: Urshifu|Wicked Blow|p2b: Kyogre\n|-crit|p2b: Kyogre\n|-damage|p2b: Kyogre|0 fnt\n|faint|p2b: Kyogre\n|move|p2a: Farigiraf|Hyper Voice|p1a: Urshifu\n|-damage|p1a: Urshifu|0 fnt\n|faint|p1a: Urshifu\n|\n|win|jambro31\n||jambro31 is ready for game 2.\n|inactive|dambro222 has 30 seconds to confirm battle start!\n||dambro222 is ready for game 2.\n|uhtml|next|Next: <a href=\"/battle-gen9vgc2025regibo3-2353307506\"><strong>Game 2 of 3</strong></a>\n|l|\u2606jambro31\n|player|p2|\n", "uploadtime": 1745945592, "views": 14, "formatid": "gen9vgc2025regibo3", "rating": null, "private": 0, "password": null}