{"id": "gen9vgc2025regibo3-2354264600", "format": "[Gen 9] VGC 2025 Reg I (Bo3)", "players": ["messi-05", "kimbruz94"], "log": "|j|\u2606messi-05\n|j|\u2606kimbruz94\n|html|<table width=\"100%\"><tr><td align=\"left\">messi-05</td><td align=\"right\">kimbruz94</tr><tr><td align=\"left\"><i class=\"fa fa-circle\"></i> <i class=\"fa fa-circle-o\"></i> </td><td align=\"right\"><i class=\"fa fa-circle-o\"></i> <i class=\"fa fa-circle-o\"></i> </tr></table>\n|uhtml|bestof|<h2><strong>Game 2</strong> of <a href=\"/game-bestof3-gen9vgc2025regibo3-2354258901\">a best-of-3</a></h2>\n|t:|1746050616\n|gametype|doubles\n|player|p1|messi-05|2|1199\n|player|p2|kimbruz94|flannery|1095\n|teamsize|p1|6\n|teamsize|p2|6\n|gen|9\n|tier|[Gen 9] VGC 2025 Reg I (Bo3)\n|rated|\n|rule|Species Clause: Limit one of each Pok\u00e9mon\n|rule|Item Clause: Limit 1 of each item\n|clearpoke\n|poke|p1|Terapagos, L50, M|\n|poke|p1|Koraidon, L50|\n|poke|p1|Incineroar, L50, M|\n|poke|p1|Rillaboom, L50, M|\n|poke|p1|Ogerpon-Cornerstone, L50, F|\n|poke|p1|Flutter Mane, L50|\n|poke|p2|Incineroar, L50, M|\n|poke|p2|Calyrex-Shadow, L50|\n|poke|p2|Rillaboom, L50, F|\n|poke|p2|Urshifu-*, L50, F|\n|poke|p2|Zamazenta-*, L50|\n|poke|p2|Flutter Mane, L50|\n|teampreview|4\n|showteam|p1|Terapagos||Leftovers|TeraShift|TeraStarstorm,CalmMind,Substitute,Protect|||M|||50|,,,,,Stellar]Koraidon||LifeOrb|OrichalcumPulse|FlareBlitz,CloseCombat,FlameCharge,Protect||||||50|,,,,,Fire]Incineroar||RockyHelmet|Intimidate|KnockOff,PartingShot,WillOWisp,FakeOut|||M|||50|,,,,,Water]Rillaboom||AssaultVest|GrassySurge|WoodHammer,GrassyGlide,Uturn,FakeOut|||M|||50|,,,,,Water]Ogerpon-Cornerstone||CornerstoneMask|Sturdy|IvyCudgel,GrassyGlide,FollowMe,SpikyShield|||F|||50|,,,,,Rock]Flutter Mane||FocusSash|Protosynthesis|Moonblast,DazzlingGleam,ShadowBall,IcyWind||||||50|,,,,,Fairy\n|showteam|p2|Incineroar||SafetyGoggles|Intimidate|FakeOut,PartingShot,WillOWisp,KnockOff|||M|||50|,,,,,Ghost]Calyrex-Shadow||LifeOrb|AsOneSpectrier|Protect,AstralBarrage,NastyPlot,Psychic||||||50|,,,,,Ghost]Rillaboom||AssaultVest|GrassySurge|FakeOut,WoodHammer,Uturn,GrassyGlide|||F|||50|,,,,,Fire]Urshifu-Rapid-Strike||FocusSash|UnseenFist|Detect,SurgingStrikes,CloseCombat,AquaJet|||F|||50|,,,,,Stellar]Zamazenta-Crowned||RustedShield|DauntlessShield|WideGuard,IronDefense,BodyPress,Protect||||||50|,,,,,Dragon]Flutter Mane||BoosterEnergy|Protosynthesis|ThunderWave,Moonblast,IcyWind,Taunt||||||50|,,,,,Dark\n|inactive|Battle timer is ON: inactive players will automatically lose when time's up. (requested by messi-05)\n|inactive|kimbruz94 has 60 seconds left.\n|\n|t:|1746050654\n|start\n|switch|p1a: Terapagos|Terapagos, L50, M|100/100\n|switch|p1b: Incineroar|Incineroar, L50, M|100/100\n|switch|p2a: Incineroar|Incineroar, L50, M|100/100\n|switch|p2b: Flutter Mane|Flutter Mane, L50|100/100\n|-activate|p1a: Terapagos|ability: Tera Shift\n|detailschange|p1a: Terapagos|Terapagos-Terastal, L50, M\n|-heal|p1a: Terapagos|100/100|[silent]\n|-ability|p2a: Incineroar|Intimidate|boost\n|-unboost|p1a: Terapagos|atk|1\n|-unboost|p1b: Incineroar|atk|1\n|-ability|p1b: Incineroar|Intimidate|boost\n|-unboost|p2a: Incineroar|atk|1\n|-unboost|p2b: Flutter Mane|atk|1\n|-enditem|p2b: Flutter Mane|Booster Energy\n|-activate|p2b: Flutter Mane|ability: Protosynthesis|[fromitem]\n|-start|p2b: Flutter Mane|protosynthesisspe\n|turn|1\n|inactive|messi-05 has 30 seconds left.\n|inactive|kimbruz94 has 30 seconds left.\n|inactive|messi-05 has 20 seconds left.\n|inactive|kimbruz94 has 20 seconds left.\n|inactive|messi-05 has 15 seconds left.\n|inactive|kimbruz94 has 15 seconds left.\n|inactive|messi-05 has 10 seconds left.\n|inactive|kimbruz94 has 10 seconds left.\n|inactive|kimbruz94 has 5 seconds left.\n|\n|t:|1746050708\n|move|p2a: Incineroar|Fake Out|p1a: Terapagos\n|-activate|p1a: Terapagos|ability: Tera Shell\n|-resisted|p1a: Terapagos\n|-damage|p1a: Terapagos|97/100\n|move|p2b: Flutter Mane|Thunder Wave|p1a: Terapagos|[miss]\n|-miss|p2b: Flutter Mane|p1a: Terapagos\n|cant|p1a: Terapagos|flinch\n|move|p1b: Incineroar|Knock Off|p2b: Flutter Mane\n|-damage|p2b: Flutter Mane|82/100\n|\n|-heal|p1a: Terapagos|100/100|[from] item: Leftovers\n|upkeep\n|turn|2\n|inactive|messi-05 has 30 seconds left.\n|\n|t:|1746050734\n|move|p1a: Terapagos|Protect|p1a: Terapagos\n|-singleturn|p1a: Terapagos|Protect\n|move|p2b: Flutter Mane|Taunt|p1a: Terapagos\n|-activate|p1a: Terapagos|move: Protect\n|move|p2a: Incineroar|Knock Off|p1a: Terapagos\n|-activate|p1a: Terapagos|move: Protect\n|move|p1b: Incineroar|Knock Off|p2a: Incineroar\n|-resisted|p2a: Incineroar\n|-damage|p2a: Incineroar|91/100\n|-enditem|p2a: Incineroar|Safety Goggles|[from] move: Knock Off|[of] p1b: Incineroar\n|\n|upkeep\n|turn|3\n|inactive|messi-05 has 30 seconds left.\n|inactive|kimbruz94 has 30 seconds left.\n|inactive|kimbruz94 has 20 seconds left.\n|\n|t:|1746050770\n|move|p2b: Flutter Mane|Thunder Wave|p1a: Terapagos\n|-status|p1a: Terapagos|par\n|move|p2a: Incineroar|Knock Off|p1a: Terapagos\n|-activate|p1a: Terapagos|ability: Tera Shell\n|-resisted|p1a: Terapagos\n|-damage|p1a: Terapagos|90/100 par\n|-enditem|p1a: Terapagos|Leftovers|[from] move: Knock Off|[of] p2a: Incineroar\n|move|p1b: Incineroar|Parting Shot|p2a: Incineroar\n|-unboost|p2a: Incineroar|atk|1\n|-unboost|p2a: Incineroar|spa|1\n|\n|t:|1746050786\n|switch|p1b: Flutter Mane|Flutter Mane, L50|100/100|[from] Parting Shot\n|move|p1a: Terapagos|Tera Starstorm|p2a: Incineroar\n|-damage|p2a: Incineroar|34/100\n|\n|upkeep\n|turn|4\n|inactive|kimbruz94 has 30 seconds left.\n|inactive|kimbruz94 has 20 seconds left.\n|inactive|messi-05 has 30 seconds left.\n|\n|t:|1746050827\n|-end|p1b: Flutter Mane|Protosynthesis|[silent]\n|switch|p1b: Incineroar|Incineroar, L50, M|100/100\n|-ability|p1b: Incineroar|Intimidate|boost\n|-unboost|p2a: Incineroar|atk|1\n|-unboost|p2b: Flutter Mane|atk|1\n|-terastallize|p2b: Flutter Mane|Dark\n|move|p2b: Flutter Mane|Thunder Wave|p1b: Incineroar\n|-status|p1b: Incineroar|par\n|move|p2a: Incineroar|Will-O-Wisp||[still]\n|-fail|p2a: Incineroar\n|move|p1a: Terapagos|Calm Mind|p1a: Terapagos\n|-boost|p1a: Terapagos|spa|1\n|-boost|p1a: Terapagos|spd|1\n|\n|upkeep\n|turn|5\n|inactive|kimbruz94 has 30 seconds left.\n|inactive|kimbruz94 has 20 seconds left.\n|inactive|kimbruz94 has 15 seconds left.\n|\n|t:|1746050867\n|move|p1b: Incineroar|Fake Out|p2b: Flutter Mane\n|-damage|p2b: Flutter Mane|70/100\n|cant|p2b: Flutter Mane|flinch\n|move|p2a: Incineroar|Parting Shot|p1a: Terapagos\n|-unboost|p1a: Terapagos|atk|1\n|-unboost|p1a: Terapagos|spa|1\n|\n|t:|1746050879\n|switch|p2a: Zamazenta|Zamazenta-Crowned, L50|100/100|[from] Parting Shot\n|-ability|p2a: Zamazenta|Dauntless Shield|boost\n|-boost|p2a: Zamazenta|def|1\n|move|p1a: Terapagos|Tera Starstorm|p2b: Flutter Mane\n|-damage|p2b: Flutter Mane|23/100\n|\n|upkeep\n|turn|6\n|\n|t:|1746050902\n|cant|p1a: Terapagos|par\n|move|p2b: Flutter Mane|Taunt|p1b: Incineroar\n|-start|p1b: Incineroar|move: Taunt\n|move|p2a: Zamazenta|Iron Defense|p2a: Zamazenta\n|-boost|p2a: Zamazenta|def|2\n|cant|p1b: Incineroar|move: Taunt|Will-O-Wisp\n|\n|upkeep\n|turn|7\n|inactive|messi-05 has 30 seconds left.\n|inactive|kimbruz94 has 30 seconds left.\n|inactive|messi-05 has 20 seconds left.\n|inactive|kimbruz94 has 20 seconds left.\n|\n|t:|1746050942\n|switch|p1a: Flutter Mane|Flutter Mane, L50|100/100\n|move|p2b: Flutter Mane|Thunder Wave|p1a: Flutter Mane|[miss]\n|-miss|p2b: Flutter Mane|p1a: Flutter Mane\n|move|p2a: Zamazenta|Body Press|p1b: Incineroar\n|-supereffective|p1b: Incineroar\n|-crit|p1b: Incineroar\n|-damage|p1b: Incineroar|0 fnt\n|-damage|p2a: Zamazenta|84/100|[from] item: Rocky Helmet|[of] p1b: Incineroar\n|faint|p1b: Incineroar\n|\n|upkeep\n|\n|t:|1746050951\n|switch|p1b: Koraidon|Koraidon, L50|100/100\n|-weather|SunnyDay|[from] ability: Orichalcum Pulse|[of] p1b: Koraidon\n|-activate|p1a: Flutter Mane|ability: Protosynthesis\n|-start|p1a: Flutter Mane|protosynthesisspe\n|-activate|p1b: Koraidon|Orichalcum Pulse|[source]\n|turn|8\n|inactive|kimbruz94 has 30 seconds left.\n|\n|t:|1746050981\n|move|p2a: Zamazenta|Protect|p2a: Zamazenta\n|-singleturn|p2a: Zamazenta|Protect\n|move|p1a: Flutter Mane|Dazzling Gleam|p2b: Flutter Mane|[spread] p2b\n|-activate|p2a: Zamazenta|move: Protect\n|-supereffective|p2b: Flutter Mane\n|-damage|p2b: Flutter Mane|0 fnt\n|faint|p2b: Flutter Mane\n|-end|p2b: Flutter Mane|Protosynthesis|[silent]\n|move|p1b: Koraidon|Flare Blitz|p2a: Zamazenta\n|-activate|p2a: Zamazenta|move: Protect\n|\n|-weather|SunnyDay|[upkeep]\n|upkeep\n|\n|t:|1746050992\n|switch|p2b: Incineroar|Incineroar, L50, M|34/100\n|-ability|p2b: Incineroar|Intimidate|boost\n|-unboost|p1a: Flutter Mane|atk|1\n|-unboost|p1b: Koraidon|atk|1\n|turn|9\n|inactive|kimbruz94 has 30 seconds left.\n|\n|t:|1746051018\n|move|p1b: Koraidon|Protect|p1b: Koraidon\n|-singleturn|p1b: Koraidon|Protect\n|move|p2a: Zamazenta|Wide Guard|p2a: Zamazenta\n|-singleturn|p2a: Zamazenta|Wide Guard\n|move|p1a: Flutter Mane|Dazzling Gleam|p2a: Zamazenta|[spread] \n|-activate|p2a: Zamazenta|move: Wide Guard\n|-activate|p2b: Incineroar|move: Wide Guard\n|move|p2b: Incineroar|Will-O-Wisp|p1b: Koraidon\n|-activate|p1b: Koraidon|move: Protect\n|\n|-weather|SunnyDay|[upkeep]\n|upkeep\n|turn|10\n|\n|t:|1746051041\n|move|p1a: Flutter Mane|Moonblast|p2b: Incineroar\n|-damage|p2b: Incineroar|0 fnt\n|faint|p2b: Incineroar\n|move|p1b: Koraidon|Flare Blitz|p2a: Zamazenta\n|-supereffective|p2a: Zamazenta\n|-damage|p2a: Zamazenta|38/100\n|-damage|p1b: Koraidon|86/100|[from] Recoil\n|-damage|p1b: Koraidon|76/100|[from] item: Life Orb\n|move|p2a: Zamazenta|Body Press|p1b: Koraidon\n|-damage|p1b: Koraidon|0 fnt\n|faint|p1b: Koraidon\n|\n|-weather|SunnyDay|[upkeep]\n|upkeep\n|\n|t:|1746051055\n|switch|p1b: Terapagos|Terapagos-Terastal, L50, M|90/100 par\n|switch|p2b: Calyrex|Calyrex-Shadow, L50|100/100\n|-ability|p2b: Calyrex|As One\n|-ability|p2b: Calyrex|Unnerve\n|turn|11\n|\n|t:|1746051075\n|-terastallize|p1a: Flutter Mane|Fairy\n|move|p2b: Calyrex|Protect|p2b: Calyrex\n|-singleturn|p2b: Calyrex|Protect\n|move|p2a: Zamazenta|Protect|p2a: Zamazenta\n|-singleturn|p2a: Zamazenta|Protect\n|cant|p1b: Terapagos|par\n|move|p1a: Flutter Mane|Moonblast|p2a: Zamazenta\n|-activate|p2a: Zamazenta|move: Protect\n|\n|-weather|SunnyDay|[upkeep]\n|upkeep\n|turn|12\n|inactive|messi-05 has 30 seconds left.\n|inactive|kimbruz94 has 30 seconds left.\n|\n|t:|1746051105\n|move|p1a: Flutter Mane|Shadow Ball|p2b: Calyrex\n|-supereffective|p2b: Calyrex\n|-damage|p2b: Calyrex|0 fnt\n|faint|p2b: Calyrex\n|move|p2a: Zamazenta|Body Press|p1b: Terapagos\n|-supereffective|p1b: Terapagos\n|-damage|p1b: Terapagos|0 fnt\n|faint|p1b: Terapagos\n|\n|-weather|none\n|-end|p1a: Flutter Mane|Protosynthesis\n|upkeep\n|turn|13\n|\n|t:|1746051117\n|move|p1a: Flutter Mane|Moonblast|p2a: Zamazenta\n|-damage|p2a: Zamazenta|0 fnt\n|faint|p2a: Zamazenta\n|\n|win|messi-05\n|raw|messi-05's rating: 1199 &rarr; <strong>1217</strong><br />(+18 for winning)\n|raw|kimbruz94's rating: 1095 &rarr; <strong>1078</strong><br />(-17 for losing)\n", "uploadtime": 1746051122, "views": 6, "formatid": "gen9vgc2025regibo3", "rating": 1078, "private": 0, "password": null}