{"id": "gen9vgc2025regibo3-2354746523", "format": "[Gen 9] VGC 2025 Reg I (Bo3)", "players": ["alphaaaaaa", "Red wally"], "log": "|j|\u2606alphaaaaaa\n|j|\u2606Red wally\n|html|<table width=\"100%\"><tr><td align=\"left\">alphaaaaaa</td><td align=\"right\">Red wally</tr><tr><td align=\"left\"><i class=\"fa fa-circle\"></i> <i class=\"fa fa-circle-o\"></i> </td><td align=\"right\"><i class=\"fa fa-circle-o\"></i> <i class=\"fa fa-circle\"></i> </tr></table>\n|uhtml|bestof|<h2><strong>Game 3</strong> of <a href=\"/game-bestof3-gen9vgc2025regibo3-2354736331\">a best-of-3</a></h2>\n|t:|1746116143\n|gametype|doubles\n|player|p1|alphaaaaaa|265|1203\n|player|p2|Red wally|silver|1118\n|teamsize|p1|6\n|teamsize|p2|6\n|gen|9\n|tier|[Gen 9] VGC 2025 Reg I (Bo3)\n|rated|\n|rule|Species Clause: Limit one of each Pok\u00e9mon\n|rule|Item Clause: Limit 1 of each item\n|clearpoke\n|poke|p1|Koraidon, L50|\n|poke|p1|Lunala, L50|\n|poke|p1|Ogerpon-Hearthflame, L50, F|\n|poke|p1|Grimmsnarl, L50, M|\n|poke|p1|Rillaboom, L50, M|\n|poke|p1|Raging Bolt, L50|\n|poke|p2|Necrozma-Dusk-Mane, L50|\n|poke|p2|Walking Wake, L50|\n|poke|p2|Koraidon, L50|\n|poke|p2|Rillaboom, L50, F|\n|poke|p2|Incineroar, L50, F|\n|poke|p2|Grimmsnarl, L50, M|\n|teampreview|4\n|showteam|p1|Koraidon||LifeOrb|OrichalcumPulse|CloseCombat,FlareBlitz,FlameCharge,Protect||||||50|,,,,,Fire]Lunala||PowerHerb|ShadowShield|MeteorBeam,MoongeistBeam,WideGuard,IcyWind||||||50|,,,,,Fairy]Ogerpon-Hearthflame||HearthflameMask|MoldBreaker|FollowMe,SpikyShield,IvyCudgel,GrassyGlide|||F|||50|,,,,,Fire]Grimmsnarl||CovertCloak|Prankster|Taunt,ThunderWave,FakeOut,PartingShot|||M|||50|,,,,,Steel]Rillaboom||AssaultVest|GrassySurge|FakeOut,GrassyGlide,WoodHammer,Uturn|||M|||50|,,,,,Water]Raging Bolt||Magnet|Protosynthesis|Thunderbolt,Thunderclap,DracoMeteor,Protect||||||50|,,,,,Electric\n|showteam|p2|Necrozma-Dusk-Mane||Leftovers|PrismArmor|MorningSun,SwordsDance,Protect,PhotonGeyser||||||50|,,,,,Water]Walking Wake||LifeOrb|Protosynthesis|SunnyDay,Protect,HydroSteam,DragonPulse||||||50|,,,,,Water]Koraidon||Charcoal|OrichalcumPulse|FlareBlitz,FlameCharge,CloseCombat,Protect||||||50|,,,,,Fire]Rillaboom||AssaultVest|GrassySurge|FakeOut,Uturn,GrassyGlide,HighHorsepower|||F|||50|,,,,,Fire]Incineroar||SafetyGoggles|Intimidate|KnockOff,PartingShot,FlareBlitz,FakeOut|||F|||50|,,,,,Water]Grimmsnarl||WideLens|Prankster|ThunderWave,PartingShot,SpiritBreak,FakeOut|||M|||50|,,,,,Fire\n|inactive|Battle timer is ON: inactive players will automatically lose when time's up. (requested by Red wally)\n|inactive|alphaaaaaa has 60 seconds left.\n|\n|t:|1746116175\n|start\n|switch|p1a: Koraidon|Koraidon, L50|100/100\n|switch|p1b: Rillaboom|Rillaboom, L50, M|100/100\n|switch|p2a: Necrozma|Necrozma-Dusk-Mane, L50|100/100\n|switch|p2b: Grimmsnarl|Grimmsnarl, L50, M|100/100\n|-weather|SunnyDay|[from] ability: Orichalcum Pulse|[of] p1a: Koraidon\n|-activate|p1a: Koraidon|Orichalcum Pulse|[source]\n|-fieldstart|move: Grassy Terrain|[from] ability: Grassy Surge|[of] p1b: Rillaboom\n|turn|1\n|\n|t:|1746116199\n|-terastallize|p2a: Necrozma|Water\n|move|p1b: Rillaboom|Fake Out|p2b: Grimmsnarl\n|-damage|p2b: Grimmsnarl|89/100\n|cant|p2b: Grimmsnarl|flinch\n|move|p1a: Koraidon|Flare Blitz|p2a: Necrozma\n|-resisted|p2a: Necrozma\n|-damage|p2a: Necrozma|53/100\n|-damage|p1a: Koraidon|83/100|[from] Recoil\n|-damage|p1a: Koraidon|74/100|[from] item: Life Orb\n|move|p2a: Necrozma|Photon Geyser|p1a: Koraidon\n|-supereffective|p1a: Koraidon\n|-damage|p1a: Koraidon|0 fnt\n|faint|p1a: Koraidon\n|\n|-weather|SunnyDay|[upkeep]\n|-heal|p2a: Necrozma|59/100|[from] Grassy Terrain\n|-heal|p2a: Necrozma|65/100|[from] item: Leftovers\n|-heal|p2b: Grimmsnarl|95/100|[from] Grassy Terrain\n|upkeep\n|\n|t:|1746116214\n|switch|p1a: Raging Bolt|Raging Bolt, L50|100/100\n|-activate|p1a: Raging Bolt|ability: Protosynthesis\n|-start|p1a: Raging Bolt|protosynthesisspa\n|turn|2\n|inactive|alphaaaaaa has 30 seconds left.\n|\n|t:|1746116244\n|move|p2a: Necrozma|Protect|p2a: Necrozma\n|-singleturn|p2a: Necrozma|Protect\n|move|p2b: Grimmsnarl|Thunder Wave|p1b: Rillaboom\n|-status|p1b: Rillaboom|par\n|move|p1a: Raging Bolt|Thunderbolt|p2b: Grimmsnarl\n|-damage|p2b: Grimmsnarl|7/100\n|move|p1b: Rillaboom|Wood Hammer|p2a: Necrozma\n|-activate|p2a: Necrozma|move: Protect\n|\n|-weather|SunnyDay|[upkeep]\n|-heal|p2a: Necrozma|71/100|[from] Grassy Terrain\n|-heal|p2a: Necrozma|78/100|[from] item: Leftovers\n|-heal|p2b: Grimmsnarl|13/100|[from] Grassy Terrain\n|upkeep\n|turn|3\n|inactive|alphaaaaaa has 30 seconds left.\n|\n|t:|1746116270\n|switch|p2a: Koraidon|Koraidon, L50|100/100\n|-activate|p2a: Koraidon|ability: Orichalcum Pulse\n|-terastallize|p1a: Raging Bolt|Electric\n|move|p2b: Grimmsnarl|Parting Shot|p1a: Raging Bolt\n|-unboost|p1a: Raging Bolt|atk|1\n|-unboost|p1a: Raging Bolt|spa|1\n|\n|t:|1746116279\n|switch|p2b: Rillaboom|Rillaboom, L50, F|100/100|[from] Parting Shot\n|move|p1b: Rillaboom|Grassy Glide|p2b: Rillaboom\n|-resisted|p2b: Rillaboom\n|-damage|p2b: Rillaboom|85/100\n|move|p1a: Raging Bolt|Thunderbolt|p2a: Koraidon\n|-resisted|p2a: Koraidon\n|-damage|p2a: Koraidon|69/100\n|\n|-weather|SunnyDay|[upkeep]\n|-heal|p2a: Koraidon|75/100|[from] Grassy Terrain\n|-heal|p2b: Rillaboom|91/100|[from] Grassy Terrain\n|upkeep\n|turn|4\n|inactive|alphaaaaaa has 30 seconds left.\n|inactive|alphaaaaaa has 20 seconds left.\n|\n|t:|1746116319\n|-end|p1a: Raging Bolt|Protosynthesis|[silent]\n|switch|p1a: Lunala|Lunala, L50|100/100\n|move|p2b: Rillaboom|Fake Out|p1a: Lunala\n|-immune|p1a: Lunala\n|move|p2a: Koraidon|Flame Charge|p1b: Rillaboom\n|-supereffective|p1b: Rillaboom\n|-damage|p1b: Rillaboom|8/100 par\n|-boost|p2a: Koraidon|spe|1\n|move|p1b: Rillaboom|U-turn|p2b: Rillaboom\n|-supereffective|p2b: Rillaboom\n|-damage|p2b: Rillaboom|53/100\n|\n|t:|1746116330\n|switch|p1b: Raging Bolt|Raging Bolt, L50, tera:Electric|100/100|[from] U-turn\n|-activate|p1b: Raging Bolt|ability: Protosynthesis\n|-start|p1b: Raging Bolt|protosynthesisspa\n|\n|-weather|SunnyDay|[upkeep]\n|-heal|p2a: Koraidon|81/100|[from] Grassy Terrain\n|-heal|p2b: Rillaboom|59/100|[from] Grassy Terrain\n|upkeep\n|turn|5\n|inactive|alphaaaaaa has 30 seconds left.\n|inactive|alphaaaaaa has 20 seconds left.\n|\n|t:|1746116366\n|move|p1b: Raging Bolt|Protect|p1b: Raging Bolt\n|-singleturn|p1b: Raging Bolt|Protect\n|move|p2b: Rillaboom|Grassy Glide|p1a: Lunala\n|-damage|p1a: Lunala|88/100\n|move|p2a: Koraidon|Flare Blitz|p1a: Lunala\n|-damage|p1a: Lunala|0 fnt\n|faint|p1a: Lunala\n|-damage|p2a: Koraidon|45/100|[from] Recoil\n|\n|-weather|none\n|-end|p1b: Raging Bolt|Protosynthesis\n|-heal|p2a: Koraidon|51/100|[from] Grassy Terrain\n|-heal|p2b: Rillaboom|65/100|[from] Grassy Terrain\n|-fieldend|move: Grassy Terrain\n|upkeep\n|\n|t:|1746116374\n|switch|p1a: Rillaboom|Rillaboom, L50, M|8/100 par\n|-fieldstart|move: Grassy Terrain|[from] ability: Grassy Surge|[of] p1a: Rillaboom\n|turn|6\n|\n|t:|1746116386\n|move|p2a: Koraidon|Protect|p2a: Koraidon\n|-singleturn|p2a: Koraidon|Protect\n|move|p1a: Rillaboom|Fake Out|p2b: Rillaboom\n|-damage|p2b: Rillaboom|54/100\n|cant|p2b: Rillaboom|flinch\n|move|p1b: Raging Bolt|Thunderbolt|p2a: Koraidon\n|-activate|p2a: Koraidon|move: Protect\n|\n|-heal|p2a: Koraidon|57/100|[from] Grassy Terrain\n|-heal|p2b: Rillaboom|60/100|[from] Grassy Terrain\n|-heal|p1a: Rillaboom|14/100 par|[from] Grassy Terrain\n|upkeep\n|turn|7\n|\n|t:|1746116408\n|switch|p2a: Grimmsnarl|Grimmsnarl, L50, M|13/100\n|move|p2b: Rillaboom|U-turn|p1a: Rillaboom\n|-supereffective|p1a: Rillaboom\n|-damage|p1a: Rillaboom|0 fnt\n|faint|p1a: Rillaboom\n|\n|t:|1746116415\n|switch|p2b: Koraidon|Koraidon, L50|57/100|[from] U-turn\n|-weather|SunnyDay|[from] ability: Orichalcum Pulse|[of] p2b: Koraidon\n|-activate|p1b: Raging Bolt|ability: Protosynthesis\n|-start|p1b: Raging Bolt|protosynthesisspa\n|-activate|p2b: Koraidon|Orichalcum Pulse|[source]\n|move|p1b: Raging Bolt|Draco Meteor|p2b: Koraidon\n|-supereffective|p2b: Koraidon\n|-damage|p2b: Koraidon|0 fnt\n|-unboost|p1b: Raging Bolt|spa|2\n|faint|p2b: Koraidon\n|\n|-weather|SunnyDay|[upkeep]\n|-heal|p2a: Grimmsnarl|19/100|[from] Grassy Terrain\n|upkeep\n|\n|t:|1746116427\n|switch|p2b: Rillaboom|Rillaboom, L50, F|60/100\n|turn|8\n|\n|t:|1746116435\n|move|p1b: Raging Bolt|Protect|p1b: Raging Bolt\n|-singleturn|p1b: Raging Bolt|Protect\n|move|p2b: Rillaboom|Fake Out|p1b: Raging Bolt\n|-activate|p1b: Raging Bolt|move: Protect\n|move|p2a: Grimmsnarl|Spirit Break|p1b: Raging Bolt\n|-activate|p1b: Raging Bolt|move: Protect\n|\n|-weather|SunnyDay|[upkeep]\n|-heal|p2b: Rillaboom|66/100|[from] Grassy Terrain\n|-heal|p2a: Grimmsnarl|25/100|[from] Grassy Terrain\n|upkeep\n|turn|9\n|\n|t:|1746116444\n|move|p2a: Grimmsnarl|Parting Shot|p1b: Raging Bolt\n|-unboost|p1b: Raging Bolt|atk|1\n|-unboost|p1b: Raging Bolt|spa|1\n|\n|t:|1746116451\n|switch|p2a: Necrozma|Necrozma-Dusk-Mane, L50, tera:Water|78/100|[from] Parting Shot\n|move|p2b: Rillaboom|High Horsepower|p1b: Raging Bolt\n|-supereffective|p1b: Raging Bolt\n|-damage|p1b: Raging Bolt|56/100\n|move|p1b: Raging Bolt|Thunderbolt|p2a: Necrozma\n|-supereffective|p2a: Necrozma\n|-damage|p2a: Necrozma|24/100\n|\n|-weather|SunnyDay|[upkeep]\n|-heal|p2a: Necrozma|31/100|[from] Grassy Terrain\n|-heal|p2a: Necrozma|37/100|[from] item: Leftovers\n|-heal|p2b: Rillaboom|71/100|[from] Grassy Terrain\n|-heal|p1b: Raging Bolt|62/100|[from] Grassy Terrain\n|upkeep\n|turn|10\n|\n|t:|1746116464\n|move|p2a: Necrozma|Morning Sun|p2a: Necrozma\n|-heal|p2a: Necrozma|100/100\n|move|p2b: Rillaboom|High Horsepower|p1b: Raging Bolt\n|-supereffective|p1b: Raging Bolt\n|-damage|p1b: Raging Bolt|21/100\n|move|p1b: Raging Bolt|Thunderbolt|p2b: Rillaboom\n|-resisted|p2b: Rillaboom\n|-damage|p2b: Rillaboom|60/100\n|\n|-weather|SunnyDay|[upkeep]\n|-heal|p2b: Rillaboom|66/100|[from] Grassy Terrain\n|-heal|p1b: Raging Bolt|27/100|[from] Grassy Terrain\n|-fieldend|move: Grassy Terrain\n|upkeep\n|turn|11\n|\n|t:|1746116475\n|move|p2a: Necrozma|Photon Geyser|p1b: Raging Bolt\n|-damage|p1b: Raging Bolt|0 fnt\n|faint|p1b: Raging Bolt\n|-end|p1b: Raging Bolt|Protosynthesis|[silent]\n|\n|win|Red wally\n|raw|alphaaaaaa's rating: 1203 &rarr; <strong>1172</strong><br />(-31 for losing)\n|raw|Red wally's rating: 1118 &rarr; <strong>1149</strong><br />(+31 for winning)\n|c|\u2606alphaaaaaa|ggs\n|l|\u2606Red wally\n|player|p2|\n|l|\u2606alphaaaaaa\n|player|p1|\n", "uploadtime": 1746116737, "views": 21, "formatid": "gen9vgc2025regibo3", "rating": 1149, "private": 0, "password": null}