{"id": "gen9vgc2025regibo3-2353826543", "format": "[Gen 9] VGC 2025 Reg I (Bo3)", "players": ["roykeenkennedy", "The_AG_Is_Real"], "log": "|j|\u2606roykeenkennedy\n|j|\u203dThe_AG_Is_Real\n|html|<table width=\"100%\"><tr><td align=\"left\">roykeenkennedy</td><td align=\"right\">The_AG_Is_Real</tr><tr><td align=\"left\"><i class=\"fa fa-circle-o\"></i> <i class=\"fa fa-circle-o\"></i> </td><td align=\"right\"><i class=\"fa fa-circle-o\"></i> <i class=\"fa fa-circle\"></i> </tr></table>\n|uhtml|bestof|<h2><strong>Game 2</strong> of <a href=\"/game-bestof3-gen9vgc2025regibo3-2353824437\">a best-of-3</a></h2>\n|t:|1746006431\n|gametype|doubles\n|player|p1|roykeenkennedy|alder|1458\n|player|p2|The_AG_Is_Real|candice|1467\n|teamsize|p1|6\n|teamsize|p2|6\n|gen|9\n|tier|[Gen 9] VGC 2025 Reg I (Bo3)\n|rated|\n|rule|Species Clause: Limit one of each Pok\u00e9mon\n|rule|Item Clause: Limit 1 of each item\n|clearpoke\n|poke|p1|Miraidon, L50|\n|poke|p1|Calyrex-Ice, L50|\n|poke|p1|Grimmsnarl, L50, M|\n|poke|p1|Magmar, L50, F|\n|poke|p1|Annihilape, L50, M|\n|poke|p1|Indeedee-F, L50, F|\n|poke|p2|Koraidon, L50|\n|poke|p2|Calyrex-Shadow, L50|\n|poke|p2|Chi-Yu, L50|\n|poke|p2|Whimsicott, L50, M|\n|poke|p2|Clefairy, L50, F|\n|poke|p2|Raging Bolt, L50|\n|teampreview|4\n|showteam|p1|Miraidon||AssaultVest|HadronEngine|VoltSwitch,Snarl,ElectroDrift,DracoMeteor||||||50|,,,,,Electric]Calyrex-Ice||ClearAmulet|AsOneGlastrier|GlacialLance,TrickRoom,Protect,HighHorsepower||||||50|,,,,,Water]Grimmsnarl||LightClay|Prankster|Reflect,LightScreen,SpiritBreak,FoulPlay|||M|||50|,,,,,Ghost]Magmar||Eviolite|FlameBody|WillOWisp,ClearSmog,FollowMe,Overheat|||F|||50|,,,,,Grass]Annihilape||ChoiceScarf|Defiant|Coaching,RageFist,FinalGambit,BrickBreak|||M|||50|,,,,,Water]Indeedee-F||FocusSash|Synchronize|FakeOut,FollowMe,HelpingHand,TrickRoom|||F|||50|,,,,,Fairy\n|showteam|p2|Koraidon||LifeOrb|OrichalcumPulse|FlareBlitz,CloseCombat,BreakingSwipe,Protect||||||50|,,,,,Fire]Calyrex-Shadow||FocusSash|AsOneSpectrier|AstralBarrage,Psychic,NastyPlot,Protect||||||50|,,,,,Ghost]Chi-Yu||ChoiceScarf|BeadsofRuin|HeatWave,DarkPulse,Overheat,Snarl||||||50|,,,,,Ghost]Whimsicott||CovertCloak|Prankster|Moonblast,Tailwind,Encore,MistyTerrain|||M|||50|,,,,,Fire]Clefairy||Eviolite|FriendGuard|FollowMe,HelpingHand,AfterYou,Protect|||F|||50|,,,,,Water]Raging Bolt||AssaultVest|Protosynthesis|Thunderbolt,Thunderclap,DragonPulse,Electroweb||||||50|,,,,,Electric\n|inactive|Battle timer is ON: inactive players will automatically lose when time's up. (requested by The_AG_Is_Real)\n|\n|t:|1746006477\n|start\n|switch|p1a: Miraidon|Miraidon, L50|100/100\n|switch|p1b: Indeedee|Indeedee-F, L50, F|100/100\n|switch|p2a: Chi-Yu|Chi-Yu, L50|100/100\n|switch|p2b: Calyrex|Calyrex-Shadow, L50|100/100\n|-ability|p2b: Calyrex|As One\n|-ability|p2b: Calyrex|Unnerve\n|-ability|p2a: Chi-Yu|Beads of Ruin\n|-fieldstart|move: Electric Terrain|[from] ability: Hadron Engine|[of] p1a: Miraidon\n|turn|1\n|inactive|The_AG_Is_Real has 30 seconds left.\n|inactive|The_AG_Is_Real has 20 seconds left.\n|inactive|The_AG_Is_Real has 15 seconds left.\n|inactive|The_AG_Is_Real has 10 seconds left.\n|\n|t:|1746006524\n|move|p2a: Chi-Yu|Snarl|p1b: Indeedee|[spread] p1a\n|-miss|p2a: Chi-Yu|p1b: Indeedee\n|-damage|p1a: Miraidon|86/100\n|-unboost|p1a: Miraidon|spa|1\n|move|p2b: Calyrex|Psychic|p1b: Indeedee\n|-resisted|p1b: Indeedee\n|-damage|p1b: Indeedee|62/100\n|-unboost|p1b: Indeedee|spd|1\n|move|p1a: Miraidon|Snarl|p2a: Chi-Yu|[spread] p2a,p2b\n|-resisted|p2a: Chi-Yu\n|-supereffective|p2b: Calyrex\n|-crit|p2b: Calyrex\n|-damage|p2a: Chi-Yu|93/100\n|-enditem|p2b: Calyrex|Focus Sash\n|-damage|p2b: Calyrex|1/100\n|-unboost|p2a: Chi-Yu|spa|1\n|-unboost|p2b: Calyrex|spa|1\n|move|p1b: Indeedee|Trick Room|p1b: Indeedee\n|-fieldstart|move: Trick Room|[of] p1b: Indeedee\n|\n|upkeep\n|turn|2\n|\n|t:|1746006547\n|switch|p1b: Calyrex|Calyrex-Ice, L50|100/100\n|-ability|p1b: Calyrex|As One\n|-ability|p1b: Calyrex|Unnerve\n|switch|p2b: Clefairy|Clefairy, L50, F|100/100\n|move|p1a: Miraidon|Snarl|p2b: Clefairy|[spread] p2b\n|-miss|p1a: Miraidon|p2a: Chi-Yu\n|-resisted|p2b: Clefairy\n|-crit|p2b: Clefairy\n|-damage|p2b: Clefairy|80/100\n|-unboost|p2b: Clefairy|spa|1\n|move|p2a: Chi-Yu|Snarl|p1a: Miraidon|[spread] p1a,p1b\n|-supereffective|p1b: Calyrex\n|-damage|p1a: Miraidon|74/100\n|-damage|p1b: Calyrex|73/100\n|-unboost|p1a: Miraidon|spa|1\n|\n|upkeep\n|turn|3\n|inactive|roykeenkennedy has 30 seconds left.\n|inactive|The_AG_Is_Real has 30 seconds left.\n|\n|t:|1746006575\n|switch|p2a: Calyrex|Calyrex-Shadow, L50|1/100\n|-ability|p2a: Calyrex|As One\n|-ability|p2a: Calyrex|Unnerve\n|-terastallize|p1b: Calyrex|Water\n|move|p2b: Clefairy|Protect|p2b: Clefairy\n|-singleturn|p2b: Clefairy|Protect\n|move|p1b: Calyrex|Glacial Lance|p2b: Clefairy|[spread] p2a\n|-activate|p2b: Clefairy|move: Protect\n|-damage|p2a: Calyrex|0 fnt\n|faint|p2a: Calyrex\n|-ability|p1b: Calyrex|Chilling Neigh|boost\n|-boost|p1b: Calyrex|atk|1\n|move|p1a: Miraidon|Volt Switch|p2b: Clefairy\n|-activate|p2b: Clefairy|move: Protect\n|\n|upkeep\n|\n|t:|1746006588\n|switch|p2a: Koraidon|Koraidon, L50|100/100\n|-weather|SunnyDay|[from] ability: Orichalcum Pulse|[of] p2a: Koraidon\n|-activate|p2a: Koraidon|Orichalcum Pulse|[source]\n|turn|4\n|\n|t:|1746006603\n|-terastallize|p2a: Koraidon|Fire\n|move|p1b: Calyrex|Protect|p1b: Calyrex\n|-singleturn|p1b: Calyrex|Protect\n|move|p2b: Clefairy|After You|p2a: Koraidon\n|-activate|p2a: Koraidon|move: After You\n|move|p2a: Koraidon|Breaking Swipe|p1a: Miraidon|[spread] p1a\n|-activate|p1b: Calyrex|move: Protect\n|-supereffective|p1a: Miraidon\n|-damage|p1a: Miraidon|0 fnt\n|faint|p1a: Miraidon\n|-damage|p2a: Koraidon|91/100|[from] item: Life Orb\n|\n|-weather|SunnyDay|[upkeep]\n|upkeep\n|\n|t:|1746006622\n|switch|p1a: Magmar|Magmar, L50, F|100/100\n|turn|5\n|inactive|The_AG_Is_Real has 30 seconds left.\n|inactive|The_AG_Is_Real has 20 seconds left.\n|inactive|The_AG_Is_Real has 15 seconds left.\n|inactive|The_AG_Is_Real has 10 seconds left.\n|\n|t:|1746006668\n|move|p2b: Clefairy|Protect|p2b: Clefairy\n|-singleturn|p2b: Clefairy|Protect\n|move|p2a: Koraidon|Protect|p2a: Koraidon\n|-singleturn|p2a: Koraidon|Protect\n|move|p1a: Magmar|Follow Me|p1a: Magmar\n|-singleturn|p1a: Magmar|move: Follow Me\n|move|p1b: Calyrex|Glacial Lance|p2a: Koraidon|[spread] \n|-activate|p2a: Koraidon|move: Protect\n|-activate|p2b: Clefairy|move: Protect\n|\n|-weather|SunnyDay|[upkeep]\n|-fieldend|move: Trick Room\n|-fieldend|move: Electric Terrain\n|upkeep\n|turn|6\n|inactive|The_AG_Is_Real has 30 seconds left.\n|\n|t:|1746006705\n|move|p2b: Clefairy|Helping Hand|p2a: Koraidon\n|-singleturn|p2a: Koraidon|Helping Hand|[of] p2b: Clefairy\n|move|p1a: Magmar|Follow Me|p1a: Magmar\n|-singleturn|p1a: Magmar|move: Follow Me\n|move|p2a: Koraidon|Close Combat|p1a: Magmar\n|-damage|p1a: Magmar|0 fnt\n|-unboost|p2a: Koraidon|def|1\n|-unboost|p2a: Koraidon|spd|1\n|faint|p1a: Magmar\n|-damage|p2a: Koraidon|81/100|[from] item: Life Orb\n|move|p1b: Calyrex|Trick Room|p1b: Calyrex\n|-fieldstart|move: Trick Room|[of] p1b: Calyrex\n|\n|-weather|SunnyDay|[upkeep]\n|upkeep\n|\n|t:|1746006719\n|switch|p1a: Indeedee|Indeedee-F, L50, F|62/100\n|turn|7\n|inactive|The_AG_Is_Real has 30 seconds left.\n|inactive|The_AG_Is_Real has 20 seconds left.\n|inactive|The_AG_Is_Real has 15 seconds left.\n|inactive|The_AG_Is_Real has 10 seconds left.\n|inactive|The_AG_Is_Real has 5 seconds left.\n|\n|t:|1746006774\n|move|p1a: Indeedee|Fake Out|p2a: Koraidon\n|-damage|p2a: Koraidon|72/100\n|move|p2b: Clefairy|Follow Me|p2b: Clefairy\n|-singleturn|p2b: Clefairy|move: Follow Me\n|move|p1b: Calyrex|Glacial Lance|p2b: Clefairy|[spread] p2a,p2b\n|-resisted|p2a: Koraidon\n|-damage|p2a: Koraidon|26/100\n|-damage|p2b: Clefairy|16/100\n|cant|p2a: Koraidon|flinch\n|\n|-weather|SunnyDay|[upkeep]\n|upkeep\n|turn|8\n|\n|t:|1746006788\n|move|p2b: Clefairy|Protect|p2b: Clefairy\n|-singleturn|p2b: Clefairy|Protect\n|move|p1a: Indeedee|Follow Me|p1a: Indeedee\n|-singleturn|p1a: Indeedee|move: Follow Me\n|move|p1b: Calyrex|Glacial Lance|p2a: Koraidon|[spread] p2a\n|-activate|p2b: Clefairy|move: Protect\n|-resisted|p2a: Koraidon\n|-damage|p2a: Koraidon|0 fnt\n|faint|p2a: Koraidon\n|-ability|p1b: Calyrex|Chilling Neigh|boost\n|-boost|p1b: Calyrex|atk|1\n|\n|-weather|none\n|upkeep\n|\n|t:|1746006790\n|switch|p2a: Chi-Yu|Chi-Yu, L50|93/100\n|-ability|p2a: Chi-Yu|Beads of Ruin\n|turn|9\n|\n|t:|1746006806\n|move|p2b: Clefairy|Follow Me|p2b: Clefairy\n|-singleturn|p2b: Clefairy|move: Follow Me\n|move|p1a: Indeedee|Follow Me|p1a: Indeedee\n|-singleturn|p1a: Indeedee|move: Follow Me\n|move|p1b: Calyrex|Glacial Lance|p2a: Chi-Yu|[spread] p2a,p2b\n|-resisted|p2a: Chi-Yu\n|-damage|p2a: Chi-Yu|26/100\n|-damage|p2b: Clefairy|0 fnt\n|faint|p2b: Clefairy\n|-ability|p1b: Calyrex|Chilling Neigh|boost\n|-boost|p1b: Calyrex|atk|1\n|move|p2a: Chi-Yu|Dark Pulse|p1a: Indeedee\n|-supereffective|p1a: Indeedee\n|-damage|p1a: Indeedee|0 fnt\n|faint|p1a: Indeedee\n|\n|upkeep\n|turn|10\n|\n|t:|1746006822\n|move|p1b: Calyrex|Glacial Lance|p2a: Chi-Yu\n|-resisted|p2a: Chi-Yu\n|-damage|p2a: Chi-Yu|0 fnt\n|faint|p2a: Chi-Yu\n|\n|win|roykeenkennedy\n||The_AG_Is_Real is ready for game 3.\n|inactive|roykeenkennedy has 30 seconds to confirm battle start!\n|l|\u203dThe_AG_Is_Real\n|player|p2|\n||roykeenkennedy is ready for game 3.\n|uhtml|next|Next: <a href=\"/battle-gen9vgc2025regibo3-2353829108\"><strong>Game 3 of 3</strong></a>\n", "uploadtime": 1746007101, "views": 6, "formatid": "gen9vgc2025regibo3", "rating": null, "private": 0, "password": null}