{"id": "gen9vgc2025regibo3-2354615719", "format": "[Gen 9] VGC 2025 Reg I (Bo3)", "players": ["I saw Carcosa", "lokkont"], "log": "|j|\u2606I saw Carcosa\n|j|\u2606lokkont\n|html|<table width=\"100%\"><tr><td align=\"left\">I saw Carcosa</td><td align=\"right\">lokkont</tr><tr><td align=\"left\"><i class=\"fa fa-circle-o\"></i> <i class=\"fa fa-circle-o\"></i> </td><td align=\"right\"><i class=\"fa fa-circle-o\"></i> <i class=\"fa fa-circle-o\"></i> </tr></table>\n|uhtml|bestof|<h2><strong>Game 1</strong> of <a href=\"/game-bestof3-gen9vgc2025regibo3-2354615718\">a best-of-3</a></h2>\n|t:|1746103186\n|gametype|doubles\n|player|p1|I saw Carcosa|pokemonbreederf|1292\n|player|p2|lokkont|169|1213\n|teamsize|p1|6\n|teamsize|p2|6\n|gen|9\n|tier|[Gen 9] VGC 2025 Reg I (Bo3)\n|rated|\n|rule|Species Clause: Limit one of each Pok\u00e9mon\n|rule|Item Clause: Limit 1 of each item\n|clearpoke\n|poke|p1|Zacian-*, L50|\n|poke|p1|Kyogre, L50|\n|poke|p1|Tornadus, L50, M|\n|poke|p1|Urshifu-*, L50, M|\n|poke|p1|Incineroar, L50, M|\n|poke|p1|Amoonguss, L50, M|\n|poke|p2|Calyrex-Shadow, L50|\n|poke|p2|Zamazenta-*, L50|\n|poke|p2|Urshifu-*, L50, M|\n|poke|p2|Rillaboom, L50, M|\n|poke|p2|Incineroar, L50, M|\n|poke|p2|Pelipper, L50, M|\n|teampreview|4\n|showteam|p1|Zacian-Crowned||RustedSword|IntrepidSword|behemothblade,PlayRough,SacredSword,Protect||||||50|,,,,,Fairy]Kyogre||MysticWater|Drizzle|WaterSpout,OriginPulse,IceBeam,Protect||||||50|,,,,,Water]Tornadus||CovertCloak|Prankster|BleakwindStorm,Taunt,RainDance,Tailwind|||M|||50|,,,,,Dark]Urshifu-Rapid-Strike||ChoiceScarf|UnseenFist|SurgingStrikes,CloseCombat,AquaJet,Coaching|||M|||50|,,,,,Water]Incineroar||AssaultVest|Intimidate|FlareBlitz,KnockOff,Uturn,FakeOut|||M|||50|,,,,,Grass]Amoonguss||RockyHelmet|Regenerator|SludgeBomb,RagePowder,Spore,Protect|||M|||50|,,,,,Dark\n|showteam|p2|Calyrex-Shadow||LifeOrb|AsOneSpectrier|Protect,AstralBarrage,Substitute,Psychic||||||50|,,,,,Dark]Zamazenta-Crowned||RustedShield|DauntlessShield|HeavySlam,BodyPress,Protect,WideGuard||||||50|,,,,,Dragon]Urshifu-Rapid-Strike||ChoiceScarf|UnseenFist|SurgingStrikes,CloseCombat,AquaJet,Uturn|||M|||50|,,,,,Ghost]Rillaboom||AssaultVest|GrassySurge|FakeOut,GrassyGlide,WoodHammer,Uturn|||M|||50|,,,,,Fire]Incineroar||SafetyGoggles|Intimidate|FakeOut,WillOWisp,KnockOff,PartingShot|||M|||50|,,,,,Bug]Pelipper||FocusSash|Drizzle|WeatherBall,Hurricane,Tailwind,Protect|||M|||50|,,,,,Ghost\n|inactive|Battle timer is ON: inactive players will automatically lose when time's up. (requested by lokkont)\n|\n|t:|1746103214\n|start\n|switch|p1a: He Is Come|Incineroar, L50, M, shiny|100/100\n|switch|p1b: He Takes Hold|Amoonguss, L50, M, shiny|100/100\n|switch|p2a: Calyrex|Calyrex-Shadow, L50|100/100\n|switch|p2b: Rillaboom|Rillaboom, L50, M|100/100\n|-ability|p2a: Calyrex|As One\n|-ability|p2a: Calyrex|Unnerve\n|-fieldstart|move: Grassy Terrain|[from] ability: Grassy Surge|[of] p2b: Rillaboom\n|-ability|p1a: He Is Come|Intimidate|boost\n|-unboost|p2a: Calyrex|atk|1\n|-unboost|p2b: Rillaboom|atk|1\n|turn|1\n|inactive|I saw Carcosa has 30 seconds left.\n|\n|t:|1746103241\n|move|p2b: Rillaboom|Fake Out|p1a: He Is Come\n|-damage|p1a: He Is Come|92/100\n|move|p2a: Calyrex|Substitute|p2a: Calyrex\n|-start|p2a: Calyrex|Substitute\n|-damage|p2a: Calyrex|76/100\n|cant|p1a: He Is Come|flinch\n|move|p1b: He Takes Hold|Sludge Bomb|p2b: Rillaboom\n|-supereffective|p2b: Rillaboom\n|-damage|p2b: Rillaboom|65/100\n|-status|p2b: Rillaboom|psn\n|\n|-heal|p2a: Calyrex|81/100|[from] Grassy Terrain\n|-heal|p2b: Rillaboom|71/100 psn|[from] Grassy Terrain\n|-heal|p1a: He Is Come|98/100|[from] Grassy Terrain\n|-damage|p2b: Rillaboom|59/100 psn|[from] psn\n|upkeep\n|turn|2\n|inactive|I saw Carcosa has 30 seconds left.\n|inactive|I saw Carcosa has 20 seconds left.\n|\n|t:|1746103277\n|-terastallize|p1b: He Takes Hold|Dark\n|move|p2a: Calyrex|Psychic|p1b: He Takes Hold\n|-immune|p1b: He Takes Hold\n|move|p2b: Rillaboom|U-turn|p1b: He Takes Hold\n|-supereffective|p1b: He Takes Hold\n|-crit|p1b: He Takes Hold\n|-damage|p1b: He Takes Hold|25/100\n|-damage|p2b: Rillaboom|42/100 psn|[from] item: Rocky Helmet|[of] p1b: He Takes Hold\n|\n|t:|1746103297\n|switch|p2b: Zamazenta|Zamazenta-Crowned, L50|100/100|[from] U-turn\n|-ability|p2b: Zamazenta|Dauntless Shield|boost\n|-boost|p2b: Zamazenta|def|1\n|move|p1a: He Is Come|Knock Off|p2b: Zamazenta\n|-resisted|p2b: Zamazenta\n|-damage|p2b: Zamazenta|95/100\n|move|p1b: He Takes Hold|Spore|p2b: Zamazenta\n|-status|p2b: Zamazenta|slp|[from] move: Spore\n|\n|-heal|p2a: Calyrex|87/100|[from] Grassy Terrain\n|-heal|p2b: Zamazenta|100/100 slp|[from] Grassy Terrain\n|-heal|p1a: He Is Come|100/100|[from] Grassy Terrain\n|-heal|p1b: He Takes Hold|31/100|[from] Grassy Terrain\n|upkeep\n|turn|3\n|\n|t:|1746103318\n|switch|p1b: Beneath Hali|Kyogre, L50, shiny|100/100\n|-weather|RainDance|[from] ability: Drizzle|[of] p1b: Beneath Hali\n|move|p2a: Calyrex|Astral Barrage|p1b: Beneath Hali|[spread] p1a,p1b\n|-resisted|p1a: He Is Come\n|-damage|p1a: He Is Come|80/100\n|-damage|p1b: Beneath Hali|56/100\n|-damage|p2a: Calyrex|78/100|[from] item: Life Orb\n|cant|p2b: Zamazenta|slp\n|move|p1a: He Is Come|U-turn|p2a: Calyrex\n|-activate|p2a: Calyrex|move: Substitute|[damage]\n|c|\u2606I saw Carcosa|oh\n|\n|t:|1746103335\n|switch|p1a: He Takes Hold|Amoonguss, L50, M, shiny, tera:Dark|64/100|[from] U-turn\n|\n|-weather|RainDance|[upkeep]\n|-heal|p2a: Calyrex|84/100|[from] Grassy Terrain\n|-heal|p1b: Beneath Hali|62/100|[from] Grassy Terrain\n|-heal|p1a: He Takes Hold|70/100|[from] Grassy Terrain\n|upkeep\n|turn|4\n|\n|t:|1746103355\n|switch|p1a: The Pallid King|Zacian-Crowned, L50|100/100\n|-ability|p1a: The Pallid King|Intrepid Sword|boost\n|-boost|p1a: The Pallid King|atk|1\n|move|p2a: Calyrex|Protect|p2a: Calyrex\n|-singleturn|p2a: Calyrex|Protect\n|cant|p2b: Zamazenta|slp\n|move|p1b: Beneath Hali|Origin Pulse|p2a: Calyrex|[spread] p2b\n|-activate|p2a: Calyrex|move: Protect\n|-damage|p2b: Zamazenta|27/100 slp\n|\n|-weather|RainDance|[upkeep]\n|-heal|p2a: Calyrex|89/100|[from] Grassy Terrain\n|-heal|p2b: Zamazenta|33/100 slp|[from] Grassy Terrain\n|-heal|p1b: Beneath Hali|69/100|[from] Grassy Terrain\n|upkeep\n|turn|5\n|\n|t:|1746103374\n|cant|p2b: Zamazenta|slp\n|move|p2a: Calyrex|Astral Barrage|p1b: Beneath Hali|[spread] p1a,p1b\n|-damage|p1a: The Pallid King|37/100\n|-damage|p1b: Beneath Hali|24/100\n|-damage|p2a: Calyrex|80/100|[from] item: Life Orb\n|move|p1a: The Pallid King|Sacred Sword|p2b: Zamazenta\n|-supereffective|p2b: Zamazenta\n|-damage|p2b: Zamazenta|0 fnt\n|faint|p2b: Zamazenta\n|move|p1b: Beneath Hali|Ice Beam|p2a: Calyrex\n|-end|p2a: Calyrex|Substitute\n|\n|-weather|RainDance|[upkeep]\n|-heal|p2a: Calyrex|86/100|[from] Grassy Terrain\n|-heal|p1a: The Pallid King|43/100|[from] Grassy Terrain\n|-heal|p1b: Beneath Hali|30/100|[from] Grassy Terrain\n|-fieldend|move: Grassy Terrain\n|upkeep\n|\n|t:|1746103395\n|switch|p2b: Urshifu|Urshifu-Rapid-Strike, L50, M|100/100\n|turn|6\n|inactive|I saw Carcosa has 30 seconds left.\n|inactive|I saw Carcosa has 20 seconds left.\n|inactive|I saw Carcosa has 15 seconds left.\n|inactive|I saw Carcosa has 10 seconds left.\n|inactive|I saw Carcosa has 5 seconds left.\n|\n|t:|1746103445\n|switch|p1b: He Takes Hold|Amoonguss, L50, M, shiny, tera:Dark|100/100\n|move|p2b: Urshifu|U-turn|p1a: The Pallid King\n|-resisted|p1a: The Pallid King\n|-damage|p1a: The Pallid King|38/100\n|\n|t:|1746103453\n|switch|p2b: Rillaboom|Rillaboom, L50, M|42/100 psn|[from] U-turn\n|-fieldstart|move: Grassy Terrain|[from] ability: Grassy Surge|[of] p2b: Rillaboom\n|move|p2a: Calyrex|Astral Barrage|p1b: He Takes Hold|[spread] p1a,p1b\n|-resisted|p1b: He Takes Hold\n|-damage|p1a: The Pallid King|0 fnt\n|-damage|p1b: He Takes Hold|79/100\n|faint|p1a: The Pallid King\n|-ability|p2a: Calyrex|Grim Neigh|boost\n|-boost|p2a: Calyrex|spa|1\n|-damage|p2a: Calyrex|76/100|[from] item: Life Orb\n|\n|-weather|RainDance|[upkeep]\n|-heal|p2a: Calyrex|82/100|[from] Grassy Terrain\n|-heal|p2b: Rillaboom|48/100 psn|[from] Grassy Terrain\n|-heal|p1b: He Takes Hold|85/100|[from] Grassy Terrain\n|-damage|p2b: Rillaboom|36/100 psn|[from] psn\n|upkeep\n|\n|t:|1746103460\n|switch|p1a: He Is Come|Incineroar, L50, M, shiny|80/100\n|-ability|p1a: He Is Come|Intimidate|boost\n|-unboost|p2a: Calyrex|atk|1\n|-unboost|p2b: Rillaboom|atk|1\n|turn|7\n|inactive|lokkont has 30 seconds left.\n|\n|t:|1746103487\n|-terastallize|p2a: Calyrex|Dark\n|move|p2b: Rillaboom|Fake Out|p1b: He Takes Hold\n|-damage|p1b: He Takes Hold|75/100\n|-damage|p2b: Rillaboom|19/100 psn|[from] item: Rocky Helmet|[of] p1b: He Takes Hold\n|move|p2a: Calyrex|Astral Barrage|p1a: He Is Come|[spread] p1a,p1b\n|-resisted|p1a: He Is Come\n|-resisted|p1b: He Takes Hold\n|-damage|p1a: He Is Come|49/100\n|-damage|p1b: He Takes Hold|38/100\n|-damage|p2a: Calyrex|72/100|[from] item: Life Orb\n|move|p1a: He Is Come|U-turn|p2b: Rillaboom\n|-supereffective|p2b: Rillaboom\n|-damage|p2b: Rillaboom|0 fnt\n|faint|p2b: Rillaboom\n|\n|t:|1746103499\n|switch|p1a: Beneath Hali|Kyogre, L50, shiny|30/100|[from] U-turn\n|cant|p1b: He Takes Hold|flinch\n|\n|-weather|none\n|-heal|p2a: Calyrex|78/100|[from] Grassy Terrain\n|-heal|p1a: Beneath Hali|37/100|[from] Grassy Terrain\n|-heal|p1b: He Takes Hold|43/100|[from] Grassy Terrain\n|upkeep\n|\n|t:|1746103504\n|switch|p2b: Urshifu|Urshifu-Rapid-Strike, L50, M|100/100\n|turn|8\n|c|\u2606I saw Carcosa|gg\n|-message|I saw Carcosa forfeited.\n|\n|win|lokkont\n||I saw Carcosa is ready for game 2.\n||lokkont is ready for game 2.\n|uhtml|next|Next: <a href=\"/battle-gen9vgc2025regibo3-2354618417\"><strong>Game 2 of 3</strong></a>\n|l|\u2606I saw Carcosa\n|player|p1|\n", "uploadtime": 1746104135, "views": 13, "formatid": "gen9vgc2025regibo3", "rating": null, "private": 0, "password": null}