{"id": "gen9vgc2025regibo3-2354222957", "format": "[Gen 9] VGC 2025 Reg I (Bo3)", "players": ["Solunex", "bbhell"], "log": "|j|\u203dSolunex\n|j|\u2606bbhell\n|html|<table width=\"100%\"><tr><td align=\"left\">Solunex</td><td align=\"right\">bbhell</tr><tr><td align=\"left\"><i class=\"fa fa-circle\"></i> <i class=\"fa fa-circle-o\"></i> </td><td align=\"right\"><i class=\"fa fa-circle-o\"></i> <i class=\"fa fa-circle-o\"></i> </tr></table>\n|uhtml|bestof|<h2><strong>Game 2</strong> of <a href=\"/game-bestof3-gen9vgc2025regibo3-2354220878\">a best-of-3</a></h2>\n|t:|1746046272\n|gametype|doubles\n|player|p1|Solunex|101|1191\n|player|p2|bbhell|2|1214\n|teamsize|p1|6\n|teamsize|p2|6\n|gen|9\n|tier|[Gen 9] VGC 2025 Reg I (Bo3)\n|rated|\n|rule|Species Clause: Limit one of each Pok\u00e9mon\n|rule|Item Clause: Limit 1 of each item\n|clearpoke\n|poke|p1|Zacian-*, L50|\n|poke|p1|Tornadus, L50, M|\n|poke|p1|Urshifu-*, L50, M|\n|poke|p1|Ogerpon-Cornerstone, L50, F|\n|poke|p1|Calyrex-Ice, L50|\n|poke|p1|Moltres-Galar, L50|\n|poke|p2|Iron Hands, L50|\n|poke|p2|Brute Bonnet, L50|\n|poke|p2|Koraidon, L50|\n|poke|p2|Lunala, L50|\n|poke|p2|Chi-Yu, L50|\n|poke|p2|Flutter Mane, L50|\n|teampreview|4\n|showteam|p1|Zacian-Crowned||RustedSword|IntrepidSword|behemothblade,PlayRough,SacredSword,Protect||||||50|,,,,,Dragon]Tornadus||CovertCloak|Prankster|BleakwindStorm,RainDance,Tailwind,Taunt|||M|||50|,,,,,Dark]Urshifu-Rapid-Strike||FocusSash|UnseenFist|SurgingStrikes,CloseCombat,AquaJet,Protect|||M|||50|,,,,,Stellar]Ogerpon-Cornerstone||CornerstoneMask|Sturdy|IvyCudgel,PowerWhip,FollowMe,SpikyShield|||F|||50|,,,,,Rock]Calyrex-Ice||AssaultVest|AsOneGlastrier|GlacialLance,HighHorsepower,ThroatChop,SeedBomb||||||50|,,,,,Fire]Moltres-Galar||Leftovers|Berserk|FieryWrath,AirSlash,HelpingHand,Protect||||||50|,,,,,Poison\n|showteam|p2|Iron Hands||AssaultVest|QuarkDrive|DrainPunch,LowKick,WildCharge,FakeOut||||||50|,,,,,Water]Brute Bonnet||CovertCloak|Protosynthesis|SuckerPunch,Spore,RagePowder,Protect||||||50|,,,,,Water]Koraidon||LifeOrb|OrichalcumPulse|FlareBlitz,FlameCharge,CloseCombat,Protect||||||50|,,,,,Fire]Lunala||PowerHerb|ShadowShield|MeteorBeam,MoongeistBeam,WideGuard,TrickRoom||||||50|,,,,,Water]Chi-Yu||ChoiceScarf|BeadsofRuin|Overheat,DarkPulse,Snarl,HeatWave||||||50|,,,,,Ghost]Flutter Mane||FocusSash|Protosynthesis|ShadowBall,Moonblast,ThunderWave,Protect||||||50|,,,,,Fairy\n|\n|t:|1746046280\n|start\n|switch|p1a: Tornadus|Tornadus, L50, M|100/100\n|switch|p1b: Calyrex|Calyrex-Ice, L50|100/100\n|switch|p2a: Brute Bonnet|Brute Bonnet, L50, shiny|100/100\n|switch|p2b: Lunala|Lunala, L50|100/100\n|-ability|p1b: Calyrex|As One\n|-ability|p1b: Calyrex|Unnerve\n|turn|1\n|inactive|Battle timer is ON: inactive players will automatically lose when time's up. (requested by bbhell)\n|\n|t:|1746046305\n|-terastallize|p1b: Calyrex|Fire\n|-terastallize|p2a: Brute Bonnet|Water\n|move|p1a: Tornadus|Tailwind|p1a: Tornadus\n|-sidestart|p1: Solunex|move: Tailwind\n|move|p1b: Calyrex|Glacial Lance|p2a: Brute Bonnet|[spread] p2a,p2b\n|-resisted|p2a: Brute Bonnet\n|-damage|p2a: Brute Bonnet|86/100\n|-damage|p2b: Lunala|79/100\n|move|p2b: Lunala|Meteor Beam||[still]\n|-prepare|p2b: Lunala|Meteor Beam\n|-boost|p2b: Lunala|spa|1\n|-enditem|p2b: Lunala|Power Herb\n|-anim|p2b: Lunala|Meteor Beam|p1a: Tornadus\n|-supereffective|p1a: Tornadus\n|-damage|p1a: Tornadus|0 fnt\n|faint|p1a: Tornadus\n|move|p2a: Brute Bonnet|Spore|p1b: Calyrex\n|-status|p1b: Calyrex|slp|[from] move: Spore\n|\n|upkeep\n|\n|t:|1746046323\n|switch|p1a: Moltres|Moltres-Galar, L50|100/100\n|turn|2\n|\n|t:|1746046343\n|move|p2b: Lunala|Wide Guard|p2b: Lunala\n|-singleturn|p2b: Lunala|Wide Guard\n|move|p1a: Moltres|Fiery Wrath|p2a: Brute Bonnet|[spread] \n|-activate|p2a: Brute Bonnet|move: Wide Guard\n|-activate|p2b: Lunala|move: Wide Guard\n|cant|p1b: Calyrex|slp\n|move|p2a: Brute Bonnet|Spore|p1a: Moltres\n|-status|p1a: Moltres|slp|[from] move: Spore\n|\n|upkeep\n|turn|3\n|\n|t:|1746046366\n|move|p2a: Brute Bonnet|Sucker Punch|p1b: Calyrex\n|-damage|p1b: Calyrex|82/100 slp\n|cant|p1a: Moltres|slp\n|-curestatus|p1b: Calyrex|slp|[msg]\n|move|p1b: Calyrex|Throat Chop|p2b: Lunala\n|-supereffective|p2b: Lunala\n|-crit|p2b: Lunala\n|-damage|p2b: Lunala|0 fnt\n|faint|p2b: Lunala\n|-ability|p1b: Calyrex|Chilling Neigh|boost\n|-boost|p1b: Calyrex|atk|1\n|\n|upkeep\n|\n|t:|1746046380\n|switch|p2b: Koraidon|Koraidon, L50|100/100\n|-weather|SunnyDay|[from] ability: Orichalcum Pulse|[of] p2b: Koraidon\n|-activate|p2a: Brute Bonnet|ability: Protosynthesis\n|-start|p2a: Brute Bonnet|protosynthesisdef\n|-activate|p2b: Koraidon|Orichalcum Pulse|[source]\n|turn|4\n|\n|t:|1746046392\n|move|p2b: Koraidon|Protect|p2b: Koraidon\n|-singleturn|p2b: Koraidon|Protect\n|-curestatus|p1a: Moltres|slp|[msg]\n|move|p1a: Moltres|Air Slash|p2b: Koraidon\n|-activate|p2b: Koraidon|move: Protect\n|move|p1b: Calyrex|Seed Bomb|p2a: Brute Bonnet\n|-supereffective|p2a: Brute Bonnet\n|-damage|p2a: Brute Bonnet|47/100\n|move|p2a: Brute Bonnet|Spore|p1b: Calyrex\n|-status|p1b: Calyrex|slp|[from] move: Spore\n|\n|-weather|SunnyDay|[upkeep]\n|-sideend|p1: Solunex|move: Tailwind\n|upkeep\n|turn|5\n|\n|t:|1746046413\n|move|p2a: Brute Bonnet|Rage Powder|p2a: Brute Bonnet\n|-singleturn|p2a: Brute Bonnet|move: Rage Powder\n|move|p2b: Koraidon|Flame Charge|p1a: Moltres\n|-damage|p1a: Moltres|56/100\n|-boost|p2b: Koraidon|spe|1\n|-damage|p2b: Koraidon|91/100|[from] item: Life Orb\n|move|p1a: Moltres|Air Slash|p2a: Brute Bonnet\n|-damage|p2a: Brute Bonnet|21/100\n|cant|p1b: Calyrex|slp\n|\n|-weather|SunnyDay|[upkeep]\n|-heal|p1a: Moltres|62/100|[from] item: Leftovers\n|upkeep\n|turn|6\n|\n|t:|1746046428\n|-end|p2a: Brute Bonnet|Protosynthesis|[silent]\n|switch|p2a: Iron Hands|Iron Hands, L50|100/100\n|move|p1a: Moltres|Protect|p1a: Moltres\n|-singleturn|p1a: Moltres|Protect\n|move|p2b: Koraidon|Flare Blitz|p1a: Moltres\n|-activate|p1a: Moltres|move: Protect\n|cant|p1b: Calyrex|slp\n|\n|-weather|SunnyDay|[upkeep]\n|-heal|p1a: Moltres|69/100|[from] item: Leftovers\n|upkeep\n|turn|7\n|\n|t:|1746046450\n|move|p1a: Moltres|Helping Hand|p1b: Calyrex\n|-singleturn|p1b: Calyrex|Helping Hand|[of] p1a: Moltres\n|move|p2a: Iron Hands|Fake Out|p1b: Calyrex\n|-damage|p1b: Calyrex|71/100 slp\n|move|p2b: Koraidon|Flare Blitz|p1a: Moltres\n|-damage|p1a: Moltres|0 fnt\n|faint|p1a: Moltres\n|-damage|p2b: Koraidon|66/100|[from] Recoil\n|-damage|p2b: Koraidon|56/100|[from] item: Life Orb\n|-curestatus|p1b: Calyrex|slp|[msg]\n|cant|p1b: Calyrex|flinch\n|\n|-weather|SunnyDay|[upkeep]\n|upkeep\n|\n|t:|1746046456\n|switch|p1a: Zacian|Zacian-Crowned, L50|100/100\n|-ability|p1a: Zacian|Intrepid Sword|boost\n|-boost|p1a: Zacian|atk|1\n|turn|8\n|\n|t:|1746046465\n|move|p2b: Koraidon|Protect|p2b: Koraidon\n|-singleturn|p2b: Koraidon|Protect\n|move|p1a: Zacian|Protect|p1a: Zacian\n|-singleturn|p1a: Zacian|Protect\n|move|p1b: Calyrex|Glacial Lance|p2b: Koraidon|[spread] p2a\n|-activate|p2b: Koraidon|move: Protect\n|-damage|p2a: Iron Hands|45/100\n|move|p2a: Iron Hands|Low Kick|p1b: Calyrex\n|-damage|p1b: Calyrex|24/100\n|\n|-weather|none\n|upkeep\n|turn|9\n|inactive|bbhell has 30 seconds left.\n|\n|t:|1746046495\n|move|p2b: Koraidon|Close Combat|p1b: Calyrex\n|-damage|p1b: Calyrex|0 fnt\n|-unboost|p2b: Koraidon|def|1\n|-unboost|p2b: Koraidon|spd|1\n|faint|p1b: Calyrex\n|-damage|p2b: Koraidon|46/100|[from] item: Life Orb\n|move|p1a: Zacian|Play Rough|p2b: Koraidon\n|-supereffective|p2b: Koraidon\n|-damage|p2b: Koraidon|0 fnt\n|faint|p2b: Koraidon\n|move|p2a: Iron Hands|Low Kick|p1a: Zacian\n|-damage|p1a: Zacian|34/100\n|\n|upkeep\n|\n|t:|1746046505\n|switch|p2b: Brute Bonnet|Brute Bonnet, L50, shiny, tera:Water|21/100\n|turn|10\n|\n|t:|1746046517\n|move|p2b: Brute Bonnet|Rage Powder|p2b: Brute Bonnet\n|-singleturn|p2b: Brute Bonnet|move: Rage Powder\n|move|p1a: Zacian|Play Rough|p2b: Brute Bonnet\n|-damage|p2b: Brute Bonnet|0 fnt\n|faint|p2b: Brute Bonnet\n|-end|p2b: Brute Bonnet|Protosynthesis|[silent]\n|move|p2a: Iron Hands|Low Kick|p1a: Zacian\n|-damage|p1a: Zacian|0 fnt\n|faint|p1a: Zacian\n|\n|win|bbhell\n||bbhell is ready for game 3.\n||Solunex is ready for game 3.\n|uhtml|next|Next: <a href=\"/battle-gen9vgc2025regibo3-2354225398\"><strong>Game 3 of 3</strong></a>\n", "uploadtime": 1746046879, "views": 9, "formatid": "gen9vgc2025regibo3", "rating": null, "private": 0, "password": null}