{"id": "gen9vgc2025regibo3-2354536887", "format": "[Gen 9] VGC 2025 Reg I (Bo3)", "players": ["jgm1234", "SERENA2024"], "log": "|j|\u2606jgm1234\n|j|\u2606SERENA2024\n|html|<table width=\"100%\"><tr><td align=\"left\">jgm1234</td><td align=\"right\">SERENA2024</tr><tr><td align=\"left\"><i class=\"fa fa-circle-o\"></i> <i class=\"fa fa-circle-o\"></i> </td><td align=\"right\"><i class=\"fa fa-circle-o\"></i> <i class=\"fa fa-circle-o\"></i> </tr></table>\n|uhtml|bestof|<h2><strong>Game 1</strong> of <a href=\"/game-bestof3-gen9vgc2025regibo3-2354536884\">a best-of-3</a></h2>\n|t:|1746090084\n|gametype|doubles\n|player|p1|jgm1234|elesa|1416\n|player|p2|SERENA2024|2|1332\n|teamsize|p1|6\n|teamsize|p2|6\n|gen|9\n|tier|[Gen 9] VGC 2025 Reg I (Bo3)\n|rated|\n|rule|Species Clause: Limit one of each Pok\u00e9mon\n|rule|Item Clause: Limit 1 of each item\n|clearpoke\n|poke|p1|Calyrex-Shadow, L50|\n|poke|p1|Zamazenta-*, L50|\n|poke|p1|Chien-Pao, L50|\n|poke|p1|Urshifu-*, L50, M|\n|poke|p1|Incineroar, L50, M|\n|poke|p1|Rillaboom, L50, F|\n|poke|p2|Calyrex-Shadow, L50|\n|poke|p2|Zamazenta-*, L50|\n|poke|p2|Grimmsnarl, L50, M|\n|poke|p2|Incineroar, L50, M|\n|poke|p2|Rillaboom, L50, M|\n|poke|p2|Ogerpon-Cornerstone, L50, F|\n|teampreview|4\n|showteam|p1|Calyrex-Shadow||LifeOrb|AsOneSpectrier|AstralBarrage,Psychic,DarkPulse,Protect||||||50|,,,,,Dark]Zamazenta-Crowned||RustedShield|DauntlessShield|BodyPress,HeavySlam,WideGuard,Protect||||||50|,,,,,Dragon]Chien-Pao||FocusSash|SwordofRuin|IceSpinner,SacredSword,SuckerPunch,Protect||||||50|,,,,,Ghost]Urshifu-Rapid-Strike||ChoiceScarf|UnseenFist|SurgingStrikes,CloseCombat,AquaJet,Uturn|||M|||50|,,,,,Water]Incineroar||RockyHelmet|Intimidate|WillOWisp,PartingShot,KnockOff,FakeOut|||M|||50|,,,,,Grass]Rillaboom||AssaultVest|GrassySurge|WoodHammer,Uturn,GrassyGlide,FakeOut|||F|||50|,,,,,Fire\n|showteam|p2|Calyrex-Shadow||SpellTag|AsOneSpectrier|AstralBarrage,PollenPuff,Psychic,Protect||||||50|,,,,,Ghost]Zamazenta-Crowned||RustedShield|DauntlessShield|BodyPress,HeavySlam,Protect,WideGuard||||||50|,,,,,Dragon]Grimmsnarl||LightClay|Prankster|LightScreen,Reflect,FoulPlay,ThunderWave|||M|||50|,,,,,Steel]Incineroar||RockyHelmet|Intimidate|KnockOff,WillOWisp,PartingShot,FakeOut|||M|||50|,,,,,Bug]Rillaboom||AssaultVest|GrassySurge|GrassyGlide,WoodHammer,Uturn,FakeOut|||M|||50|,,,,,Fire]Ogerpon-Cornerstone||CornerstoneMask|Sturdy|IvyCudgel,HornLeech,FollowMe,SpikyShield|||F|||50|,,,,,Rock\n|inactive|Battle timer is ON: inactive players will automatically lose when time's up. (requested by jgm1234)\n|inactive|jgm1234 has 60 seconds left.\n|inactive|SERENA2024 has 60 seconds left.\n|\n|t:|1746090130\n|start\n|switch|p1a: Zamazenta|Zamazenta-Crowned, L50|100/100\n|switch|p1b: Incineroar|Incineroar, L50, M|100/100\n|switch|p2a: Calyrex|Calyrex-Shadow, L50|100/100\n|switch|p2b: Incineroar|Incineroar, L50, M|100/100\n|-ability|p2a: Calyrex|As One\n|-ability|p2a: Calyrex|Unnerve\n|-ability|p1a: Zamazenta|Dauntless Shield|boost\n|-boost|p1a: Zamazenta|def|1\n|-ability|p2b: Incineroar|Intimidate|boost\n|-unboost|p1a: Zamazenta|atk|1\n|-unboost|p1b: Incineroar|atk|1\n|-ability|p1b: Incineroar|Intimidate|boost\n|-unboost|p2a: Calyrex|atk|1\n|-unboost|p2b: Incineroar|atk|1\n|turn|1\n|\n|t:|1746090144\n|switch|p2a: Grimmsnarl|Grimmsnarl, L50, M|100/100\n|move|p1a: Zamazenta|Protect|p1a: Zamazenta\n|-singleturn|p1a: Zamazenta|Protect\n|move|p2b: Incineroar|Fake Out|p1a: Zamazenta\n|-activate|p1a: Zamazenta|move: Protect\n|move|p1b: Incineroar|Knock Off|p2a: Grimmsnarl\n|-resisted|p2a: Grimmsnarl\n|-damage|p2a: Grimmsnarl|94/100\n|-enditem|p2a: Grimmsnarl|Light Clay|[from] move: Knock Off|[of] p1b: Incineroar\n|\n|upkeep\n|turn|2\n|inactive|SERENA2024 has 30 seconds left.\n|\n|t:|1746090171\n|move|p2a: Grimmsnarl|Thunder Wave|p1a: Zamazenta|[miss]\n|-miss|p2a: Grimmsnarl|p1a: Zamazenta\n|move|p1a: Zamazenta|Heavy Slam|p2a: Grimmsnarl\n|-supereffective|p2a: Grimmsnarl\n|-damage|p2a: Grimmsnarl|38/100\n|move|p2b: Incineroar|Parting Shot|p1b: Incineroar\n|-unboost|p1b: Incineroar|atk|1\n|-unboost|p1b: Incineroar|spa|1\n|\n|t:|1746090177\n|switch|p2b: Zamazenta|Zamazenta-Crowned, L50|100/100|[from] Parting Shot\n|-ability|p2b: Zamazenta|Dauntless Shield|boost\n|-boost|p2b: Zamazenta|def|1\n|move|p1b: Incineroar|Parting Shot|p2b: Zamazenta\n|-unboost|p2b: Zamazenta|atk|1\n|-unboost|p2b: Zamazenta|spa|1\n|\n|t:|1746090186\n|switch|p1b: Chien-Pao|Chien-Pao, L50|100/100|[from] Parting Shot\n|-ability|p1b: Chien-Pao|Sword of Ruin\n|\n|upkeep\n|turn|3\n|\n|t:|1746090207\n|move|p1a: Zamazenta|Protect|p1a: Zamazenta\n|-singleturn|p1a: Zamazenta|Protect\n|move|p2a: Grimmsnarl|Thunder Wave|p1a: Zamazenta\n|-activate|p1a: Zamazenta|move: Protect\n|move|p1b: Chien-Pao|Ice Spinner|p2a: Grimmsnarl\n|-damage|p2a: Grimmsnarl|0 fnt\n|faint|p2a: Grimmsnarl\n|move|p2b: Zamazenta|Body Press|p1a: Zamazenta\n|-activate|p1a: Zamazenta|move: Protect\n|\n|upkeep\n|\n|t:|1746090210\n|switch|p2a: Incineroar|Incineroar, L50, M|100/100\n|-ability|p2a: Incineroar|Intimidate|boost\n|-unboost|p1a: Zamazenta|atk|1\n|-unboost|p1b: Chien-Pao|atk|1\n|turn|4\n|\n|t:|1746090225\n|switch|p1b: Incineroar|Incineroar, L50, M|100/100\n|-ability|p1b: Incineroar|Intimidate|boost\n|-unboost|p2a: Incineroar|atk|1\n|-unboost|p2b: Zamazenta|atk|1\n|-terastallize|p1a: Zamazenta|Dragon\n|move|p2a: Incineroar|Fake Out|p1a: Zamazenta\n|-damage|p1a: Zamazenta|97/100\n|cant|p1a: Zamazenta|flinch\n|move|p2b: Zamazenta|Body Press|p1a: Zamazenta\n|-damage|p1a: Zamazenta|69/100\n|\n|upkeep\n|turn|5\n|\n|t:|1746090243\n|move|p1a: Zamazenta|Body Press|p2a: Incineroar\n|-supereffective|p2a: Incineroar\n|-damage|p2a: Incineroar|0 fnt\n|-damage|p1a: Zamazenta|52/100|[from] item: Rocky Helmet|[of] p2a: Incineroar\n|faint|p2a: Incineroar\n|move|p2b: Zamazenta|Body Press|p1b: Incineroar\n|-supereffective|p1b: Incineroar\n|-damage|p1b: Incineroar|2/100\n|-damage|p2b: Zamazenta|84/100|[from] item: Rocky Helmet|[of] p1b: Incineroar\n|move|p1b: Incineroar|Knock Off|p2b: Zamazenta\n|-resisted|p2b: Zamazenta\n|-damage|p2b: Zamazenta|79/100\n|\n|upkeep\n|\n|t:|1746090247\n|switch|p2a: Calyrex|Calyrex-Shadow, L50|100/100\n|-ability|p2a: Calyrex|As One\n|-ability|p2a: Calyrex|Unnerve\n|turn|6\n|\n|t:|1746090266\n|move|p1a: Zamazenta|Protect|p1a: Zamazenta\n|-singleturn|p1a: Zamazenta|Protect\n|move|p2a: Calyrex|Psychic|p1a: Zamazenta\n|-activate|p1a: Zamazenta|move: Protect\n|move|p2b: Zamazenta|Body Press|p1b: Incineroar\n|-supereffective|p1b: Incineroar\n|-damage|p1b: Incineroar|0 fnt\n|-damage|p2b: Zamazenta|63/100|[from] item: Rocky Helmet|[of] p1b: Incineroar\n|faint|p1b: Incineroar\n|\n|upkeep\n|\n|t:|1746090271\n|switch|p1b: Calyrex|Calyrex-Shadow, L50|100/100\n|-ability|p1b: Calyrex|As One\n|-ability|p1b: Calyrex|Unnerve\n|turn|7\n|\n|t:|1746090286\n|-terastallize|p2a: Calyrex|Ghost\n|move|p1a: Zamazenta|Wide Guard|p1a: Zamazenta\n|-singleturn|p1a: Zamazenta|Wide Guard\n|move|p2a: Calyrex|Psychic|p1a: Zamazenta\n|-damage|p1a: Zamazenta|9/100\n|move|p1b: Calyrex|Dark Pulse|p2a: Calyrex\n|-supereffective|p2a: Calyrex\n|-damage|p2a: Calyrex|22/100\n|-damage|p1b: Calyrex|91/100|[from] item: Life Orb\n|move|p2b: Zamazenta|Heavy Slam|p1b: Calyrex\n|-damage|p1b: Calyrex|62/100\n|\n|upkeep\n|turn|8\n|-message|SERENA2024 forfeited.\n|\n|win|jgm1234\n|l|\u2606SERENA2024\n|player|p2|\n||SERENA2024 is ready for game 2.\n||jgm1234 is ready for game 2.\n|uhtml|next|Next: <a href=\"/battle-gen9vgc2025regibo3-2354537972\"><strong>Game 2 of 3</strong></a>\n|l|\u2606jgm1234\n|player|p1|\n", "uploadtime": 1746090576, "views": 12, "formatid": "gen9vgc2025regibo3", "rating": null, "private": 0, "password": null}