{"id": "gen9vgc2025regibo3-2354054784", "format": "[Gen 9] VGC 2025 Reg I (Bo3)", "players": ["Ziik", "Moitamo"], "log": "|j|\u2606Ziik\n|j|\u2606Moitamo\n|html|<table width=\"100%\"><tr><td align=\"left\">Ziik</td><td align=\"right\">Moitamo</tr><tr><td align=\"left\"><i class=\"fa fa-circle-o\"></i> <i class=\"fa fa-circle-o\"></i> </td><td align=\"right\"><i class=\"fa fa-circle-o\"></i> <i class=\"fa fa-circle-o\"></i> </tr></table>\n|uhtml|bestof|<h2><strong>Game 1</strong> of <a href=\"/game-bestof3-gen9vgc2025regibo3-2354054782\">a best-of-3</a></h2>\n|t:|1746030984\n|gametype|doubles\n|player|p1|Ziik|psychic|1174\n|player|p2|Moitamo|265|1175\n|teamsize|p1|6\n|teamsize|p2|6\n|gen|9\n|tier|[Gen 9] VGC 2025 Reg I (Bo3)\n|rated|\n|rule|Species Clause: Limit one of each Pok\u00e9mon\n|rule|Item Clause: Limit 1 of each item\n|clearpoke\n|poke|p1|Archaludon, L50, F|\n|poke|p1|Groudon, L50|\n|poke|p1|Miraidon, L50|\n|poke|p1|Raging Bolt, L50|\n|poke|p1|Raichu-Alola, L50, F|\n|poke|p1|Roaring Moon, L50|\n|poke|p2|Cresselia, L50, F|\n|poke|p2|Zamazenta-*, L50|\n|poke|p2|Rillaboom, L50, F|\n|poke|p2|Terapagos, L50, M|\n|poke|p2|Pelipper, L50, M|\n|poke|p2|Urshifu-*, L50, F|\n|teampreview|4\n|showteam|p1|Archaludon||PowerHerb|Stalwart|Protect,ElectroShot,FlashCannon,Roar|||F|||50|,,,,,Water]Groudon||ClearAmulet|Drought|Protect,PrecipiceBlades,StompingTantrum,HelpingHand||||||50|,,,,,Water]Miraidon||LifeOrb|HadronEngine|Protect,ParabolicCharge,DracoMeteor,DazzlingGleam||||||50|,,,,,Electric]Raging Bolt||AssaultVest|Protosynthesis|Thunderclap,RisingVoltage,DracoMeteor,TeraBlast||||||50|,,,,,Ice]Raichu-Alola||FocusSash|SurgeSurfer|FakeOut,Electroweb,VoltSwitch,Endeavor|||F|||50|,,,,,Dark]Roaring Moon||BoosterEnergy|Protosynthesis|Protect,Tailwind,Acrobatics,KnockOff||||||50|,,,,,Flying\n|showteam|p2|Cresselia||SafetyGoggles|Levitate|TrickRoom,LunarBlessing,Thunderbolt,HelpingHand|||F|||50|,,,,,Electric]Zamazenta-Crowned||RustedShield|DauntlessShield|BodyPress,behemothbash,Protect,IronDefense||||||50|,,,,,Grass]Rillaboom||AssaultVest|GrassySurge|WoodHammer,GrassyGlide,Uturn,FakeOut|||F|||50|,,,,,Fire]Terapagos||Leftovers|TeraShift|TeraStarstorm,CalmMind,Protect,EarthPower|||M|||50|,,,,,Stellar]Pelipper||FocusSash|Drizzle|WeatherBall,Tailwind,WideGuard,Protect|||M|||50|,,,,,Water]Urshifu-Rapid-Strike||ChoiceScarf|UnseenFist|AquaJet,SurgingStrikes,CloseCombat,Uturn|||F|||50|,,,,,Poison\n|inactive|Battle timer is ON: inactive players will automatically lose when time's up. (requested by Ziik)\n|inactive|Ziik has 60 seconds left.\n|\n|t:|1746031025\n|start\n|switch|p1a: Miraidon|Miraidon, L50|100/100\n|switch|p1b: Raichu|Raichu-Alola, L50, F|100/100\n|switch|p2a: Terapagos|Terapagos, L50, M|100/100\n|switch|p2b: Rillaboom|Rillaboom, L50, F, shiny|100/100\n|-activate|p2a: Terapagos|ability: Tera Shift\n|detailschange|p2a: Terapagos|Terapagos-Terastal, L50, M\n|-heal|p2a: Terapagos|100/100|[silent]\n|-fieldstart|move: Electric Terrain|[from] ability: Hadron Engine|[of] p1a: Miraidon\n|-fieldstart|move: Grassy Terrain|[from] ability: Grassy Surge|[of] p2b: Rillaboom\n|turn|1\n|inactive|Ziik has 30 seconds left.\n|\n|t:|1746031051\n|move|p1b: Raichu|Fake Out|p2b: Rillaboom\n|-damage|p2b: Rillaboom|95/100\n|move|p1a: Miraidon|Dazzling Gleam|p2a: Terapagos|[spread] p2a,p2b\n|-activate|p2a: Terapagos|ability: Tera Shell\n|-resisted|p2a: Terapagos\n|-damage|p2a: Terapagos|89/100\n|-damage|p2b: Rillaboom|74/100\n|-damage|p1a: Miraidon|91/100|[from] item: Life Orb\n|move|p2a: Terapagos|Calm Mind|p2a: Terapagos\n|-boost|p2a: Terapagos|spa|1\n|-boost|p2a: Terapagos|spd|1\n|cant|p2b: Rillaboom|flinch\n|\n|-heal|p1a: Miraidon|97/100|[from] Grassy Terrain\n|-heal|p2a: Terapagos|95/100|[from] Grassy Terrain\n|-heal|p2a: Terapagos|100/100|[from] item: Leftovers\n|-heal|p2b: Rillaboom|80/100|[from] Grassy Terrain\n|upkeep\n|turn|2\n|\n|t:|1746031079\n|switch|p1a: Archaludon|Archaludon, L50, F|100/100\n|move|p1b: Raichu|Volt Switch|p2b: Rillaboom\n|-resisted|p2b: Rillaboom\n|-damage|p2b: Rillaboom|70/100\n|\n|t:|1746031084\n|switch|p1b: Miraidon|Miraidon, L50|97/100|[from] Volt Switch\n|-fieldstart|move: Electric Terrain|[from] ability: Hadron Engine|[of] p1b: Miraidon\n|move|p2a: Terapagos|Calm Mind|p2a: Terapagos\n|-boost|p2a: Terapagos|spa|1\n|-boost|p2a: Terapagos|spd|1\n|move|p2b: Rillaboom|Wood Hammer|p1b: Miraidon\n|-resisted|p1b: Miraidon\n|-damage|p1b: Miraidon|74/100\n|-damage|p2b: Rillaboom|63/100|[from] Recoil\n|\n|upkeep\n|turn|3\n|\n|t:|1746031109\n|-terastallize|p2a: Terapagos|Stellar\n|detailschange|p2a: Terapagos|Terapagos-Stellar, L50, M, tera:Stellar\n|-heal|p2a: Terapagos|100/100|[silent]\n|-ability|p2a: Terapagos|Teraform Zero\n|-fieldend|move: Electric Terrain\n|move|p1b: Miraidon|Protect|p1b: Miraidon\n|-singleturn|p1b: Miraidon|Protect\n|move|p2a: Terapagos|Tera Starstorm|p1b: Miraidon|[spread] p1a\n|-activate|p1b: Miraidon|move: Protect\n|-damage|p1a: Archaludon|36/100\n|move|p2b: Rillaboom|U-turn|p1b: Miraidon\n|-activate|p1b: Miraidon|move: Protect\n|move|p1a: Archaludon|Roar|p2a: Terapagos\n|drag|p2a: Zamazenta|Zamazenta-Crowned, L50, shiny|100/100\n|-ability|p2a: Zamazenta|Dauntless Shield|boost\n|-boost|p2a: Zamazenta|def|1\n|\n|upkeep\n|turn|4\n|inactive|Ziik has 30 seconds left.\n|\n|t:|1746031142\n|move|p1a: Archaludon|Protect|p1a: Archaludon\n|-singleturn|p1a: Archaludon|Protect\n|move|p2a: Zamazenta|Body Press|p1a: Archaludon\n|-activate|p1a: Archaludon|move: Protect\n|move|p1b: Miraidon|Draco Meteor|p2a: Zamazenta\n|-resisted|p2a: Zamazenta\n|-damage|p2a: Zamazenta|64/100\n|-unboost|p1b: Miraidon|spa|2\n|-damage|p1b: Miraidon|65/100|[from] item: Life Orb\n|move|p2b: Rillaboom|U-turn|p1b: Miraidon\n|-damage|p1b: Miraidon|46/100\n|\n|t:|1746031151\n|switch|p2b: Terapagos|Terapagos-Stellar, L50, M, tera:Stellar|100/100|[from] U-turn\n|\n|upkeep\n|turn|5\n|\n|t:|1746031169\n|switch|p1a: Groudon|Groudon, L50|100/100\n|-weather|SunnyDay|[from] ability: Drought|[of] p1a: Groudon\n|move|p2a: Zamazenta|Body Press|p1a: Groudon\n|-damage|p1a: Groudon|62/100\n|move|p1b: Miraidon|Parabolic Charge|p2a: Zamazenta|[spread] p2a,p2b\n|-immune|p1a: Groudon\n|-damage|p2a: Zamazenta|52/100\n|-heal|p1b: Miraidon|51/100|[from] drain|[of] p2a: Zamazenta\n|-damage|p2b: Terapagos|89/100\n|-heal|p1b: Miraidon|59/100|[from] drain|[of] p2b: Terapagos\n|-damage|p1b: Miraidon|50/100|[from] item: Life Orb\n|move|p2b: Terapagos|Calm Mind|p2b: Terapagos\n|-boost|p2b: Terapagos|spa|1\n|-boost|p2b: Terapagos|spd|1\n|\n|-weather|SunnyDay|[upkeep]\n|-heal|p2b: Terapagos|95/100|[from] item: Leftovers\n|upkeep\n|turn|6\n|inactive|Ziik has 30 seconds left.\n|inactive|Moitamo has 30 seconds left.\n|\n|t:|1746031202\n|switch|p2a: Rillaboom|Rillaboom, L50, F, shiny|63/100\n|-fieldstart|move: Grassy Terrain|[from] ability: Grassy Surge|[of] p2a: Rillaboom\n|move|p1b: Miraidon|Protect|p1b: Miraidon\n|-singleturn|p1b: Miraidon|Protect\n|move|p2b: Terapagos|Tera Starstorm|p1b: Miraidon|[spread] p1a\n|-activate|p1b: Miraidon|move: Protect\n|-damage|p1a: Groudon|15/100\n|move|p1a: Groudon|Stomping Tantrum|p2a: Rillaboom\n|-resisted|p2a: Rillaboom\n|-damage|p2a: Rillaboom|45/100\n|\n|-weather|SunnyDay|[upkeep]\n|-heal|p1b: Miraidon|56/100|[from] Grassy Terrain\n|-heal|p2b: Terapagos|100/100|[from] Grassy Terrain\n|-heal|p1a: Groudon|21/100|[from] Grassy Terrain\n|-heal|p2a: Rillaboom|51/100|[from] Grassy Terrain\n|upkeep\n|turn|7\n|\n|t:|1746031226\n|switch|p1b: Archaludon|Archaludon, L50, F|36/100\n|move|p1a: Groudon|Protect|p1a: Groudon\n|-singleturn|p1a: Groudon|Protect\n|move|p2a: Rillaboom|Fake Out|p1b: Archaludon\n|-resisted|p1b: Archaludon\n|-damage|p1b: Archaludon|31/100\n|move|p2b: Terapagos|Earth Power|p1b: Archaludon\n|-supereffective|p1b: Archaludon\n|-damage|p1b: Archaludon|0 fnt\n|faint|p1b: Archaludon\n|\n|-weather|SunnyDay|[upkeep]\n|-heal|p1a: Groudon|27/100|[from] Grassy Terrain\n|-heal|p2a: Rillaboom|57/100|[from] Grassy Terrain\n|upkeep\n|\n|t:|1746031239\n|switch|p1b: Raichu|Raichu-Alola, L50, F|100/100\n|turn|8\n|\n|t:|1746031250\n|move|p1b: Raichu|Fake Out|p2a: Rillaboom\n|-damage|p2a: Rillaboom|51/100\n|cant|p2a: Rillaboom|flinch\n|move|p2b: Terapagos|Tera Starstorm|p1a: Groudon|[spread] p1a,p1b\n|-damage|p1a: Groudon|0 fnt\n|-damage|p1b: Raichu|13/100\n|faint|p1a: Groudon\n|\n|-weather|SunnyDay|[upkeep]\n|-heal|p1b: Raichu|19/100|[from] Grassy Terrain\n|-heal|p2a: Rillaboom|57/100|[from] Grassy Terrain\n|upkeep\n|\n|t:|1746031260\n|switch|p1a: Miraidon|Miraidon, L50|56/100\n|-fieldstart|move: Electric Terrain|[from] ability: Hadron Engine|[of] p1a: Miraidon\n|turn|9\n|\n|t:|1746031271\n|switch|p2a: Zamazenta|Zamazenta-Crowned, L50, shiny|52/100\n|move|p2b: Terapagos|Protect|p2b: Terapagos\n|-singleturn|p2b: Terapagos|Protect\n|move|p1b: Raichu|Endeavor|p2b: Terapagos\n|-activate|p2b: Terapagos|move: Protect\n|move|p1a: Miraidon|Dazzling Gleam|p2a: Zamazenta|[spread] p2a\n|-activate|p2b: Terapagos|move: Protect\n|-damage|p2a: Zamazenta|26/100\n|-damage|p1a: Miraidon|46/100|[from] item: Life Orb\n|\n|-weather|none\n|upkeep\n|turn|10\n|\n|t:|1746031296\n|switch|p2a: Rillaboom|Rillaboom, L50, F, shiny|57/100\n|-fieldstart|move: Grassy Terrain|[from] ability: Grassy Surge|[of] p2a: Rillaboom\n|move|p1b: Raichu|Endeavor|p2b: Terapagos\n|-damage|p2b: Terapagos|10/100\n|move|p1a: Miraidon|Draco Meteor|p2a: Rillaboom\n|-damage|p2a: Rillaboom|0 fnt\n|-unboost|p1a: Miraidon|spa|2\n|faint|p2a: Rillaboom\n|-damage|p1a: Miraidon|37/100|[from] item: Life Orb\n|move|p2b: Terapagos|Tera Starstorm|p1a: Miraidon|[spread] p1a,p1b\n|-damage|p1a: Miraidon|0 fnt\n|-damage|p1b: Raichu|0 fnt\n|faint|p1a: Miraidon\n|faint|p1b: Raichu\n|\n|win|Moitamo\n|inactive|Ziik has 30 seconds to confirm battle start!\n|inactive|Moitamo has 30 seconds to confirm battle start!\n||Ziik is ready for game 2.\n|inactive|Moitamo has 20 seconds to confirm battle start!\n||Moitamo is ready for game 2.\n|uhtml|next|Next: <a href=\"/battle-gen9vgc2025regibo3-2354058800\"><strong>Game 2 of 3</strong></a>\n", "uploadtime": 1746031604, "views": 9, "formatid": "gen9vgc2025regibo3", "rating": null, "private": 0, "password": null}