{"id": "gen9vgc2025regibo3-2354828796", "format": "[Gen 9] VGC 2025 Reg I (Bo3)", "players": ["only_Ryu", "R4fi03"], "log": "|j|\u2606only_Ryu\n|j|\u2606R4fi03\n|html|<table width=\"100%\"><tr><td align=\"left\">only_Ryu</td><td align=\"right\">R4fi03</tr><tr><td align=\"left\"><i class=\"fa fa-circle\"></i> <i class=\"fa fa-circle-o\"></i> </td><td align=\"right\"><i class=\"fa fa-circle-o\"></i> <i class=\"fa fa-circle\"></i> </tr></table>\n|uhtml|bestof|<h2><strong>Game 3</strong> of <a href=\"/game-bestof3-gen9vgc2025regibo3-2354821851\">a best-of-3</a></h2>\n|t:|1746123308\n|gametype|doubles\n|player|p1|only_Ryu|drayden|\n|player|p2|R4fi03|furisodegirl-pink|\n|teamsize|p1|6\n|teamsize|p2|6\n|gen|9\n|tier|[Gen 9] VGC 2025 Reg I (Bo3)\n|rule|Species Clause: Limit one of each Pok\u00e9mon\n|rule|Item Clause: Limit 1 of each item\n|clearpoke\n|poke|p1|Koraidon, L50|\n|poke|p1|Lunala, L50|\n|poke|p1|Ursaluna, L50, M|\n|poke|p1|Chi-Yu, L50|\n|poke|p1|Flutter Mane, L50|\n|poke|p1|Brute Bonnet, L50|\n|poke|p2|Groudon, L50|\n|poke|p2|Flutter Mane, L50|\n|poke|p2|Chien-Pao, L50|\n|poke|p2|Calyrex-Ice, L50|\n|poke|p2|Brute Bonnet, L50|\n|poke|p2|Whimsicott, L50, F|\n|teampreview|4\n|showteam|p1|Koraidon||LifeOrb|OrichalcumPulse|FlareBlitz,CloseCombat,FlameCharge,Protect||||||50|,,,,,Fire]Lunala||PowerHerb|ShadowShield|MoongeistBeam,MeteorBeam,WideGuard,TrickRoom||||||50|,,,,,Water]Ursaluna||FlameOrb|Guts|Facade,HeadlongRush,Earthquake,Protect|||M|||50|,,,,,Water]Chi-Yu||ChoiceScarf|BeadsofRuin|Overheat,HeatWave,DarkPulse,Snarl||||||50|,,,,,Ghost]Flutter Mane||FocusSash|Protosynthesis|Moonblast,ShadowBall,IcyWind,Protect||||||50|,,,,,Normal]Brute Bonnet||CovertCloak|Protosynthesis|SeedBomb,SuckerPunch,Spore,RagePowder||||||50|,,,,,Water\n|showteam|p2|Groudon||ClearAmulet|Drought|Protect,PrecipiceBlades,HighHorsepower,HeatCrash||||||50|,,,,,Grass]Flutter Mane||FairyFeather|Protosynthesis|Moonblast,DazzlingGleam,ShadowBall,Protect||||||50|,,,,,Fairy]Chien-Pao||FocusSash|SwordofRuin|IceSpinner,ThroatChop,SuckerPunch,Protect||||||50|,,,,,Stellar]Calyrex-Ice||NeverMeltIce|AsOneGlastrier|Protect,GlacialLance,TrickRoom,SolarBlade||||||50|,,,,,Water]Brute Bonnet||RockyHelmet|Protosynthesis|Spore,RagePowder,SuckerPunch,SeedBomb||||||50|,,,,,Water]Whimsicott||CovertCloak|Prankster|Moonblast,Tailwind,SunnyDay,Encore|||F|||50|,,,,,Dark\n|inactive|Battle timer is ON: inactive players will automatically lose when time's up. (requested by R4fi03)\n|inactive|R4fi03 has 60 seconds left.\n|\n|t:|1746123353\n|start\n|switch|p1a: Chi-Yu|Chi-Yu, L50|100/100\n|switch|p1b: Flutter Mane|Flutter Mane, L50|100/100\n|switch|p2a: Grudon|Groudon, L50|100/100\n|switch|p2b: Flutter Mane|Flutter Mane, L50|100/100\n|-ability|p1a: Chi-Yu|Beads of Ruin\n|-weather|SunnyDay|[from] ability: Drought|[of] p2a: Grudon\n|-activate|p2b: Flutter Mane|ability: Protosynthesis\n|-start|p2b: Flutter Mane|protosynthesisspe\n|-activate|p1b: Flutter Mane|ability: Protosynthesis\n|-start|p1b: Flutter Mane|protosynthesisspe\n|turn|1\n|inactive|R4fi03 has 30 seconds left.\n|\n|t:|1746123384\n|move|p2a: Grudon|Protect|p2a: Grudon\n|-singleturn|p2a: Grudon|Protect\n|move|p1b: Flutter Mane|Icy Wind|p2b: Flutter Mane|[spread] p2b\n|-activate|p2a: Grudon|move: Protect\n|-damage|p2b: Flutter Mane|80/100\n|-unboost|p2b: Flutter Mane|spe|1\n|move|p1a: Chi-Yu|Heat Wave|p2b: Flutter Mane|[spread] p2b\n|-activate|p2a: Grudon|move: Protect\n|-damage|p2b: Flutter Mane|0 fnt\n|faint|p2b: Flutter Mane\n|-end|p2b: Flutter Mane|Protosynthesis|[silent]\n|\n|-weather|SunnyDay|[upkeep]\n|upkeep\n|\n|t:|1746123395\n|switch|p2b: Chien-Pao|Chien-Pao, L50|100/100\n|-ability|p2b: Chien-Pao|Sword of Ruin\n|turn|2\n|inactive|R4fi03 has 30 seconds left.\n|inactive|R4fi03 has 20 seconds left.\n|inactive|R4fi03 has 15 seconds left.\n|\n|t:|1746123436\n|move|p2b: Chien-Pao|Protect|p2b: Chien-Pao\n|-singleturn|p2b: Chien-Pao|Protect\n|move|p1b: Flutter Mane|Icy Wind|p2a: Grudon|[spread] p2a\n|-activate|p2b: Chien-Pao|move: Protect\n|-supereffective|p2a: Grudon\n|-damage|p2a: Grudon|67/100\n|move|p1a: Chi-Yu|Heat Wave|p2a: Grudon|[spread] \n|-activate|p2b: Chien-Pao|move: Protect\n|-miss|p1a: Chi-Yu|p2a: Grudon\n|move|p2a: Grudon|Precipice Blades|p1a: Chi-Yu|[spread] p1a,p1b\n|-supereffective|p1a: Chi-Yu\n|-damage|p1a: Chi-Yu|0 fnt\n|-enditem|p1b: Flutter Mane|Focus Sash\n|-damage|p1b: Flutter Mane|1/100\n|faint|p1a: Chi-Yu\n|\n|-weather|SunnyDay|[upkeep]\n|upkeep\n|\n|t:|1746123455\n|switch|p1a: Koraidon|Koraidon, L50|100/100\n|-activate|p1a: Koraidon|ability: Orichalcum Pulse\n|turn|3\n|inactive|only_Ryu has 30 seconds left.\n|inactive|only_Ryu has 20 seconds left.\n|\n|t:|1746123492\n|move|p2b: Chien-Pao|Sucker Punch|p1b: Flutter Mane\n|-damage|p1b: Flutter Mane|0 fnt\n|faint|p1b: Flutter Mane\n|-end|p1b: Flutter Mane|Protosynthesis|[silent]\n|move|p1a: Koraidon|Flame Charge|p2b: Chien-Pao\n|-supereffective|p2b: Chien-Pao\n|-enditem|p2b: Chien-Pao|Focus Sash\n|-damage|p2b: Chien-Pao|1/100\n|-boost|p1a: Koraidon|spe|1\n|-damage|p1a: Koraidon|91/100|[from] item: Life Orb\n|move|p2a: Grudon|Precipice Blades|p1a: Koraidon\n|-damage|p1a: Koraidon|4/100\n|\n|-weather|SunnyDay|[upkeep]\n|upkeep\n|\n|t:|1746123505\n|switch|p1b: Ursaluna|Ursaluna, L50, M|100/100\n|turn|4\n|inactive|R4fi03 has 30 seconds left.\n|inactive|R4fi03 has 20 seconds left.\n|inactive|R4fi03 has 15 seconds left.\n|\n|t:|1746123547\n|-terastallize|p1b: Ursaluna|Water\n|move|p1a: Koraidon|Protect|p1a: Koraidon\n|-singleturn|p1a: Koraidon|Protect\n|move|p2b: Chien-Pao|Protect|p2b: Chien-Pao\n|-singleturn|p2b: Chien-Pao|Protect\n|move|p2a: Grudon|Precipice Blades|p1b: Ursaluna|[spread] p1b\n|-activate|p1a: Koraidon|move: Protect\n|-crit|p1b: Ursaluna\n|-damage|p1b: Ursaluna|26/100\n|move|p1b: Ursaluna|Earthquake|p2b: Chien-Pao|[spread] p2a\n|-activate|p1a: Koraidon|move: Protect\n|-activate|p2b: Chien-Pao|move: Protect\n|-damage|p2a: Grudon|30/100\n|\n|-weather|SunnyDay|[upkeep]\n|-status|p1b: Ursaluna|brn|[from] item: Flame Orb\n|upkeep\n|turn|5\n|inactive|R4fi03 has 30 seconds left.\n|\n|t:|1746123574\n|move|p1a: Koraidon|Protect|p1a: Koraidon\n|-singleturn|p1a: Koraidon|Protect\n|move|p2b: Chien-Pao|Sucker Punch||[still]\n|-fail|p2b: Chien-Pao\n|move|p2a: Grudon|High Horsepower|p1b: Ursaluna\n|-damage|p1b: Ursaluna|0 fnt\n|faint|p1b: Ursaluna\n|\n|-weather|none\n|upkeep\n|turn|6\n|\n|t:|1746123582\n|move|p2b: Chien-Pao|Sucker Punch|p1a: Koraidon\n|-resisted|p1a: Koraidon\n|-damage|p1a: Koraidon|0 fnt\n|faint|p1a: Koraidon\n|\n|win|R4fi03\n|l|\u2606only_Ryu\n|player|p1|\n", "uploadtime": 1746124355, "views": 5, "formatid": "gen9vgc2025regibo3", "rating": null, "private": 0, "password": null}