{"id": "gen9vgc2025regibo3-2353993856", "format": "[Gen 9] VGC 2025 Reg I (Bo3)", "players": ["georgie.Young", "BringBackOrre"], "log": "|j|\u2606georgie.Young\n|j|\u2606BringBackOrre\n|html|<table width=\"100%\"><tr><td align=\"left\">georgie.Young</td><td align=\"right\">BringBackOrre</tr><tr><td align=\"left\"><i class=\"fa fa-circle-o\"></i> <i class=\"fa fa-circle-o\"></i> </td><td align=\"right\"><i class=\"fa fa-circle-o\"></i> <i class=\"fa fa-circle-o\"></i> </tr></table>\n|uhtml|bestof|<h2><strong>Game 1</strong> of <a href=\"/game-bestof3-gen9vgc2025regibo3-2353993855\">a best-of-3</a></h2>\n|t:|1746025784\n|gametype|doubles\n|player|p1|georgie.Young|caitlin|1196\n|player|p2|BringBackOrre|2|1137\n|teamsize|p1|6\n|teamsize|p2|6\n|gen|9\n|tier|[Gen 9] VGC 2025 Reg I (Bo3)\n|rated|\n|rule|Species Clause: Limit one of each Pok\u00e9mon\n|rule|Item Clause: Limit 1 of each item\n|clearpoke\n|poke|p1|Calyrex-Shadow, L50|\n|poke|p1|Kyogre, L50|\n|poke|p1|Tornadus, L50, M|\n|poke|p1|Brute Bonnet, L50|\n|poke|p1|Farigiraf, L50, M|\n|poke|p1|Landorus, L50, M|\n|poke|p2|Calyrex-Ice, L50|\n|poke|p2|Torkoal, L50, F|\n|poke|p2|Venusaur, L50, F|\n|poke|p2|Incineroar, L50, M|\n|poke|p2|Groudon, L50|\n|poke|p2|Walking Wake, L50|\n|teampreview|4\n|showteam|p1|Calyrex-Shadow||LifeOrb|AsOneSpectrier|AstralBarrage,Psychic,Encore,Protect||||||50|,,,,,Dark]Kyogre||MysticWater|Drizzle|WaterSpout,OriginPulse,IceBeam,Protect||||||50|,,,,,Grass]Tornadus||FocusSash|Prankster|Taunt,Tailwind,BleakwindStorm,RainDance|||M|||50|,,,,,Flying]Brute Bonnet||CovertCloak|Protosynthesis|SeedBomb,SuckerPunch,Spore,RagePowder||||||50|,,,,,Water]Farigiraf||SafetyGoggles|ArmorTail|Psychic,FoulPlay,HelpingHand,TrickRoom|||M|||50|,,,,,Dark]Landorus||ChoiceScarf|SheerForce|EarthPower,SandsearStorm,SludgeBomb,Psychic|||M|||50|,,,,,Water\n|showteam|p2|Calyrex-Ice||ClearAmulet|AsOneGlastrier|GlacialLance,HighHorsepower,Protect,TrickRoom||||||50|,,,,,Water]Torkoal||EjectPack|Drought|Protect,Eruption,Overheat,HelpingHand|||F|||50|,,,,,Fire]Venusaur||FocusSash|Chlorophyll|GrassKnot,SludgeBomb,SleepPowder,Protect|||F|||50|,,,,,Stellar]Incineroar||SafetyGoggles|Intimidate|PartingShot,KnockOff,FlareBlitz,FakeOut|||M|||50|,,,,,Ghost]Groudon||AssaultVest|Drought|PrecipiceBlades,Crunch,HammerArm,HeatCrash||||||50|,,,,,Ground]Walking Wake||BoosterEnergy|Protosynthesis|HydroSteam,WeatherBall,DracoMeteor,SunnyDay||||||50|,,,,,Steel\n|\n|t:|1746025814\n|start\n|switch|p1a: Calyrex|Calyrex-Shadow, L50|100/100\n|switch|p1b: Brute Bonnet|Brute Bonnet, L50|100/100\n|switch|p2a: Incineroar|Incineroar, L50, M|100/100\n|switch|p2b: Calyrex|Calyrex-Ice, L50|100/100\n|-ability|p1a: Calyrex|As One\n|-ability|p1a: Calyrex|Unnerve\n|-ability|p2b: Calyrex|As One\n|-ability|p2b: Calyrex|Unnerve\n|-ability|p2a: Incineroar|Intimidate|boost\n|-unboost|p1a: Calyrex|atk|1\n|-unboost|p1b: Brute Bonnet|atk|1\n|turn|1\n|\n|t:|1746025835\n|move|p2b: Calyrex|Protect|p2b: Calyrex\n|-singleturn|p2b: Calyrex|Protect\n|move|p1a: Calyrex|Astral Barrage|p2b: Calyrex|[spread] p2a\n|-activate|p2b: Calyrex|move: Protect\n|-resisted|p2a: Incineroar\n|-crit|p2a: Incineroar\n|-damage|p2a: Incineroar|61/100\n|-damage|p1a: Calyrex|91/100|[from] item: Life Orb\n|move|p1b: Brute Bonnet|Spore|p2b: Calyrex\n|-activate|p2b: Calyrex|move: Protect\n|move|p2a: Incineroar|Knock Off|p1a: Calyrex\n|-supereffective|p1a: Calyrex\n|-damage|p1a: Calyrex|0 fnt\n|-enditem|p1a: Calyrex|Life Orb|[from] move: Knock Off|[of] p2a: Incineroar\n|faint|p1a: Calyrex\n|\n|upkeep\n|\n|t:|1746025846\n|switch|p1a: Kyogre|Kyogre, L50|100/100\n|-weather|RainDance|[from] ability: Drizzle|[of] p1a: Kyogre\n|turn|2\n|\n|t:|1746025860\n|switch|p2b: Venusaur|Venusaur, L50, F|100/100\n|move|p1a: Kyogre|Water Spout|p2b: Venusaur|[spread] p2a,p2b\n|-supereffective|p2a: Incineroar\n|-resisted|p2b: Venusaur\n|-damage|p2a: Incineroar|0 fnt\n|-damage|p2b: Venusaur|37/100\n|faint|p2a: Incineroar\n|move|p1b: Brute Bonnet|Spore|p2b: Venusaur\n|-immune|p2b: Venusaur\n|\n|-weather|RainDance|[upkeep]\n|upkeep\n|\n|t:|1746025866\n|switch|p2a: Torkoal|Torkoal, L50, F|100/100\n|-weather|SunnyDay|[from] ability: Drought|[of] p2a: Torkoal\n|-activate|p1b: Brute Bonnet|ability: Protosynthesis\n|-start|p1b: Brute Bonnet|protosynthesisdef\n|turn|3\n|\n|t:|1746025879\n|move|p1b: Brute Bonnet|Sucker Punch|p2b: Venusaur\n|-damage|p2b: Venusaur|12/100\n|move|p2b: Venusaur|Grass Knot|p1a: Kyogre\n|-supereffective|p1a: Kyogre\n|-damage|p1a: Kyogre|25/100\n|move|p1a: Kyogre|Water Spout|p2b: Venusaur|[spread] p2a,p2b\n|-supereffective|p2a: Torkoal\n|-resisted|p2b: Venusaur\n|-damage|p2a: Torkoal|78/100\n|-damage|p2b: Venusaur|8/100\n|move|p2a: Torkoal|Overheat|p1b: Brute Bonnet\n|-supereffective|p1b: Brute Bonnet\n|-damage|p1b: Brute Bonnet|0 fnt\n|-unboost|p2a: Torkoal|spa|2\n|-enditem|p2a: Torkoal|Eject Pack\n|faint|p1b: Brute Bonnet\n|-end|p1b: Brute Bonnet|Protosynthesis|[silent]\n|\n|t:|1746025888\n|switch|p2a: Calyrex|Calyrex-Ice, L50|100/100\n|-ability|p2a: Calyrex|As One\n|-ability|p2a: Calyrex|Unnerve\n|\n|-weather|SunnyDay|[upkeep]\n|upkeep\n|c|\u2606georgie.Young|I really thought that would kill\n|\n|t:|1746025891\n|switch|p1b: Farigiraf|Farigiraf, L50, M|100/100\n|turn|4\n|\n|t:|1746025920\n|-terastallize|p1a: Kyogre|Grass\n|move|p2a: Calyrex|Protect|p2a: Calyrex\n|-singleturn|p2a: Calyrex|Protect\n|move|p2b: Venusaur|Grass Knot|p1a: Kyogre\n|-resisted|p1a: Kyogre\n|-damage|p1a: Kyogre|7/100\n|move|p1a: Kyogre|Origin Pulse|p2a: Calyrex|[spread] p2b\n|-activate|p2a: Calyrex|move: Protect\n|-resisted|p2b: Venusaur\n|-damage|p2b: Venusaur|0 fnt\n|faint|p2b: Venusaur\n|move|p1b: Farigiraf|Foul Play|p2a: Calyrex\n|-activate|p2a: Calyrex|move: Protect\n|\n|-weather|SunnyDay|[upkeep]\n|upkeep\n|\n|t:|1746025923\n|switch|p2b: Torkoal|Torkoal, L50, F|78/100\n|turn|5\n|\n|t:|1746025955\n|-terastallize|p2b: Torkoal|Fire\n|move|p1a: Kyogre|Origin Pulse|p2b: Torkoal|[spread] p2b\n|-miss|p1a: Kyogre|p2a: Calyrex\n|-supereffective|p2b: Torkoal\n|-damage|p2b: Torkoal|2/100\n|move|p1b: Farigiraf|Foul Play|p2a: Calyrex\n|-supereffective|p2a: Calyrex\n|-damage|p2a: Calyrex|54/100\n|move|p2a: Calyrex|Glacial Lance|p1a: Kyogre|[spread] p1a,p1b\n|-supereffective|p1a: Kyogre\n|-damage|p1a: Kyogre|0 fnt\n|-damage|p1b: Farigiraf|55/100\n|faint|p1a: Kyogre\n|-ability|p2a: Calyrex|Chilling Neigh|boost\n|-boost|p2a: Calyrex|atk|1\n|move|p2b: Torkoal|Overheat|p1b: Farigiraf|[miss]\n|-miss|p2b: Torkoal|p1b: Farigiraf\n|\n|-weather|SunnyDay|[upkeep]\n|upkeep\n|turn|6\n|\n|t:|1746025973\n|move|p2b: Torkoal|Helping Hand|p2a: Calyrex\n|-singleturn|p2a: Calyrex|Helping Hand|[of] p2b: Torkoal\n|move|p1b: Farigiraf|Foul Play|p2a: Calyrex\n|-supereffective|p2a: Calyrex\n|-damage|p2a: Calyrex|0 fnt\n|faint|p2a: Calyrex\n|\n|-weather|SunnyDay|[upkeep]\n|upkeep\n|turn|7\n|c|\u2606BringBackOrre|Brother\n|\n|t:|1746025988\n|move|p1b: Farigiraf|Foul Play|p2b: Torkoal\n|-damage|p2b: Torkoal|0 fnt\n|faint|p2b: Torkoal\n|\n|win|georgie.Young\n||BringBackOrre is ready for game 2.\n||georgie.Young is ready for game 2.\n|uhtml|next|Next: <a href=\"/battle-gen9vgc2025regibo3-2353996224\"><strong>Game 2 of 3</strong></a>\n|l|\u2606BringBackOrre\n|player|p2|\n", "uploadtime": 1746026266, "views": 6, "formatid": "gen9vgc2025regibo3", "rating": null, "private": 0, "password": null}