{"id": "gen9vgc2025regibo3-2354987618", "format": "[Gen 9] VGC 2025 Reg I (Bo3)", "players": ["sharadaykilla98", "Dragoblaze12"], "log": "|j|\u2606sharadaykilla98\n|j|\u2606Dragoblaze12\n|html|<table width=\"100%\"><tr><td align=\"left\">sharadaykilla98</td><td align=\"right\">Dragoblaze12</tr><tr><td align=\"left\"><i class=\"fa fa-circle-o\"></i> <i class=\"fa fa-circle-o\"></i> </td><td align=\"right\"><i class=\"fa fa-circle-o\"></i> <i class=\"fa fa-circle\"></i> </tr></table>\n|uhtml|bestof|<h2><strong>Game 2</strong> of <a href=\"/game-bestof3-gen9vgc2025regibo3-2354983460\">a best-of-3</a></h2>\n|t:|1746139018\n|gametype|doubles\n|player|p1|sharadaykilla98|volkner|1237\n|player|p2|Dragoblaze12|265|1386\n|teamsize|p1|6\n|teamsize|p2|6\n|gen|9\n|tier|[Gen 9] VGC 2025 Reg I (Bo3)\n|rated|\n|rule|Species Clause: Limit one of each Pok\u00e9mon\n|rule|Item Clause: Limit 1 of each item\n|clearpoke\n|poke|p1|Eternatus, L50|\n|poke|p1|Grimmsnarl, L50, M|\n|poke|p1|Hitmontop, L50, M|\n|poke|p1|Ho-Oh, L50|\n|poke|p1|Toxapex, L50, M|\n|poke|p1|Raichu, L50, F|\n|poke|p2|Calyrex-Shadow, L50|\n|poke|p2|Zamazenta-*, L50|\n|poke|p2|Urshifu-*, L50, F|\n|poke|p2|Tornadus, L50, M|\n|poke|p2|Ogerpon-Hearthflame, L50, F|\n|poke|p2|Raging Bolt, L50|\n|teampreview|4\n|showteam|p1|Eternatus||Leftovers|Pressure|Toxic,FireSpin,CosmicPower,Protect||||||50|,,,,,Fairy]Grimmsnarl||LightClay|Prankster|LightScreen,Reflect,FakeOut,PartingShot|||M|||50|,,,,,Poison]Hitmontop||EjectButton|Intimidate|FakeOut,WideGuard,CloseCombat,BulletPunch|||M|||50|,,,,,Steel]Ho-Oh||SafetyGoggles|Regenerator|SacredFire,Tailwind,LifeDew,Protect||||||50|,,,,,Fairy]Toxapex||BlackSludge|Regenerator|ToxicSpikes,BanefulBunker,Infestation,WideGuard|||M|||50|,,,,,Poison]Raichu||ChoiceScarf|LightningRod|Nuzzle,VoltSwitch,Electroweb,EerieImpulse|||F|||50|,,,,,Ghost\n|showteam|p2|Calyrex-Shadow||FocusSash|AsOneSpectrier|AstralBarrage,Psychic,Encore,Protect||||||50|,,,,,Ghost]Zamazenta-Crowned||RustedShield|DauntlessShield|WideGuard,behemothbash,Protect,BodyPress||||||50|,,,,,Dragon]Urshifu-Rapid-Strike||MysticWater|UnseenFist|Detect,CloseCombat,AquaJet,SurgingStrikes|||F|||50|,,,,,Water]Tornadus||RockyHelmet|Prankster|Protect,RainDance,BleakwindStorm,Tailwind|||M|||50|,,,,,Dark]Ogerpon-Hearthflame||HearthflameMask|MoldBreaker|IvyCudgel,WoodHammer,FollowMe,SpikyShield|||F|||50|,,,,,Fire]Raging Bolt||AssaultVest|Protosynthesis|VoltSwitch,DracoMeteor,Thunderbolt,Thunderclap||||||50|,,,,,Electric\n|inactive|Battle timer is ON: inactive players will automatically lose when time's up. (requested by sharadaykilla98)\n|inactive|sharadaykilla98 has 60 seconds left.\n|inactive|Dragoblaze12 has 60 seconds left.\n|inactive|sharadaykilla98 has 30 seconds left.\n|\n|t:|1746139083\n|start\n|switch|p1a: Grimmsnarl|Grimmsnarl, L50, M, shiny|100/100\n|switch|p1b: Eternatus|Eternatus, L50|100/100\n|switch|p2a: Calyrex|Calyrex-Shadow, L50|100/100\n|switch|p2b: Raging Bolt|Raging Bolt, L50|100/100\n|-ability|p2a: Calyrex|As One\n|-ability|p2a: Calyrex|Unnerve\n|-ability|p1b: Eternatus|Pressure\n|turn|1\n|\n|t:|1746139101\n|move|p1b: Eternatus|Protect|p1b: Eternatus\n|-singleturn|p1b: Eternatus|Protect\n|move|p1a: Grimmsnarl|Parting Shot|p2a: Calyrex\n|-unboost|p2a: Calyrex|atk|1\n|-unboost|p2a: Calyrex|spa|1\n|\n|t:|1746139105\n|switch|p1a: Ho-Oh|Ho-Oh, L50, shiny|100/100|[from] Parting Shot\n|move|p2a: Calyrex|Psychic|p1b: Eternatus\n|-activate|p1b: Eternatus|move: Protect\n|move|p2b: Raging Bolt|Volt Switch|p1a: Ho-Oh\n|-supereffective|p1a: Ho-Oh\n|-damage|p1a: Ho-Oh|63/100\n|\n|t:|1746139121\n|-end|p2b: Raging Bolt|Protosynthesis|[silent]\n|switch|p2b: Ogerpon|Ogerpon-Hearthflame, L50, F|100/100|[from] Volt Switch\n|-ability|p2b: Ogerpon|Mold Breaker\n|\n|upkeep\n|turn|2\n|\n|t:|1746139129\n|switch|p2a: Raging Bolt|Raging Bolt, L50|100/100\n|switch|p1b: Grimmsnarl|Grimmsnarl, L50, M, shiny|100/100\n|move|p2b: Ogerpon|Ivy Cudgel|p1a: Ho-Oh|[anim] Ivy Cudgel Fire\n|-resisted|p1a: Ho-Oh\n|-damage|p1a: Ho-Oh|45/100\n|move|p1a: Ho-Oh|Sacred Fire|p2a: Raging Bolt\n|-resisted|p2a: Raging Bolt\n|-damage|p2a: Raging Bolt|85/100\n|-status|p2a: Raging Bolt|brn\n|\n|-damage|p2a: Raging Bolt|79/100 brn|[from] brn\n|upkeep\n|turn|3\n|\n|t:|1746139148\n|move|p1b: Grimmsnarl|Fake Out|p2a: Raging Bolt\n|-damage|p2a: Raging Bolt|71/100 brn\n|move|p2b: Ogerpon|Follow Me|p2b: Ogerpon\n|-singleturn|p2b: Ogerpon|move: Follow Me\n|move|p1a: Ho-Oh|Life Dew||[still]|[spread] p1a,p1b\n|-heal|p1a: Ho-Oh|70/100\n|-fail|p1b: Grimmsnarl|heal\n|cant|p2a: Raging Bolt|flinch\n|\n|-damage|p2a: Raging Bolt|65/100 brn|[from] brn\n|upkeep\n|turn|4\n|\n|t:|1746139173\n|move|p1a: Ho-Oh|Protect|p1a: Ho-Oh\n|-singleturn|p1a: Ho-Oh|Protect\n|move|p1b: Grimmsnarl|Parting Shot|p2a: Raging Bolt\n|-unboost|p2a: Raging Bolt|atk|1\n|-unboost|p2a: Raging Bolt|spa|1\n|\n|t:|1746139178\n|switch|p1b: Hitmontop|Hitmontop, L50, M|100/100|[from] Parting Shot\n|-ability|p1b: Hitmontop|Intimidate|boost\n|-unboost|p2a: Raging Bolt|atk|1\n|-unboost|p2b: Ogerpon|atk|1\n|move|p2b: Ogerpon|Ivy Cudgel|p1b: Hitmontop|[anim] Ivy Cudgel Fire\n|-damage|p1b: Hitmontop|67/100\n|-enditem|p1b: Hitmontop|Eject Button\n|\n|t:|1746139186\n|switch|p1b: Eternatus|Eternatus, L50|100/100\n|-ability|p1b: Eternatus|Pressure\n|move|p2a: Raging Bolt|Draco Meteor|p1b: Eternatus\n|-supereffective|p1b: Eternatus\n|-damage|p1b: Eternatus|50/100\n|-unboost|p2a: Raging Bolt|spa|2\n|\n|-heal|p1b: Eternatus|57/100|[from] item: Leftovers\n|-damage|p2a: Raging Bolt|59/100 brn|[from] brn\n|upkeep\n|turn|5\n|inactive|Dragoblaze12 has 30 seconds left.\n|inactive|Dragoblaze12 has 20 seconds left.\n|inactive|Dragoblaze12 has 15 seconds left.\n|inactive|Dragoblaze12 has 10 seconds left.\n|\n|t:|1746139233\n|-end|p2a: Raging Bolt|Protosynthesis|[silent]\n|switch|p2a: Calyrex|Calyrex-Shadow, L50|100/100\n|-ability|p2a: Calyrex|As One\n|-ability|p2a: Calyrex|Unnerve\n|move|p1b: Eternatus|Cosmic Power|p1b: Eternatus\n|-boost|p1b: Eternatus|def|1\n|-boost|p1b: Eternatus|spd|1\n|move|p2b: Ogerpon|Ivy Cudgel|p1a: Ho-Oh|[anim] Ivy Cudgel Fire\n|-resisted|p1a: Ho-Oh\n|-damage|p1a: Ho-Oh|59/100\n|move|p1a: Ho-Oh|Tailwind|p1a: Ho-Oh\n|-sidestart|p1: sharadaykilla98|move: Tailwind\n|\n|-heal|p1b: Eternatus|63/100|[from] item: Leftovers\n|upkeep\n|turn|6\n|inactive|Dragoblaze12 has 30 seconds left.\n|\n|t:|1746139262\n|-terastallize|p2a: Calyrex|Ghost\n|move|p1b: Eternatus|Protect|p1b: Eternatus\n|-singleturn|p1b: Eternatus|Protect\n|move|p2b: Ogerpon|Follow Me|p2b: Ogerpon\n|-singleturn|p2b: Ogerpon|move: Follow Me\n|move|p1a: Ho-Oh|Life Dew|p1a: Ho-Oh|[spread] p1a,p1b\n|-heal|p1a: Ho-Oh|84/100\n|-heal|p1b: Eternatus|88/100\n|move|p2a: Calyrex|Astral Barrage|p1a: Ho-Oh|[spread] p1a\n|-activate|p1b: Eternatus|move: Protect\n|-damage|p1a: Ho-Oh|42/100\n|\n|-heal|p1b: Eternatus|94/100|[from] item: Leftovers\n|upkeep\n|turn|7\n|\n|t:|1746139281\n|switch|p1a: Grimmsnarl|Grimmsnarl, L50, M, shiny|100/100\n|switch|p2b: Raging Bolt|Raging Bolt, L50|59/100 brn\n|move|p1b: Eternatus|Cosmic Power|p1b: Eternatus\n|-boost|p1b: Eternatus|def|1\n|-boost|p1b: Eternatus|spd|1\n|move|p2a: Calyrex|Astral Barrage|p1a: Grimmsnarl|[spread] p1a,p1b\n|-resisted|p1a: Grimmsnarl\n|-damage|p1a: Grimmsnarl|68/100\n|-damage|p1b: Eternatus|68/100\n|\n|-heal|p1b: Eternatus|74/100|[from] item: Leftovers\n|-damage|p2b: Raging Bolt|53/100 brn|[from] brn\n|upkeep\n|turn|8\n|inactive|Dragoblaze12 has 30 seconds left.\n|\n|t:|1746139309\n|move|p2a: Calyrex|Protect|p2a: Calyrex\n|-singleturn|p2a: Calyrex|Protect\n|move|p1a: Grimmsnarl|Fake Out|p2b: Raging Bolt\n|-damage|p2b: Raging Bolt|46/100 brn\n|move|p1b: Eternatus|Toxic|p2a: Calyrex\n|-activate|p2a: Calyrex|move: Protect\n|cant|p2b: Raging Bolt|flinch\n|\n|-heal|p1b: Eternatus|80/100|[from] item: Leftovers\n|-damage|p2b: Raging Bolt|40/100 brn|[from] brn\n|-sideend|p1: sharadaykilla98|move: Tailwind\n|upkeep\n|turn|9\n|\n|t:|1746139330\n|move|p1b: Eternatus|Protect|p1b: Eternatus\n|-singleturn|p1b: Eternatus|Protect\n|move|p1a: Grimmsnarl|Light Screen|p1a: Grimmsnarl\n|-sidestart|p1: sharadaykilla98|move: Light Screen\n|move|p2a: Calyrex|Astral Barrage|p1a: Grimmsnarl|[spread] p1a\n|-activate|p1b: Eternatus|move: Protect\n|-resisted|p1a: Grimmsnarl\n|-damage|p1a: Grimmsnarl|47/100\n|move|p2b: Raging Bolt|Volt Switch|p1a: Grimmsnarl\n|-damage|p1a: Grimmsnarl|26/100\n|\n|t:|1746139340\n|-end|p2b: Raging Bolt|Protosynthesis|[silent]\n|switch|p2b: Zamazenta|Zamazenta-Crowned, L50|100/100|[from] Volt Switch\n|-ability|p2b: Zamazenta|Dauntless Shield|boost\n|-boost|p2b: Zamazenta|def|1\n|\n|-heal|p1b: Eternatus|86/100|[from] item: Leftovers\n|upkeep\n|turn|10\n|\n|t:|1746139360\n|move|p1a: Grimmsnarl|Parting Shot|p2a: Calyrex\n|-unboost|p2a: Calyrex|atk|1\n|-unboost|p2a: Calyrex|spa|1\n|\n|t:|1746139366\n|switch|p1a: Ho-Oh|Ho-Oh, L50, shiny|75/100|[from] Parting Shot\n|move|p2a: Calyrex|Encore|p1b: Eternatus\n|-start|p1b: Eternatus|Encore\n|move|p2b: Zamazenta|Behemoth Bash|p1a: Ho-Oh\n|-resisted|p1a: Ho-Oh\n|-damage|p1a: Ho-Oh|61/100\n|move|p1b: Eternatus|Protect||[still]\n|-fail|p1b: Eternatus\n|\n|-heal|p1b: Eternatus|92/100|[from] item: Leftovers\n|upkeep\n|turn|11\n|\n|t:|1746139390\n|switch|p2b: Raging Bolt|Raging Bolt, L50|40/100 brn\n|move|p1b: Eternatus|Protect|p1b: Eternatus\n|-singleturn|p1b: Eternatus|Protect\n|move|p2a: Calyrex|Astral Barrage|p1a: Ho-Oh|[spread] p1a\n|-activate|p1b: Eternatus|move: Protect\n|-damage|p1a: Ho-Oh|43/100\n|move|p1a: Ho-Oh|Tailwind|p1a: Ho-Oh\n|-sidestart|p1: sharadaykilla98|move: Tailwind\n|\n|-heal|p1b: Eternatus|98/100|[from] item: Leftovers\n|-damage|p2b: Raging Bolt|34/100 brn|[from] brn\n|upkeep\n|turn|12\n|inactive|sharadaykilla98 has 30 seconds left.\n|\n|t:|1746139421\n|switch|p1a: Grimmsnarl|Grimmsnarl, L50, M, shiny|26/100\n|-terastallize|p1b: Eternatus|Fairy\n|move|p1b: Eternatus|Protect|p1b: Eternatus\n|-singleturn|p1b: Eternatus|Protect\n|move|p2a: Calyrex|Psychic|p1a: Grimmsnarl\n|-immune|p1a: Grimmsnarl\n|move|p2b: Raging Bolt|Thunderbolt|p1a: Grimmsnarl\n|-damage|p1a: Grimmsnarl|0 fnt\n|faint|p1a: Grimmsnarl\n|\n|-heal|p1b: Eternatus|100/100|[from] item: Leftovers\n|-damage|p2b: Raging Bolt|28/100 brn|[from] brn\n|-end|p1b: Eternatus|Encore\n|upkeep\n|\n|t:|1746139433\n|switch|p1a: Hitmontop|Hitmontop, L50, M|67/100\n|-ability|p1a: Hitmontop|Intimidate|boost\n|-unboost|p2a: Calyrex|atk|1\n|-unboost|p2b: Raging Bolt|atk|1\n|turn|13\n|\n|t:|1746139448\n|-end|p2b: Raging Bolt|Protosynthesis|[silent]\n|switch|p2b: Zamazenta|Zamazenta-Crowned, L50|100/100\n|move|p1a: Hitmontop|Fake Out|p2b: Zamazenta\n|-resisted|p2b: Zamazenta\n|-damage|p2b: Zamazenta|98/100\n|move|p1b: Eternatus|Toxic|p2a: Calyrex\n|-status|p2a: Calyrex|tox\n|move|p2a: Calyrex|Psychic|p1a: Hitmontop\n|-supereffective|p1a: Hitmontop\n|-damage|p1a: Hitmontop|19/100\n|\n|-damage|p2a: Calyrex|95/100 tox|[from] psn\n|upkeep\n|turn|14\n|\n|t:|1746139469\n|switch|p1a: Ho-Oh|Ho-Oh, L50, shiny|76/100\n|move|p2b: Zamazenta|Protect|p2b: Zamazenta\n|-singleturn|p2b: Zamazenta|Protect\n|move|p1b: Eternatus|Cosmic Power|p1b: Eternatus\n|-boost|p1b: Eternatus|def|1\n|-boost|p1b: Eternatus|spd|1\n|move|p2a: Calyrex|Psychic|p1a: Ho-Oh\n|-damage|p1a: Ho-Oh|64/100\n|\n|-damage|p2a: Calyrex|83/100 tox|[from] psn\n|-sideend|p1: sharadaykilla98|move: Tailwind\n|upkeep\n|turn|15\n|\n|t:|1746139490\n|switch|p2b: Raging Bolt|Raging Bolt, L50|28/100 brn\n|move|p2a: Calyrex|Psychic|p1a: Ho-Oh\n|-damage|p1a: Ho-Oh|51/100\n|move|p1b: Eternatus|Cosmic Power|p1b: Eternatus\n|-boost|p1b: Eternatus|def|1\n|-boost|p1b: Eternatus|spd|1\n|move|p1a: Ho-Oh|Sacred Fire|p2b: Raging Bolt|[miss]\n|-miss|p1a: Ho-Oh|p2b: Raging Bolt\n|\n|-damage|p2a: Calyrex|66/100 tox|[from] psn\n|-damage|p2b: Raging Bolt|21/100 brn|[from] brn\n|upkeep\n|turn|16\n|\n|t:|1746139509\n|move|p1a: Ho-Oh|Protect|p1a: Ho-Oh\n|-singleturn|p1a: Ho-Oh|Protect\n|move|p2a: Calyrex|Encore|p1b: Eternatus\n|-start|p1b: Eternatus|Encore\n|move|p1b: Eternatus|Cosmic Power|p1b: Eternatus\n|-boost|p1b: Eternatus|def|1\n|-boost|p1b: Eternatus|spd|1\n|move|p2b: Raging Bolt|Thunderbolt|p1a: Ho-Oh\n|-activate|p1a: Ho-Oh|move: Protect\n|\n|-damage|p2a: Calyrex|43/100 tox|[from] psn\n|-damage|p2b: Raging Bolt|15/100 brn|[from] brn\n|-sideend|p1: sharadaykilla98|move: Light Screen\n|upkeep\n|turn|17\n|\n|t:|1746139521\n|switch|p1a: Hitmontop|Hitmontop, L50, M|19/100\n|-ability|p1a: Hitmontop|Intimidate|boost\n|-unboost|p2a: Calyrex|atk|1\n|-unboost|p2b: Raging Bolt|atk|1\n|move|p2a: Calyrex|Psychic|p1a: Hitmontop\n|-supereffective|p1a: Hitmontop\n|-damage|p1a: Hitmontop|0 fnt\n|faint|p1a: Hitmontop\n|-ability|p2a: Calyrex|Grim Neigh|boost\n|-boost|p2a: Calyrex|spa|1\n|move|p1b: Eternatus|Cosmic Power|p1b: Eternatus\n|-boost|p1b: Eternatus|def|1\n|-boost|p1b: Eternatus|spd|1\n|move|p2b: Raging Bolt|Thunderbolt|p1b: Eternatus\n|-damage|p1b: Eternatus|94/100\n|\n|-heal|p1b: Eternatus|99/100|[from] item: Leftovers\n|-damage|p2a: Calyrex|15/100 tox|[from] psn\n|-damage|p2b: Raging Bolt|9/100 brn|[from] brn\n|upkeep\n|\n|t:|1746139528\n|switch|p1a: Ho-Oh|Ho-Oh, L50, shiny|84/100\n|turn|18\n|\n|t:|1746139548\n|move|p1a: Ho-Oh|Protect|p1a: Ho-Oh\n|-singleturn|p1a: Ho-Oh|Protect\n|move|p2a: Calyrex|Psychic|p1b: Eternatus\n|-damage|p1b: Eternatus|90/100\n|move|p1b: Eternatus|Cosmic Power|p1b: Eternatus\n|-boost|p1b: Eternatus|def|0\n|-boost|p1b: Eternatus|spd|0\n|move|p2b: Raging Bolt|Thunderbolt|p1b: Eternatus\n|-damage|p1b: Eternatus|83/100\n|\n|-heal|p1b: Eternatus|89/100|[from] item: Leftovers\n|-damage|p2a: Calyrex|0 fnt|[from] psn\n|faint|p2a: Calyrex\n|-damage|p2b: Raging Bolt|3/100 brn|[from] brn\n|-end|p1b: Eternatus|Encore\n|upkeep\n|\n|t:|1746139557\n|switch|p2a: Zamazenta|Zamazenta-Crowned, L50|98/100\n|turn|19\n|\n|t:|1746139572\n|move|p2a: Zamazenta|Behemoth Bash|p1a: Ho-Oh\n|-resisted|p1a: Ho-Oh\n|-damage|p1a: Ho-Oh|70/100\n|move|p1b: Eternatus|Fire Spin|p2a: Zamazenta\n|-supereffective|p2a: Zamazenta\n|-damage|p2a: Zamazenta|80/100\n|-activate|p2a: Zamazenta|move: Fire Spin|[of] p1b: Eternatus\n|move|p1a: Ho-Oh|Sacred Fire|p2b: Raging Bolt\n|-resisted|p2b: Raging Bolt\n|-damage|p2b: Raging Bolt|0 fnt\n|faint|p2b: Raging Bolt\n|-end|p2b: Raging Bolt|Protosynthesis|[silent]\n|\n|-heal|p1b: Eternatus|95/100|[from] item: Leftovers\n|-damage|p2a: Zamazenta|67/100|[from] move: Fire Spin|[partiallytrapped]\n|upkeep\n|-message|Dragoblaze12 forfeited.\n|\n|win|sharadaykilla98\n||Dragoblaze12 is ready for game 3.\n||sharadaykilla98 is ready for game 3.\n|uhtml|next|Next: <a href=\"/battle-gen9vgc2025regibo3-2354992530\"><strong>Game 3 of 3</strong></a>\n|l|\u2606sharadaykilla98\n|player|p1|\n", "uploadtime": 1746139968, "views": 4, "formatid": "gen9vgc2025regibo3", "rating": null, "private": 0, "password": null}