{"id": "gen9vgc2025regibo3-2354364542", "format": "[Gen 9] VGC 2025 Reg I (Bo3)", "players": ["Stellar Peformance", "Gimffy"], "log": "|j|\u2606Stellar Peformance\n|j|\u2606Gimffy\n|html|<table width=\"100%\"><tr><td align=\"left\">Stellar Peformance</td><td align=\"right\">Gimffy</tr><tr><td align=\"left\"><i class=\"fa fa-circle\"></i> <i class=\"fa fa-circle-o\"></i> </td><td align=\"right\"><i class=\"fa fa-circle-o\"></i> <i class=\"fa fa-circle-o\"></i> </tr></table>\n|uhtml|bestof|<h2><strong>Game 2</strong> of <a href=\"/game-bestof3-gen9vgc2025regibo3-2354361762\">a best-of-3</a></h2>\n|t:|1746062326\n|gametype|doubles\n|player|p1|Stellar Peformance|iris|1153\n|player|p2|Gimffy|ingo|1209\n|teamsize|p1|6\n|teamsize|p2|6\n|gen|9\n|tier|[Gen 9] VGC 2025 Reg I (Bo3)\n|rated|\n|rule|Species Clause: Limit one of each Pok\u00e9mon\n|rule|Item Clause: Limit 1 of each item\n|clearpoke\n|poke|p1|Miraidon, L50|\n|poke|p1|Incineroar, L50, M|\n|poke|p1|Landorus-Therian, L50, M|\n|poke|p1|Sinistcha-Masterpiece, L50|\n|poke|p1|Kyogre, L50|\n|poke|p1|Grimmsnarl, L50, M|\n|poke|p2|Koraidon, L50|\n|poke|p2|Lunala, L50|\n|poke|p2|Flutter Mane, L50|\n|poke|p2|Chi-Yu, L50|\n|poke|p2|Brute Bonnet, L50|\n|poke|p2|Ursaluna, L50, M|\n|teampreview|4\n|showteam|p1|Miraidon||CovertCloak|HadronEngine|ParabolicCharge,DragonPulse,CalmMind,Protect||||||50|,,,,,Electric]Incineroar||EjectPack|Intimidate|FakeOut,KnockOff,WillOWisp,PartingShot|||M|||50|,,,,,Grass]Landorus-Therian||ChoiceScarf|Intimidate|SandsearStorm,GrassKnot,Uturn,EarthPower|||M|||50|,,,,,Grass]Sinistcha-Masterpiece||EjectButton|Hospitality|MatchaGotcha,TrickRoom,ShadowBall,Protect||||||50|,,,,,Dark]Kyogre||Leftovers|Drizzle|WaterSpout,ThunderWave,IceBeam,Protect||||||50|,,,,,Grass]Grimmsnarl||LightClay|Prankster|FoulPlay,LightScreen,Reflect,ThunderWave|||M|||50|,,,,,Ghost\n|showteam|p2|Koraidon||ClearAmulet|OrichalcumPulse|CollisionCourse,FlareBlitz,FlameCharge,Protect||||||50|,,,,,Fire]Lunala||PowerHerb|ShadowShield|MoongeistBeam,MeteorBeam,WideGuard,TrickRoom||||||50|,,,,,Water]Flutter Mane||FocusSash|Protosynthesis|Moonblast,ShadowBall,IcyWind,Protect||||||50|,,,,,Fairy]Chi-Yu||ChoiceScarf|BeadsofRuin|DarkPulse,HeatWave,Overheat,Snarl||||||50|,,,,,Ghost]Brute Bonnet||RockyHelmet|Protosynthesis|RagePowder,Spore,SeedBomb,SuckerPunch||||||50|,,,,,Water]Ursaluna||FlameOrb|Guts|Facade,HeadlongRush,Earthquake,Protect|||M|||50|,,,,,Water\n|inactive|Battle timer is ON: inactive players will automatically lose when time's up. (requested by Gimffy)\n|inactive|Stellar Peformance has 60 seconds left.\n|\n|t:|1746062368\n|start\n|switch|p1a: Grimmsnarl|Grimmsnarl, L50, M|100/100\n|switch|p1b: Incineroar|Incineroar, L50, M|100/100\n|switch|p2a: Anakin|Flutter Mane, L50|100/100\n|switch|p2b: Calcifisher|Chi-Yu, L50|100/100\n|-ability|p2b: Calcifisher|Beads of Ruin\n|-ability|p1b: Incineroar|Intimidate|boost\n|-unboost|p2a: Anakin|atk|1\n|-unboost|p2b: Calcifisher|atk|1\n|turn|1\n|inactive|Stellar Peformance has 30 seconds left.\n|inactive|Gimffy has 30 seconds left.\n|\n|t:|1746062401\n|move|p1a: Grimmsnarl|Light Screen|p1a: Grimmsnarl\n|-sidestart|p1: Stellar Peformance|move: Light Screen\n|move|p2b: Calcifisher|Snarl|p1a: Grimmsnarl|[spread] p1a,p1b\n|-resisted|p1a: Grimmsnarl\n|-resisted|p1b: Incineroar\n|-damage|p1a: Grimmsnarl|96/100\n|-damage|p1b: Incineroar|92/100\n|-unboost|p1a: Grimmsnarl|spa|1\n|-unboost|p1b: Incineroar|spa|1\n|-enditem|p1b: Incineroar|Eject Pack\n|\n|t:|1746062412\n|switch|p1b: Kyogre|Kyogre, L50|100/100\n|-weather|RainDance|[from] ability: Drizzle|[of] p1b: Kyogre\n|move|p2a: Anakin|Moonblast|p1a: Grimmsnarl\n|-supereffective|p1a: Grimmsnarl\n|-damage|p1a: Grimmsnarl|12/100\n|\n|-weather|RainDance|[upkeep]\n|upkeep\n|turn|2\n|\n|t:|1746062433\n|switch|p2b: Akira|Koraidon, L50|100/100\n|-weather|SunnyDay|[from] ability: Orichalcum Pulse|[of] p2b: Akira\n|-activate|p2a: Anakin|ability: Protosynthesis\n|-start|p2a: Anakin|protosynthesisspe\n|-activate|p2b: Akira|Orichalcum Pulse|[source]\n|move|p1a: Grimmsnarl|Reflect|p1a: Grimmsnarl\n|-sidestart|p1: Stellar Peformance|Reflect\n|move|p2a: Anakin|Moonblast|p1a: Grimmsnarl\n|-supereffective|p1a: Grimmsnarl\n|-damage|p1a: Grimmsnarl|0 fnt\n|faint|p1a: Grimmsnarl\n|move|p1b: Kyogre|Thunder Wave|p2a: Anakin\n|-status|p2a: Anakin|par\n|\n|-weather|SunnyDay|[upkeep]\n|upkeep\n|\n|t:|1746062448\n|switch|p1a: Incineroar|Incineroar, L50, M|92/100\n|-ability|p1a: Incineroar|Intimidate|boost\n|-unboost|p2a: Anakin|atk|1\n|-fail|p2b: Akira|unboost|[from] item: Clear Amulet|[of] p2b: Akira\n|turn|3\n|\n|t:|1746062460\n|switch|p1b: Miraidon|Miraidon, L50|100/100\n|-fieldstart|move: Electric Terrain|[from] ability: Hadron Engine|[of] p1b: Miraidon\n|move|p2b: Akira|Protect|p2b: Akira\n|-singleturn|p2b: Akira|Protect\n|move|p2a: Anakin|Protect|p2a: Anakin\n|-singleturn|p2a: Anakin|Protect\n|move|p1a: Incineroar|Fake Out|p2b: Akira\n|-activate|p2b: Akira|move: Protect\n|\n|-weather|SunnyDay|[upkeep]\n|upkeep\n|turn|4\n|\n|t:|1746062490\n|switch|p1a: Kyogre|Kyogre, L50|100/100\n|-weather|RainDance|[from] ability: Drizzle|[of] p1a: Kyogre\n|-end|p2a: Anakin|Protosynthesis\n|-terastallize|p2b: Akira|Fire\n|move|p2b: Akira|Flare Blitz|p1b: Miraidon\n|-resisted|p1b: Miraidon\n|-damage|p1b: Miraidon|92/100\n|-damage|p2b: Akira|97/100|[from] Recoil\n|move|p1b: Miraidon|Calm Mind|p1b: Miraidon\n|-boost|p1b: Miraidon|spa|1\n|-boost|p1b: Miraidon|spd|1\n|move|p2a: Anakin|Moonblast|p1b: Miraidon\n|-supereffective|p1b: Miraidon\n|-damage|p1b: Miraidon|59/100\n|\n|-weather|RainDance|[upkeep]\n|upkeep\n|turn|5\n|inactive|Stellar Peformance has 30 seconds left.\n|inactive|Gimffy has 30 seconds left.\n|\n|t:|1746062525\n|switch|p2b: Bruce Wane|Lunala, L50|100/100\n|move|p2a: Anakin|Protect|p2a: Anakin\n|-singleturn|p2a: Anakin|Protect\n|move|p1b: Miraidon|Calm Mind|p1b: Miraidon\n|-boost|p1b: Miraidon|spa|1\n|-boost|p1b: Miraidon|spd|1\n|move|p1a: Kyogre|Thunder Wave|p2b: Bruce Wane\n|-status|p2b: Bruce Wane|par\n|\n|-weather|RainDance|[upkeep]\n|upkeep\n|turn|6\n|\n|t:|1746062540\n|switch|p2b: Akira|Koraidon, L50, tera:Fire|97/100\n|-weather|SunnyDay|[from] ability: Orichalcum Pulse|[of] p2b: Akira\n|-activate|p2a: Anakin|ability: Protosynthesis\n|-start|p2a: Anakin|protosynthesisspe\n|-activate|p2b: Akira|Orichalcum Pulse|[source]\n|-terastallize|p1b: Miraidon|Electric\n|move|p1a: Kyogre|Protect|p1a: Kyogre\n|-singleturn|p1a: Kyogre|Protect\n|move|p1b: Miraidon|Parabolic Charge|p2a: Anakin|[spread] p2a,p2b\n|-activate|p1a: Kyogre|move: Protect\n|-enditem|p2a: Anakin|Focus Sash\n|-damage|p2a: Anakin|1/100 par\n|-heal|p1b: Miraidon|93/100|[from] drain|[of] p2a: Anakin\n|-damage|p2b: Akira|0 fnt\n|-heal|p1b: Miraidon|100/100|[from] drain|[of] p2b: Akira\n|faint|p2b: Akira\n|move|p2a: Anakin|Moonblast|p1b: Miraidon\n|-damage|p1b: Miraidon|89/100\n|\n|-weather|SunnyDay|[upkeep]\n|upkeep\n|\n|t:|1746062555\n|switch|p2b: Calcifisher|Chi-Yu, L50|100/100\n|-ability|p2b: Calcifisher|Beads of Ruin\n|turn|7\n|\n|t:|1746062568\n|switch|p1a: Incineroar|Incineroar, L50, M|92/100\n|-ability|p1a: Incineroar|Intimidate|boost\n|-unboost|p2a: Anakin|atk|1\n|-unboost|p2b: Calcifisher|atk|1\n|move|p2b: Calcifisher|Snarl|p1b: Miraidon|[spread] p1a,p1b\n|-resisted|p1a: Incineroar\n|-damage|p1a: Incineroar|83/100\n|-damage|p1b: Miraidon|81/100\n|-unboost|p1a: Incineroar|spa|1\n|move|p1b: Miraidon|Dragon Pulse|p2b: Calcifisher\n|-damage|p2b: Calcifisher|0 fnt\n|faint|p2b: Calcifisher\n|move|p2a: Anakin|Moonblast|p1b: Miraidon\n|-damage|p1b: Miraidon|68/100\n|\n|-weather|SunnyDay|[upkeep]\n|-fieldend|move: Electric Terrain\n|upkeep\n|\n|t:|1746062579\n|switch|p2b: Bruce Wane|Lunala, L50|100/100 par\n|turn|8\n|\n|t:|1746062591\n|move|p2a: Anakin|Protect|p2a: Anakin\n|-singleturn|p2a: Anakin|Protect\n|move|p1b: Miraidon|Dragon Pulse|p2b: Bruce Wane\n|-damage|p2b: Bruce Wane|72/100 par\n|move|p1a: Incineroar|Knock Off|p2a: Anakin\n|-activate|p2a: Anakin|move: Protect\n|move|p2b: Bruce Wane|Meteor Beam||[still]\n|-prepare|p2b: Bruce Wane|Meteor Beam\n|-boost|p2b: Bruce Wane|spa|1\n|-enditem|p2b: Bruce Wane|Power Herb\n|-anim|p2b: Bruce Wane|Meteor Beam|p1a: Incineroar\n|-supereffective|p1a: Incineroar\n|-damage|p1a: Incineroar|4/100\n|\n|-weather|SunnyDay|[upkeep]\n|-sideend|p1: Stellar Peformance|move: Light Screen\n|upkeep\n|turn|9\n|-message|Gimffy forfeited.\n|\n|win|Stellar Peformance\n|raw|Stellar Peformance's rating: 1153 &rarr; <strong>1182</strong><br />(+29 for winning)\n|raw|Gimffy's rating: 1209 &rarr; <strong>1180</strong><br />(-29 for losing)\n|l|\u2606Stellar Peformance\n|player|p1|\n", "uploadtime": 1746062615, "views": 16, "formatid": "gen9vgc2025regibo3", "rating": 1180, "private": 0, "password": null}