{"id": "gen9vgc2025regibo3-2353623760", "format": "[Gen 9] VGC 2025 Reg I (Bo3)", "players": ["SleepySilver07", "bertcamem"], "log": "|j|\u2606SleepySilver07\n|j|\u2606bertcamem\n|html|<table width=\"100%\"><tr><td align=\"left\">SleepySilver07</td><td align=\"right\">bertcamem</tr><tr><td align=\"left\"><i class=\"fa fa-circle-o\"></i> <i class=\"fa fa-circle-o\"></i> </td><td align=\"right\"><i class=\"fa fa-circle-o\"></i> <i class=\"fa fa-circle-o\"></i> </tr></table>\n|uhtml|bestof|<h2><strong>Game 1</strong> of <a href=\"/game-bestof3-gen9vgc2025regibo3-2353623759\">a best-of-3</a></h2>\n|t:|1745975881\n|gametype|doubles\n|player|p1|SleepySilver07|170|1291\n|player|p2|bertcamem|steven-masters2|1243\n|teamsize|p1|6\n|teamsize|p2|6\n|gen|9\n|tier|[Gen 9] VGC 2025 Reg I (Bo3)\n|rated|\n|rule|Species Clause: Limit one of each Pok\u00e9mon\n|rule|Item Clause: Limit 1 of each item\n|clearpoke\n|poke|p1|Zamazenta-*, L50|\n|poke|p1|Ho-Oh, L50|\n|poke|p1|Chien-Pao, L50|\n|poke|p1|Amoonguss, L50, M|\n|poke|p1|Flutter Mane, L50|\n|poke|p1|Raging Bolt, L50|\n|poke|p2|Koraidon, L50|\n|poke|p2|Ho-Oh, L50|\n|poke|p2|Gurdurr, L50, F|\n|poke|p2|Flutter Mane, L50|\n|poke|p2|Rillaboom, L50, F|\n|poke|p2|Raging Bolt, L50|\n|teampreview|4\n|showteam|p1|Zamazenta-Crowned||RustedShield|DauntlessShield|BodyPress,behemothbash,Protect,WideGuard||||||50|,,,,,Dragon]Ho-Oh||ClearAmulet|Regenerator|SacredFire,BraveBird,Protect,Tailwind||||||50|,,,,,Grass]Chien-Pao||FocusSash|SwordofRuin|IceSpinner,ThroatChop,SuckerPunch,Protect||||||50|,,,,,Ghost]Amoonguss||RockyHelmet|Regenerator|PollenPuff,ClearSmog,RagePowder,Spore|||M|||50|,,,,,Water]Flutter Mane||BoosterEnergy|Protosynthesis|Moonblast,ShadowBall,Taunt,IcyWind||||||50|,,,,,Water]Raging Bolt||AssaultVest|Protosynthesis|DracoMeteor,Thunderclap,VoltSwitch,Snarl||||||50|,,,,,Electric\n|showteam|p2|Koraidon||LifeOrb|OrichalcumPulse|FlareBlitz,CloseCombat,Protect,Uturn||||||50|,,,,,Fire]Ho-Oh||ClearAmulet|Regenerator|SacredFire,BraveBird,Protect,Tailwind||||||50|,,,,,Grass]Gurdurr||Eviolite|IronFist|DrainPunch,Coaching,WideGuard,HelpingHand|||F|||50|,,,,,Water]Flutter Mane||FocusSash|Protosynthesis|Moonblast,ShadowBall,Taunt,IcyWind||||||50|,,,,,Normal]Rillaboom||AssaultVest|GrassySurge|FakeOut,GrassyGlide,HighHorsepower,Uturn|||F|||50|,,,,,Fire]Raging Bolt||BoosterEnergy|Protosynthesis|Protect,Thunderclap,Thunderbolt,DracoMeteor||||||50|,,,,,Fairy\n|inactive|Battle timer is ON: inactive players will automatically lose when time's up. (requested by bertcamem)\n|inactive|SleepySilver07 has 60 seconds left.\n|\n|t:|1745975934\n|start\n|switch|p1a: Ho-Oh|Ho-Oh, L50|100/100\n|switch|p1b: Flutter Mane|Flutter Mane, L50|100/100\n|switch|p2a: Magician|Flutter Mane, L50|100/100\n|switch|p2b: Tower|Raging Bolt, L50|100/100\n|-enditem|p1b: Flutter Mane|Booster Energy\n|-activate|p1b: Flutter Mane|ability: Protosynthesis|[fromitem]\n|-start|p1b: Flutter Mane|protosynthesisspe\n|-enditem|p2b: Tower|Booster Energy\n|-activate|p2b: Tower|ability: Protosynthesis|[fromitem]\n|-start|p2b: Tower|protosynthesisspa\n|turn|1\n|\n|t:|1745975956\n|-end|p2a: Magician|Protosynthesis|[silent]\n|switch|p2a: Emperor|Ho-Oh, L50|100/100\n|move|p1b: Flutter Mane|Shadow Ball|p2a: Emperor\n|-damage|p2a: Emperor|76/100\n|move|p1a: Ho-Oh|Tailwind|p1a: Ho-Oh\n|-sidestart|p1: SleepySilver07|move: Tailwind\n|move|p2b: Tower|Thunderbolt|p1a: Ho-Oh\n|-supereffective|p1a: Ho-Oh\n|-crit|p1a: Ho-Oh\n|-damage|p1a: Ho-Oh|0 fnt\n|faint|p1a: Ho-Oh\n|\n|upkeep\n|\n|t:|1745975970\n|switch|p1a: Raging Bolt|Raging Bolt, L50|100/100\n|turn|2\n|inactive|bertcamem has 30 seconds left.\n|\n|t:|1745975997\n|-terastallize|p1a: Raging Bolt|Electric\n|-terastallize|p2b: Tower|Fairy\n|move|p1b: Flutter Mane|Moonblast|p2b: Tower\n|-crit|p2b: Tower\n|-damage|p2b: Tower|37/100\n|move|p1a: Raging Bolt|Volt Switch|p2a: Emperor\n|-supereffective|p2a: Emperor\n|-damage|p2a: Emperor|14/100\n|\n|t:|1745976005\n|-end|p1a: Raging Bolt|Protosynthesis|[silent]\n|switch|p1a: Zamazenta|Zamazenta-Crowned, L50|100/100|[from] Volt Switch\n|-ability|p1a: Zamazenta|Dauntless Shield|boost\n|-boost|p1a: Zamazenta|def|1\n|move|p2a: Emperor|Sacred Fire|p1b: Flutter Mane\n|-damage|p1b: Flutter Mane|10/100\n|-status|p1b: Flutter Mane|brn\n|move|p2b: Tower|Draco Meteor|p1a: Zamazenta\n|-resisted|p1a: Zamazenta\n|-damage|p1a: Zamazenta|66/100\n|-unboost|p2b: Tower|spa|2\n|\n|-damage|p1b: Flutter Mane|4/100 brn|[from] brn\n|upkeep\n|turn|3\n|\n|t:|1745976021\n|move|p2a: Emperor|Protect|p2a: Emperor\n|-singleturn|p2a: Emperor|Protect\n|move|p2b: Tower|Thunderclap|p1a: Zamazenta\n|-damage|p1a: Zamazenta|47/100\n|move|p1b: Flutter Mane|Shadow Ball|p2a: Emperor\n|-activate|p2a: Emperor|move: Protect\n|move|p1a: Zamazenta|Behemoth Bash|p2b: Tower\n|-supereffective|p2b: Tower\n|-damage|p2b: Tower|0 fnt\n|faint|p2b: Tower\n|-end|p2b: Tower|Protosynthesis|[silent]\n|\n|-damage|p1b: Flutter Mane|0 fnt|[from] brn\n|faint|p1b: Flutter Mane\n|-end|p1b: Flutter Mane|Protosynthesis|[silent]\n|upkeep\n|\n|t:|1745976037\n|switch|p1b: Raging Bolt|Raging Bolt, L50, tera:Electric|100/100\n|switch|p2b: Sun|Koraidon, L50|100/100\n|-weather|SunnyDay|[from] ability: Orichalcum Pulse|[of] p2b: Sun\n|-activate|p1b: Raging Bolt|ability: Protosynthesis\n|-start|p1b: Raging Bolt|protosynthesisspa\n|-activate|p2b: Sun|Orichalcum Pulse|[source]\n|turn|4\n|\n|t:|1745976046\n|move|p2b: Sun|Protect|p2b: Sun\n|-singleturn|p2b: Sun|Protect\n|move|p1a: Zamazenta|Body Press|p2a: Emperor\n|-resisted|p2a: Emperor\n|-damage|p2a: Emperor|0 fnt\n|faint|p2a: Emperor\n|move|p1b: Raging Bolt|Draco Meteor|p2b: Sun\n|-activate|p2b: Sun|move: Protect\n|\n|-weather|SunnyDay|[upkeep]\n|-sideend|p1: SleepySilver07|move: Tailwind\n|upkeep\n|\n|t:|1745976048\n|switch|p2a: Magician|Flutter Mane, L50|100/100\n|-activate|p2a: Magician|ability: Protosynthesis\n|-start|p2a: Magician|protosynthesisspe\n|turn|5\n|\n|t:|1745976056\n|move|p1a: Zamazenta|Protect|p1a: Zamazenta\n|-singleturn|p1a: Zamazenta|Protect\n|move|p2a: Magician|Moonblast|p1a: Zamazenta\n|-activate|p1a: Zamazenta|move: Protect\n|move|p2b: Sun|Flare Blitz|p1b: Raging Bolt\n|-damage|p1b: Raging Bolt|15/100\n|-damage|p2b: Sun|65/100|[from] Recoil\n|-damage|p2b: Sun|55/100|[from] item: Life Orb\n|move|p1b: Raging Bolt|Draco Meteor|p2b: Sun\n|-supereffective|p2b: Sun\n|-damage|p2b: Sun|0 fnt\n|-unboost|p1b: Raging Bolt|spa|2\n|faint|p2b: Sun\n|\n|-weather|SunnyDay|[upkeep]\n|upkeep\n|turn|6\n|\n|t:|1745976070\n|move|p1b: Raging Bolt|Thunderclap||[still]\n|-fail|p1b: Raging Bolt\n|move|p2a: Magician|Taunt|p1a: Zamazenta\n|-start|p1a: Zamazenta|move: Taunt\n|move|p1a: Zamazenta|Behemoth Bash|p2a: Magician\n|-supereffective|p2a: Magician\n|-enditem|p2a: Magician|Focus Sash\n|-damage|p2a: Magician|1/100\n|\n|-weather|SunnyDay|[upkeep]\n|upkeep\n|turn|7\n|-message|bertcamem forfeited.\n|\n|win|SleepySilver07\n||bertcamem is ready for game 2.\n||SleepySilver07 is ready for game 2.\n|uhtml|next|Next: <a href=\"/battle-gen9vgc2025regibo3-2353625434\"><strong>Game 2 of 3</strong></a>\n|l|\u2606SleepySilver07\n|player|p1|\n", "uploadtime": 1745976350, "views": 17, "formatid": "gen9vgc2025regibo3", "rating": null, "private": 0, "password": null}