{"id": "gen9vgc2025regibo3-2354561607", "format": "[Gen 9] VGC 2025 Reg I (Bo3)", "players": ["dixonkr", "Tmart 282"], "log": "|j|\u2606dixonkr\n|j|\u2606Tmart 282\n|html|<table width=\"100%\"><tr><td align=\"left\">dixonkr</td><td align=\"right\">Tmart 282</tr><tr><td align=\"left\"><i class=\"fa fa-circle-o\"></i> <i class=\"fa fa-circle-o\"></i> </td><td align=\"right\"><i class=\"fa fa-circle-o\"></i> <i class=\"fa fa-circle-o\"></i> </tr></table>\n|uhtml|bestof|<h2><strong>Game 1</strong> of <a href=\"/game-bestof3-gen9vgc2025regibo3-2354561606\">a best-of-3</a></h2>\n|t:|1746094775\n|gametype|doubles\n|player|p1|dixonkr|lady|1209\n|player|p2|Tmart 282|harlequin|1088\n|teamsize|p1|6\n|teamsize|p2|6\n|gen|9\n|tier|[Gen 9] VGC 2025 Reg I (Bo3)\n|rated|\n|rule|Species Clause: Limit one of each Pok\u00e9mon\n|rule|Item Clause: Limit 1 of each item\n|clearpoke\n|poke|p1|Calyrex-Shadow, L50|\n|poke|p1|Smeargle, L50, M|\n|poke|p1|Zamazenta-*, L50|\n|poke|p1|Rillaboom, L50, M|\n|poke|p1|Ogerpon-Hearthflame, L50, F|\n|poke|p1|Incineroar, L50, F|\n|poke|p2|Calyrex-Shadow, L50|\n|poke|p2|Zacian-*, L50|\n|poke|p2|Urshifu-*, L50, F|\n|poke|p2|Incineroar, L50, M|\n|poke|p2|Whimsicott, L50, M|\n|poke|p2|Farigiraf, L50, F|\n|teampreview|4\n|showteam|p1|Calyrex-Shadow||LifeOrb|AsOneSpectrier|AstralBarrage,Psychic,NastyPlot,Protect||||||50|,,,,,Dark]Smeargle||FocusSash|Moody|FollowMe,Spore,WideGuard,SpikyShield|||M|||50|,,,,,Ghost]Zamazenta-Crowned||RustedShield|DauntlessShield|BodyPress,WideGuard,behemothbash,Protect||||||50|,,,,,Fire]Rillaboom||AssaultVest|GrassySurge|WoodHammer,GrassyGlide,FakeOut,Uturn|||M|||50|,,,,,Fire]Ogerpon-Hearthflame||HearthflameMask|MoldBreaker|IvyCudgel,GrassyGlide,FollowMe,SpikyShield|||F|||50|,,,,,Fire]Incineroar||RockyHelmet|Intimidate|KnockOff,PartingShot,FakeOut,HelpingHand|||F|||50|,,,,,Water\n|showteam|p2|Calyrex-Shadow||LifeOrb|AsOneSpectrier|Protect,DarkPulse,TeraBlast,AstralBarrage||||||50|,,,,,Dark]Zacian-Crowned||RustedSword|IntrepidSword|behemothblade,PlayRough,Protect,SacredSword||||||50|,,,,,Fighting]Urshifu||ChoiceScarf|UnseenFist|WickedBlow,Uturn,CloseCombat,ThunderPunch|||F|||50|,,,,,Electric]Incineroar||SafetyGoggles|Intimidate|FakeOut,KnockOff,FlareBlitz,HelpingHand|||M|||50|,,,,,Ghost]Whimsicott||CovertCloak|Prankster|Tailwind,Encore,Protect,LightScreen|||M|||50|,,,,,Dark]Farigiraf||ThroatSpray|ArmorTail|HyperVoice,DazzlingGleam,Protect,HelpingHand|||F|||50|,,,,,Fairy\n|inactive|Battle timer is ON: inactive players will automatically lose when time's up. (requested by dixonkr)\n|inactive|Tmart 282 also wants the timer to be on.\n|inactive|dixonkr has 60 seconds left.\n|inactive|Tmart 282 has 60 seconds left.\n|inactive|dixonkr has 30 seconds left.\n|inactive|dixonkr has 20 seconds left.\n|\n|t:|1746094849\n|start\n|switch|p1a: Smeargle|Smeargle, L50, M|100/100\n|switch|p1b: Calyrex|Calyrex-Shadow, L50|100/100\n|switch|p2a: Urshifu|Urshifu, L50, F|100/100\n|switch|p2b: Zacian|Zacian-Crowned, L50|100/100\n|-ability|p1b: Calyrex|As One\n|-ability|p1b: Calyrex|Unnerve\n|-ability|p2b: Zacian|Intrepid Sword|boost\n|-boost|p2b: Zacian|atk|1\n|turn|1\n|inactive|dixonkr has 30 seconds left.\n|inactive|Tmart 282 has 30 seconds left.\n|inactive|dixonkr has 20 seconds left.\n|\n|t:|1746094885\n|move|p2b: Zacian|Protect|p2b: Zacian\n|-singleturn|p2b: Zacian|Protect\n|move|p1a: Smeargle|Follow Me|p1a: Smeargle\n|-singleturn|p1a: Smeargle|move: Follow Me\n|move|p2a: Urshifu|Close Combat|p1a: Smeargle\n|-supereffective|p1a: Smeargle\n|-crit|p1a: Smeargle\n|-enditem|p1a: Smeargle|Focus Sash\n|-damage|p1a: Smeargle|1/100\n|-unboost|p2a: Urshifu|def|1\n|-unboost|p2a: Urshifu|spd|1\n|move|p1b: Calyrex|Astral Barrage|p2b: Zacian|[spread] p2a\n|-activate|p2b: Zacian|move: Protect\n|-resisted|p2a: Urshifu\n|-damage|p2a: Urshifu|16/100\n|-damage|p1b: Calyrex|91/100|[from] item: Life Orb\n|\n|-ability|p1a: Smeargle|Moody|boost\n|-boost|p1a: Smeargle|spe|2\n|-unboost|p1a: Smeargle|def|1\n|upkeep\n|turn|2\n|inactive|dixonkr has 30 seconds left.\n|inactive|dixonkr has 20 seconds left.\n|inactive|dixonkr has 15 seconds left.\n|inactive|dixonkr has 10 seconds left.\n|\n|t:|1746094931\n|switch|p2b: Farigiraf|Farigiraf, L50, F|100/100\n|move|p1a: Smeargle|Spore|p2b: Farigiraf\n|-status|p2b: Farigiraf|slp|[from] move: Spore\n|move|p2a: Urshifu|Close Combat|p1a: Smeargle\n|-supereffective|p1a: Smeargle\n|-damage|p1a: Smeargle|0 fnt\n|-unboost|p2a: Urshifu|def|1\n|-unboost|p2a: Urshifu|spd|1\n|faint|p1a: Smeargle\n|move|p1b: Calyrex|Astral Barrage|p2b: Farigiraf|[spread] p2a\n|-immune|p2b: Farigiraf\n|-resisted|p2a: Urshifu\n|-damage|p2a: Urshifu|0 fnt\n|faint|p2a: Urshifu\n|-ability|p1b: Calyrex|Grim Neigh|boost\n|-boost|p1b: Calyrex|spa|1\n|-damage|p1b: Calyrex|82/100|[from] item: Life Orb\n|\n|upkeep\n|inactive|dixonkr has 30 seconds left.\n|\n|t:|1746094959\n|switch|p2a: Calyrex|Calyrex-Shadow, L50|100/100\n|switch|p1a: Zamazenta|Zamazenta-Crowned, L50|100/100\n|-ability|p2a: Calyrex|As One\n|-ability|p2a: Calyrex|Unnerve\n|-ability|p1a: Zamazenta|Dauntless Shield|boost\n|-boost|p1a: Zamazenta|def|1\n|turn|3\n|inactive|dixonkr has 30 seconds left.\n|\n|t:|1746094987\n|-terastallize|p1b: Calyrex|Dark\n|move|p2a: Calyrex|Protect|p2a: Calyrex\n|-singleturn|p2a: Calyrex|Protect\n|move|p1a: Zamazenta|Wide Guard|p1a: Zamazenta\n|-singleturn|p1a: Zamazenta|Wide Guard\n|move|p1b: Calyrex|Astral Barrage|p2b: Farigiraf|[spread] \n|-activate|p2a: Calyrex|move: Protect\n|-immune|p2b: Farigiraf\n|cant|p2b: Farigiraf|slp\n|\n|upkeep\n|turn|4\n|inactive|Tmart 282 has 30 seconds left.\n|\n|t:|1746095014\n|switch|p2a: Zacian|Zacian-Crowned, L50|100/100\n|move|p1b: Calyrex|Astral Barrage|p2b: Farigiraf|[spread] p2a\n|-immune|p2b: Farigiraf\n|-damage|p2a: Zacian|0 fnt\n|faint|p2a: Zacian\n|-ability|p1b: Calyrex|Grim Neigh|boost\n|-boost|p1b: Calyrex|spa|1\n|-damage|p1b: Calyrex|72/100|[from] item: Life Orb\n|move|p1a: Zamazenta|Body Press|p2b: Farigiraf\n|-damage|p2b: Farigiraf|30/100 slp\n|cant|p2b: Farigiraf|slp\n|\n|upkeep\n|\n|t:|1746095022\n|switch|p2a: Calyrex|Calyrex-Shadow, L50|100/100\n|-ability|p2a: Calyrex|As One\n|-ability|p2a: Calyrex|Unnerve\n|turn|5\n|\n|t:|1746095041\n|-terastallize|p2a: Calyrex|Dark\n|move|p1b: Calyrex|Astral Barrage|p2a: Calyrex|[spread] p2a\n|-immune|p2b: Farigiraf\n|-resisted|p2a: Calyrex\n|-damage|p2a: Calyrex|34/100\n|-damage|p1b: Calyrex|63/100|[from] item: Life Orb\n|move|p2a: Calyrex|Astral Barrage|p1a: Zamazenta|[spread] p1a,p1b\n|-resisted|p1b: Calyrex\n|-damage|p1a: Zamazenta|48/100\n|-damage|p1b: Calyrex|27/100\n|-damage|p2a: Calyrex|24/100|[from] item: Life Orb\n|move|p1a: Zamazenta|Body Press|p2a: Calyrex\n|-supereffective|p2a: Calyrex\n|-damage|p2a: Calyrex|0 fnt\n|faint|p2a: Calyrex\n|-curestatus|p2b: Farigiraf|slp|[msg]\n|move|p2b: Farigiraf|Dazzling Gleam|p1a: Zamazenta|[spread] p1a,p1b\n|-supereffective|p1b: Calyrex\n|-damage|p1a: Zamazenta|38/100\n|-damage|p1b: Calyrex|0 fnt\n|faint|p1b: Calyrex\n|\n|upkeep\n|\n|t:|1746095066\n|switch|p1b: Ogerpon|Ogerpon-Hearthflame, L50, F|100/100\n|-ability|p1b: Ogerpon|Mold Breaker\n|turn|6\n|-message|Tmart 282 forfeited.\n|\n|win|dixonkr\n|l|\u2606Tmart 282\n|player|p2|\n||Tmart 282 is ready for game 2.\n||dixonkr is ready for game 2.\n|uhtml|next|Next: <a href=\"/battle-gen9vgc2025regibo3-2354563303\"><strong>Game 2 of 3</strong></a>\n", "uploadtime": 1746095478, "views": 7, "formatid": "gen9vgc2025regibo3", "rating": null, "private": 0, "password": null}