{"id": "gen9vgc2025regibo3-2354854059", "format": "[Gen 9] VGC 2025 Reg I (Bo3)", "players": ["treeofHalure", "Rillabossman"], "log": "|j|\u2606treeofHalure\n|j|\u2606Rillabossman\n|html|<table width=\"100%\"><tr><td align=\"left\">treeofHalure</td><td align=\"right\">Rillabossman</tr><tr><td align=\"left\"><i class=\"fa fa-circle-o\"></i> <i class=\"fa fa-circle-o\"></i> </td><td align=\"right\"><i class=\"fa fa-circle-o\"></i> <i class=\"fa fa-circle\"></i> </tr></table>\n|uhtml|bestof|<h2><strong>Game 2</strong> of <a href=\"/game-bestof3-gen9vgc2025regibo3-2354851359\">a best-of-3</a></h2>\n|t:|1746125530\n|gametype|doubles\n|player|p1|treeofHalure|gardenia|1053\n|player|p2|Rillabossman|burglar|1047\n|teamsize|p1|6\n|teamsize|p2|6\n|gen|9\n|tier|[Gen 9] VGC 2025 Reg I (Bo3)\n|rated|\n|rule|Species Clause: Limit one of each Pok\u00e9mon\n|rule|Item Clause: Limit 1 of each item\n|clearpoke\n|poke|p1|Sableye, L50, M|\n|poke|p1|Kyogre, L50|\n|poke|p1|Zacian-*, L50|\n|poke|p1|Rillaboom, L50, M|\n|poke|p1|Urshifu-*, L50, F|\n|poke|p1|Roaring Moon, L50|\n|poke|p2|Calyrex-Ice, L50|\n|poke|p2|Landorus, L50, M|\n|poke|p2|Regieleki, L50|\n|poke|p2|Kyogre, L50|\n|poke|p2|Indeedee-F, L50, F|\n|poke|p2|Iron Valiant, L50|\n|teampreview|4\n|showteam|p1|Sableye||MentalHerb|Prankster|Feint,Taunt,KnockOff,FakeOut|||M|||50|,,,,,Dark]Kyogre||Leftovers|Drizzle|Protect,CalmMind,OriginPulse,WaterSpout||||||50|,,,,,Water]Zacian-Crowned||RustedSword|IntrepidSword|PlayRough,behemothblade,SacredSword,Protect||||||50|,,,,,Stellar]Rillaboom||AssaultVest|GrassySurge|WoodHammer,GrassyGlide,Uturn,FakeOut|||M|||50|,,,,,Fire]Urshifu-Rapid-Strike||ChoiceScarf|UnseenFist|SurgingStrikes,CloseCombat,Uturn,AquaJet|||F|||50|,,,,,Ghost]Roaring Moon||BoosterEnergy|Protosynthesis|KnockOff,Acrobatics,Tailwind,Protect||||||50|,,,,,Flying\n|showteam|p2|Calyrex-Ice||ClearAmulet|AsOneGlastrier|GlacialLance,Protect,HighHorsepower,TrickRoom||||||50|,,,,,Grass]Landorus||LifeOrb|SheerForce|SludgeBomb,SandsearStorm,EarthPower,Protect|||M|||50|,,,,,Poison]Regieleki||FocusSash|Transistor|Electroweb,Thunder,VoltSwitch,Protect||||||50|,,,,,Electric]Kyogre||MysticWater|Drizzle|WaterSpout,OriginPulse,Protect,IceBeam||||||50|,,,,,Grass]Indeedee-F||MentalHerb|PsychicSurge|TrickRoom,HealPulse,FollowMe,HelpingHand|||F|||50|,,,,,Fire]Iron Valiant||BoosterEnergy|QuarkDrive|SpiritBreak,Coaching,WideGuard,Taunt||||||50|,,,,,Ghost\n|\n|t:|1746125577\n|start\n|switch|p1a: Sableye|Sableye, L50, M|100/100\n|switch|p1b: The Sword|Zacian-Crowned, L50|100/100\n|switch|p2a: Regieleki|Regieleki, L50|100/100\n|switch|p2b: Indeedee|Indeedee-F, L50, F|100/100\n|-ability|p1b: The Sword|Intrepid Sword|boost\n|-boost|p1b: The Sword|atk|1\n|-fieldstart|move: Psychic Terrain|[from] ability: Psychic Surge|[of] p2b: Indeedee\n|turn|1\n|\n|t:|1746125605\n|move|p2a: Regieleki|Thunder|p1b: The Sword\n|-damage|p1b: The Sword|37/100\n|move|p1b: The Sword|Sacred Sword|p2b: Indeedee\n|-damage|p2b: Indeedee|47/100\n|move|p1a: Sableye|Knock Off|p2b: Indeedee\n|-supereffective|p2b: Indeedee\n|-crit|p2b: Indeedee\n|-damage|p2b: Indeedee|0 fnt\n|-enditem|p2b: Indeedee|Mental Herb|[from] move: Knock Off|[of] p1a: Sableye\n|faint|p2b: Indeedee\n|\n|upkeep\n|\n|t:|1746125617\n|switch|p2b: Kyogre|Kyogre, L50|100/100\n|-weather|RainDance|[from] ability: Drizzle|[of] p2b: Kyogre\n|turn|2\n|\n|t:|1746125641\n|switch|p1a: Rillaboom|Rillaboom, L50, M|100/100\n|-fieldstart|move: Grassy Terrain|[from] ability: Grassy Surge|[of] p1a: Rillaboom\n|move|p1b: The Sword|Protect|p1b: The Sword\n|-singleturn|p1b: The Sword|Protect\n|move|p2a: Regieleki|Thunder|p1b: The Sword\n|-activate|p1b: The Sword|move: Protect\n|move|p2b: Kyogre|Water Spout|p1a: Rillaboom|[spread] p1a\n|-activate|p1b: The Sword|move: Protect\n|-resisted|p1a: Rillaboom\n|-damage|p1a: Rillaboom|61/100\n|\n|-weather|RainDance|[upkeep]\n|-heal|p1b: The Sword|43/100|[from] Grassy Terrain\n|-heal|p1a: Rillaboom|67/100|[from] Grassy Terrain\n|upkeep\n|turn|3\n|\n|t:|1746125660\n|switch|p1b: Sableye|Sableye, L50, M|100/100\n|move|p2a: Regieleki|Protect|p2a: Regieleki\n|-singleturn|p2a: Regieleki|Protect\n|move|p2b: Kyogre|Protect|p2b: Kyogre\n|-singleturn|p2b: Kyogre|Protect\n|move|p1a: Rillaboom|Grassy Glide|p2b: Kyogre\n|-activate|p2b: Kyogre|move: Protect\n|\n|-weather|RainDance|[upkeep]\n|-heal|p1a: Rillaboom|73/100|[from] Grassy Terrain\n|upkeep\n|turn|4\n|\n|t:|1746125672\n|switch|p2b: Calyrex|Calyrex-Ice, L50|100/100\n|-ability|p2b: Calyrex|As One\n|-ability|p2b: Calyrex|Unnerve\n|move|p1b: Sableye|Fake Out|p2a: Regieleki\n|-damage|p2a: Regieleki|80/100\n|move|p1a: Rillaboom|Grassy Glide|p2b: Calyrex\n|-damage|p2b: Calyrex|77/100\n|cant|p2a: Regieleki|flinch\n|\n|-weather|RainDance|[upkeep]\n|-heal|p2a: Regieleki|86/100|[from] Grassy Terrain\n|-heal|p1a: Rillaboom|79/100|[from] Grassy Terrain\n|-heal|p2b: Calyrex|83/100|[from] Grassy Terrain\n|upkeep\n|turn|5\n|\n|t:|1746125695\n|move|p2b: Calyrex|Protect|p2b: Calyrex\n|-singleturn|p2b: Calyrex|Protect\n|move|p1b: Sableye|Taunt|p2b: Calyrex\n|-activate|p2b: Calyrex|move: Protect\n|move|p2a: Regieleki|Thunder|p1b: Sableye\n|-damage|p1b: Sableye|0 fnt\n|faint|p1b: Sableye\n|move|p1a: Rillaboom|U-turn|p2b: Calyrex\n|-activate|p2b: Calyrex|move: Protect\n|\n|-weather|RainDance|[upkeep]\n|-heal|p2a: Regieleki|92/100|[from] Grassy Terrain\n|-heal|p1a: Rillaboom|84/100|[from] Grassy Terrain\n|-heal|p2b: Calyrex|89/100|[from] Grassy Terrain\n|upkeep\n|\n|t:|1746125711\n|switch|p1b: The Fish|Kyogre, L50|100/100\n|turn|6\n|\n|t:|1746125732\n|-terastallize|p2b: Calyrex|Grass\n|move|p2a: Regieleki|Thunder|p1b: The Fish\n|-supereffective|p1b: The Fish\n|-damage|p1b: The Fish|19/100\n|-status|p1b: The Fish|par\n|move|p1a: Rillaboom|Wood Hammer|p2a: Regieleki\n|-damage|p2a: Regieleki|0 fnt\n|faint|p2a: Regieleki\n|-damage|p1a: Rillaboom|62/100|[from] Recoil\n|move|p1b: The Fish|Origin Pulse|p2b: Calyrex\n|-resisted|p2b: Calyrex\n|-damage|p2b: Calyrex|56/100\n|move|p2b: Calyrex|Trick Room|p2b: Calyrex\n|-fieldstart|move: Trick Room|[of] p2b: Calyrex\n|\n|-weather|none\n|-heal|p1b: The Fish|25/100 par|[from] Grassy Terrain\n|-heal|p1b: The Fish|31/100 par|[from] item: Leftovers\n|-heal|p2b: Calyrex|61/100|[from] Grassy Terrain\n|-heal|p1a: Rillaboom|67/100|[from] Grassy Terrain\n|-fieldend|move: Grassy Terrain\n|upkeep\n|\n|t:|1746125745\n|switch|p2a: Kyogre|Kyogre, L50|100/100\n|-weather|RainDance|[from] ability: Drizzle|[of] p2a: Kyogre\n|turn|7\n|\n|t:|1746125761\n|move|p1b: The Fish|Origin Pulse|p2b: Calyrex|[spread] p2a,p2b\n|-resisted|p2a: Kyogre\n|-resisted|p2b: Calyrex\n|-damage|p2a: Kyogre|73/100\n|-damage|p2b: Calyrex|35/100\n|move|p2b: Calyrex|Glacial Lance|p1b: The Fish|[spread] p1a,p1b\n|-supereffective|p1a: Rillaboom\n|-resisted|p1b: The Fish\n|-damage|p1a: Rillaboom|0 fnt\n|-damage|p1b: The Fish|6/100 par\n|faint|p1a: Rillaboom\n|-ability|p2b: Calyrex|Chilling Neigh|boost\n|-boost|p2b: Calyrex|atk|1\n|move|p2a: Kyogre|Water Spout|p1b: The Fish\n|-resisted|p1b: The Fish\n|-damage|p1b: The Fish|0 fnt\n|faint|p1b: The Fish\n|\n|-weather|RainDance|[upkeep]\n|upkeep\n|\n|t:|1746125772\n|switch|p1b: The Sword|Zacian-Crowned, L50|43/100\n|turn|8\n|\n|t:|1746125792\n|-terastallize|p1b: The Sword|Stellar\n|move|p2b: Calyrex|Glacial Lance|p1b: The Sword\n|-resisted|p1b: The Sword\n|-damage|p1b: The Sword|0 fnt\n|faint|p1b: The Sword\n|\n|win|Rillabossman\n|raw|treeofHalure's rating: 1053 &rarr; <strong>1035</strong><br />(-18 for losing)\n|raw|Rillabossman's rating: 1047 &rarr; <strong>1081</strong><br />(+34 for winning)\n|l|\u2606Rillabossman\n|player|p2|\n", "uploadtime": 1746125828, "views": 6, "formatid": "gen9vgc2025regibo3", "rating": 1035, "private": 0, "password": null}