{"id": "gen9vgc2025regibo3-2353887650", "format": "[Gen 9] VGC 2025 Reg I (Bo3)", "players": ["wimpshrimp", "ossigt"], "log": "|j|\u2606wimpshrimp\n|j|\u203dossigt\n|html|<table width=\"100%\"><tr><td align=\"left\">wimpshrimp</td><td align=\"right\">ossigt</tr><tr><td align=\"left\"><i class=\"fa fa-circle\"></i> <i class=\"fa fa-circle-o\"></i> </td><td align=\"right\"><i class=\"fa fa-circle-o\"></i> <i class=\"fa fa-circle-o\"></i> </tr></table>\n|uhtml|bestof|<h2><strong>Game 2</strong> of <a href=\"/game-bestof3-gen9vgc2025regibo3-2353885940\">a best-of-3</a></h2>\n|t:|1746015181\n|gametype|doubles\n|player|p1|wimpshrimp|266|1161\n|player|p2|ossigt|hilbert-wonderlauncher|1140\n|teamsize|p1|6\n|teamsize|p2|6\n|gen|9\n|tier|[Gen 9] VGC 2025 Reg I (Bo3)\n|rated|\n|rule|Species Clause: Limit one of each Pok\u00e9mon\n|rule|Item Clause: Limit 1 of each item\n|clearpoke\n|poke|p1|Calyrex-Shadow, L50|\n|poke|p1|Zamazenta-*, L50|\n|poke|p1|Incineroar, L50, M|\n|poke|p1|Rillaboom, L50, F|\n|poke|p1|Urshifu-*, L50, F|\n|poke|p1|Raging Bolt, L50|\n|poke|p2|Calyrex-Shadow, L50|\n|poke|p2|Chi-Yu, L50|\n|poke|p2|Miraidon, L50|\n|poke|p2|Weezing-Galar, L50, F|\n|poke|p2|Iron Hands, L50|\n|poke|p2|Ogerpon-Cornerstone, L50, F|\n|teampreview|4\n|showteam|p1|Calyrex-Shadow||CovertCloak|AsOneSpectrier|Protect,CalmMind,AstralBarrage,DrainingKiss||||||50|,,,,,Fairy]Zamazenta-Crowned||RustedShield|DauntlessShield|Protect,WideGuard,BodyPress,HeavySlam||||||50|,,,,,Dragon]Incineroar||SafetyGoggles|Intimidate|FakeOut,KnockOff,PartingShot,Taunt|||M|||50|,,,,,Ghost]Rillaboom||AssaultVest|GrassySurge|FakeOut,WoodHammer,GrassyGlide,Uturn|||F|||50|,,,,,Poison]Urshifu-Rapid-Strike||FocusSash|UnseenFist|Detect,AquaJet,SurgingStrikes,CloseCombat|||F|||50|,,,,,Grass]Raging Bolt||BoosterEnergy|Protosynthesis|Protect,Thunderclap,Thunderbolt,DracoMeteor||||||50|,,,,,Fairy\n|showteam|p2|Calyrex-Shadow||FocusSash|AsOneSpectrier|Protect,AstralBarrage,Psychic,Encore||||||50|,,,,,Ghost]Chi-Yu||ChoiceScarf|BeadsofRuin|Snarl,HeatWave,Overheat,DarkPulse||||||50|,,,,,Ghost]Miraidon||ChoiceSpecs|HadronEngine|ElectroDrift,DracoMeteor,DazzlingGleam,VoltSwitch||||||50|,,,,,Fairy]Weezing-Galar||RockyHelmet|NeutralizingGas|Protect,DazzlingGleam,ToxicSpikes,Taunt|||F|||50|,,,,,Water]Iron Hands||AssaultVest|QuarkDrive|HeavySlam,LowKick,WildCharge,FakeOut||||||50|,,,,,Water]Ogerpon-Cornerstone||CornerstoneMask|Sturdy|SpikyShield,IvyCudgel,PowerWhip,FollowMe|||F|||50|,,,,,Rock\n|inactive|Battle timer is ON: inactive players will automatically lose when time's up. (requested by wimpshrimp)\n|inactive|ossigt has 60 seconds left.\n|\n|t:|1746015221\n|start\n|switch|p1a: Incineroar|Incineroar, L50, M|100/100\n|switch|p1b: Calyrex|Calyrex-Shadow, L50|100/100\n|switch|p2a: Iron Hands|Iron Hands, L50|100/100\n|switch|p2b: Chi-Yu|Chi-Yu, L50|100/100\n|-ability|p1b: Calyrex|As One\n|-ability|p1b: Calyrex|Unnerve\n|-ability|p2b: Chi-Yu|Beads of Ruin\n|-ability|p1a: Incineroar|Intimidate|boost\n|-unboost|p2a: Iron Hands|atk|1\n|-unboost|p2b: Chi-Yu|atk|1\n|turn|1\n|inactive|wimpshrimp has 30 seconds left.\n|inactive|wimpshrimp has 20 seconds left.\n|inactive|ossigt has 30 seconds left.\n|\n|t:|1746015260\n|switch|p2b: Calyrex|Calyrex-Shadow, L50|100/100\n|-ability|p2b: Calyrex|As One\n|-ability|p2b: Calyrex|Unnerve\n|move|p1b: Calyrex|Protect|p1b: Calyrex\n|-singleturn|p1b: Calyrex|Protect\n|move|p1a: Incineroar|Parting Shot|p2b: Calyrex\n|-unboost|p2b: Calyrex|atk|1\n|-unboost|p2b: Calyrex|spa|1\n|\n|t:|1746015274\n|switch|p1a: Rillaboom|Rillaboom, L50, F|100/100|[from] Parting Shot\n|-fieldstart|move: Grassy Terrain|[from] ability: Grassy Surge|[of] p1a: Rillaboom\n|move|p2a: Iron Hands|Low Kick|p1a: Rillaboom\n|-damage|p1a: Rillaboom|74/100\n|\n|-heal|p1a: Rillaboom|80/100|[from] Grassy Terrain\n|upkeep\n|turn|2\n|\n|t:|1746015294\n|-end|p2a: Iron Hands|Quark Drive|[silent]\n|switch|p2a: Miraidon|Miraidon, L50|100/100\n|-fieldstart|move: Electric Terrain|[from] ability: Hadron Engine|[of] p2a: Miraidon\n|-terastallize|p2b: Calyrex|Ghost\n|-terastallize|p1b: Calyrex|Fairy\n|move|p2b: Calyrex|Astral Barrage|p1b: Calyrex|[spread] p1a,p1b\n|-damage|p1a: Rillaboom|47/100\n|-damage|p1b: Calyrex|55/100\n|move|p1b: Calyrex|Calm Mind|p1b: Calyrex\n|-boost|p1b: Calyrex|spa|1\n|-boost|p1b: Calyrex|spd|1\n|move|p1a: Rillaboom|U-turn|p2b: Calyrex\n|-resisted|p2b: Calyrex\n|-damage|p2b: Calyrex|86/100\n|\n|t:|1746015309\n|switch|p1a: Zamazenta|Zamazenta-Crowned, L50|100/100|[from] U-turn\n|-ability|p1a: Zamazenta|Dauntless Shield|boost\n|-boost|p1a: Zamazenta|def|1\n|\n|upkeep\n|turn|3\n|\n|t:|1746015324\n|move|p1a: Zamazenta|Wide Guard|p1a: Zamazenta\n|-singleturn|p1a: Zamazenta|Wide Guard\n|move|p2b: Calyrex|Psychic|p1b: Calyrex\n|-damage|p1b: Calyrex|33/100\n|move|p1b: Calyrex|Astral Barrage|p2a: Miraidon|[spread] p2a,p2b\n|-supereffective|p2b: Calyrex\n|-damage|p2a: Miraidon|14/100\n|-damage|p2b: Calyrex|0 fnt\n|faint|p2b: Calyrex\n|-ability|p1b: Calyrex|Grim Neigh|boost\n|-boost|p1b: Calyrex|spa|1\n|move|p2a: Miraidon|Volt Switch|p1a: Zamazenta\n|-damage|p1a: Zamazenta|23/100\n|\n|t:|1746015334\n|switch|p2a: Iron Hands|Iron Hands, L50|100/100|[from] Volt Switch\n|-activate|p2a: Iron Hands|ability: Quark Drive\n|-start|p2a: Iron Hands|quarkdriveatk\n|\n|upkeep\n|\n|t:|1746015342\n|switch|p2b: Chi-Yu|Chi-Yu, L50|100/100\n|-ability|p2b: Chi-Yu|Beads of Ruin\n|turn|4\n|\n|t:|1746015357\n|switch|p1a: Incineroar|Incineroar, L50, M|100/100\n|-ability|p1a: Incineroar|Intimidate|boost\n|-unboost|p2a: Iron Hands|atk|1\n|-unboost|p2b: Chi-Yu|atk|1\n|move|p1b: Calyrex|Protect|p1b: Calyrex\n|-singleturn|p1b: Calyrex|Protect\n|move|p2a: Iron Hands|Fake Out|p1a: Incineroar\n|-damage|p1a: Incineroar|86/100\n|move|p2b: Chi-Yu|Overheat|p1b: Calyrex\n|-activate|p1b: Calyrex|move: Protect\n|\n|upkeep\n|turn|5\n|\n|t:|1746015373\n|move|p1a: Incineroar|Fake Out|p2b: Chi-Yu\n|-damage|p2b: Chi-Yu|81/100\n|cant|p2b: Chi-Yu|flinch\n|move|p1b: Calyrex|Draining Kiss|p2a: Iron Hands\n|-supereffective|p2a: Iron Hands\n|-damage|p2a: Iron Hands|0 fnt\n|-heal|p1b: Calyrex|100/100|[from] drain|[of] p2a: Iron Hands\n|faint|p2a: Iron Hands\n|-end|p2a: Iron Hands|Quark Drive|[silent]\n|-ability|p1b: Calyrex|Grim Neigh|boost\n|-boost|p1b: Calyrex|spa|1\n|\n|upkeep\n|\n|t:|1746015385\n|switch|p2a: Miraidon|Miraidon, L50|14/100\n|-activate|p2a: Miraidon|ability: Hadron Engine\n|turn|6\n|\n|t:|1746015393\n|switch|p1a: Rillaboom|Rillaboom, L50, F|47/100\n|-fieldstart|move: Grassy Terrain|[from] ability: Grassy Surge|[of] p1a: Rillaboom\n|move|p1b: Calyrex|Protect|p1b: Calyrex\n|-singleturn|p1b: Calyrex|Protect\n|move|p2b: Chi-Yu|Overheat|p1b: Calyrex\n|-activate|p1b: Calyrex|move: Protect\n|move|p2a: Miraidon|Electro Drift|p1b: Calyrex\n|-activate|p1b: Calyrex|move: Protect\n|\n|-heal|p2b: Chi-Yu|87/100|[from] Grassy Terrain\n|-heal|p2a: Miraidon|20/100|[from] Grassy Terrain\n|-heal|p1a: Rillaboom|53/100|[from] Grassy Terrain\n|upkeep\n|turn|7\n|-message|ossigt forfeited.\n|\n|win|wimpshrimp\n|raw|wimpshrimp's rating: 1161 &rarr; <strong>1184</strong><br />(+23 for winning)\n|raw|ossigt's rating: 1140 &rarr; <strong>1117</strong><br />(-23 for losing)\n", "uploadtime": 1746015403, "views": 7, "formatid": "gen9vgc2025regibo3", "rating": 1117, "private": 0, "password": null}