{"id": "gen9vgc2025regibo3-2354215067", "format": "[Gen 9] VGC 2025 Reg I (Bo3)", "players": ["the rial rondo", "plaidhaxx"], "log": "|j|\u2606the rial rondo\n|j|\u2606plaidhaxx\n|html|<table width=\"100%\"><tr><td align=\"left\">the rial rondo</td><td align=\"right\">plaidhaxx</tr><tr><td align=\"left\"><i class=\"fa fa-circle-o\"></i> <i class=\"fa fa-circle-o\"></i> </td><td align=\"right\"><i class=\"fa fa-circle-o\"></i> <i class=\"fa fa-circle\"></i> </tr></table>\n|uhtml|bestof|<h2><strong>Game 2</strong> of <a href=\"/game-bestof3-gen9vgc2025regibo3-2354212971\">a best-of-3</a></h2>\n|t:|1746045460\n|gametype|doubles\n|player|p1|the rial rondo|policeman-gen4|\n|player|p2|plaidhaxx|volkner|\n|teamsize|p1|6\n|teamsize|p2|6\n|gen|9\n|tier|[Gen 9] VGC 2025 Reg I (Bo3)\n|rule|Species Clause: Limit one of each Pok\u00e9mon\n|rule|Item Clause: Limit 1 of each item\n|clearpoke\n|poke|p1|Calyrex-Shadow, L50|\n|poke|p1|Koraidon, L50|\n|poke|p1|Raging Bolt, L50|\n|poke|p1|Chi-Yu, L50|\n|poke|p1|Brute Bonnet, L50|\n|poke|p1|Whimsicott, L50, M|\n|poke|p2|Miraidon, L50|\n|poke|p2|Lunala, L50|\n|poke|p2|Whimsicott, L50, F|\n|poke|p2|Chi-Yu, L50|\n|poke|p2|Urshifu-*, L50, M|\n|poke|p2|Iron Hands, L50|\n|teampreview|4\n|showteam|p1|Calyrex-Shadow||LifeOrb|AsOneSpectrier|AstralBarrage,Psychic,Disable,Protect||||||50|,,,,,Dark]Koraidon||ClearAmulet|OrichalcumPulse|CollisionCourse,FlareBlitz,FlameCharge,Protect||||||50|,,,,,Fire]Raging Bolt||AssaultVest|Protosynthesis|Electroweb,Thunderclap,VoltSwitch,DracoMeteor||||||50|,,,,,Electric]Chi-Yu||ChoiceScarf|BeadsofRuin|Snarl,Overheat,HeatWave,DarkPulse||||||50|,,,,,Ghost]Brute Bonnet||RockyHelmet|Protosynthesis|SeedBomb,SuckerPunch,Spore,RagePowder||||||50|,,,,,Water]Whimsicott||CovertCloak|Prankster|LightScreen,Tailwind,Moonblast,Encore|||M|||50|,,,,,Dark\n|showteam|p2|Miraidon||ChoiceSpecs|HadronEngine|ElectroDrift,VoltSwitch,DracoMeteor,DazzlingGleam||||||50|,,,,,Fairy]Lunala||ElectricSeed|ShadowShield|MoongeistBeam,Psyshock,TrickRoom,WideGuard||||||50|,,,,,Water]Whimsicott||CovertCloak|Prankster|Moonblast,Tailwind,Encore,LightScreen|||F|||50|,,,,,Dark]Chi-Yu||ChoiceScarf|BeadsofRuin|HeatWave,DarkPulse,Overheat,Snarl||||||50|,,,,,Ghost]Urshifu-Rapid-Strike||FocusSash|UnseenFist|SurgingStrikes,CloseCombat,AquaJet,Detect|||M|||50|,,,,,Stellar]Iron Hands||AssaultVest|QuarkDrive|DrainPunch,LowKick,HeavySlam,FakeOut||||||50|,,,,,Water\n|inactive|Battle timer is ON: inactive players will automatically lose when time's up. (requested by plaidhaxx)\n|\n|t:|1746045484\n|start\n|switch|p1a: Koraidon|Koraidon, L50|100/100\n|switch|p1b: Chi-Yu|Chi-Yu, L50|100/100\n|switch|p2a: Chi-Yu|Chi-Yu, L50|100/100\n|switch|p2b: Whimsicott|Whimsicott, L50, F|100/100\n|-ability|p1b: Chi-Yu|Beads of Ruin\n|-ability|p2a: Chi-Yu|Beads of Ruin\n|-weather|SunnyDay|[from] ability: Orichalcum Pulse|[of] p1a: Koraidon\n|-activate|p1a: Koraidon|Orichalcum Pulse|[source]\n|turn|1\n|\n|t:|1746045507\n|-terastallize|p1a: Koraidon|Fire\n|move|p2b: Whimsicott|Tailwind|p2b: Whimsicott\n|-sidestart|p2: plaidhaxx|move: Tailwind\n|move|p2a: Chi-Yu|Overheat|p1a: Koraidon\n|-resisted|p1a: Koraidon\n|-damage|p1a: Koraidon|37/100\n|-unboost|p2a: Chi-Yu|spa|2\n|move|p1b: Chi-Yu|Heat Wave|p2b: Whimsicott|[spread] p2a,p2b\n|-resisted|p2a: Chi-Yu\n|-supereffective|p2b: Whimsicott\n|-damage|p2a: Chi-Yu|61/100\n|-damage|p2b: Whimsicott|0 fnt\n|faint|p2b: Whimsicott\n|move|p1a: Koraidon|Flame Charge|p2a: Chi-Yu\n|-resisted|p2a: Chi-Yu\n|-damage|p2a: Chi-Yu|18/100\n|-boost|p1a: Koraidon|spe|1\n|\n|-weather|SunnyDay|[upkeep]\n|upkeep\n|\n|t:|1746045522\n|switch|p2b: Miraidon|Miraidon, L50|100/100\n|-fieldstart|move: Electric Terrain|[from] ability: Hadron Engine|[of] p2b: Miraidon\n|turn|2\n|\n|t:|1746045535\n|move|p1a: Koraidon|Protect|p1a: Koraidon\n|-singleturn|p1a: Koraidon|Protect\n|move|p2a: Chi-Yu|Overheat|p1a: Koraidon\n|-activate|p1a: Koraidon|move: Protect\n|move|p2b: Miraidon|Volt Switch|p1b: Chi-Yu\n|-damage|p1b: Chi-Yu|0 fnt\n|faint|p1b: Chi-Yu\n|\n|t:|1746045544\n|switch|p2b: Lunala|Lunala, L50|100/100|[from] Volt Switch\n|-enditem|p2b: Lunala|Electric Seed\n|-boost|p2b: Lunala|def|1|[from] item: Electric Seed\n|\n|-weather|SunnyDay|[upkeep]\n|upkeep\n|\n|t:|1746045552\n|switch|p1b: Whimsicott|Whimsicott, L50, M|100/100\n|turn|3\n|\n|t:|1746045565\n|move|p1b: Whimsicott|Tailwind|p1b: Whimsicott\n|-sidestart|p1: the rial rondo|move: Tailwind\n|move|p1a: Koraidon|Flame Charge|p2a: Chi-Yu\n|-resisted|p2a: Chi-Yu\n|-damage|p2a: Chi-Yu|0 fnt\n|-boost|p1a: Koraidon|spe|1\n|faint|p2a: Chi-Yu\n|move|p2b: Lunala|Moongeist Beam|p1a: Koraidon\n|-damage|p1a: Koraidon|0 fnt\n|faint|p1a: Koraidon\n|\n|-weather|SunnyDay|[upkeep]\n|upkeep\n|\n|t:|1746045576\n|switch|p1a: Calyrex|Calyrex-Shadow, L50|100/100\n|switch|p2a: Miraidon|Miraidon, L50|100/100\n|-ability|p1a: Calyrex|As One\n|-ability|p1a: Calyrex|Unnerve\n|-activate|p2a: Miraidon|ability: Hadron Engine\n|turn|4\n|inactive|plaidhaxx has 30 seconds left.\n|\n|t:|1746045607\n|move|p1a: Calyrex|Protect|p1a: Calyrex\n|-singleturn|p1a: Calyrex|Protect\n|move|p1b: Whimsicott|Light Screen|p1b: Whimsicott\n|-sidestart|p1: the rial rondo|move: Light Screen\n|move|p2a: Miraidon|Electro Drift|p1a: Calyrex\n|-activate|p1a: Calyrex|move: Protect\n|move|p2b: Lunala|Psyshock|p1b: Whimsicott\n|-damage|p1b: Whimsicott|60/100\n|\n|-weather|SunnyDay|[upkeep]\n|-sideend|p2: plaidhaxx|move: Tailwind\n|upkeep\n|turn|5\n|\n|t:|1746045623\n|move|p1b: Whimsicott|Encore|p2b: Lunala\n|-start|p2b: Lunala|Encore\n|move|p1a: Calyrex|Disable|p2a: Miraidon\n|-start|p2a: Miraidon|Disable|Electro Drift\n|cant|p2a: Miraidon|Disable|Electro Drift\n|move|p2b: Lunala|Psyshock|p1b: Whimsicott\n|-damage|p1b: Whimsicott|20/100\n|\n|-weather|none\n|upkeep\n|turn|6\n|\n|t:|1746045635\n|move|p1a: Calyrex|Astral Barrage|p2a: Miraidon|[spread] p2a,p2b\n|-supereffective|p2b: Lunala\n|-damage|p2a: Miraidon|49/100\n|-damage|p2b: Lunala|13/100\n|-damage|p1a: Calyrex|91/100|[from] item: Life Orb\n|move|p1b: Whimsicott|Moonblast|p2b: Lunala\n|-damage|p2b: Lunala|0 fnt\n|faint|p2b: Lunala\n|-activate|p2a: Miraidon|move: Struggle\n|move|p2a: Miraidon|Struggle|p1a: Calyrex\n|-damage|p1a: Calyrex|82/100\n|-damage|p2a: Miraidon|24/100|[from] recoil\n|\n|-sideend|p1: the rial rondo|move: Tailwind\n|-fieldend|move: Electric Terrain\n|upkeep\n|turn|7\n|\n|t:|1746045645\n|move|p1a: Calyrex|Astral Barrage|p2a: Miraidon\n|-damage|p2a: Miraidon|0 fnt\n|faint|p2a: Miraidon\n|-damage|p1a: Calyrex|72/100|[from] item: Life Orb\n|\n|win|the rial rondo\n||the rial rondo is ready for game 3.\n|inactive|plaidhaxx has 30 seconds to confirm battle start!\n||plaidhaxx is ready for game 3.\n|uhtml|next|Next: <a href=\"/battle-gen9vgc2025regibo3-2354217026\"><strong>Game 3 of 3</strong></a>\n", "uploadtime": 1746045646, "views": 11, "formatid": "gen9vgc2025regibo3", "rating": null, "private": 0, "password": null}