{"id": "gen9vgc2025regibo3-2354367133", "format": "[Gen 9] VGC 2025 Reg I (Bo3)", "players": ["AceTrainerJohny", "Gimffy"], "log": "|j|\u2606AceTrainerJohny\n|j|\u2606Gimffy\n|html|<table width=\"100%\"><tr><td align=\"left\">AceTrainerJohny</td><td align=\"right\">Gimffy</tr><tr><td align=\"left\"><i class=\"fa fa-circle-o\"></i> <i class=\"fa fa-circle-o\"></i> </td><td align=\"right\"><i class=\"fa fa-circle-o\"></i> <i class=\"fa fa-circle-o\"></i> </tr></table>\n|uhtml|bestof|<h2><strong>Game 1</strong> of <a href=\"/game-bestof3-gen9vgc2025regibo3-2354367132\">a best-of-3</a></h2>\n|t:|1746062634\n|gametype|doubles\n|player|p1|AceTrainerJohny|acetrainer-gen4dp|1152\n|player|p2|Gimffy|ingo|1180\n|teamsize|p1|6\n|teamsize|p2|6\n|gen|9\n|tier|[Gen 9] VGC 2025 Reg I (Bo3)\n|rated|\n|rule|Species Clause: Limit one of each Pok\u00e9mon\n|rule|Item Clause: Limit 1 of each item\n|clearpoke\n|poke|p1|Calyrex-Ice, L50|\n|poke|p1|Palkia, L50|\n|poke|p1|Ursaluna, L50, F|\n|poke|p1|Indeedee-F, L50, F|\n|poke|p1|Iron Crown, L50|\n|poke|p1|Chi-Yu, L50|\n|poke|p2|Koraidon, L50|\n|poke|p2|Lunala, L50|\n|poke|p2|Flutter Mane, L50|\n|poke|p2|Chi-Yu, L50|\n|poke|p2|Brute Bonnet, L50|\n|poke|p2|Ursaluna, L50, M|\n|teampreview|4\n|showteam|p1|Calyrex-Ice||ClearAmulet|AsOneGlastrier|Protect,TrickRoom,GlacialLance,HighHorsepower||||||50|,,,,,Fire]Palkia||LustrousOrb|Telepathy|TrickRoom,SpacialRend,HydroPump,Protect||||||50|,,,,,Steel]Ursaluna||FlameOrb|Guts|Protect,Facade,Earthquake,ThroatChop|||F|||50|,,,,,Ghost]Indeedee-F||RockyHelmet|PsychicSurge|FollowMe,TrickRoom,AlluringVoice,HelpingHand|||F|||50|,,,,,Grass]Iron Crown||BoosterEnergy|QuarkDrive|TachyonCutter,ExpandingForce,Protect,CalmMind||||||50|,,,,,Stellar]Chi-Yu||ChoiceScarf|BeadsofRuin|Overheat,Snarl,HeatWave,DarkPulse||||||50|,,,,,Ghost\n|showteam|p2|Koraidon||ClearAmulet|OrichalcumPulse|CollisionCourse,FlareBlitz,FlameCharge,Protect||||||50|,,,,,Fire]Lunala||PowerHerb|ShadowShield|MoongeistBeam,MeteorBeam,WideGuard,TrickRoom||||||50|,,,,,Water]Flutter Mane||FocusSash|Protosynthesis|Moonblast,ShadowBall,IcyWind,Protect||||||50|,,,,,Fairy]Chi-Yu||ChoiceScarf|BeadsofRuin|DarkPulse,HeatWave,Overheat,Snarl||||||50|,,,,,Ghost]Brute Bonnet||RockyHelmet|Protosynthesis|RagePowder,Spore,SeedBomb,SuckerPunch||||||50|,,,,,Water]Ursaluna||FlameOrb|Guts|Facade,HeadlongRush,Earthquake,Protect|||M|||50|,,,,,Water\n|inactive|Battle timer is ON: inactive players will automatically lose when time's up. (requested by Gimffy)\n|inactive|AceTrainerJohny has 60 seconds left.\n|inactive|Gimffy has 60 seconds left.\n|\n|t:|1746062687\n|start\n|switch|p1a: Palkia|Palkia, L50, shiny|100/100\n|switch|p1b: Indeedee|Indeedee-F, L50, F|100/100\n|switch|p2a: Akira|Koraidon, L50|100/100\n|switch|p2b: Brute Bonnet|Brute Bonnet, L50|100/100\n|-weather|SunnyDay|[from] ability: Orichalcum Pulse|[of] p2a: Akira\n|-activate|p2b: Brute Bonnet|ability: Protosynthesis\n|-start|p2b: Brute Bonnet|protosynthesisdef\n|-activate|p2a: Akira|Orichalcum Pulse|[source]\n|-fieldstart|move: Psychic Terrain|[from] ability: Psychic Surge|[of] p1b: Indeedee\n|turn|1\n|\n|t:|1746062706\n|move|p2a: Akira|Protect|p2a: Akira\n|-singleturn|p2a: Akira|Protect\n|move|p1b: Indeedee|Follow Me|p1b: Indeedee\n|-singleturn|p1b: Indeedee|move: Follow Me\n|move|p2b: Brute Bonnet|Spore|p1b: Indeedee\n|-status|p1b: Indeedee|slp|[from] move: Spore\n|move|p1a: Palkia|Trick Room|p1a: Palkia\n|-fieldstart|move: Trick Room|[of] p1a: Palkia\n|\n|-weather|SunnyDay|[upkeep]\n|upkeep\n|turn|2\n|\n|t:|1746062719\n|switch|p1b: Ursaluna|Ursaluna, L50, F, shiny|100/100\n|switch|p2a: Anakin|Flutter Mane, L50|100/100\n|-activate|p2a: Anakin|ability: Protosynthesis\n|-start|p2a: Anakin|protosynthesisspe\n|move|p1a: Palkia|Protect|p1a: Palkia\n|-singleturn|p1a: Palkia|Protect\n|move|p2b: Brute Bonnet|Spore|p1a: Palkia\n|-activate|p1a: Palkia|move: Protect\n|\n|-weather|SunnyDay|[upkeep]\n|-status|p1b: Ursaluna|brn|[from] item: Flame Orb\n|upkeep\n|turn|3\n|inactive|AceTrainerJohny has 30 seconds left.\n|\n|t:|1746062748\n|move|p2a: Anakin|Protect|p2a: Anakin\n|-singleturn|p2a: Anakin|Protect\n|move|p1b: Ursaluna|Earthquake|p2a: Anakin|[spread] p2b\n|-activate|p2a: Anakin|move: Protect\n|-activate|p1a: Palkia|ability: Telepathy\n|-resisted|p2b: Brute Bonnet\n|-damage|p2b: Brute Bonnet|85/100\n|move|p2b: Brute Bonnet|Spore|p1a: Palkia\n|-status|p1a: Palkia|slp|[from] move: Spore\n|cant|p1a: Palkia|slp\n|\n|-weather|SunnyDay|[upkeep]\n|-damage|p1b: Ursaluna|95/100 brn|[from] brn\n|upkeep\n|turn|4\n|\n|t:|1746062771\n|move|p1b: Ursaluna|Earthquake|p2b: Brute Bonnet|[spread] p2a,p2b\n|-activate|p1a: Palkia|ability: Telepathy\n|-resisted|p2b: Brute Bonnet\n|-enditem|p2a: Anakin|Focus Sash\n|-damage|p2a: Anakin|1/100\n|-damage|p2b: Brute Bonnet|67/100\n|move|p2b: Brute Bonnet|Seed Bomb|p1b: Ursaluna\n|-supereffective|p1b: Ursaluna\n|-damage|p1b: Ursaluna|49/100 brn\n|cant|p1a: Palkia|slp\n|move|p2a: Anakin|Moonblast|p1b: Ursaluna\n|-damage|p1b: Ursaluna|3/100 brn\n|\n|-weather|SunnyDay|[upkeep]\n|-damage|p1b: Ursaluna|0 fnt|[from] brn\n|faint|p1b: Ursaluna\n|upkeep\n|\n|t:|1746062786\n|switch|p1b: Calyrex|Calyrex-Ice, L50|100/100\n|-ability|p1b: Calyrex|As One\n|-ability|p1b: Calyrex|Unnerve\n|turn|5\n|\n|t:|1746062800\n|move|p2a: Anakin|Protect|p2a: Anakin\n|-singleturn|p2a: Anakin|Protect\n|move|p2b: Brute Bonnet|Sucker Punch|p1b: Calyrex\n|-activate|p1b: Calyrex|move: Psychic Terrain\n|move|p1b: Calyrex|Glacial Lance|p2a: Anakin|[spread] p2b\n|-activate|p2a: Anakin|move: Protect\n|-supereffective|p2b: Brute Bonnet\n|-damage|p2b: Brute Bonnet|10/100\n|cant|p1a: Palkia|slp\n|\n|-weather|none\n|-end|p2b: Brute Bonnet|Protosynthesis\n|-end|p2a: Anakin|Protosynthesis\n|-fieldend|move: Trick Room\n|-fieldend|move: Psychic Terrain\n|upkeep\n|turn|6\n|\n|t:|1746062823\n|-terastallize|p1a: Palkia|Steel\n|move|p2a: Anakin|Moonblast|p1b: Calyrex\n|-damage|p1b: Calyrex|65/100\n|-curestatus|p1a: Palkia|slp|[msg]\n|move|p1a: Palkia|Spacial Rend|p2b: Brute Bonnet\n|-damage|p2b: Brute Bonnet|0 fnt\n|faint|p2b: Brute Bonnet\n|-end|p2b: Brute Bonnet|Protosynthesis|[silent]\n|move|p1b: Calyrex|Trick Room|p1b: Calyrex\n|-fieldstart|move: Trick Room|[of] p1b: Calyrex\n|\n|upkeep\n|\n|t:|1746062831\n|switch|p2b: Ursaluna|Ursaluna, L50, M|100/100\n|turn|7\n|\n|t:|1746062845\n|switch|p1b: Indeedee|Indeedee-F, L50, F|100/100 slp\n|-fieldstart|move: Psychic Terrain|[from] ability: Psychic Surge|[of] p1b: Indeedee\n|move|p2b: Ursaluna|Protect|p2b: Ursaluna\n|-singleturn|p2b: Ursaluna|Protect\n|move|p1a: Palkia|Hydro Pump|p2b: Ursaluna\n|-activate|p2b: Ursaluna|move: Protect\n|move|p2a: Anakin|Shadow Ball|p1b: Indeedee\n|-immune|p1b: Indeedee\n|\n|-status|p2b: Ursaluna|brn|[from] item: Flame Orb\n|upkeep\n|turn|8\n|\n|t:|1746062870\n|-terastallize|p2b: Ursaluna|Water\n|move|p2a: Anakin|Protect|p2a: Anakin\n|-singleturn|p2a: Anakin|Protect\n|cant|p1b: Indeedee|slp\n|move|p2b: Ursaluna|Headlong Rush|p1a: Palkia\n|-supereffective|p1a: Palkia\n|-damage|p1a: Palkia|0 fnt\n|-unboost|p2b: Ursaluna|def|1\n|-unboost|p2b: Ursaluna|spd|1\n|faint|p1a: Palkia\n|\n|-damage|p2b: Ursaluna|95/100 brn|[from] brn\n|upkeep\n|\n|t:|1746062881\n|switch|p1a: Calyrex|Calyrex-Ice, L50|65/100\n|-ability|p1a: Calyrex|As One\n|-ability|p1a: Calyrex|Unnerve\n|turn|9\n|\n|t:|1746062889\n|-curestatus|p1b: Indeedee|slp|[msg]\n|move|p1b: Indeedee|Follow Me|p1b: Indeedee\n|-singleturn|p1b: Indeedee|move: Follow Me\n|move|p2b: Ursaluna|Facade|p1b: Indeedee\n|-damage|p1b: Indeedee|0 fnt\n|-damage|p2b: Ursaluna|78/100 brn|[from] item: Rocky Helmet|[of] p1b: Indeedee\n|faint|p1b: Indeedee\n|move|p1a: Calyrex|Glacial Lance|p2a: Anakin|[spread] p2a,p2b\n|-resisted|p2b: Ursaluna\n|-damage|p2a: Anakin|0 fnt\n|-damage|p2b: Ursaluna|46/100 brn\n|faint|p2a: Anakin\n|-end|p2a: Anakin|Protosynthesis|[silent]\n|-ability|p1a: Calyrex|Chilling Neigh|boost\n|-boost|p1a: Calyrex|atk|1\n|\n|-damage|p2b: Ursaluna|40/100 brn|[from] brn\n|upkeep\n|\n|t:|1746062896\n|switch|p2a: Akira|Koraidon, L50|100/100\n|-weather|SunnyDay|[from] ability: Orichalcum Pulse|[of] p2a: Akira\n|-activate|p2a: Akira|Orichalcum Pulse|[source]\n|turn|10\n|\n|t:|1746062907\n|move|p2a: Akira|Protect|p2a: Akira\n|-singleturn|p2a: Akira|Protect\n|move|p1a: Calyrex|Glacial Lance|p2a: Akira|[spread] p2b\n|-activate|p2a: Akira|move: Protect\n|-resisted|p2b: Ursaluna\n|-damage|p2b: Ursaluna|0 fnt\n|faint|p2b: Ursaluna\n|-ability|p1a: Calyrex|Chilling Neigh|boost\n|-boost|p1a: Calyrex|atk|1\n|\n|-weather|SunnyDay|[upkeep]\n|-fieldend|move: Trick Room\n|upkeep\n|turn|11\n|\n|t:|1746062917\n|move|p2a: Akira|Flare Blitz|p1a: Calyrex\n|-supereffective|p1a: Calyrex\n|-damage|p1a: Calyrex|0 fnt\n|faint|p1a: Calyrex\n|-damage|p2a: Akira|76/100|[from] Recoil\n|\n|win|Gimffy\n||AceTrainerJohny is ready for game 2.\n||Gimffy is ready for game 2.\n|uhtml|next|Next: <a href=\"/battle-gen9vgc2025regibo3-2354369542\"><strong>Game 2 of 3</strong></a>\n|l|\u2606AceTrainerJohny\n|player|p1|\n", "uploadtime": 1746063110, "views": 15, "formatid": "gen9vgc2025regibo3", "rating": null, "private": 0, "password": null}