{"id": "gen9vgc2025regibo3-2353376367", "format": "[Gen 9] VGC 2025 Reg I (Bo3)", "players": ["CostaYo", "bvg2"], "log": "|j|\u2606CostaYo\n|j|\u203dbvg2\n|html|<table width=\"100%\"><tr><td align=\"left\">CostaYo</td><td align=\"right\">bvg2</tr><tr><td align=\"left\"><i class=\"fa fa-circle\"></i> <i class=\"fa fa-circle-o\"></i> </td><td align=\"right\"><i class=\"fa fa-circle-o\"></i> <i class=\"fa fa-circle\"></i> </tr></table>\n|uhtml|bestof|<h2><strong>Game 3</strong> of <a href=\"/game-bestof3-gen9vgc2025regibo3-2353369897\">a best-of-3</a></h2>\n|t:|1745950648\n|gametype|doubles\n|player|p1|CostaYo|n|1310\n|player|p2|bvg2|flannery|1320\n|teamsize|p1|6\n|teamsize|p2|6\n|gen|9\n|tier|[Gen 9] VGC 2025 Reg I (Bo3)\n|rated|\n|rule|Species Clause: Limit one of each Pok\u00e9mon\n|rule|Item Clause: Limit 1 of each item\n|clearpoke\n|poke|p1|Ho-Oh, L50|\n|poke|p1|Koraidon, L50|\n|poke|p1|Flutter Mane, L50|\n|poke|p1|Raging Bolt, L50|\n|poke|p1|Incineroar, L50, M|\n|poke|p1|Ogerpon-Cornerstone, L50, F|\n|poke|p2|Calyrex-Shadow, L50|\n|poke|p2|Dondozo, L50, M|\n|poke|p2|Tatsugiri-Droopy, L50, M|\n|poke|p2|Chi-Yu, L50|\n|poke|p2|Miraidon, L50|\n|poke|p2|Sneasler, L50, F|\n|teampreview|4\n|showteam|p1|Ho-Oh||ClearAmulet|Regenerator|SacredFire,BraveBird,Protect,Tailwind||||||50|,,,,,Grass]Koraidon||LifeOrb|OrichalcumPulse|CloseCombat,FlareBlitz,FlameCharge,Protect||||||50|,,,,,Fire]Flutter Mane||FocusSash|Protosynthesis|Moonblast,ShadowBall,IcyWind,Protect||||||50|,,,,,Normal]Raging Bolt||AssaultVest|Protosynthesis|Thunderbolt,Thunderclap,Snarl,DracoMeteor||||||50|,,,,,Fairy]Incineroar||SafetyGoggles|Intimidate|FakeOut,PartingShot,KnockOff,Taunt|||M|||50|,,,,,Bug]Ogerpon-Cornerstone||CornerstoneMask|Sturdy|IvyCudgel,PowerWhip,FollowMe,SpikyShield|||F|||50|,,,,,Rock\n|showteam|p2|Calyrex-Shadow||LifeOrb|AsOneSpectrier|Protect,AstralBarrage,ExpandingForce,Encore||||||50|,,,,,Normal]Dondozo||Leftovers|Unaware|Protect,BodyPress,OrderUp,WaveCrash|||M|||50|,,,,,Grass]Tatsugiri-Droopy||FocusSash|Commander|Protect,HelpingHand,DragonPulse,MuddyWater|||M|||50|,,,,,Stellar]Chi-Yu||ChoiceScarf|BeadsofRuin|ScaryFace,Snarl,HeatWave,Overheat||||||50|,,,,,Ghost]Miraidon||AssaultVest|HadronEngine|ElectroDrift,DracoMeteor,DazzlingGleam,VoltSwitch||||||50|,,,,,Fairy]Sneasler||ElectricSeed|Unburden|CloseCombat,DireClaw,ToxicSpikes,FakeOut|||F|||50|,,,,,Ghost\n|inactive|Battle timer is ON: inactive players will automatically lose when time's up. (requested by CostaYo)\n|inactive|bvg2 has 60 seconds left.\n|\n|t:|1745950706\n|start\n|switch|p1a: Koraidon|Koraidon, L50|100/100\n|switch|p1b: Flutter Mane|Flutter Mane, L50|100/100\n|switch|p2a: Dondozo|Dondozo, L50, M|100/100\n|switch|p2b: Calyrex|Calyrex-Shadow, L50|100/100\n|-ability|p2b: Calyrex|As One\n|-ability|p2b: Calyrex|Unnerve\n|-weather|SunnyDay|[from] ability: Orichalcum Pulse|[of] p1a: Koraidon\n|-activate|p1b: Flutter Mane|ability: Protosynthesis\n|-start|p1b: Flutter Mane|protosynthesisspe\n|-activate|p1a: Koraidon|Orichalcum Pulse|[source]\n|turn|1\n|inactive|CostaYo has 30 seconds left.\n|inactive|bvg2 has 30 seconds left.\n|\n|t:|1745950740\n|switch|p2b: Tatsugiri|Tatsugiri-Droopy, L50, M|100/100\n|-activate|p2b: Tatsugiri|ability: Commander|[of] p2a: Dondozo\n|-boost|p2a: Dondozo|atk|2\n|-boost|p2a: Dondozo|spa|2\n|-boost|p2a: Dondozo|spe|2\n|-boost|p2a: Dondozo|def|2\n|-boost|p2a: Dondozo|spd|2\n|move|p1b: Flutter Mane|Shadow Ball|p2b: Tatsugiri|[miss]\n|-miss|p1b: Flutter Mane|p2b: Tatsugiri\n|move|p1a: Koraidon|Close Combat|p2a: Dondozo\n|-damage|p2a: Dondozo|65/100\n|-unboost|p1a: Koraidon|def|1\n|-unboost|p1a: Koraidon|spd|1\n|-damage|p1a: Koraidon|91/100|[from] item: Life Orb\n|move|p2a: Dondozo|Wave Crash|p1b: Flutter Mane\n|-damage|p1b: Flutter Mane|14/100\n|-damage|p2a: Dondozo|50/100|[from] Recoil\n|\n|-weather|SunnyDay|[upkeep]\n|-heal|p2a: Dondozo|57/100|[from] item: Leftovers\n|upkeep\n|turn|2\n|inactive|CostaYo has 30 seconds left.\n|\n|t:|1745950771\n|move|p2a: Dondozo|Protect|p2a: Dondozo\n|-singleturn|p2a: Dondozo|Protect\n|move|p1b: Flutter Mane|Moonblast|p2a: Dondozo\n|-activate|p2a: Dondozo|move: Protect\n|move|p1a: Koraidon|Close Combat|p2a: Dondozo\n|-activate|p2a: Dondozo|move: Protect\n|\n|-weather|SunnyDay|[upkeep]\n|-heal|p2a: Dondozo|63/100|[from] item: Leftovers\n|upkeep\n|turn|3\n|\n|t:|1745950787\n|move|p1b: Flutter Mane|Moonblast|p2a: Dondozo\n|-damage|p2a: Dondozo|43/100\n|move|p1a: Koraidon|Close Combat|p2a: Dondozo\n|-damage|p2a: Dondozo|8/100\n|-unboost|p1a: Koraidon|def|1\n|-unboost|p1a: Koraidon|spd|1\n|-damage|p1a: Koraidon|81/100|[from] item: Life Orb\n|move|p2a: Dondozo|Order Up|p1a: Koraidon\n|-supereffective|p1a: Koraidon\n|-damage|p1a: Koraidon|12/100\n|-boost|p2a: Dondozo|def|1\n|\n|-weather|SunnyDay|[upkeep]\n|-heal|p2a: Dondozo|14/100|[from] item: Leftovers\n|upkeep\n|turn|4\n|inactive|CostaYo has 30 seconds left.\n|\n|t:|1745950812\n|move|p2a: Dondozo|Protect|p2a: Dondozo\n|-singleturn|p2a: Dondozo|Protect\n|move|p1b: Flutter Mane|Moonblast|p2a: Dondozo\n|-activate|p2a: Dondozo|move: Protect\n|move|p1a: Koraidon|Close Combat|p2a: Dondozo\n|-activate|p2a: Dondozo|move: Protect\n|\n|-weather|SunnyDay|[upkeep]\n|-heal|p2a: Dondozo|20/100|[from] item: Leftovers\n|upkeep\n|turn|5\n|\n|t:|1745950825\n|move|p2a: Dondozo|Protect||[still]\n|-fail|p2a: Dondozo\n|move|p1b: Flutter Mane|Moonblast|p2a: Dondozo\n|-damage|p2a: Dondozo|0 fnt\n|faint|p2a: Dondozo\n|move|p1a: Koraidon|Close Combat|p2b: Tatsugiri\n|-enditem|p2b: Tatsugiri|Focus Sash\n|-damage|p2b: Tatsugiri|1/100\n|-unboost|p1a: Koraidon|def|1\n|-unboost|p1a: Koraidon|spd|1\n|-damage|p1a: Koraidon|2/100|[from] item: Life Orb\n|\n|-weather|none\n|-end|p1b: Flutter Mane|Protosynthesis\n|upkeep\n|\n|t:|1745950837\n|switch|p2a: Calyrex|Calyrex-Shadow, L50|100/100\n|-ability|p2a: Calyrex|As One\n|-ability|p2a: Calyrex|Unnerve\n|turn|6\n|\n|t:|1745950848\n|switch|p1a: Raging Bolt|Raging Bolt, L50|100/100\n|-terastallize|p2a: Calyrex|Normal\n|move|p2b: Tatsugiri|Helping Hand|p2a: Calyrex\n|-singleturn|p2a: Calyrex|Helping Hand|[of] p2b: Tatsugiri\n|move|p1b: Flutter Mane|Protect|p1b: Flutter Mane\n|-singleturn|p1b: Flutter Mane|Protect\n|move|p2a: Calyrex|Astral Barrage|p1b: Flutter Mane|[spread] p1a\n|-activate|p1b: Flutter Mane|move: Protect\n|-damage|p1a: Raging Bolt|37/100\n|-damage|p2a: Calyrex|91/100|[from] item: Life Orb\n|\n|upkeep\n|turn|7\n|\n|t:|1745950871\n|-terastallize|p1b: Flutter Mane|Normal\n|move|p2b: Tatsugiri|Helping Hand|p2a: Calyrex\n|-singleturn|p2a: Calyrex|Helping Hand|[of] p2b: Tatsugiri\n|move|p1a: Raging Bolt|Thunderclap|p2a: Calyrex\n|-damage|p2a: Calyrex|51/100\n|move|p2a: Calyrex|Astral Barrage|p1a: Raging Bolt|[spread] p1a\n|-immune|p1b: Flutter Mane\n|-damage|p1a: Raging Bolt|0 fnt\n|faint|p1a: Raging Bolt\n|-end|p1a: Raging Bolt|Protosynthesis|[silent]\n|-ability|p2a: Calyrex|Grim Neigh|boost\n|-boost|p2a: Calyrex|spa|1\n|-damage|p2a: Calyrex|41/100|[from] item: Life Orb\n|move|p1b: Flutter Mane|Moonblast|p2a: Calyrex\n|-damage|p2a: Calyrex|0 fnt\n|faint|p2a: Calyrex\n|\n|upkeep\n|\n|t:|1745950892\n|switch|p2a: Chi-Yu|Chi-Yu, L50|100/100\n|switch|p1a: Koraidon|Koraidon, L50|2/100\n|-ability|p2a: Chi-Yu|Beads of Ruin\n|-weather|SunnyDay|[from] ability: Orichalcum Pulse|[of] p1a: Koraidon\n|-activate|p1b: Flutter Mane|ability: Protosynthesis\n|-start|p1b: Flutter Mane|protosynthesisspe\n|-activate|p1a: Koraidon|Orichalcum Pulse|[source]\n|turn|8\n|\n|t:|1745950906\n|move|p1b: Flutter Mane|Icy Wind|p2b: Tatsugiri|[spread] p2a,p2b\n|-resisted|p2a: Chi-Yu\n|-damage|p2a: Chi-Yu|91/100\n|-damage|p2b: Tatsugiri|0 fnt\n|-unboost|p2a: Chi-Yu|spe|1\n|faint|p2b: Tatsugiri\n|move|p1a: Koraidon|Close Combat|p2a: Chi-Yu\n|-supereffective|p2a: Chi-Yu\n|-damage|p2a: Chi-Yu|0 fnt\n|-unboost|p1a: Koraidon|def|1\n|-unboost|p1a: Koraidon|spd|1\n|faint|p2a: Chi-Yu\n|-damage|p1a: Koraidon|0 fnt|[from] item: Life Orb\n|faint|p1a: Koraidon\n|\n|win|CostaYo\n|raw|CostaYo's rating: 1310 &rarr; <strong>1331</strong><br />(+21 for winning)\n|raw|bvg2's rating: 1320 &rarr; <strong>1299</strong><br />(-21 for losing)\n|c|\u2606CostaYo|Ggs\n|l|\u203dbvg2\n|player|p2|\n", "uploadtime": 1745950958, "views": 12, "formatid": "gen9vgc2025regibo3", "rating": 1299, "private": 0, "password": null}