{"id": "gen9vgc2025regibo3-2354602996", "format": "[Gen 9] VGC 2025 Reg I (Bo3)", "players": ["Ytterby", "wibe guarb"], "log": "|j|\u2606Ytterby\n|j|\u2606wibe guarb\n|html|<table width=\"100%\"><tr><td align=\"left\">Ytterby</td><td align=\"right\">wibe guarb</tr><tr><td align=\"left\"><i class=\"fa fa-circle-o\"></i> <i class=\"fa fa-circle-o\"></i> </td><td align=\"right\"><i class=\"fa fa-circle-o\"></i> <i class=\"fa fa-circle\"></i> </tr></table>\n|uhtml|bestof|<h2><strong>Game 2</strong> of <a href=\"/game-bestof3-gen9vgc2025regibo3-2354598583\">a best-of-3</a></h2>\n|t:|1746101491\n|gametype|doubles\n|player|p1|Ytterby|brycenman|\n|player|p2|wibe guarb|ninjaboy|\n|teamsize|p1|6\n|teamsize|p2|6\n|gen|9\n|tier|[Gen 9] VGC 2025 Reg I (Bo3)\n|rule|Species Clause: Limit one of each Pok\u00e9mon\n|rule|Item Clause: Limit 1 of each item\n|clearpoke\n|poke|p1|Dragonite, L50, F|\n|poke|p1|Iron Valiant, L50|\n|poke|p1|Miraidon, L50|\n|poke|p1|Grimmsnarl, L50, M|\n|poke|p1|Giratina, L50|\n|poke|p1|Weezing, L50, F|\n|poke|p2|Basculegion, L50, M|\n|poke|p2|Kyogre, L50|\n|poke|p2|Weezing-Galar, L50, F|\n|poke|p2|Dialga-Origin, L50|\n|poke|p2|Wo-Chien, L50|\n|poke|p2|Indeedee-F, L50, F|\n|teampreview|4\n|showteam|p1|Dragonite||ChoiceBand|InnerFocus|ExtremeSpeed,BreakingSwipe,Outrage,StompingTantrum|||F|||50|,,,,,Normal]Iron Valiant||FocusSash|QuarkDrive|WideGuard,Coaching,Protect,SpiritBreak||||||50|,,,,,Ghost]Miraidon||AssaultVest|HadronEngine|ElectroDrift,ParabolicCharge,DracoMeteor,VoltSwitch||||||50|,,,,,Electric]Grimmsnarl||LightClay|Prankster|ScaryFace,SpiritBreak,LightScreen,Reflect|||M|||50|,,,,,Ghost]Giratina||Leftovers|Pressure|Protect,ShadowForce,ShadowSneak,WillOWisp||||||50|,,,,,Fairy]Weezing||SitrusBerry|NeutralizingGas|Protect,Haze,SludgeBomb,Taunt|||F|||50|,,,,,Fire\n|showteam|p2|Basculegion||ChoiceBand|SwiftSwim|WaveCrash,LastRespects,FlipTurn,AquaJet|||M|||50|,,,,,Grass]Kyogre||AssaultVest|Drizzle|WaterSpout,HydroPump,IceBeam,Thunder||||||50|,,,,,Grass]Weezing-Galar||CovertCloak|NeutralizingGas|StrangeSteam,WillOWisp,Taunt,Protect|||F|||50|,,,,,Grass]Dialga-Origin||AdamantCrystal|Pressure|DragonPulse,FlashCannon,TrickRoom,Protect||||||50|,,,,,Bug]Wo-Chien||Leftovers|TabletsofRuin|KnockOff,PollenPuff,LeechSeed,Protect||||||50|,,,,,Poison]Indeedee-F||SafetyGoggles|PsychicSurge|FollowMe,TrickRoom,HealPulse,Psychic|||F|||50|,,,,,Dragon\n|\n|t:|1746101584\n|start\n|switch|p1a: Tangle|Grimmsnarl, L50, M, shiny|100/100\n|switch|p1b: Uranus|Iron Valiant, L50|100/100\n|switch|p2a: Weezing|Weezing-Galar, L50, F|100/100\n|switch|p2b: Dialga|Dialga-Origin, L50|100/100\n|-ability|p2a: Weezing|Neutralizing Gas\n|turn|1\n|\n|t:|1746101676\n|move|p1b: Uranus|Spirit Break|p2b: Dialga\n|-crit|p2b: Dialga\n|-damage|p2b: Dialga|58/100\n|-unboost|p2b: Dialga|spa|1\n|move|p2a: Weezing|Will-O-Wisp|p1a: Tangle\n|-status|p1a: Tangle|brn\n|move|p1a: Tangle|Spirit Break|p2b: Dialga\n|-damage|p2b: Dialga|47/100\n|-unboost|p2b: Dialga|spa|1\n|move|p2b: Dialga|Trick Room|p2b: Dialga\n|-fieldstart|move: Trick Room|[of] p2b: Dialga\n|\n|-damage|p1a: Tangle|95/100 brn|[from] brn\n|upkeep\n|turn|2\n|\n|t:|1746101707\n|-end|p2a: Weezing|ability: Neutralizing Gas\n|-ability|p2b: Dialga|Pressure\n|switch|p2a: Wo-Chien|Wo-Chien, L50|100/100\n|-ability|p2a: Wo-Chien|Tablets of Ruin\n|move|p1b: Uranus|Protect|p1b: Uranus\n|-singleturn|p1b: Uranus|Protect\n|move|p1a: Tangle|Light Screen|p1a: Tangle\n|-sidestart|p1: Ytterby|move: Light Screen\n|move|p2b: Dialga|Flash Cannon|p1b: Uranus\n|-activate|p1b: Uranus|move: Protect\n|\n|-damage|p1a: Tangle|89/100 brn|[from] brn\n|upkeep\n|turn|3\n|\n|t:|1746101752\n|-end|p1b: Uranus|Quark Drive|[silent]\n|switch|p1b: Dragon Booster|Miraidon, L50|100/100\n|-fieldstart|move: Electric Terrain|[from] ability: Hadron Engine|[of] p1b: Dragon Booster\n|move|p1a: Tangle|Scary Face|p1b: Dragon Booster\n|-unboost|p1b: Dragon Booster|spe|2\n|move|p2a: Wo-Chien|Pollen Puff|p2b: Dialga\n|-heal|p2b: Dialga|97/100\n|move|p2b: Dialga|Flash Cannon|p1a: Tangle\n|-supereffective|p1a: Tangle\n|-damage|p1a: Tangle|56/100 brn\n|\n|-damage|p1a: Tangle|50/100 brn|[from] brn\n|upkeep\n|turn|4\n|\n|t:|1746101893\n|switch|p2b: Indeedee|Indeedee-F, L50, F|100/100\n|-fieldstart|move: Psychic Terrain|[from] ability: Psychic Surge|[of] p2b: Indeedee\n|move|p1a: Tangle|Scary Face|p1b: Dragon Booster\n|-unboost|p1b: Dragon Booster|spe|2\n|move|p1b: Dragon Booster|Volt Switch|p2b: Indeedee\n|-damage|p2b: Indeedee|73/100\n|\n|t:|1746101956\n|switch|p1b: OG|Dragonite, L50, F|100/100|[from] Volt Switch\n|move|p2a: Wo-Chien|Knock Off|p1b: OG\n|-damage|p1b: OG|73/100\n|-enditem|p1b: OG|Choice Band|[from] move: Knock Off|[of] p2a: Wo-Chien\n|\n|-damage|p1a: Tangle|45/100 brn|[from] brn\n|upkeep\n|turn|5\n|\n|t:|1746102012\n|switch|p1a: Uranus|Iron Valiant, L50|100/100\n|switch|p2a: Dialga|Dialga-Origin, L50|97/100\n|-ability|p2a: Dialga|Pressure\n|switch|p2b: Weezing|Weezing-Galar, L50, F|100/100\n|-ability|p2b: Weezing|Neutralizing Gas\n|move|p1b: OG|Outrage|p2b: Weezing\n|-immune|p2b: Weezing\n|\n|-fieldend|move: Trick Room\n|upkeep\n|turn|6\n|\n|t:|1746102081\n|-terastallize|p1b: OG|Normal\n|move|p1a: Uranus|Coaching|p1b: OG\n|-boost|p1b: OG|atk|1\n|-boost|p1b: OG|def|1\n|move|p1b: OG|Stomping Tantrum|p2b: Weezing\n|-supereffective|p2b: Weezing\n|-damage|p2b: Weezing|0 fnt\n|faint|p2b: Weezing\n|-end|p2b: Weezing|ability: Neutralizing Gas\n|-ability|p2a: Dialga|Pressure\n|move|p2a: Dialga|Trick Room|p2a: Dialga\n|-fieldstart|move: Trick Room|[of] p2a: Dialga\n|\n|upkeep\n|\n|t:|1746102094\n|switch|p2b: Wo-Chien|Wo-Chien, L50|100/100\n|-ability|p2b: Wo-Chien|Tablets of Ruin\n|turn|7\n|\n|t:|1746102160\n|-end|p1a: Uranus|Quark Drive|[silent]\n|switch|p1a: Tangle|Grimmsnarl, L50, M, shiny|45/100 brn\n|move|p2b: Wo-Chien|Leech Seed|p1b: OG\n|-start|p1b: OG|move: Leech Seed\n|move|p2a: Dialga|Dragon Pulse|p1b: OG\n|-damage|p1b: OG|36/100\n|move|p1b: OG|Stomping Tantrum|p2a: Dialga\n|-supereffective|p2a: Dialga\n|-damage|p2a: Dialga|49/100\n|\n|-damage|p1b: OG|23/100|[from] Leech Seed|[of] p2b: Wo-Chien\n|-damage|p1a: Tangle|39/100 brn|[from] brn\n|upkeep\n|turn|8\n|\n|t:|1746102184\n|move|p1a: Tangle|Scary Face|p1b: OG\n|-unboost|p1b: OG|spe|2\n|move|p1b: OG|Stomping Tantrum|p2a: Dialga\n|-supereffective|p2a: Dialga\n|-damage|p2a: Dialga|0 fnt\n|faint|p2a: Dialga\n|move|p2b: Wo-Chien|Pollen Puff|p2: Dialga|[notarget]\n|-fail|p2b: Wo-Chien\n|\n|-damage|p1b: OG|11/100|[from] Leech Seed|[of] p2b: Wo-Chien\n|-damage|p1a: Tangle|33/100 brn|[from] brn\n|-fieldend|move: Psychic Terrain\n|upkeep\n|\n|t:|1746102189\n|switch|p2a: Indeedee|Indeedee-F, L50, F|73/100\n|-fieldstart|move: Psychic Terrain|[from] ability: Psychic Surge|[of] p2a: Indeedee\n|turn|9\n|\n|t:|1746102233\n|move|p1b: OG|Outrage|p2b: Wo-Chien\n|-damage|p2b: Wo-Chien|33/100\n|move|p1a: Tangle|Spirit Break|p2b: Wo-Chien\n|-supereffective|p2b: Wo-Chien\n|-crit|p2b: Wo-Chien\n|-damage|p2b: Wo-Chien|0 fnt\n|faint|p2b: Wo-Chien\n|move|p2a: Indeedee|Psychic|p1b: OG\n|-damage|p1b: OG|0 fnt\n|faint|p1b: OG\n|\n|-damage|p1a: Tangle|27/100 brn|[from] brn\n|-sideend|p1: Ytterby|move: Light Screen\n|upkeep\n|\n|t:|1746102245\n|switch|p1b: Dragon Booster|Miraidon, L50|100/100\n|-fieldstart|move: Electric Terrain|[from] ability: Hadron Engine|[of] p1b: Dragon Booster\n|turn|10\n|\n|t:|1746102252\n|-terastallize|p2a: Indeedee|Dragon\n|move|p1a: Tangle|Light Screen|p1a: Tangle\n|-sidestart|p1: Ytterby|move: Light Screen\n|move|p1b: Dragon Booster|Electro Drift|p2a: Indeedee\n|-resisted|p2a: Indeedee\n|-damage|p2a: Indeedee|36/100\n|move|p2a: Indeedee|Trick Room|p2a: Indeedee\n|-fieldend|move: Trick Room\n|\n|-damage|p1a: Tangle|21/100 brn|[from] brn\n|upkeep\n|turn|11\n|\n|t:|1746102266\n|move|p1b: Dragon Booster|Parabolic Charge|p2a: Indeedee|[spread] p1a,p2a\n|-resisted|p2a: Indeedee\n|-damage|p1a: Tangle|0 fnt\n|-damage|p2a: Indeedee|19/100\n|faint|p1a: Tangle\n|move|p2a: Indeedee|Psychic|p1b: Dragon Booster\n|-damage|p1b: Dragon Booster|89/100\n|\n|upkeep\n|\n|t:|1746102273\n|switch|p1a: Uranus|Iron Valiant, L50|100/100\n|-activate|p1a: Uranus|ability: Quark Drive\n|-start|p1a: Uranus|quarkdrivespe\n|turn|12\n|\n|t:|1746102276\n|move|p1a: Uranus|Spirit Break|p2a: Indeedee\n|-supereffective|p2a: Indeedee\n|-damage|p2a: Indeedee|0 fnt\n|faint|p2a: Indeedee\n|\n|win|Ytterby\n||Ytterby is ready for game 3.\n||wibe guarb is ready for game 3.\n|uhtml|next|Next: <a href=\"/battle-gen9vgc2025regibo3-2354608771\"><strong>Game 3 of 3</strong></a>\n", "uploadtime": 1746102282, "views": 7, "formatid": "gen9vgc2025regibo3", "rating": null, "private": 0, "password": null}