{"id": "gen9vgc2025regibo3-2354210212", "format": "[Gen 9] VGC 2025 Reg I (Bo3)", "players": ["BIGSCEPTILEFAN", "gamedueller"], "log": "|j|\u2606BIGSCEPTILEFAN\n|j|\u2606gamedueller\n|html|<table width=\"100%\"><tr><td align=\"left\">BIGSCEPTILEFAN</td><td align=\"right\">gamedueller</tr><tr><td align=\"left\"><i class=\"fa fa-circle\"></i> <i class=\"fa fa-circle-o\"></i> </td><td align=\"right\"><i class=\"fa fa-circle-o\"></i> <i class=\"fa fa-circle\"></i> </tr></table>\n|uhtml|bestof|<h2><strong>Game 3</strong> of <a href=\"/game-bestof3-gen9vgc2025regibo3-2354206157\">a best-of-3</a></h2>\n|t:|1746044963\n|gametype|doubles\n|player|p1|BIGSCEPTILEFAN|266|1000\n|player|p2|gamedueller|lucas|1000\n|teamsize|p1|6\n|teamsize|p2|6\n|gen|9\n|tier|[Gen 9] VGC 2025 Reg I (Bo3)\n|rated|\n|rule|Species Clause: Limit one of each Pok\u00e9mon\n|rule|Item Clause: Limit 1 of each item\n|clearpoke\n|poke|p1|Sceptile, L50, M|\n|poke|p1|Zacian-*, L50|\n|poke|p1|Miraidon, L50|\n|poke|p1|Tornadus, L50, M|\n|poke|p1|Incineroar, L50, F|\n|poke|p1|Ogerpon-Wellspring, L50, F|\n|poke|p2|Calyrex-Shadow, L50|\n|poke|p2|Zacian-*, L50|\n|poke|p2|Tornadus, L50, M|\n|poke|p2|Iron Moth, L50|\n|poke|p2|Meowscarada, L50, M|\n|poke|p2|Krookodile, L50, M|\n|teampreview|4\n|showteam|p1|Sceptile||ElectricSeed|Unburden|ShedTail,LeafStorm,RockTomb,Protect|||M|||50|,,,,,Ghost]Zacian-Crowned||RustedSword|IntrepidSword|behemothblade,PlayRough,Protect,SwordsDance||||||50|,,,,,Steel]Miraidon||LifeOrb|HadronEngine|DracoMeteor,ElectroDrift,Protect,VoltSwitch||||||50|,,,,,Electric]Tornadus||CovertCloak|Prankster|Tailwind,Taunt,BleakwindStorm,Protect|||M|||50|,,,,,Dark]Incineroar||SafetyGoggles|Intimidate|FakeOut,FlareBlitz,PartingShot,KnockOff|||F|||50|,,,,,Grass]Ogerpon-Wellspring||WellspringMask|WaterAbsorb|FollowMe,SpikyShield,IvyCudgel,HornLeech|||F|||50|,,,,,Water\n|showteam|p2|Calyrex-Shadow||ClearAmulet|AsOneSpectrier|AstralBarrage,Psychic,DrainingKiss,PollenPuff||||||50|,,,,,Normal]Zacian-Crowned||RustedSword|IntrepidSword|behemothblade,PlayRough,PsychicFangs,SwordsDance||||||50|,,,,,Stellar]Tornadus||CovertCloak|Prankster|Tailwind,Taunt,BleakwindStorm,NastyPlot|||M|||50|,,,,,Flying]Iron Moth||BoosterEnergy|QuarkDrive|SludgeWave,HeatWave,EnergyBall,BugBuzz||||||50|,,,,,Grass]Meowscarada||AbilityShield|Protean|FlowerTrick,Uturn,BrickBreak,ThunderPunch|||M|||50|,,,,,Stellar]Krookodile||AssaultVest|AngerPoint|HighHorsepower,Outrage,Earthquake,KnockOff|||M|||50|,,,,,Fire\n|\n|t:|1746045005\n|start\n|switch|p1a: Sceptile|Sceptile, L50, M|100/100\n|switch|p1b: Miraidon|Miraidon, L50|100/100\n|switch|p2a: Tornadus|Tornadus, L50, M|100/100\n|switch|p2b: Zacian|Zacian-Crowned, L50|100/100\n|-ability|p2b: Zacian|Intrepid Sword|boost\n|-boost|p2b: Zacian|atk|1\n|-fieldstart|move: Electric Terrain|[from] ability: Hadron Engine|[of] p1b: Miraidon\n|-enditem|p1a: Sceptile|Electric Seed\n|-boost|p1a: Sceptile|def|1|[from] item: Electric Seed\n|turn|1\n|\n|t:|1746045032\n|move|p2a: Tornadus|Tailwind|p2a: Tornadus\n|-sidestart|p2: gamedueller|move: Tailwind\n|move|p2b: Zacian|Behemoth Blade|p1a: Sceptile\n|-damage|p1a: Sceptile|12/100\n|move|p1a: Sceptile|Shed Tail|p1a: Sceptile\n|-fail|p1a: Sceptile|move: Shed Tail|[weak]\n|move|p1b: Miraidon|Electro Drift|p2b: Zacian\n|-damage|p2b: Zacian|0 fnt\n|faint|p2b: Zacian\n|-damage|p1b: Miraidon|91/100|[from] item: Life Orb\n|\n|upkeep\n|\n|t:|1746045046\n|switch|p2b: Iron Moth|Iron Moth, L50|100/100\n|-activate|p2b: Iron Moth|ability: Quark Drive\n|-start|p2b: Iron Moth|quarkdrivespa\n|turn|2\n|\n|t:|1746045071\n|-terastallize|p2b: Iron Moth|Grass\n|move|p1a: Sceptile|Protect|p1a: Sceptile\n|-singleturn|p1a: Sceptile|Protect\n|move|p1b: Miraidon|Protect|p1b: Miraidon\n|-singleturn|p1b: Miraidon|Protect\n|move|p2b: Iron Moth|Heat Wave|p1a: Sceptile|[spread] \n|-activate|p1a: Sceptile|move: Protect\n|-activate|p1b: Miraidon|move: Protect\n|move|p2a: Tornadus|Bleakwind Storm|p1a: Sceptile|[spread] \n|-activate|p1a: Sceptile|move: Protect\n|-activate|p1b: Miraidon|move: Protect\n|\n|upkeep\n|turn|3\n|\n|t:|1746045111\n|move|p1a: Sceptile|Rock Tomb|p2a: Tornadus\n|-supereffective|p2a: Tornadus\n|-damage|p2a: Tornadus|71/100\n|move|p2b: Iron Moth|Sludge Wave|p1b: Miraidon|[spread] p2a,p1a,p1b\n|-supereffective|p1a: Sceptile\n|-damage|p2a: Tornadus|1/100\n|-damage|p1a: Sceptile|0 fnt\n|-damage|p1b: Miraidon|44/100\n|faint|p1a: Sceptile\n|move|p2a: Tornadus|Bleakwind Storm|p1b: Miraidon\n|-resisted|p1b: Miraidon\n|-damage|p1b: Miraidon|22/100\n|move|p1b: Miraidon|Volt Switch|p2a: Tornadus\n|-supereffective|p2a: Tornadus\n|-damage|p2a: Tornadus|0 fnt\n|faint|p2a: Tornadus\n|-damage|p1b: Miraidon|12/100|[from] item: Life Orb\n|\n|t:|1746045128\n|switch|p1b: Zacian|Zacian-Crowned, L50|100/100|[from] Volt Switch\n|-ability|p1b: Zacian|Intrepid Sword|boost\n|-boost|p1b: Zacian|atk|1\n|\n|upkeep\n|\n|t:|1746045135\n|switch|p1a: Ogerpon|Ogerpon-Wellspring, L50, F|100/100\n|switch|p2a: Calyrex|Calyrex-Shadow, L50|100/100\n|-ability|p2a: Calyrex|As One\n|-ability|p2a: Calyrex|Unnerve\n|turn|4\n|\n|t:|1746045164\n|move|p1b: Zacian|Protect|p1b: Zacian\n|-singleturn|p1b: Zacian|Protect\n|move|p1a: Ogerpon|Spiky Shield|p1a: Ogerpon\n|-singleturn|p1a: Ogerpon|move: Protect\n|move|p2a: Calyrex|Astral Barrage|p1b: Zacian|[spread] \n|-activate|p1a: Ogerpon|move: Protect\n|-activate|p1b: Zacian|move: Protect\n|move|p2b: Iron Moth|Bug Buzz|p1a: Ogerpon\n|-activate|p1a: Ogerpon|move: Protect\n|\n|-sideend|p2: gamedueller|move: Tailwind\n|upkeep\n|turn|5\n|\n|t:|1746045215\n|move|p1b: Zacian|Behemoth Blade|p2a: Calyrex\n|-damage|p2a: Calyrex|0 fnt\n|faint|p2a: Calyrex\n|move|p2b: Iron Moth|Bug Buzz|p1a: Ogerpon\n|-supereffective|p1a: Ogerpon\n|-damage|p1a: Ogerpon|15/100\n|move|p1a: Ogerpon|Ivy Cudgel|p2b: Iron Moth|[anim] Ivy Cudgel Water\n|-resisted|p2b: Iron Moth\n|-damage|p2b: Iron Moth|58/100\n|\n|-fieldend|move: Electric Terrain\n|-end|p2b: Iron Moth|Quark Drive\n|upkeep\n|-enditem|p2b: Iron Moth|Booster Energy\n|-activate|p2b: Iron Moth|ability: Quark Drive|[fromitem]\n|-start|p2b: Iron Moth|quarkdrivespa\n|turn|6\n|\n|t:|1746045236\n|move|p1a: Ogerpon|Follow Me|p1a: Ogerpon\n|-singleturn|p1a: Ogerpon|move: Follow Me\n|move|p1b: Zacian|Behemoth Blade|p2b: Iron Moth\n|-damage|p2b: Iron Moth|0 fnt\n|faint|p2b: Iron Moth\n|-end|p2b: Iron Moth|Quark Drive|[silent]\n|\n|win|BIGSCEPTILEFAN\n|raw|BIGSCEPTILEFAN's rating: 1000 &rarr; <strong>1040</strong><br />(+40 for winning)\n|raw|gamedueller's rating: 1000 &rarr; <strong>1000</strong><br />(+0 for losing)\n|l|\u2606gamedueller\n|player|p2|\n|c|\u2606BIGSCEPTILEFAN|Gg\n|l|\u2606BIGSCEPTILEFAN\n|player|p1|\n|j|\u2606BIGSCEPTILEFAN\n|player|p1|BIGSCEPTILEFAN|266|\n", "uploadtime": 1746045448, "views": 16, "formatid": "gen9vgc2025regibo3", "rating": 1000, "private": 0, "password": null}