{"id": "gen9vgc2025regibo3-2353969085", "format": "[Gen 9] VGC 2025 Reg I (Bo3)", "players": ["mikumikumikubeam", "DrJargo"], "log": "|j|\u2606mikumikumikubeam\n|j|\u2606DrJargo\n|html|<table width=\"100%\"><tr><td align=\"left\">mikumikumikubeam</td><td align=\"right\">DrJargo</tr><tr><td align=\"left\"><i class=\"fa fa-circle-o\"></i> <i class=\"fa fa-circle-o\"></i> </td><td align=\"right\"><i class=\"fa fa-circle-o\"></i> <i class=\"fa fa-circle-o\"></i> </tr></table>\n|uhtml|bestof|<h2><strong>Game 1</strong> of <a href=\"/game-bestof3-gen9vgc2025regibo3-2353969084\">a best-of-3</a></h2>\n|t:|1746023593\n|gametype|doubles\n|player|p1|mikumikumikubeam|170|1256\n|player|p2|DrJargo|265|1181\n|teamsize|p1|6\n|teamsize|p2|6\n|gen|9\n|tier|[Gen 9] VGC 2025 Reg I (Bo3)\n|rated|\n|rule|Species Clause: Limit one of each Pok\u00e9mon\n|rule|Item Clause: Limit 1 of each item\n|clearpoke\n|poke|p1|Miraidon, L50|\n|poke|p1|Lunala, L50|\n|poke|p1|Chi-Yu, L50|\n|poke|p1|Grimmsnarl, L50, M|\n|poke|p1|Ursaluna, L50, M|\n|poke|p1|Iron Hands, L50|\n|poke|p2|Miraidon, L50|\n|poke|p2|Chi-Yu, L50|\n|poke|p2|Koraidon, L50|\n|poke|p2|Whimsicott, L50, F|\n|poke|p2|Flutter Mane, L50|\n|poke|p2|Farigiraf, L50, M|\n|teampreview|4\n|showteam|p1|Miraidon||ChoiceSpecs|HadronEngine|ElectroDrift,DracoMeteor,VoltSwitch,DazzlingGleam||||||50|,,,,,Fairy]Lunala||ElectricSeed|ShadowShield|MoongeistBeam,Moonblast,WideGuard,TrickRoom||||||50|,,,,,Fairy]Chi-Yu||ChoiceScarf|BeadsofRuin|HeatWave,Snarl,Overheat,DarkPulse||||||50|,,,,,Ghost]Grimmsnarl||LightClay|Prankster|SpiritBreak,Reflect,LightScreen,ThunderWave|||M|||50|,,,,,Ghost]Ursaluna||FlameOrb|Guts|Facade,HeadlongRush,Substitute,Protect|||M|||50|,,,,,Poison]Iron Hands||AssaultVest|QuarkDrive|WildCharge,DrainPunch,LowKick,FakeOut||||||50|,,,,,Fire\n|showteam|p2|Miraidon||ChoiceSpecs|HadronEngine|DazzlingGleam,VoltSwitch,DracoMeteor,ElectroDrift||||||50|,,,,,Fairy]Chi-Yu||ChoiceScarf|BeadsofRuin|HeatWave,Snarl,FireBlast,Psychic||||||50|,,,,,Ghost]Koraidon||ClearAmulet|OrichalcumPulse|CollisionCourse,SwordsDance,FlareBlitz,Protect||||||50|,,,,,Fire]Whimsicott||CovertCloak|Prankster|Moonblast,Tailwind,Encore,FakeTears|||F|||50|,,,,,Fire]Flutter Mane||FocusSash|Protosynthesis|Moonblast,DazzlingGleam,ShadowBall,Protect||||||50|,,,,,Water]Farigiraf||MentalHerb|ArmorTail|Imprison,TrickRoom,Protect,ExpandingForce|||M|||50|,,,,,Water\n|inactive|Battle timer is ON: inactive players will automatically lose when time's up. (requested by DrJargo)\n|\n|t:|1746023619\n|start\n|switch|p1a: Iron Hands|Iron Hands, L50|100/100\n|switch|p1b: Chi-Yu|Chi-Yu, L50|100/100\n|switch|p2a: Miraidon|Miraidon, L50|100/100\n|switch|p2b: Farigiraf|Farigiraf, L50, M|100/100\n|-ability|p1b: Chi-Yu|Beads of Ruin\n|-fieldstart|move: Electric Terrain|[from] ability: Hadron Engine|[of] p2a: Miraidon\n|-activate|p1a: Iron Hands|ability: Quark Drive\n|-start|p1a: Iron Hands|quarkdriveatk\n|turn|1\n|\n|t:|1746023639\n|move|p2b: Farigiraf|Protect|p2b: Farigiraf\n|-singleturn|p2b: Farigiraf|Protect\n|move|p1b: Chi-Yu|Snarl|p2b: Farigiraf|[spread] p2a\n|-activate|p2b: Farigiraf|move: Protect\n|-damage|p2a: Miraidon|76/100\n|-unboost|p2a: Miraidon|spa|1\n|move|p2a: Miraidon|Volt Switch|p1b: Chi-Yu\n|-damage|p1b: Chi-Yu|31/100\n|\n|t:|1746023648\n|switch|p2a: Koraidon|Koraidon, L50|100/100|[from] Volt Switch\n|-weather|SunnyDay|[from] ability: Orichalcum Pulse|[of] p2a: Koraidon\n|-activate|p2a: Koraidon|Orichalcum Pulse|[source]\n|move|p1a: Iron Hands|Drain Punch|p2b: Farigiraf\n|-activate|p2b: Farigiraf|move: Protect\n|\n|-weather|SunnyDay|[upkeep]\n|upkeep\n|turn|2\n|\n|t:|1746023666\n|switch|p2b: Miraidon|Miraidon, L50|76/100\n|-activate|p2b: Miraidon|ability: Hadron Engine\n|-terastallize|p1a: Iron Hands|Fire\n|move|p1b: Chi-Yu|Snarl|p2a: Koraidon|[spread] p2a,p2b\n|-resisted|p2a: Koraidon\n|-damage|p2a: Koraidon|84/100\n|-damage|p2b: Miraidon|52/100\n|-unboost|p2b: Miraidon|spa|1\n|move|p2a: Koraidon|Flare Blitz|p1b: Chi-Yu\n|-resisted|p1b: Chi-Yu\n|-damage|p1b: Chi-Yu|0 fnt\n|faint|p1b: Chi-Yu\n|-damage|p2a: Koraidon|76/100|[from] Recoil\n|move|p1a: Iron Hands|Low Kick|p2a: Koraidon\n|-damage|p2a: Koraidon|0 fnt\n|faint|p2a: Koraidon\n|\n|-weather|SunnyDay|[upkeep]\n|upkeep\n|\n|t:|1746023686\n|switch|p2a: Flutter Mane|Flutter Mane, L50|100/100\n|switch|p1b: Lunala|Lunala, L50, shiny|100/100\n|-enditem|p1b: Lunala|Electric Seed\n|-boost|p1b: Lunala|def|1|[from] item: Electric Seed\n|-activate|p2a: Flutter Mane|ability: Protosynthesis\n|-start|p2a: Flutter Mane|protosynthesisspe\n|turn|3\n|\n|t:|1746023705\n|-end|p1a: Iron Hands|Quark Drive|[silent]\n|switch|p1a: Ursaluna|Ursaluna, L50, M, shiny|100/100\n|move|p2a: Flutter Mane|Shadow Ball|p1b: Lunala\n|-supereffective|p1b: Lunala\n|-damage|p1b: Lunala|50/100\n|move|p2b: Miraidon|Volt Switch|p1a: Ursaluna\n|-immune|p1a: Ursaluna\n|move|p1b: Lunala|Trick Room|p1b: Lunala\n|-fieldstart|move: Trick Room|[of] p1b: Lunala\n|\n|-weather|SunnyDay|[upkeep]\n|-status|p1a: Ursaluna|brn|[from] item: Flame Orb\n|upkeep\n|turn|4\n|\n|t:|1746023727\n|move|p2a: Flutter Mane|Protect|p2a: Flutter Mane\n|-singleturn|p2a: Flutter Mane|Protect\n|move|p1a: Ursaluna|Substitute|p1a: Ursaluna\n|-start|p1a: Ursaluna|Substitute\n|-damage|p1a: Ursaluna|76/100 brn\n|move|p1b: Lunala|Moongeist Beam|p2a: Flutter Mane\n|-activate|p2a: Flutter Mane|move: Protect\n|move|p2b: Miraidon|Volt Switch|p1b: Lunala\n|-damage|p1b: Lunala|10/100\n|\n|t:|1746023737\n|switch|p2b: Farigiraf|Farigiraf, L50, M|100/100|[from] Volt Switch\n|\n|-weather|SunnyDay|[upkeep]\n|-damage|p1a: Ursaluna|70/100 brn|[from] brn\n|upkeep\n|turn|5\n|\n|t:|1746023750\n|-end|p2a: Flutter Mane|Protosynthesis|[silent]\n|switch|p2a: Miraidon|Miraidon, L50|52/100\n|-activate|p2a: Miraidon|ability: Hadron Engine\n|move|p1a: Ursaluna|Headlong Rush|p2a: Miraidon\n|-supereffective|p2a: Miraidon\n|-damage|p2a: Miraidon|0 fnt\n|-unboost|p1a: Ursaluna|def|1\n|-unboost|p1a: Ursaluna|spd|1\n|faint|p2a: Miraidon\n|move|p1b: Lunala|Moonblast|p2b: Farigiraf\n|-damage|p2b: Farigiraf|65/100\n|move|p2b: Farigiraf|Trick Room|p2b: Farigiraf\n|-fieldend|move: Trick Room\n|\n|-weather|none\n|-damage|p1a: Ursaluna|64/100 brn|[from] brn\n|-fieldend|move: Electric Terrain\n|upkeep\n|\n|t:|1746023758\n|switch|p2a: Flutter Mane|Flutter Mane, L50|100/100\n|turn|6\n|\n|t:|1746023770\n|move|p1b: Lunala|Wide Guard|p1b: Lunala\n|-singleturn|p1b: Lunala|Wide Guard\n|move|p2a: Flutter Mane|Shadow Ball|p1b: Lunala\n|-supereffective|p1b: Lunala\n|-damage|p1b: Lunala|0 fnt\n|faint|p1b: Lunala\n|move|p2b: Farigiraf|Expanding Force|p1a: Ursaluna\n|-crit|p1a: Ursaluna\n|-end|p1a: Ursaluna|Substitute\n|move|p1a: Ursaluna|Facade|p2b: Farigiraf\n|-damage|p2b: Farigiraf|0 fnt\n|faint|p2b: Farigiraf\n|\n|-damage|p1a: Ursaluna|58/100 brn|[from] brn\n|upkeep\n|\n|t:|1746023780\n|switch|p1b: Iron Hands|Iron Hands, L50, tera:Fire|100/100\n|turn|7\n|\n|t:|1746023793\n|move|p2a: Flutter Mane|Moonblast|p1a: Ursaluna\n|-damage|p1a: Ursaluna|0 fnt\n|faint|p1a: Ursaluna\n|move|p1b: Iron Hands|Wild Charge|p2a: Flutter Mane\n|-damage|p2a: Flutter Mane|13/100\n|-damage|p1b: Iron Hands|87/100|[from] Recoil\n|\n|upkeep\n|turn|8\n|\n|t:|1746023801\n|move|p2a: Flutter Mane|Shadow Ball|p1b: Iron Hands\n|-damage|p1b: Iron Hands|65/100\n|-unboost|p1b: Iron Hands|spd|1\n|move|p1b: Iron Hands|Wild Charge|p2a: Flutter Mane\n|-damage|p2a: Flutter Mane|0 fnt\n|faint|p2a: Flutter Mane\n|-end|p2a: Flutter Mane|Protosynthesis|[silent]\n|-damage|p1b: Iron Hands|63/100|[from] Recoil\n|\n|win|mikumikumikubeam\n||DrJargo is ready for game 2.\n||mikumikumikubeam is ready for game 2.\n|uhtml|next|Next: <a href=\"/battle-gen9vgc2025regibo3-2353971450\"><strong>Game 2 of 3</strong></a>\n|l|\u2606DrJargo\n|player|p2|\n", "uploadtime": 1746024112, "views": 24, "formatid": "gen9vgc2025regibo3", "rating": null, "private": 0, "password": null}