{"id": "gen9vgc2025regibo3-2354751805", "format": "[Gen 9] VGC 2025 Reg I (Bo3)", "players": ["maddokyoma", "verymanyducks"], "log": "|j|\u2606maddokyoma\n|j|\u2606verymanyducks\n|html|<table width=\"100%\"><tr><td align=\"left\">maddokyoma</td><td align=\"right\">verymanyducks</tr><tr><td align=\"left\"><i class=\"fa fa-circle\"></i> <i class=\"fa fa-circle-o\"></i> </td><td align=\"right\"><i class=\"fa fa-circle-o\"></i> <i class=\"fa fa-circle\"></i> </tr></table>\n|uhtml|bestof|<h2><strong>Game 3</strong> of <a href=\"/game-bestof3-gen9vgc2025regibo3-2354744730\">a best-of-3</a></h2>\n|t:|1746116612\n|gametype|doubles\n|player|p1|maddokyoma|volo|1193\n|player|p2|verymanyducks|steven|1089\n|teamsize|p1|6\n|teamsize|p2|6\n|gen|9\n|tier|[Gen 9] VGC 2025 Reg I (Bo3)\n|rated|\n|rule|Species Clause: Limit one of each Pok\u00e9mon\n|rule|Item Clause: Limit 1 of each item\n|clearpoke\n|poke|p1|Miraidon, L50|\n|poke|p1|Iron Hands, L50|\n|poke|p1|Pelipper, L50, F|\n|poke|p1|Ogerpon-Wellspring, L50, F|\n|poke|p1|Farigiraf, L50, M|\n|poke|p1|Calyrex-Ice, L50|\n|poke|p2|Lunala, L50|\n|poke|p2|Koraidon, L50|\n|poke|p2|Ogerpon-Cornerstone, L50, F|\n|poke|p2|Flutter Mane, L50|\n|poke|p2|Indeedee-F, L50, F|\n|poke|p2|Chi-Yu, L50|\n|teampreview|4\n|showteam|p1|Miraidon||LifeOrb|HadronEngine|Protect,DracoMeteor,ElectroDrift,VoltSwitch||||||50|,,,,,Electric]Iron Hands||ElectricSeed|QuarkDrive|Protect,SwordsDance,DrainPunch,ThunderPunch||||||50|,,,,,Grass]Pelipper||FocusSash|Drizzle|Tailwind,WideGuard,WeatherBall,Hurricane|||F|||50|,,,,,Ground]Ogerpon-Wellspring||WellspringMask|WaterAbsorb|FollowMe,SwordsDance,IvyCudgel,SpikyShield|||F|||50|,,,,,Water]Farigiraf||RockyHelmet|ArmorTail|DazzlingGleam,Protect,HelpingHand,TrickRoom|||M|||50|,,,,,Fairy]Calyrex-Ice||ClearAmulet|AsOneGlastrier|GlacialLance,HighHorsepower,TrickRoom,Protect||||||50|,,,,,Normal\n|showteam|p2|Lunala||PowerHerb|ShadowShield|Protect,MoongeistBeam,ExpandingForce,MeteorBeam||||||50|,,,,,Water]Koraidon||LifeOrb|OrichalcumPulse|Protect,CloseCombat,FlameCharge,FlareBlitz||||||50|,,,,,Fire]Ogerpon-Cornerstone||CornerstoneMask|Sturdy|SpikyShield,IvyCudgel,FollowMe,PowerWhip|||F|||50|,,,,,Rock]Flutter Mane||FocusSash|Protosynthesis|Protect,Moonblast,IcyWind,ShadowBall||||||50|,,,,,Normal]Indeedee-F||RockyHelmet|PsychicSurge|FollowMe,HelpingHand,ShadowBall,TrickRoom|||F|||50|,,,,,Water]Chi-Yu||ChoiceScarf|BeadsofRuin|HeatWave,Snarl,Overheat,DarkPulse||||||50|,,,,,Fire\n|inactive|Battle timer is ON: inactive players will automatically lose when time's up. (requested by maddokyoma)\n|inactive|maddokyoma has 60 seconds left.\n|inactive|maddokyoma has 30 seconds left.\n|inactive|maddokyoma has 20 seconds left.\n|\n|t:|1746116686\n|start\n|switch|p1a: Miraidon|Miraidon, L50|100/100\n|switch|p1b: Calyrex|Calyrex-Ice, L50|100/100\n|switch|p2a: Lunala|Lunala, L50|100/100\n|switch|p2b: Ogerpon|Ogerpon-Cornerstone, L50, F|100/100\n|-ability|p1b: Calyrex|As One\n|-ability|p1b: Calyrex|Unnerve\n|-fieldstart|move: Electric Terrain|[from] ability: Hadron Engine|[of] p1a: Miraidon\n|turn|1\n|inactive|verymanyducks has 30 seconds left.\n|\n|t:|1746116713\n|-terastallize|p1b: Calyrex|Normal\n|move|p2a: Lunala|Protect|p2a: Lunala\n|-singleturn|p2a: Lunala|Protect\n|move|p1a: Miraidon|Volt Switch|p2b: Ogerpon\n|-resisted|p2b: Ogerpon\n|-damage|p2b: Ogerpon|53/100\n|-damage|p1a: Miraidon|91/100|[from] item: Life Orb\n|\n|t:|1746116722\n|switch|p1a: Pelipper|Pelipper, L50, F|100/100|[from] Volt Switch\n|-weather|RainDance|[from] ability: Drizzle|[of] p1a: Pelipper\n|move|p2b: Ogerpon|Ivy Cudgel|p1b: Calyrex|[anim] Ivy Cudgel Rock\n|-damage|p1b: Calyrex|63/100\n|move|p1b: Calyrex|Trick Room|p1b: Calyrex\n|-fieldstart|move: Trick Room|[of] p1b: Calyrex\n|\n|-weather|RainDance|[upkeep]\n|upkeep\n|turn|2\n|\n|t:|1746116747\n|switch|p2b: Indeedee|Indeedee-F, L50, F|100/100\n|-fieldstart|move: Psychic Terrain|[from] ability: Psychic Surge|[of] p2b: Indeedee\n|-terastallize|p2a: Lunala|Water\n|move|p1a: Pelipper|Wide Guard|p1a: Pelipper\n|-singleturn|p1a: Pelipper|Wide Guard\n|move|p1b: Calyrex|Glacial Lance|p2b: Indeedee|[spread] p2a,p2b\n|-resisted|p2a: Lunala\n|-damage|p2a: Lunala|87/100\n|-damage|p2b: Indeedee|47/100\n|move|p2a: Lunala|Expanding Force|p1a: Pelipper|[spread] \n|-activate|p1a: Pelipper|move: Wide Guard\n|-activate|p1b: Calyrex|move: Wide Guard\n|\n|-weather|RainDance|[upkeep]\n|upkeep\n|turn|3\n|inactive|maddokyoma has 30 seconds left.\n|inactive|verymanyducks has 30 seconds left.\n|\n|t:|1746116780\n|switch|p1a: Miraidon|Miraidon, L50|91/100\n|-fieldstart|move: Electric Terrain|[from] ability: Hadron Engine|[of] p1a: Miraidon\n|move|p1b: Calyrex|Glacial Lance|p2a: Lunala|[spread] p2a,p2b\n|-resisted|p2a: Lunala\n|-damage|p2a: Lunala|59/100\n|-damage|p2b: Indeedee|0 fnt\n|faint|p2b: Indeedee\n|-ability|p1b: Calyrex|Chilling Neigh|boost\n|-boost|p1b: Calyrex|atk|1\n|move|p2a: Lunala|Meteor Beam||[still]\n|-prepare|p2a: Lunala|Meteor Beam\n|-boost|p2a: Lunala|spa|1\n|-enditem|p2a: Lunala|Power Herb\n|-anim|p2a: Lunala|Meteor Beam|p1a: Miraidon\n|-damage|p1a: Miraidon|32/100\n|\n|-weather|RainDance|[upkeep]\n|upkeep\n|c|\u2606maddokyoma|why do you gate wideguard\n|c|\u2606maddokyoma|hate\n|\n|t:|1746116799\n|switch|p2b: Ogerpon|Ogerpon-Cornerstone, L50, F|53/100\n|turn|4\n|\n|t:|1746116821\n|switch|p1a: Pelipper|Pelipper, L50, F|100/100\n|move|p1b: Calyrex|Glacial Lance|p2b: Ogerpon|[spread] p2a,p2b\n|-resisted|p2a: Lunala\n|-supereffective|p2b: Ogerpon\n|-damage|p2a: Lunala|21/100\n|-damage|p2b: Ogerpon|0 fnt\n|faint|p2b: Ogerpon\n|-ability|p1b: Calyrex|Chilling Neigh|boost\n|-boost|p1b: Calyrex|atk|1\n|move|p2a: Lunala|Expanding Force|p1b: Calyrex\n|-damage|p1b: Calyrex|22/100\n|\n|-weather|RainDance|[upkeep]\n|upkeep\n|\n|t:|1746116835\n|switch|p2b: Koraidon|Koraidon, L50|100/100\n|-weather|SunnyDay|[from] ability: Orichalcum Pulse|[of] p2b: Koraidon\n|-activate|p2b: Koraidon|Orichalcum Pulse|[source]\n|turn|5\n|\n|t:|1746116846\n|move|p2a: Lunala|Protect|p2a: Lunala\n|-singleturn|p2a: Lunala|Protect\n|move|p2b: Koraidon|Protect|p2b: Koraidon\n|-singleturn|p2b: Koraidon|Protect\n|move|p1b: Calyrex|High Horsepower|p2a: Lunala\n|-activate|p2a: Lunala|move: Protect\n|move|p1a: Pelipper|Tailwind|p1a: Pelipper\n|-sidestart|p1: maddokyoma|move: Tailwind\n|\n|-weather|SunnyDay|[upkeep]\n|-fieldend|move: Trick Room\n|upkeep\n|turn|6\n|\n|t:|1746116871\n|switch|p1a: Miraidon|Miraidon, L50|32/100\n|-activate|p1a: Miraidon|ability: Hadron Engine\n|move|p2b: Koraidon|Flame Charge|p1b: Calyrex\n|-damage|p1b: Calyrex|0 fnt\n|-boost|p2b: Koraidon|spe|1\n|faint|p1b: Calyrex\n|-damage|p2b: Koraidon|91/100|[from] item: Life Orb\n|move|p2a: Lunala|Moongeist Beam|p1a: Miraidon\n|-damage|p1a: Miraidon|0 fnt\n|faint|p1a: Miraidon\n|\n|-weather|SunnyDay|[upkeep]\n|upkeep\n|\n|t:|1746116886\n|switch|p1a: Ogerpon|Ogerpon-Wellspring, L50, F|100/100\n|switch|p1b: Pelipper|Pelipper, L50, F|100/100\n|-weather|RainDance|[from] ability: Drizzle|[of] p1b: Pelipper\n|turn|7\n|inactive|verymanyducks has 30 seconds left.\n|\n|t:|1746116917\n|move|p2a: Lunala|Protect|p2a: Lunala\n|-singleturn|p2a: Lunala|Protect\n|move|p2b: Koraidon|Flare Blitz|p1a: Ogerpon\n|-damage|p1a: Ogerpon|70/100\n|-status|p1a: Ogerpon|brn\n|-damage|p2b: Koraidon|81/100|[from] Recoil\n|-damage|p2b: Koraidon|71/100|[from] item: Life Orb\n|move|p1a: Ogerpon|Ivy Cudgel|p2a: Lunala|[anim] Ivy Cudgel Water\n|-activate|p2a: Lunala|move: Protect\n|move|p1b: Pelipper|Hurricane|p2b: Koraidon\n|-supereffective|p2b: Koraidon\n|-damage|p2b: Koraidon|0 fnt\n|faint|p2b: Koraidon\n|\n|-weather|RainDance|[upkeep]\n|-damage|p1a: Ogerpon|64/100 brn|[from] brn\n|-fieldend|move: Electric Terrain\n|upkeep\n|turn|8\n|inactive|verymanyducks has 30 seconds left.\n|inactive|verymanyducks has 20 seconds left.\n|\n|t:|1746116953\n|move|p1a: Ogerpon|Follow Me|p1a: Ogerpon\n|-singleturn|p1a: Ogerpon|move: Follow Me\n|move|p1b: Pelipper|Hurricane|p2a: Lunala\n|-damage|p2a: Lunala|0 fnt\n|faint|p2a: Lunala\n|\n|win|maddokyoma\n|raw|maddokyoma's rating: 1193 &rarr; <strong>1211</strong><br />(+18 for winning)\n|raw|verymanyducks's rating: 1089 &rarr; <strong>1072</strong><br />(-17 for losing)\n|l|\u2606verymanyducks\n|player|p2|\n", "uploadtime": 1746116967, "views": 11, "formatid": "gen9vgc2025regibo3", "rating": 1072, "private": 0, "password": null}