{"id": "gen9vgc2025regibo3-2353943561", "format": "[Gen 9] VGC 2025 Reg I (Bo3)", "players": ["GergeF", "AlteredOne"], "log": "|j|\u2606GergeF\n|j|\u2606AlteredOne\n|html|<table width=\"100%\"><tr><td align=\"left\">GergeF</td><td align=\"right\">AlteredOne</tr><tr><td align=\"left\"><i class=\"fa fa-circle-o\"></i> <i class=\"fa fa-circle-o\"></i> </td><td align=\"right\"><i class=\"fa fa-circle-o\"></i> <i class=\"fa fa-circle-o\"></i> </tr></table>\n|uhtml|bestof|<h2><strong>Game 1</strong> of <a href=\"/game-bestof3-gen9vgc2025regibo3-2353943560\">a best-of-3</a></h2>\n|t:|1746021269\n|gametype|doubles\n|player|p1|GergeF|colress|1209\n|player|p2|AlteredOne|266|1273\n|teamsize|p1|6\n|teamsize|p2|6\n|gen|9\n|tier|[Gen 9] VGC 2025 Reg I (Bo3)\n|rated|\n|rule|Species Clause: Limit one of each Pok\u00e9mon\n|rule|Item Clause: Limit 1 of each item\n|clearpoke\n|poke|p1|Terapagos, L50, M|\n|poke|p1|Zamazenta-*, L50|\n|poke|p1|Grimmsnarl, L50, M|\n|poke|p1|Rillaboom, L50, F|\n|poke|p1|Incineroar, L50, M|\n|poke|p1|Comfey, L50, M|\n|poke|p2|Kyogre, L50|\n|poke|p2|Wo-Chien, L50|\n|poke|p2|Incineroar, L50, M|\n|poke|p2|Grimmsnarl, L50, M|\n|poke|p2|Calyrex-Shadow, L50|\n|poke|p2|Landorus, L50, M|\n|teampreview|4\n|showteam|p1|Terapagos||Leftovers|TeraShift|TeraStarstorm,EarthPower,Protect,CalmMind|||M|||50|,,,,,Stellar]Zamazenta-Crowned||RustedShield|DauntlessShield|BodyPress,behemothbash,WideGuard,Protect||||||50|,,,,,Dragon]Grimmsnarl||LightClay|Prankster|SpiritBreak,LightScreen,Reflect,ThunderWave|||M|||50|,,,,,Ghost]Rillaboom||AssaultVest|GrassySurge|WoodHammer,GrassyGlide,Uturn,FakeOut|||F|||50|,,,,,Fire]Incineroar||RockyHelmet|Intimidate|KnockOff,WillOWisp,FakeOut,PartingShot|||M|||50|,,,,,Ghost]Comfey||SitrusBerry|Triage|DrainingKiss,FloralHealing,Protect,TrickRoom|||M|||50|,,,,,Grass\n|showteam|p2|Kyogre||AssaultVest|Drizzle|WaterSpout,HydroPump,Thunder,IceBeam||||||50|,,,,,Grass]Wo-Chien||Leftovers|TabletsofRuin|Protect,PollenPuff,Ruination,LeechSeed||||||50|,,,,,Poison]Incineroar||SafetyGoggles|Intimidate|FakeOut,PartingShot,WillOWisp,KnockOff|||M|||50|,,,,,Ghost]Grimmsnarl||LightClay|Prankster|ThunderWave,Reflect,LightScreen,SpiritBreak|||M|||50|,,,,,Ghost]Calyrex-Shadow||CovertCloak|AsOneSpectrier|Protect,NastyPlot,AstralBarrage,DrainingKiss||||||50|,,,,,Fairy]Landorus||ChoiceScarf|SheerForce|SandsearStorm,EarthPower,SludgeBomb,GrassKnot|||M|||50|,,,,,Water\n|\n|t:|1746021329\n|start\n|switch|p1a: Terapagos|Terapagos, L50, M|100/100\n|switch|p1b: Grimmsnarl|Grimmsnarl, L50, M|100/100\n|switch|p2a: Grimmsnarl|Grimmsnarl, L50, M|100/100\n|switch|p2b: Wo-Chien|Wo-Chien, L50|100/100\n|-activate|p1a: Terapagos|ability: Tera Shift\n|detailschange|p1a: Terapagos|Terapagos-Terastal, L50, M\n|-heal|p1a: Terapagos|100/100|[silent]\n|-ability|p2b: Wo-Chien|Tablets of Ruin\n|turn|1\n|\n|t:|1746021352\n|move|p2a: Grimmsnarl|Reflect|p2a: Grimmsnarl\n|-sidestart|p2: AlteredOne|Reflect\n|move|p1a: Terapagos|Calm Mind|p1a: Terapagos\n|-boost|p1a: Terapagos|spa|1\n|-boost|p1a: Terapagos|spd|1\n|move|p2b: Wo-Chien|Leech Seed|p1a: Terapagos\n|-start|p1a: Terapagos|move: Leech Seed\n|move|p1b: Grimmsnarl|Spirit Break|p2b: Wo-Chien\n|-supereffective|p2b: Wo-Chien\n|-damage|p2b: Wo-Chien|75/100\n|-unboost|p2b: Wo-Chien|spa|1\n|\n|-heal|p2b: Wo-Chien|81/100|[from] item: Leftovers\n|-damage|p1a: Terapagos|88/100|[from] Leech Seed|[of] p2b: Wo-Chien\n|-heal|p2b: Wo-Chien|94/100|[silent]\n|upkeep\n|turn|2\n|\n|t:|1746021371\n|move|p2a: Grimmsnarl|Thunder Wave|p1a: Terapagos\n|-status|p1a: Terapagos|par\n|move|p2b: Wo-Chien|Leech Seed|p1b: Grimmsnarl\n|-start|p1b: Grimmsnarl|move: Leech Seed\n|move|p1b: Grimmsnarl|Spirit Break|p2b: Wo-Chien\n|-supereffective|p2b: Wo-Chien\n|-damage|p2b: Wo-Chien|70/100\n|-unboost|p2b: Wo-Chien|spa|1\n|move|p1a: Terapagos|Calm Mind|p1a: Terapagos\n|-boost|p1a: Terapagos|spa|1\n|-boost|p1a: Terapagos|spd|1\n|\n|-heal|p2b: Wo-Chien|77/100|[from] item: Leftovers\n|-heal|p1a: Terapagos|94/100 par|[from] item: Leftovers\n|-damage|p1b: Grimmsnarl|88/100|[from] Leech Seed|[of] p2b: Wo-Chien\n|-heal|p2b: Wo-Chien|90/100|[silent]\n|-damage|p1a: Terapagos|82/100 par|[from] Leech Seed|[of] p2b: Wo-Chien\n|-heal|p2b: Wo-Chien|100/100|[silent]\n|upkeep\n|turn|3\n|\n|t:|1746021391\n|move|p1b: Grimmsnarl|Light Screen|p1b: Grimmsnarl\n|-sidestart|p1: GergeF|move: Light Screen\n|move|p2b: Wo-Chien|Ruination|p1a: Terapagos\n|-damage|p1a: Terapagos|41/100 par\n|move|p2a: Grimmsnarl|Spirit Break|p1a: Terapagos\n|-damage|p1a: Terapagos|22/100 par\n|-unboost|p1a: Terapagos|spa|1\n|move|p1a: Terapagos|Tera Starstorm|p2b: Wo-Chien\n|-damage|p2b: Wo-Chien|50/100\n|\n|-heal|p2b: Wo-Chien|56/100|[from] item: Leftovers\n|-heal|p1a: Terapagos|29/100 par|[from] item: Leftovers\n|-damage|p1b: Grimmsnarl|76/100|[from] Leech Seed|[of] p2b: Wo-Chien\n|-heal|p2b: Wo-Chien|69/100|[silent]\n|-damage|p1a: Terapagos|16/100 par|[from] Leech Seed|[of] p2b: Wo-Chien\n|-heal|p2b: Wo-Chien|82/100|[silent]\n|upkeep\n|turn|4\n|\n|t:|1746021418\n|switch|p1b: Rillaboom|Rillaboom, L50, F|100/100\n|-fieldstart|move: Grassy Terrain|[from] ability: Grassy Surge|[of] p1b: Rillaboom\n|-terastallize|p1a: Terapagos|Stellar\n|detailschange|p1a: Terapagos|Terapagos-Stellar, L50, M, tera:Stellar\n|-heal|p1a: Terapagos|37/100 par|[silent]\n|-ability|p1a: Terapagos|Teraform Zero\n|-fieldend|move: Grassy Terrain\n|move|p2b: Wo-Chien|Pollen Puff|p1a: Terapagos\n|-damage|p1a: Terapagos|35/100 par\n|move|p2a: Grimmsnarl|Spirit Break|p1a: Terapagos\n|-damage|p1a: Terapagos|23/100 par\n|-unboost|p1a: Terapagos|spa|1\n|move|p1a: Terapagos|Tera Starstorm|p2b: Wo-Chien|[spread] p2a,p2b\n|-damage|p2a: Grimmsnarl|74/100\n|-damage|p2b: Wo-Chien|55/100\n|\n|-heal|p2b: Wo-Chien|61/100|[from] item: Leftovers\n|-heal|p1a: Terapagos|29/100 par|[from] item: Leftovers\n|-damage|p1a: Terapagos|17/100 par|[from] Leech Seed|[of] p2b: Wo-Chien\n|-heal|p2b: Wo-Chien|78/100|[silent]\n|upkeep\n|turn|5\n|\n|t:|1746021439\n|switch|p1a: Zamazenta|Zamazenta-Crowned, L50|100/100\n|-ability|p1a: Zamazenta|Dauntless Shield|boost\n|-boost|p1a: Zamazenta|def|1\n|move|p2b: Wo-Chien|Protect|p2b: Wo-Chien\n|-singleturn|p2b: Wo-Chien|Protect\n|move|p2a: Grimmsnarl|Light Screen|p2a: Grimmsnarl\n|-sidestart|p2: AlteredOne|move: Light Screen\n|move|p1b: Rillaboom|U-turn|p2b: Wo-Chien\n|-activate|p2b: Wo-Chien|move: Protect\n|\n|-heal|p2b: Wo-Chien|84/100|[from] item: Leftovers\n|upkeep\n|turn|6\n|\n|t:|1746021458\n|-terastallize|p2b: Wo-Chien|Poison\n|move|p2a: Grimmsnarl|Thunder Wave|p1b: Rillaboom\n|-status|p1b: Rillaboom|par\n|move|p1a: Zamazenta|Behemoth Bash|p2a: Grimmsnarl\n|-supereffective|p2a: Grimmsnarl\n|-damage|p2a: Grimmsnarl|27/100\n|move|p2b: Wo-Chien|Leech Seed|p1a: Zamazenta\n|-start|p1a: Zamazenta|move: Leech Seed\n|move|p1b: Rillaboom|U-turn|p2b: Wo-Chien\n|-resisted|p2b: Wo-Chien\n|-crit|p2b: Wo-Chien\n|-damage|p2b: Wo-Chien|73/100\n|\n|t:|1746021468\n|switch|p1b: Grimmsnarl|Grimmsnarl, L50, M|76/100|[from] U-turn\n|\n|-heal|p2b: Wo-Chien|80/100|[from] item: Leftovers\n|-damage|p1a: Zamazenta|88/100|[from] Leech Seed|[of] p2b: Wo-Chien\n|-heal|p2b: Wo-Chien|91/100|[silent]\n|upkeep\n|turn|7\n|\n|t:|1746021479\n|move|p1b: Grimmsnarl|Thunder Wave|p2b: Wo-Chien\n|-status|p2b: Wo-Chien|par\n|move|p2a: Grimmsnarl|Thunder Wave|p1a: Zamazenta\n|-status|p1a: Zamazenta|par\n|cant|p1a: Zamazenta|par\n|move|p2b: Wo-Chien|Leech Seed|p1b: Grimmsnarl\n|-start|p1b: Grimmsnarl|move: Leech Seed\n|\n|-heal|p2b: Wo-Chien|97/100 par|[from] item: Leftovers\n|-damage|p1a: Zamazenta|76/100 par|[from] Leech Seed|[of] p2b: Wo-Chien\n|-heal|p2b: Wo-Chien|100/100 par|[silent]\n|-damage|p1b: Grimmsnarl|63/100|[from] Leech Seed|[of] p2b: Wo-Chien\n|upkeep\n|turn|8\n|\n|t:|1746021502\n|switch|p1a: Terapagos|Terapagos-Stellar, L50, M, tera:Stellar|17/100 par\n|switch|p1b: Rillaboom|Rillaboom, L50, F|100/100 par\n|-fieldstart|move: Grassy Terrain|[from] ability: Grassy Surge|[of] p1b: Rillaboom\n|switch|p2a: Calyrex|Calyrex-Shadow, L50|100/100\n|-ability|p2a: Calyrex|As One\n|-ability|p2a: Calyrex|Unnerve\n|cant|p2b: Wo-Chien|par\n|\n|-heal|p1a: Terapagos|23/100 par|[from] Grassy Terrain\n|-heal|p1a: Terapagos|29/100 par|[from] item: Leftovers\n|-sideend|p2: AlteredOne|Reflect\n|upkeep\n|turn|9\n|\n|t:|1746021539\n|move|p2a: Calyrex|Nasty Plot|p2a: Calyrex\n|-boost|p2a: Calyrex|spa|2\n|move|p1a: Terapagos|Tera Starstorm|p2a: Calyrex|[spread] p2a,p2b\n|-supereffective|p2b: Wo-Chien\n|-damage|p2a: Calyrex|78/100\n|-damage|p2b: Wo-Chien|69/100 par\n|move|p2b: Wo-Chien|Pollen Puff|p2a: Calyrex\n|-heal|p2a: Calyrex|100/100\n|move|p1b: Rillaboom|Wood Hammer|p2a: Calyrex\n|-damage|p2a: Calyrex|45/100\n|-damage|p1b: Rillaboom|84/100 par|[from] Recoil\n|\n|-heal|p2a: Calyrex|52/100|[from] Grassy Terrain\n|-heal|p1a: Terapagos|36/100 par|[from] Grassy Terrain\n|-heal|p1a: Terapagos|42/100 par|[from] item: Leftovers\n|-heal|p2b: Wo-Chien|75/100 par|[from] Grassy Terrain\n|-heal|p2b: Wo-Chien|81/100 par|[from] item: Leftovers\n|-heal|p1b: Rillaboom|89/100 par|[from] Grassy Terrain\n|upkeep\n|turn|10\n|\n|t:|1746021559\n|move|p2a: Calyrex|Protect|p2a: Calyrex\n|-singleturn|p2a: Calyrex|Protect\n|move|p1b: Rillaboom|Grassy Glide|p2a: Calyrex\n|-activate|p2a: Calyrex|move: Protect\n|move|p1a: Terapagos|Calm Mind|p1a: Terapagos\n|-boost|p1a: Terapagos|spa|1\n|-boost|p1a: Terapagos|spd|1\n|move|p2b: Wo-Chien|Leech Seed|p1a: Terapagos\n|-start|p1a: Terapagos|move: Leech Seed\n|\n|-heal|p2a: Calyrex|58/100|[from] Grassy Terrain\n|-heal|p1a: Terapagos|48/100 par|[from] Grassy Terrain\n|-heal|p1a: Terapagos|54/100 par|[from] item: Leftovers\n|-heal|p2b: Wo-Chien|87/100 par|[from] Grassy Terrain\n|-heal|p2b: Wo-Chien|94/100 par|[from] item: Leftovers\n|-heal|p1b: Rillaboom|95/100 par|[from] Grassy Terrain\n|-damage|p1a: Terapagos|42/100 par|[from] Leech Seed|[of] p2b: Wo-Chien\n|-heal|p2b: Wo-Chien|100/100 par|[silent]\n|-sideend|p1: GergeF|move: Light Screen\n|upkeep\n|turn|11\n|\n|t:|1746021579\n|move|p2a: Calyrex|Astral Barrage|p1a: Terapagos|[spread] p1b\n|-immune|p1a: Terapagos\n|-damage|p1b: Rillaboom|33/100 par\n|move|p1a: Terapagos|Tera Starstorm|p2b: Wo-Chien|[spread] p2a,p2b\n|-supereffective|p2b: Wo-Chien\n|-damage|p2a: Calyrex|27/100\n|-damage|p2b: Wo-Chien|55/100 par\n|move|p2b: Wo-Chien|Ruination|p1b: Rillaboom\n|-damage|p1b: Rillaboom|17/100 par\n|move|p1b: Rillaboom|U-turn|p2a: Calyrex\n|-damage|p2a: Calyrex|11/100\n|\n|t:|1746021593\n|switch|p1b: Grimmsnarl|Grimmsnarl, L50, M|63/100|[from] U-turn\n|\n|-heal|p2a: Calyrex|17/100|[from] Grassy Terrain\n|-heal|p1b: Grimmsnarl|69/100|[from] Grassy Terrain\n|-heal|p1a: Terapagos|48/100 par|[from] Grassy Terrain\n|-heal|p1a: Terapagos|54/100 par|[from] item: Leftovers\n|-heal|p2b: Wo-Chien|61/100 par|[from] Grassy Terrain\n|-heal|p2b: Wo-Chien|68/100 par|[from] item: Leftovers\n|-damage|p1a: Terapagos|42/100 par|[from] Leech Seed|[of] p2b: Wo-Chien\n|-heal|p2b: Wo-Chien|84/100 par|[silent]\n|upkeep\n|turn|12\n|\n|t:|1746021605\n|move|p1b: Grimmsnarl|Light Screen|p1b: Grimmsnarl\n|-sidestart|p1: GergeF|move: Light Screen\n|move|p2a: Calyrex|Draining Kiss|p1b: Grimmsnarl\n|-supereffective|p1b: Grimmsnarl\n|-damage|p1b: Grimmsnarl|26/100\n|-heal|p2a: Calyrex|52/100|[from] drain|[of] p1b: Grimmsnarl\n|move|p1a: Terapagos|Tera Starstorm|p2b: Wo-Chien|[spread] p2a,p2b\n|-supereffective|p2b: Wo-Chien\n|-damage|p2a: Calyrex|18/100\n|-damage|p2b: Wo-Chien|38/100 par\n|cant|p2b: Wo-Chien|par\n|\n|-heal|p2a: Calyrex|24/100|[from] Grassy Terrain\n|-heal|p1b: Grimmsnarl|32/100|[from] Grassy Terrain\n|-heal|p1a: Terapagos|48/100 par|[from] Grassy Terrain\n|-heal|p1a: Terapagos|54/100 par|[from] item: Leftovers\n|-heal|p2b: Wo-Chien|44/100 par|[from] Grassy Terrain\n|-heal|p2b: Wo-Chien|50/100 par|[from] item: Leftovers\n|-damage|p1a: Terapagos|42/100 par|[from] Leech Seed|[of] p2b: Wo-Chien\n|-heal|p2b: Wo-Chien|67/100 par|[silent]\n|-sideend|p2: AlteredOne|move: Light Screen\n|-fieldend|move: Grassy Terrain\n|upkeep\n|turn|13\n|\n|t:|1746021625\n|move|p1b: Grimmsnarl|Thunder Wave|p2a: Calyrex\n|-status|p2a: Calyrex|par\n|move|p2a: Calyrex|Draining Kiss|p1a: Terapagos\n|-damage|p1a: Terapagos|32/100 par\n|-heal|p2a: Calyrex|34/100 par|[from] drain|[of] p1a: Terapagos\n|move|p1a: Terapagos|Tera Starstorm|p2a: Calyrex|[spread] p2a,p2b\n|-supereffective|p2b: Wo-Chien\n|-damage|p2a: Calyrex|0 fnt\n|-damage|p2b: Wo-Chien|0 fnt\n|faint|p2a: Calyrex\n|faint|p2b: Wo-Chien\n|\n|-heal|p1a: Terapagos|38/100 par|[from] item: Leftovers\n|upkeep\n|\n|t:|1746021635\n|switch|p2a: Grimmsnarl|Grimmsnarl, L50, M|27/100\n|switch|p2b: Kyogre|Kyogre, L50|100/100\n|-weather|RainDance|[from] ability: Drizzle|[of] p2b: Kyogre\n|turn|14\n|\n|t:|1746021648\n|switch|p1a: Rillaboom|Rillaboom, L50, F|17/100 par\n|-fieldstart|move: Grassy Terrain|[from] ability: Grassy Surge|[of] p1a: Rillaboom\n|move|p1b: Grimmsnarl|Thunder Wave|p2b: Kyogre|[miss]\n|-miss|p1b: Grimmsnarl|p2b: Kyogre\n|move|p2b: Kyogre|Water Spout|p1b: Grimmsnarl|[spread] p1a,p1b\n|-resisted|p1a: Rillaboom\n|-damage|p1a: Rillaboom|0 fnt\n|-damage|p1b: Grimmsnarl|0 fnt\n|faint|p1a: Rillaboom\n|faint|p1b: Grimmsnarl\n|move|p2a: Grimmsnarl|Spirit Break|p1: Rillaboom|[notarget]\n|-fail|p2a: Grimmsnarl\n|\n|-weather|RainDance|[upkeep]\n|-heal|p2a: Grimmsnarl|33/100|[from] Grassy Terrain\n|upkeep\n|\n|t:|1746021662\n|switch|p1a: Zamazenta|Zamazenta-Crowned, L50|76/100 par\n|switch|p1b: Terapagos|Terapagos-Stellar, L50, M, tera:Stellar|38/100 par\n|turn|15\n|\n|t:|1746021674\n|move|p1a: Zamazenta|Wide Guard|p1a: Zamazenta\n|-singleturn|p1a: Zamazenta|Wide Guard\n|move|p2a: Grimmsnarl|Reflect|p2a: Grimmsnarl\n|-sidestart|p2: AlteredOne|Reflect\n|move|p2b: Kyogre|Hydro Pump|p1a: Zamazenta\n|-damage|p1a: Zamazenta|25/100 par\n|move|p1b: Terapagos|Calm Mind|p1b: Terapagos\n|-boost|p1b: Terapagos|spa|1\n|-boost|p1b: Terapagos|spd|1\n|\n|-weather|RainDance|[upkeep]\n|-heal|p1a: Zamazenta|31/100 par|[from] Grassy Terrain\n|-heal|p2a: Grimmsnarl|39/100|[from] Grassy Terrain\n|-heal|p1b: Terapagos|44/100 par|[from] Grassy Terrain\n|-heal|p1b: Terapagos|50/100 par|[from] item: Leftovers\n|upkeep\n|turn|16\n|\n|t:|1746021688\n|move|p1a: Zamazenta|Protect|p1a: Zamazenta\n|-singleturn|p1a: Zamazenta|Protect\n|move|p2b: Kyogre|Hydro Pump|p1a: Zamazenta\n|-activate|p1a: Zamazenta|move: Protect\n|move|p2a: Grimmsnarl|Spirit Break|p1b: Terapagos\n|-damage|p1b: Terapagos|33/100 par\n|-unboost|p1b: Terapagos|spa|1\n|move|p1b: Terapagos|Tera Starstorm|p2b: Kyogre|[spread] p2a,p2b\n|-damage|p2a: Grimmsnarl|11/100\n|-damage|p2b: Kyogre|86/100\n|\n|-weather|RainDance|[upkeep]\n|-heal|p2b: Kyogre|91/100|[from] Grassy Terrain\n|-heal|p1a: Zamazenta|37/100 par|[from] Grassy Terrain\n|-heal|p2a: Grimmsnarl|17/100|[from] Grassy Terrain\n|-heal|p1b: Terapagos|39/100 par|[from] Grassy Terrain\n|-heal|p1b: Terapagos|45/100 par|[from] item: Leftovers\n|upkeep\n|turn|17\n|\n|t:|1746021705\n|move|p2a: Grimmsnarl|Light Screen|p2a: Grimmsnarl\n|-sidestart|p2: AlteredOne|move: Light Screen\n|move|p2b: Kyogre|Hydro Pump|p1a: Zamazenta|[miss]\n|-miss|p2b: Kyogre|p1a: Zamazenta\n|move|p1a: Zamazenta|Body Press|p2a: Grimmsnarl\n|-damage|p2a: Grimmsnarl|0 fnt\n|faint|p2a: Grimmsnarl\n|move|p1b: Terapagos|Calm Mind|p1b: Terapagos\n|-boost|p1b: Terapagos|spa|1\n|-boost|p1b: Terapagos|spd|1\n|\n|-weather|RainDance|[upkeep]\n|-heal|p2b: Kyogre|97/100|[from] Grassy Terrain\n|-heal|p1a: Zamazenta|43/100 par|[from] Grassy Terrain\n|-heal|p1b: Terapagos|51/100 par|[from] Grassy Terrain\n|-heal|p1b: Terapagos|58/100 par|[from] item: Leftovers\n|upkeep\n|turn|18\n|\n|t:|1746021724\n|move|p2b: Kyogre|Water Spout|p1b: Terapagos|[spread] p1a,p1b\n|-damage|p1a: Zamazenta|0 fnt\n|-damage|p1b: Terapagos|36/100 par\n|faint|p1a: Zamazenta\n|move|p1b: Terapagos|Calm Mind|p1b: Terapagos\n|-boost|p1b: Terapagos|spa|1\n|-boost|p1b: Terapagos|spd|1\n|\n|-weather|none\n|-heal|p2b: Kyogre|100/100|[from] Grassy Terrain\n|-heal|p1b: Terapagos|43/100 par|[from] Grassy Terrain\n|-heal|p1b: Terapagos|49/100 par|[from] item: Leftovers\n|-fieldend|move: Grassy Terrain\n|upkeep\n|turn|19\n|inactive|Battle timer is ON: inactive players will automatically lose when time's up. (requested by AlteredOne)\n|\n|t:|1746021735\n|move|p1b: Terapagos|Protect|p1b: Terapagos\n|-singleturn|p1b: Terapagos|Protect\n|move|p2b: Kyogre|Water Spout|p1b: Terapagos\n|-activate|p1b: Terapagos|move: Protect\n|\n|-heal|p1b: Terapagos|55/100 par|[from] item: Leftovers\n|-sideend|p1: GergeF|move: Light Screen\n|upkeep\n|turn|20\n|\n|t:|1746021739\n|move|p2b: Kyogre|Ice Beam|p1b: Terapagos\n|-damage|p1b: Terapagos|45/100 par\n|move|p1b: Terapagos|Tera Starstorm|p2b: Kyogre\n|-damage|p2b: Kyogre|74/100\n|\n|-heal|p1b: Terapagos|51/100 par|[from] item: Leftovers\n|upkeep\n|turn|21\n|\n|t:|1746021746\n|cant|p1b: Terapagos|par\n|move|p2b: Kyogre|Water Spout|p1b: Terapagos\n|-damage|p1b: Terapagos|34/100 par\n|\n|-heal|p1b: Terapagos|40/100 par|[from] item: Leftovers\n|upkeep\n|turn|22\n|\n|t:|1746021753\n|move|p1b: Terapagos|Protect|p1b: Terapagos\n|-singleturn|p1b: Terapagos|Protect\n|move|p2b: Kyogre|Ice Beam|p1b: Terapagos\n|-activate|p1b: Terapagos|move: Protect\n|\n|-heal|p1b: Terapagos|46/100 par|[from] item: Leftovers\n|-sideend|p2: AlteredOne|Reflect\n|upkeep\n|turn|23\n|\n|t:|1746021755\n|move|p2b: Kyogre|Water Spout|p1b: Terapagos\n|-crit|p1b: Terapagos\n|-damage|p1b: Terapagos|0 fnt\n|faint|p1b: Terapagos\n|\n|win|AlteredOne\n||AlteredOne is ready for game 2.\n||GergeF is ready for game 2.\n|uhtml|next|Next: <a href=\"/battle-gen9vgc2025regibo3-2353948786\"><strong>Game 2 of 3</strong></a>\n", "uploadtime": 1746021988, "views": 6, "formatid": "gen9vgc2025regibo3", "rating": null, "private": 0, "password": null}