{"id": "gen9vgc2025regibo3-2353447948", "format": "[Gen 9] VGC 2025 Reg I (Bo3)", "players": ["Toxicroak Guy", "thepostmanp"], "log": "|j|\u2606Toxicroak Guy\n|j|\u2606thepostmanp\n|html|<table width=\"100%\"><tr><td align=\"left\">Toxicroak Guy</td><td align=\"right\">thepostmanp</tr><tr><td align=\"left\"><i class=\"fa fa-circle-o\"></i> <i class=\"fa fa-circle-o\"></i> </td><td align=\"right\"><i class=\"fa fa-circle-o\"></i> <i class=\"fa fa-circle\"></i> </tr></table>\n|uhtml|bestof|<h2><strong>Game 2</strong> of <a href=\"/game-bestof3-gen9vgc2025regibo3-2353444352\">a best-of-3</a></h2>\n|t:|1745956832\n|gametype|doubles\n|player|p1|Toxicroak Guy|2|1108\n|player|p2|thepostmanp|ethan|1145\n|teamsize|p1|6\n|teamsize|p2|6\n|gen|9\n|tier|[Gen 9] VGC 2025 Reg I (Bo3)\n|rated|\n|rule|Species Clause: Limit one of each Pok\u00e9mon\n|rule|Item Clause: Limit 1 of each item\n|clearpoke\n|poke|p1|Lunala, L50|\n|poke|p1|Groudon, L50|\n|poke|p1|Ogerpon-Hearthflame, L50, F|\n|poke|p1|Raging Bolt, L50|\n|poke|p1|Incineroar, L50, M|\n|poke|p1|Jumpluff, L50, F|\n|poke|p2|Kyogre, L50|\n|poke|p2|Miraidon, L50|\n|poke|p2|Farigiraf, L50, M|\n|poke|p2|Iron Hands, L50|\n|poke|p2|Whimsicott, L50, F|\n|poke|p2|Urshifu-*, L50, F|\n|teampreview|4\n|showteam|p1|Lunala||Leftovers|ShadowShield|Moonblast,MoongeistBeam,WideGuard,TrickRoom||||||50|,,,,,Fairy]Groudon||ClearAmulet|Drought|PrecipiceBlades,HeatCrash,BulkUp,Protect||||||50|,,,,,Fire]Ogerpon-Hearthflame||HearthflameMask|MoldBreaker|IvyCudgel,WoodHammer,FollowMe,SpikyShield|||F|||50|,,,,,Fire]Raging Bolt||AssaultVest|Protosynthesis|Thunderbolt,Thunderclap,DracoMeteor,VoltSwitch||||||50|,,,,,Fairy]Incineroar||RockyHelmet|Intimidate|FakeOut,WillOWisp,PartingShot,KnockOff|||M|||50|,,,,,Grass]Jumpluff||CovertCloak|Chlorophyll|Tailwind,SleepPowder,RagePowder,PollenPuff|||F|||50|,,,,,Dark\n|showteam|p2|Kyogre||MysticWater|Drizzle|Protect,WaterSpout,OriginPulse,IceBeam||||||50|,,,,,Grass]Miraidon||ChoiceSpecs|HadronEngine|VoltSwitch,DracoMeteor,DazzlingGleam,ElectroDrift||||||50|,,,,,Fairy]Farigiraf||ElectricSeed|ArmorTail|TrickRoom,Roar,Psychic,HelpingHand|||M|||50|,,,,,Water]Iron Hands||AssaultVest|QuarkDrive|FakeOut,LowKick,DrainPunch,HeavySlam||||||50|,,,,,Bug]Whimsicott||CovertCloak|Prankster|Moonblast,Tailwind,Encore,LightScreen|||F|||50|,,,,,Dark]Urshifu-Rapid-Strike||FocusSash|UnseenFist|SurgingStrikes,CloseCombat,AquaJet,Detect|||F|||50|,,,,,Stellar\n|j| Lexicon\n|\n|t:|1745956864\n|start\n|switch|p1a: HOT TO GO|Groudon, L50|100/100\n|switch|p1b: Joeverpon|Ogerpon-Hearthflame, L50, F|100/100\n|switch|p2a: Miraidon|Miraidon, L50|100/100\n|switch|p2b: Farigiraf|Farigiraf, L50, M|100/100\n|-fieldstart|move: Electric Terrain|[from] ability: Hadron Engine|[of] p2a: Miraidon\n|-enditem|p2b: Farigiraf|Electric Seed\n|-boost|p2b: Farigiraf|def|1|[from] item: Electric Seed\n|-ability|p1b: Joeverpon|Mold Breaker\n|-weather|SunnyDay|[from] ability: Drought|[of] p1a: HOT TO GO\n|turn|1\n|\n|t:|1745956908\n|switch|p2a: Kyogre|Kyogre, L50|100/100\n|-weather|RainDance|[from] ability: Drizzle|[of] p2a: Kyogre\n|move|p1b: Joeverpon|Follow Me|p1b: Joeverpon\n|-singleturn|p1b: Joeverpon|move: Follow Me\n|move|p1a: HOT TO GO|Bulk Up|p1a: HOT TO GO\n|-boost|p1a: HOT TO GO|atk|1\n|-boost|p1a: HOT TO GO|def|1\n|move|p2b: Farigiraf|Trick Room|p2b: Farigiraf\n|-fieldstart|move: Trick Room|[of] p2b: Farigiraf\n|\n|-weather|RainDance|[upkeep]\n|upkeep\n|turn|2\n|\n|t:|1745956923\n|switch|p1b: Luna Luna Yay!|Lunala, L50|100/100\n|move|p2b: Farigiraf|Helping Hand|p2a: Kyogre\n|-singleturn|p2a: Kyogre|Helping Hand|[of] p2b: Farigiraf\n|move|p1a: HOT TO GO|Protect|p1a: HOT TO GO\n|-singleturn|p1a: HOT TO GO|Protect\n|move|p2a: Kyogre|Water Spout|p1a: HOT TO GO|[spread] p1b\n|-activate|p1a: HOT TO GO|move: Protect\n|-damage|p1b: Luna Luna Yay!|35/100\n|\n|-weather|RainDance|[upkeep]\n|-heal|p1b: Luna Luna Yay!|41/100|[from] item: Leftovers\n|upkeep\n|turn|3\n|\n|t:|1745956957\n|move|p2a: Kyogre|Protect|p2a: Kyogre\n|-singleturn|p2a: Kyogre|Protect\n|move|p1a: HOT TO GO|Precipice Blades|p2a: Kyogre|[spread] p2b\n|-activate|p2a: Kyogre|move: Protect\n|-damage|p2b: Farigiraf|56/100\n|move|p2b: Farigiraf|Roar|p1b: Luna Luna Yay!\n|drag|p1b: Joeverpon|Ogerpon-Hearthflame, L50, F|100/100\n|-ability|p1b: Joeverpon|Mold Breaker\n|\n|-weather|RainDance|[upkeep]\n|upkeep\n|turn|4\n|\n|t:|1745957001\n|switch|p2b: Whimsicott|Whimsicott, L50, F|100/100\n|switch|p1a: Pool Floatie!|Raging Bolt, L50|100/100\n|move|p1b: Joeverpon|Spiky Shield|p1b: Joeverpon\n|-singleturn|p1b: Joeverpon|move: Protect\n|move|p2a: Kyogre|Water Spout|p1b: Joeverpon|[spread] p1a\n|-activate|p1b: Joeverpon|move: Protect\n|-resisted|p1a: Pool Floatie!\n|-damage|p1a: Pool Floatie!|66/100\n|\n|-weather|RainDance|[upkeep]\n|upkeep\n|turn|5\n|\n|t:|1745957034\n|switch|p1b: HOT TO GO|Groudon, L50|100/100\n|-weather|SunnyDay|[from] ability: Drought|[of] p1b: HOT TO GO\n|-activate|p1a: Pool Floatie!|ability: Protosynthesis\n|-start|p1a: Pool Floatie!|protosynthesisspa\n|-terastallize|p2a: Kyogre|Grass\n|move|p2b: Whimsicott|Encore||[still]\n|-fail|p2b: Whimsicott\n|move|p1a: Pool Floatie!|Volt Switch|p2a: Kyogre\n|-resisted|p2a: Kyogre\n|-damage|p2a: Kyogre|81/100\n|\n|t:|1745957065\n|-end|p1a: Pool Floatie!|Protosynthesis|[silent]\n|switch|p1a: Luna Luna Yay!|Lunala, L50|41/100|[from] Volt Switch\n|move|p2a: Kyogre|Ice Beam|p1a: Luna Luna Yay!\n|-damage|p1a: Luna Luna Yay!|13/100\n|\n|-weather|SunnyDay|[upkeep]\n|-heal|p1a: Luna Luna Yay!|19/100|[from] item: Leftovers\n|-fieldend|move: Trick Room\n|-fieldend|move: Electric Terrain\n|upkeep\n|turn|6\n|\n|t:|1745957091\n|switch|p1a: Pool Floatie!|Raging Bolt, L50|66/100\n|-activate|p1a: Pool Floatie!|ability: Protosynthesis\n|-start|p1a: Pool Floatie!|protosynthesisspa\n|move|p2b: Whimsicott|Tailwind|p2b: Whimsicott\n|-sidestart|p2: thepostmanp|move: Tailwind\n|move|p2a: Kyogre|Water Spout|p1b: HOT TO GO|[spread] p1a,p1b\n|-resisted|p1a: Pool Floatie!\n|-supereffective|p1b: HOT TO GO\n|-damage|p1a: Pool Floatie!|56/100\n|-damage|p1b: HOT TO GO|36/100\n|move|p1b: HOT TO GO|Heat Crash|p2a: Kyogre\n|-supereffective|p2a: Kyogre\n|-damage|p2a: Kyogre|16/100\n|\n|-weather|SunnyDay|[upkeep]\n|upkeep\n|turn|7\n|\n|t:|1745957118\n|switch|p2a: Miraidon|Miraidon, L50|100/100\n|-fieldstart|move: Electric Terrain|[from] ability: Hadron Engine|[of] p2a: Miraidon\n|move|p1b: HOT TO GO|Protect|p1b: HOT TO GO\n|-singleturn|p1b: HOT TO GO|Protect\n|move|p2b: Whimsicott|Moonblast|p1a: Pool Floatie!\n|-supereffective|p1a: Pool Floatie!\n|-damage|p1a: Pool Floatie!|27/100\n|-unboost|p1a: Pool Floatie!|spa|1\n|move|p1a: Pool Floatie!|Volt Switch|p2a: Miraidon\n|-resisted|p2a: Miraidon\n|-damage|p2a: Miraidon|92/100\n|\n|t:|1745957137\n|-end|p1a: Pool Floatie!|Protosynthesis|[silent]\n|switch|p1a: Joeverpon|Ogerpon-Hearthflame, L50, F|100/100|[from] Volt Switch\n|-ability|p1a: Joeverpon|Mold Breaker\n|\n|-weather|SunnyDay|[upkeep]\n|upkeep\n|turn|8\n|\n|t:|1745957152\n|move|p1a: Joeverpon|Follow Me|p1a: Joeverpon\n|-singleturn|p1a: Joeverpon|move: Follow Me\n|move|p2b: Whimsicott|Encore|p1a: Joeverpon\n|-start|p1a: Joeverpon|Encore\n|move|p2a: Miraidon|Draco Meteor|p1a: Joeverpon\n|-damage|p1a: Joeverpon|0 fnt\n|-unboost|p2a: Miraidon|spa|2\n|faint|p1a: Joeverpon\n|move|p1b: HOT TO GO|Precipice Blades|p2b: Whimsicott|[spread] p2b\n|-miss|p1b: HOT TO GO|p2a: Miraidon\n|-resisted|p2b: Whimsicott\n|-crit|p2b: Whimsicott\n|-damage|p2b: Whimsicott|52/100\n|\n|-weather|SunnyDay|[upkeep]\n|upkeep\n|\n|t:|1745957173\n|switch|p1a: Luna Luna Yay!|Lunala, L50|19/100\n|turn|9\n|\n|t:|1745957191\n|-terastallize|p1a: Luna Luna Yay!|Fairy\n|move|p1b: HOT TO GO|Protect|p1b: HOT TO GO\n|-singleturn|p1b: HOT TO GO|Protect\n|move|p2a: Miraidon|Draco Meteor|p1b: HOT TO GO\n|-activate|p1b: HOT TO GO|move: Protect\n|move|p2b: Whimsicott|Moonblast|p1a: Luna Luna Yay!\n|-damage|p1a: Luna Luna Yay!|0 fnt\n|faint|p1a: Luna Luna Yay!\n|\n|-weather|none\n|-sideend|p2: thepostmanp|move: Tailwind\n|upkeep\n|\n|t:|1745957200\n|switch|p1a: Pool Floatie!|Raging Bolt, L50|27/100\n|turn|10\n|\n|t:|1745957219\n|move|p2b: Whimsicott|Encore|p1b: HOT TO GO\n|-start|p1b: HOT TO GO|Encore\n|move|p1a: Pool Floatie!|Thunderclap|p2a: Miraidon\n|-resisted|p2a: Miraidon\n|-damage|p2a: Miraidon|82/100\n|move|p2a: Miraidon|Draco Meteor|p1a: Pool Floatie!\n|-supereffective|p1a: Pool Floatie!\n|-damage|p1a: Pool Floatie!|0 fnt\n|-unboost|p2a: Miraidon|spa|2\n|faint|p1a: Pool Floatie!\n|-end|p1a: Pool Floatie!|Protosynthesis|[silent]\n|move|p1b: HOT TO GO|Protect||[still]\n|-fail|p1b: HOT TO GO\n|\n|upkeep\n|turn|11\n|-message|Toxicroak Guy forfeited.\n|raw|Toxicroak Guy's rating: 1108 &rarr; <strong>1086</strong><br />(-22 for losing)\n|raw|thepostmanp's rating: 1145 &rarr; <strong>1167</strong><br />(+22 for winning)\n|\n|win|thepostmanp\n|l| Lexicon\n|c|\u2606thepostmanp|cool team gg!\n", "uploadtime": 1745957242, "views": 14, "formatid": "gen9vgc2025regibo3", "rating": 1086, "private": 0, "password": null}