{"id": "gen9vgc2025regibo3-2353336760", "format": "[Gen 9] VGC 2025 Reg I (Bo3)", "players": ["StatzNerd", "Jakobtc"], "log": "|j|\u2606StatzNerd\n|j|\u2606Jakobtc\n|html|<table width=\"100%\"><tr><td align=\"left\">StatzNerd</td><td align=\"right\">Jakobtc</tr><tr><td align=\"left\"><i class=\"fa fa-circle-o\"></i> <i class=\"fa fa-circle-o\"></i> </td><td align=\"right\"><i class=\"fa fa-circle-o\"></i> <i class=\"fa fa-circle-o\"></i> </tr></table>\n|uhtml|bestof|<h2><strong>Game 1</strong> of <a href=\"/game-bestof3-gen9vgc2025regibo3-2353336759\">a best-of-3</a></h2>\n|t:|1745947458\n|gametype|doubles\n|player|p1|StatzNerd|wallace|1249\n|player|p2|Jakobtc|riley|1319\n|teamsize|p1|6\n|teamsize|p2|6\n|gen|9\n|tier|[Gen 9] VGC 2025 Reg I (Bo3)\n|rated|\n|rule|Species Clause: Limit one of each Pok\u00e9mon\n|rule|Item Clause: Limit 1 of each item\n|clearpoke\n|poke|p1|Koraidon, L50|\n|poke|p1|Ho-Oh, L50|\n|poke|p1|Flutter Mane, L50|\n|poke|p1|Raging Bolt, L50|\n|poke|p1|Amoonguss, L50, F|\n|poke|p1|Iron Treads, L50|\n|poke|p2|Calyrex-Shadow, L50|\n|poke|p2|Zacian-*, L50|\n|poke|p2|Incineroar, L50, M|\n|poke|p2|Rillaboom, L50, M|\n|poke|p2|Urshifu-*, L50, M|\n|poke|p2|Tornadus, L50, M|\n|teampreview|4\n|showteam|p1|Koraidon||ClearAmulet|OrichalcumPulse|FlareBlitz,CollisionCourse,Uturn,Protect||||||50|,,,,,Fire]Ho-Oh||RockyHelmet|Regenerator|SacredFire,BraveBird,Tailwind,Protect||||||50|,,,,,Grass]Flutter Mane||FocusSash|Protosynthesis|Moonblast,ShadowBall,IcyWind,Taunt||||||50|,,,,,Fairy]Raging Bolt||AssaultVest|Protosynthesis|Thunderclap,DracoMeteor,VoltSwitch,Snarl||||||50|,,,,,Electric]Amoonguss||MentalHerb|Regenerator|Spore,RagePowder,PollenPuff,Protect|||F|||50|,,,,,Fire]Iron Treads||ChoiceBand|QuarkDrive|HighHorsepower,IronHead,SteelRoller,Earthquake||||||50|,,,,,Ghost\n|showteam|p2|Calyrex-Shadow||FocusSash|AsOneSpectrier|AstralBarrage,Psychic,Taunt,Protect||||||50|,,,,,Stellar]Zacian-Crowned||RustedSword|IntrepidSword|behemothblade,PlayRough,SacredSword,Protect||||||50|,,,,,Water]Incineroar||SafetyGoggles|Intimidate|FakeOut,KnockOff,HelpingHand,PartingShot|||M|||50|,,,,,Bug]Rillaboom||AssaultVest|GrassySurge|FakeOut,GrassyGlide,WoodHammer,Uturn|||M|||50|,,,,,Fire]Urshifu-Rapid-Strike||ChoiceScarf|UnseenFist|SurgingStrikes,CloseCombat,AquaJet,Uturn|||M|||50|,,,,,Water]Tornadus||CovertCloak|Prankster|BleakwindStorm,Tailwind,RainDance,Protect|||M|||50|,,,,,Dark\n|\n|t:|1745947493\n|start\n|switch|p1a: Raging Bolt|Raging Bolt, L50|100/100\n|switch|p1b: Flutter Mane|Flutter Mane, L50|100/100\n|switch|p2a: Zacian|Zacian-Crowned, L50|100/100\n|switch|p2b: Tornadus|Tornadus, L50, M|100/100\n|-ability|p2a: Zacian|Intrepid Sword|boost\n|-boost|p2a: Zacian|atk|1\n|turn|1\n|\n|t:|1745947514\n|-terastallize|p1a: Raging Bolt|Electric\n|move|p2b: Tornadus|Protect|p2b: Tornadus\n|-singleturn|p2b: Tornadus|Protect\n|move|p2a: Zacian|Play Rough|p1a: Raging Bolt\n|-damage|p1a: Raging Bolt|36/100\n|move|p1b: Flutter Mane|Icy Wind|p2b: Tornadus|[spread] p2a\n|-activate|p2b: Tornadus|move: Protect\n|-resisted|p2a: Zacian\n|-damage|p2a: Zacian|94/100\n|-unboost|p2a: Zacian|spe|1\n|move|p1a: Raging Bolt|Volt Switch|p2b: Tornadus\n|-activate|p2b: Tornadus|move: Protect\n|\n|upkeep\n|turn|2\n|\n|t:|1745947535\n|-end|p1a: Raging Bolt|Protosynthesis|[silent]\n|switch|p1a: Ho-Oh|Ho-Oh, L50|100/100\n|move|p1b: Flutter Mane|Icy Wind|p2b: Tornadus|[spread] p2a,p2b\n|-resisted|p2a: Zacian\n|-supereffective|p2b: Tornadus\n|-damage|p2a: Zacian|88/100\n|-damage|p2b: Tornadus|63/100\n|-unboost|p2a: Zacian|spe|1\n|move|p2b: Tornadus|Bleakwind Storm|p1b: Flutter Mane|[spread] p1a,p1b\n|-damage|p1a: Ho-Oh|79/100\n|-damage|p1b: Flutter Mane|64/100\n|move|p2a: Zacian|Behemoth Blade|p1b: Flutter Mane\n|-supereffective|p1b: Flutter Mane\n|-damage|p1b: Flutter Mane|0 fnt\n|faint|p1b: Flutter Mane\n|-end|p1b: Flutter Mane|Protosynthesis|[silent]\n|\n|upkeep\n|\n|t:|1745947547\n|switch|p1b: Koraidon|Koraidon, L50|100/100\n|-weather|SunnyDay|[from] ability: Orichalcum Pulse|[of] p1b: Koraidon\n|-activate|p1b: Koraidon|Orichalcum Pulse|[source]\n|turn|3\n|\n|t:|1745947565\n|-terastallize|p2a: Zacian|Water\n|move|p2b: Tornadus|Rain Dance|p2b: Tornadus\n|-weather|RainDance\n|move|p1b: Koraidon|Flare Blitz|p2b: Tornadus\n|-damage|p2b: Tornadus|31/100\n|-damage|p1b: Koraidon|91/100|[from] Recoil\n|move|p1a: Ho-Oh|Tailwind|p1a: Ho-Oh\n|-sidestart|p1: StatzNerd|move: Tailwind\n|move|p2a: Zacian|Play Rough|p1b: Koraidon\n|-supereffective|p1b: Koraidon\n|-damage|p1b: Koraidon|0 fnt\n|faint|p1b: Koraidon\n|\n|-weather|RainDance|[upkeep]\n|upkeep\n|\n|t:|1745947571\n|switch|p1b: Raging Bolt|Raging Bolt, L50, tera:Electric|36/100\n|turn|4\n|\n|t:|1745947581\n|move|p2a: Zacian|Protect|p2a: Zacian\n|-singleturn|p2a: Zacian|Protect\n|move|p1b: Raging Bolt|Thunderclap||[still]\n|-fail|p1b: Raging Bolt\n|move|p2b: Tornadus|Tailwind|p2b: Tornadus\n|-sidestart|p2: Jakobtc|move: Tailwind\n|move|p1a: Ho-Oh|Brave Bird|p2b: Tornadus\n|-damage|p2b: Tornadus|0 fnt\n|faint|p2b: Tornadus\n|-damage|p1a: Ho-Oh|71/100|[from] Recoil\n|\n|-weather|RainDance|[upkeep]\n|upkeep\n|\n|t:|1745947593\n|switch|p2b: Incineroar|Incineroar, L50, M|100/100\n|-ability|p2b: Incineroar|Intimidate|boost\n|-unboost|p1a: Ho-Oh|atk|1\n|-unboost|p1b: Raging Bolt|atk|1\n|turn|5\n|\n|t:|1745947598\n|move|p2b: Incineroar|Fake Out|p1b: Raging Bolt\n|-damage|p1b: Raging Bolt|27/100\n|cant|p1b: Raging Bolt|flinch\n|move|p1a: Ho-Oh|Sacred Fire|p2a: Zacian\n|-resisted|p2a: Zacian\n|-damage|p2a: Zacian|80/100\n|-status|p2a: Zacian|brn\n|move|p2a: Zacian|Behemoth Blade|p1b: Raging Bolt\n|-resisted|p1b: Raging Bolt\n|-damage|p1b: Raging Bolt|9/100\n|\n|-weather|RainDance|[upkeep]\n|-damage|p2a: Zacian|74/100 brn|[from] brn\n|upkeep\n|turn|6\n|\n|t:|1745947617\n|move|p2a: Zacian|Protect|p2a: Zacian\n|-singleturn|p2a: Zacian|Protect\n|move|p1b: Raging Bolt|Thunderclap|p2b: Incineroar\n|-damage|p2b: Incineroar|61/100\n|move|p1a: Ho-Oh|Brave Bird|p2b: Incineroar\n|-damage|p2b: Incineroar|29/100\n|-damage|p1a: Ho-Oh|61/100|[from] Recoil\n|move|p2b: Incineroar|Knock Off|p1b: Raging Bolt\n|-damage|p1b: Raging Bolt|0 fnt\n|-enditem|p1b: Raging Bolt|Assault Vest|[from] move: Knock Off|[of] p2b: Incineroar\n|faint|p1b: Raging Bolt\n|-end|p1b: Raging Bolt|Protosynthesis|[silent]\n|\n|-weather|RainDance|[upkeep]\n|-damage|p2a: Zacian|68/100 brn|[from] brn\n|-sideend|p1: StatzNerd|move: Tailwind\n|upkeep\n|turn|7\n|-message|StatzNerd forfeited.\n|\n|win|Jakobtc\n|l|\u2606StatzNerd\n|player|p1|\n|j|\u2606StatzNerd\n|player|p1|StatzNerd|wallace|\n||StatzNerd is ready for game 2.\n", "uploadtime": 1745947631, "views": 12, "formatid": "gen9vgc2025regibo3", "rating": null, "private": 0, "password": null}