{"id": "gen9vgc2025regibo3-2353452185", "format": "[Gen 9] VGC 2025 Reg I (Bo3)", "players": ["Diabolical Intent", "TViewierVGC"], "log": "|j|\u2606Diabolical Intent\n|j|\u2606TViewierVGC\n|html|<table width=\"100%\"><tr><td align=\"left\">Diabolical Intent</td><td align=\"right\">TViewierVGC</tr><tr><td align=\"left\"><i class=\"fa fa-circle-o\"></i> <i class=\"fa fa-circle-o\"></i> </td><td align=\"right\"><i class=\"fa fa-circle-o\"></i> <i class=\"fa fa-circle\"></i> </tr></table>\n|uhtml|bestof|<h2><strong>Game 2</strong> of <a href=\"/game-bestof3-gen9vgc2025regibo3-2353450105\">a best-of-3</a></h2>\n|t:|1745957209\n|gametype|doubles\n|player|p1|Diabolical Intent|grimsley|1420\n|player|p2|TViewierVGC|tuber|1439\n|teamsize|p1|6\n|teamsize|p2|6\n|gen|9\n|tier|[Gen 9] VGC 2025 Reg I (Bo3)\n|rated|\n|rule|Species Clause: Limit one of each Pok\u00e9mon\n|rule|Item Clause: Limit 1 of each item\n|clearpoke\n|poke|p1|Kyogre, L50|\n|poke|p1|Calyrex-Ice, L50|\n|poke|p1|Urshifu-*, L50, F|\n|poke|p1|Landorus, L50, M|\n|poke|p1|Amoonguss, L50, M|\n|poke|p1|Iron Jugulis, L50|\n|poke|p2|Lunala, L50|\n|poke|p2|Koraidon, L50|\n|poke|p2|Chi-Yu, L50|\n|poke|p2|Flutter Mane, L50|\n|poke|p2|Ogerpon-Cornerstone, L50, F|\n|poke|p2|Iron Hands, L50|\n|teampreview|4\n|showteam|p1|Kyogre||MysticWater|Drizzle|WaterSpout,HydroPump,Thunder,Protect||||||50|,,,,,Poison]Calyrex-Ice||NeverMeltIce|AsOneGlastrier|GlacialLance,HighHorsepower,TrickRoom,Protect||||||50|,,,,,Grass]Urshifu-Rapid-Strike||SplashPlate|UnseenFist|SurgingStrikes,CloseCombat,AquaJet,Protect|||F|||50|,,,,,Grass]Landorus||LifeOrb|SheerForce|EarthPower,SandsearStorm,SludgeBomb,Protect|||M|||50|,,,,,Water]Amoonguss||RockyHelmet|Regenerator|PollenPuff,Spore,RagePowder,Protect|||M|||50|,,,,,Water]Iron Jugulis||BoosterEnergy|QuarkDrive|Hurricane,Snarl,Tailwind,Protect||||||50|,,,,,Grass\n|showteam|p2|Lunala||PowerHerb|ShadowShield|MoongeistBeam,MeteorBeam,WideGuard,TrickRoom||||||50|,,,,,Fairy]Koraidon||LifeOrb|OrichalcumPulse|CloseCombat,FlareBlitz,FlameCharge,Protect||||||50|,,,,,Fire]Chi-Yu||ChoiceScarf|BeadsofRuin|HeatWave,DarkPulse,Overheat,Snarl||||||50|,,,,,Ghost]Flutter Mane||FocusSash|Protosynthesis|Moonblast,ShadowBall,IcyWind,Protect||||||50|,,,,,Fairy]Ogerpon-Cornerstone||CornerstoneMask|Sturdy|IvyCudgel,WoodHammer,FollowMe,SpikyShield|||F|||50|,,,,,Rock]Iron Hands||AssaultVest|QuarkDrive|WildCharge,DrainPunch,LowKick,FakeOut||||||50|,,,,,Water\n|inactive|Battle timer is ON: inactive players will automatically lose when time's up. (requested by Diabolical Intent)\n|inactive|TViewierVGC also wants the timer to be on.\n|\n|t:|1745957228\n|start\n|switch|p1a: Hermes|Iron Jugulis, L50|100/100\n|switch|p1b: Demeter|Landorus, L50, M|100/100\n|switch|p2a: Lunala|Lunala, L50, shiny|100/100\n|switch|p2b: Ogerpon|Ogerpon-Cornerstone, L50, F|100/100\n|-enditem|p1a: Hermes|Booster Energy\n|-activate|p1a: Hermes|ability: Quark Drive|[fromitem]\n|-start|p1a: Hermes|quarkdrivespe\n|turn|1\n|inactive|TViewierVGC has 30 seconds left.\n|\n|t:|1745957256\n|-terastallize|p2a: Lunala|Fairy\n|move|p1a: Hermes|Protect|p1a: Hermes\n|-singleturn|p1a: Hermes|Protect\n|move|p2b: Ogerpon|Ivy Cudgel|p1a: Hermes|[anim] Ivy Cudgel Rock\n|-activate|p1a: Hermes|move: Protect\n|move|p1b: Demeter|Earth Power|p2b: Ogerpon\n|-damage|p2b: Ogerpon|17/100\n|move|p2a: Lunala|Meteor Beam||[still]\n|-prepare|p2a: Lunala|Meteor Beam\n|-boost|p2a: Lunala|spa|1\n|-enditem|p2a: Lunala|Power Herb\n|-anim|p2a: Lunala|Meteor Beam|p1b: Demeter\n|-damage|p1b: Demeter|16/100\n|\n|upkeep\n|turn|2\n|\n|t:|1745957272\n|move|p2b: Ogerpon|Spiky Shield|p2b: Ogerpon\n|-singleturn|p2b: Ogerpon|move: Protect\n|move|p1a: Hermes|Snarl|p2a: Lunala|[spread] p2a\n|-activate|p2b: Ogerpon|move: Protect\n|-resisted|p2a: Lunala\n|-damage|p2a: Lunala|98/100\n|-unboost|p2a: Lunala|spa|1\n|move|p1b: Demeter|Sludge Bomb|p2a: Lunala\n|-supereffective|p2a: Lunala\n|-damage|p2a: Lunala|26/100\n|move|p2a: Lunala|Trick Room|p2a: Lunala\n|-fieldstart|move: Trick Room|[of] p2a: Lunala\n|\n|upkeep\n|turn|3\n|inactive|Diabolical Intent has 30 seconds left.\n|\n|t:|1745957301\n|switch|p1b: Poseidon|Kyogre, L50|100/100\n|-weather|RainDance|[from] ability: Drizzle|[of] p1b: Poseidon\n|move|p2a: Lunala|Moongeist Beam|p1b: Poseidon\n|-damage|p1b: Poseidon|59/100\n|move|p2b: Ogerpon|Ivy Cudgel|p1a: Hermes|[anim] Ivy Cudgel Rock\n|-supereffective|p1a: Hermes\n|-damage|p1a: Hermes|0 fnt\n|faint|p1a: Hermes\n|-end|p1a: Hermes|Quark Drive|[silent]\n|\n|-weather|RainDance|[upkeep]\n|upkeep\n|\n|t:|1745957304\n|switch|p1a: Ares|Urshifu-Rapid-Strike, L50, F|100/100\n|turn|4\n|inactive|TViewierVGC has 30 seconds left.\n|\n|t:|1745957336\n|switch|p1b: Demeter|Landorus, L50, M|16/100\n|switch|p2a: Koraidon|Koraidon, L50|100/100\n|-weather|SunnyDay|[from] ability: Orichalcum Pulse|[of] p2a: Koraidon\n|-activate|p2a: Koraidon|Orichalcum Pulse|[source]\n|move|p2b: Ogerpon|Follow Me|p2b: Ogerpon\n|-singleturn|p2b: Ogerpon|move: Follow Me\n|move|p1a: Ares|Surging Strikes|p2b: Ogerpon\n|-crit|p2b: Ogerpon\n|-damage|p2b: Ogerpon|0 fnt\n|faint|p2b: Ogerpon\n|-hitcount|p2: Ogerpon|1\n|\n|-weather|SunnyDay|[upkeep]\n|upkeep\n|\n|t:|1745957339\n|switch|p2b: AlienDreamEmulater|Iron Hands, L50|100/100\n|turn|5\n|inactive|Diabolical Intent has 30 seconds left.\n|inactive|Diabolical Intent has 20 seconds left.\n|inactive|Diabolical Intent has 15 seconds left.\n|\n|t:|1745957383\n|switch|p1b: Poseidon|Kyogre, L50|59/100\n|-weather|RainDance|[from] ability: Drizzle|[of] p1b: Poseidon\n|-terastallize|p1a: Ares|Grass\n|move|p2b: AlienDreamEmulater|Low Kick|p1b: Poseidon\n|-damage|p1b: Poseidon|1/100\n|move|p1a: Ares|Surging Strikes|p2a: Koraidon\n|-resisted|p2a: Koraidon\n|-crit|p2a: Koraidon\n|-damage|p2a: Koraidon|83/100\n|-resisted|p2a: Koraidon\n|-crit|p2a: Koraidon\n|-damage|p2a: Koraidon|64/100\n|-resisted|p2a: Koraidon\n|-crit|p2a: Koraidon\n|-damage|p2a: Koraidon|46/100\n|-hitcount|p2a: Koraidon|3\n|move|p2a: Koraidon|Close Combat|p1a: Ares\n|-damage|p1a: Ares|31/100\n|-unboost|p2a: Koraidon|def|1\n|-unboost|p2a: Koraidon|spd|1\n|-damage|p2a: Koraidon|36/100|[from] item: Life Orb\n|\n|-weather|RainDance|[upkeep]\n|upkeep\n|turn|6\n|inactive|Diabolical Intent has 30 seconds left.\n|inactive|TViewierVGC has 30 seconds left.\n|inactive|TViewierVGC has 20 seconds left.\n|\n|t:|1745957422\n|move|p1b: Poseidon|Protect|p1b: Poseidon\n|-singleturn|p1b: Poseidon|Protect\n|move|p1a: Ares|Protect|p1a: Ares\n|-singleturn|p1a: Ares|Protect\n|move|p2a: Koraidon|Protect|p2a: Koraidon\n|-singleturn|p2a: Koraidon|Protect\n|move|p2b: AlienDreamEmulater|Low Kick|p1a: Ares\n|-activate|p1a: Ares|move: Protect\n|\n|-weather|RainDance|[upkeep]\n|-fieldend|move: Trick Room\n|upkeep\n|turn|7\n|inactive|TViewierVGC has 30 seconds left.\n|inactive|TViewierVGC has 20 seconds left.\n|\n|t:|1745957460\n|move|p1a: Ares|Aqua Jet|p2a: Koraidon\n|-resisted|p2a: Koraidon\n|-crit|p2a: Koraidon\n|-damage|p2a: Koraidon|0 fnt\n|faint|p2a: Koraidon\n|move|p1b: Poseidon|Hydro Pump|p2b: AlienDreamEmulater\n|-damage|p2b: AlienDreamEmulater|37/100\n|move|p2b: AlienDreamEmulater|Drain Punch|p1a: Ares\n|-damage|p1a: Ares|0 fnt\n|-heal|p2b: AlienDreamEmulater|50/100|[from] drain|[of] p1a: Ares\n|faint|p1a: Ares\n|\n|-weather|RainDance|[upkeep]\n|upkeep\n|\n|t:|1745957463\n|switch|p2a: Lunala|Lunala, L50, shiny, tera:Fairy|26/100\n|switch|p1a: Demeter|Landorus, L50, M|16/100\n|turn|8\n|\n|t:|1745957482\n|move|p2a: Lunala|Wide Guard|p2a: Lunala\n|-singleturn|p2a: Lunala|Wide Guard\n|move|p1a: Demeter|Earth Power|p2b: AlienDreamEmulater\n|-supereffective|p2b: AlienDreamEmulater\n|-damage|p2b: AlienDreamEmulater|0 fnt\n|faint|p2b: AlienDreamEmulater\n|-end|p2b: AlienDreamEmulater|Quark Drive|[silent]\n|move|p1b: Poseidon|Hydro Pump|p2a: Lunala|[miss]\n|-miss|p1b: Poseidon|p2a: Lunala\n|\n|-weather|RainDance|[upkeep]\n|upkeep\n|turn|9\n|-message|TViewierVGC forfeited.\n|\n|win|Diabolical Intent\n||Diabolical Intent is ready for game 3.\n||TViewierVGC is ready for game 3.\n|uhtml|next|Next: <a href=\"/battle-gen9vgc2025regibo3-2353455198\"><strong>Game 3 of 3</strong></a>\n|l|\u2606Diabolical Intent\n|player|p1|\n|l|\u2606TViewierVGC\n|player|p2|\n", "uploadtime": 1745957850, "views": 6, "formatid": "gen9vgc2025regibo3", "rating": null, "private": 0, "password": null}