{"id": "gen9vgc2025regibo3-2354884827", "format": "[Gen 9] VGC 2025 Reg I (Bo3)", "players": ["sjouko", "isaflorsalcedo"], "log": "|j|\u2606sjouko\n|j|\u2606isaflorsalcedo\n|html|<table width=\"100%\"><tr><td align=\"left\">sjouko</td><td align=\"right\">isaflorsalcedo</tr><tr><td align=\"left\"><i class=\"fa fa-circle\"></i> <i class=\"fa fa-circle-o\"></i> </td><td align=\"right\"><i class=\"fa fa-circle-o\"></i> <i class=\"fa fa-circle\"></i> </tr></table>\n|uhtml|bestof|<h2><strong>Game 3</strong> of <a href=\"/game-bestof3-gen9vgc2025regibo3-2354878981\">a best-of-3</a></h2>\n|t:|1746128401\n|gametype|doubles\n|player|p1|sjouko|101|1063\n|player|p2|isaflorsalcedo|266|1115\n|teamsize|p1|6\n|teamsize|p2|6\n|gen|9\n|tier|[Gen 9] VGC 2025 Reg I (Bo3)\n|rated|\n|rule|Species Clause: Limit one of each Pok\u00e9mon\n|rule|Item Clause: Limit 1 of each item\n|clearpoke\n|poke|p1|Zacian-*, L50|\n|poke|p1|Koraidon, L50|\n|poke|p1|Ogerpon-Cornerstone, L50, F|\n|poke|p1|Farigiraf, L50, M|\n|poke|p1|Raichu, L50, F|\n|poke|p1|Flutter Mane, L50|\n|poke|p2|Kyogre, L50|\n|poke|p2|Zacian-*, L50|\n|poke|p2|Rillaboom, L50, F|\n|poke|p2|Tornadus, L50, M|\n|poke|p2|Chien-Pao, L50|\n|poke|p2|Ogerpon-Hearthflame, L50, F|\n|teampreview|4\n|showteam|p1|Zacian-Crowned||RustedSword|IntrepidSword|PlayRough,behemothblade,SacredSword,Protect||||||50|,,,,,Flying]Koraidon||ClearAmulet|OrichalcumPulse|CloseCombat,Protect,FlareBlitz,FlameCharge||||||50|,,,,,Fire]Ogerpon-Cornerstone||CornerstoneMask|Sturdy|HornLeech,IvyCudgel,SpikyShield,StompingTantrum|||F|||50|,,,,,Rock]Farigiraf||SitrusBerry|ArmorTail|HelpingHand,Protect,FoulPlay,SkillSwap|||M|||50|,,,,,Fairy]Raichu||AssaultVest|LightningRod|Electroweb,Endeavor,FakeOut,Nuzzle|||F|||50|,,,,,Flying]Flutter Mane||FocusSash|Protosynthesis|Moonblast,Protect,ShadowBall,IcyWind||||||50|,,,,,Fairy\n|showteam|p2|Kyogre||MysticWater|Drizzle|WaterSpout,OriginPulse,IceBeam,Protect||||||50|,,,,,Grass]Zacian-Crowned||RustedSword|IntrepidSword|behemothblade,PlayRough,SacredSword,Protect||||||50|,,,,,Water]Rillaboom||AssaultVest|GrassySurge|GrassyGlide,WoodHammer,FakeOut,Uturn|||F|||50|,,,,,Fire]Tornadus||CovertCloak|Prankster|BleakwindStorm,RainDance,Tailwind,Protect|||M|||50|,,,,,Dark]Chien-Pao||FocusSash|SwordofRuin|IcicleCrash,SuckerPunch,ThroatChop,Protect||||||50|,,,,,Ghost]Ogerpon-Hearthflame||HearthflameMask|MoldBreaker|IvyCudgel,FollowMe,SpikyShield,Encore|||F|||50|,,,,,Fire\n|\n|t:|1746128425\n|start\n|switch|p1a: Ogerpon|Ogerpon-Cornerstone, L50, F|100/100\n|switch|p1b: Raichu|Raichu, L50, F|100/100\n|switch|p2a: Kyogre|Kyogre, L50|100/100\n|switch|p2b: Tornadus|Tornadus, L50, M|100/100\n|-weather|RainDance|[from] ability: Drizzle|[of] p2a: Kyogre\n|turn|1\n|\n|t:|1746128457\n|move|p2b: Tornadus|Protect|p2b: Tornadus\n|-singleturn|p2b: Tornadus|Protect\n|move|p2a: Kyogre|Protect|p2a: Kyogre\n|-singleturn|p2a: Kyogre|Protect\n|move|p1a: Ogerpon|Ivy Cudgel|p2b: Tornadus|[anim] Ivy Cudgel Rock\n|-activate|p2b: Tornadus|move: Protect\n|move|p1b: Raichu|Nuzzle|p2a: Kyogre\n|-activate|p2a: Kyogre|move: Protect\n|\n|-weather|RainDance|[upkeep]\n|upkeep\n|turn|2\n|\n|t:|1746128473\n|move|p2b: Tornadus|Tailwind|p2b: Tornadus\n|-sidestart|p2: isaflorsalcedo|move: Tailwind\n|move|p2a: Kyogre|Water Spout|p1b: Raichu|[spread] p1a,p1b\n|-ability|p1a: Ogerpon|Sturdy\n|-damage|p1a: Ogerpon|1/100\n|-damage|p1b: Raichu|24/100\n|move|p1a: Ogerpon|Horn Leech|p2a: Kyogre\n|-supereffective|p2a: Kyogre\n|-damage|p2a: Kyogre|24/100\n|-heal|p1a: Ogerpon|52/100|[from] drain|[of] p2a: Kyogre\n|move|p1b: Raichu|Nuzzle|p2a: Kyogre\n|-supereffective|p2a: Kyogre\n|-damage|p2a: Kyogre|13/100\n|-status|p2a: Kyogre|par\n|\n|-weather|RainDance|[upkeep]\n|upkeep\n|turn|3\n|\n|t:|1746128496\n|move|p2b: Tornadus|Bleakwind Storm|p1a: Ogerpon|[spread] p1a,p1b\n|-resisted|p1b: Raichu\n|-damage|p1a: Ogerpon|13/100\n|-damage|p1b: Raichu|14/100\n|move|p1a: Ogerpon|Ivy Cudgel|p2b: Tornadus|[anim] Ivy Cudgel Rock\n|-supereffective|p2b: Tornadus\n|-damage|p2b: Tornadus|0 fnt\n|faint|p2b: Tornadus\n|move|p1b: Raichu|Electroweb|p2a: Kyogre\n|-supereffective|p2a: Kyogre\n|-damage|p2a: Kyogre|0 fnt\n|faint|p2a: Kyogre\n|\n|-weather|RainDance|[upkeep]\n|upkeep\n|\n|t:|1746128509\n|switch|p2b: Ogerpon|Ogerpon-Hearthflame, L50, F|100/100\n|switch|p2a: Zacian|Zacian-Crowned, L50|100/100\n|-ability|p2a: Zacian|Intrepid Sword|boost\n|-boost|p2a: Zacian|atk|1\n|-ability|p2b: Ogerpon|Mold Breaker\n|turn|4\n|\n|t:|1746128548\n|move|p2a: Zacian|Sacred Sword|p1b: Raichu\n|-damage|p1b: Raichu|0 fnt\n|faint|p1b: Raichu\n|move|p2b: Ogerpon|Ivy Cudgel|p1a: Ogerpon|[anim] Ivy Cudgel Fire\n|-damage|p1a: Ogerpon|0 fnt\n|faint|p1a: Ogerpon\n|\n|-weather|RainDance|[upkeep]\n|upkeep\n|\n|t:|1746128551\n|switch|p1a: Zacian|Zacian-Crowned, L50|100/100\n|switch|p1b: Koraidon|Koraidon, L50|100/100\n|-ability|p1a: Zacian|Intrepid Sword|boost\n|-boost|p1a: Zacian|atk|1\n|-weather|SunnyDay|[from] ability: Orichalcum Pulse|[of] p1b: Koraidon\n|-activate|p1b: Koraidon|Orichalcum Pulse|[source]\n|turn|5\n|\n|t:|1746128573\n|-terastallize|p2b: Ogerpon|Fire\n|detailschange|p2b: Ogerpon|Ogerpon-Hearthflame-Tera, L50, F, tera:Fire\n|-ability|p2b: Ogerpon|Embody Aspect (Hearthflame)|boost\n|-boost|p2b: Ogerpon|atk|1\n|move|p1a: Zacian|Protect|p1a: Zacian\n|-singleturn|p1a: Zacian|Protect\n|move|p1b: Koraidon|Protect|p1b: Koraidon\n|-singleturn|p1b: Koraidon|Protect\n|move|p2a: Zacian|Play Rough|p1b: Koraidon\n|-activate|p1b: Koraidon|move: Protect\n|move|p2b: Ogerpon|Ivy Cudgel|p1a: Zacian|[anim] Ivy Cudgel Fire\n|-activate|p1a: Zacian|move: Protect\n|\n|-weather|SunnyDay|[upkeep]\n|-sideend|p2: isaflorsalcedo|move: Tailwind\n|upkeep\n|turn|6\n|\n|t:|1746128612\n|-terastallize|p1b: Koraidon|Fire\n|move|p1a: Zacian|Protect||[still]\n|-fail|p1a: Zacian\n|move|p2b: Ogerpon|Follow Me|p2b: Ogerpon\n|-singleturn|p2b: Ogerpon|move: Follow Me\n|move|p2a: Zacian|Play Rough|p1b: Koraidon\n|-resisted|p1b: Koraidon\n|-damage|p1b: Koraidon|67/100\n|move|p1b: Koraidon|Flare Blitz|p2b: Ogerpon\n|-resisted|p2b: Ogerpon\n|-damage|p2b: Ogerpon|31/100\n|-damage|p1b: Koraidon|44/100|[from] Recoil\n|\n|-weather|SunnyDay|[upkeep]\n|upkeep\n|turn|7\n|\n|t:|1746128633\n|move|p2b: Ogerpon|Spiky Shield|p2b: Ogerpon\n|-singleturn|p2b: Ogerpon|move: Protect\n|move|p1a: Zacian|Sacred Sword|p2b: Ogerpon\n|-activate|p2b: Ogerpon|move: Protect\n|-damage|p1a: Zacian|89/100|[from] Spiky Shield|[of] p2b: Ogerpon\n|move|p2a: Zacian|Behemoth Blade|p1a: Zacian\n|-damage|p1a: Zacian|13/100\n|move|p1b: Koraidon|Flare Blitz|p2a: Zacian\n|-supereffective|p2a: Zacian\n|-damage|p2a: Zacian|0 fnt\n|faint|p2a: Zacian\n|-damage|p1b: Koraidon|8/100|[from] Recoil\n|\n|-weather|SunnyDay|[upkeep]\n|upkeep\n|turn|8\n|\n|t:|1746128652\n|move|p2b: Ogerpon|Spiky Shield|p2b: Ogerpon\n|-singleturn|p2b: Ogerpon|move: Protect\n|move|p1a: Zacian|Sacred Sword|p2b: Ogerpon\n|-activate|p2b: Ogerpon|move: Protect\n|-damage|p1a: Zacian|1/100|[from] Spiky Shield|[of] p2b: Ogerpon\n|move|p1b: Koraidon|Close Combat|p2b: Ogerpon\n|-activate|p2b: Ogerpon|move: Protect\n|-damage|p1b: Koraidon|0 fnt|[from] Spiky Shield|[of] p2b: Ogerpon\n|faint|p1b: Koraidon\n|\n|-weather|SunnyDay|[upkeep]\n|upkeep\n|turn|9\n|\n|t:|1746128677\n|move|p1a: Zacian|Sacred Sword|p2b: Ogerpon\n|-damage|p2b: Ogerpon|0 fnt\n|faint|p2b: Ogerpon\n|\n|win|sjouko\n|raw|sjouko's rating: 1063 &rarr; <strong>1098</strong><br />(+35 for winning)\n|raw|isaflorsalcedo's rating: 1115 &rarr; <strong>1086</strong><br />(-29 for losing)\n|c|\u2606sjouko|Noob\n|l|\u2606sjouko\n|player|p1|\n", "uploadtime": 1746128718, "views": 7, "formatid": "gen9vgc2025regibo3", "rating": 1086, "private": 0, "password": null}