{"id": "gen9vgc2025regibo3-2354564901", "format": "[Gen 9] VGC 2025 Reg I (Bo3)", "players": ["1Manuel1410", "Eternatususususu"], "log": "|j|\u26061Manuel1410\n|j|\u2606Eternatususususu\n|html|<table width=\"100%\"><tr><td align=\"left\">1Manuel1410</td><td align=\"right\">Eternatususususu</tr><tr><td align=\"left\"><i class=\"fa fa-circle-o\"></i> <i class=\"fa fa-circle-o\"></i> </td><td align=\"right\"><i class=\"fa fa-circle-o\"></i> <i class=\"fa fa-circle-o\"></i> </tr></table>\n|uhtml|bestof|<h2><strong>Game 1</strong> of <a href=\"/game-bestof3-gen9vgc2025regibo3-2354564900\">a best-of-3</a></h2>\n|t:|1746095357\n|gametype|doubles\n|player|p1|1Manuel1410|170|1252\n|player|p2|Eternatususususu|pokekid|1172\n|teamsize|p1|6\n|teamsize|p2|6\n|gen|9\n|tier|[Gen 9] VGC 2025 Reg I (Bo3)\n|rated|\n|rule|Species Clause: Limit one of each Pok\u00e9mon\n|rule|Item Clause: Limit 1 of each item\n|clearpoke\n|poke|p1|Calyrex-Shadow, L50|\n|poke|p1|Zamazenta-*, L50|\n|poke|p1|Rillaboom, L50, F|\n|poke|p1|Grimmsnarl, L50, M|\n|poke|p1|Dragonite, L50, F|\n|poke|p1|Chien-Pao, L50|\n|poke|p2|Eternatus, L50|\n|poke|p2|Ho-Oh, L50|\n|poke|p2|Urshifu-*, L50, F|\n|poke|p2|Rillaboom, L50, M|\n|poke|p2|Incineroar, L50, F|\n|poke|p2|Ogerpon-Cornerstone, L50, F|\n|teampreview|4\n|showteam|p1|Calyrex-Shadow||LifeOrb|AsOneSpectrier|ShadowBall,AstralBarrage,Protect,Psychic||||||50|,,,,,Water]Zamazenta-Crowned||RustedShield|DauntlessShield|WideGuard,BodyPress,Protect,behemothbash||||||50|,,,,,Dragon]Rillaboom||AssaultVest|GrassySurge|FakeOut,GrassyGlide,WoodHammer,Uturn|||F|||50|,,,,,Fire]Grimmsnarl||LightClay|Prankster|FoulPlay,Reflect,LightScreen,ThunderWave|||M|||50|,,,,,Steel]Dragonite||ChoiceBand|InnerFocus|ExtremeSpeed,IceSpinner,Outrage,AerialAce|||F|||50|,,,,,Normal]Chien-Pao||FocusSash|SwordofRuin|SuckerPunch,SacredSword,IcicleCrash,Protect||||||50|,,,,,Dark\n|showteam|p2|Eternatus||LifeOrb|Pressure|SludgeBomb,DynamaxCannon,Protect,Substitute||||||50|,,,,,Stellar]Ho-Oh||ClearAmulet|Regenerator|SacredFire,BraveBird,Protect,Tailwind||||||50|,,,,,Grass]Urshifu-Rapid-Strike||MysticWater|UnseenFist|SurgingStrikes,Taunt,CloseCombat,Detect|||F|||50|,,,,,Water]Rillaboom||AssaultVest|GrassySurge|DrumBeating,GrassyGlide,Uturn,FakeOut|||M|||50|,,,,,Water]Incineroar||SafetyGoggles|Intimidate|KnockOff,FakeOut,PartingShot,WillOWisp|||F|||50|,,,,,Bug]Ogerpon-Cornerstone||CornerstoneMask|Sturdy|IvyCudgel,PowerWhip,Protect,FollowMe|||F|||50|,,,,,Rock\n|\n|t:|1746095403\n|start\n|switch|p1a: Calyrex|Calyrex-Shadow, L50|100/100\n|switch|p1b: Chien-Pao|Chien-Pao, L50|100/100\n|switch|p2a: Ho-Oh|Ho-Oh, L50|100/100\n|switch|p2b: Incineroar|Incineroar, L50, F, shiny|100/100\n|-ability|p1a: Calyrex|As One\n|-ability|p1a: Calyrex|Unnerve\n|-ability|p1b: Chien-Pao|Sword of Ruin\n|-ability|p2b: Incineroar|Intimidate|boost\n|-unboost|p1a: Calyrex|atk|1\n|-unboost|p1b: Chien-Pao|atk|1\n|turn|1\n|\n|t:|1746095415\n|move|p1a: Calyrex|Protect|p1a: Calyrex\n|-singleturn|p1a: Calyrex|Protect\n|move|p1b: Chien-Pao|Protect|p1b: Chien-Pao\n|-singleturn|p1b: Chien-Pao|Protect\n|move|p2b: Incineroar|Fake Out|p1b: Chien-Pao\n|-activate|p1b: Chien-Pao|move: Protect\n|move|p2a: Ho-Oh|Tailwind|p2a: Ho-Oh\n|-sidestart|p2: Eternatususususu|move: Tailwind\n|\n|upkeep\n|turn|2\n|\n|t:|1746095432\n|-terastallize|p1a: Calyrex|Water\n|move|p2a: Ho-Oh|Sacred Fire|p1a: Calyrex\n|-resisted|p1a: Calyrex\n|-damage|p1a: Calyrex|58/100\n|move|p1a: Calyrex|Astral Barrage|p2b: Incineroar|[spread] p2a,p2b\n|-resisted|p2b: Incineroar\n|-damage|p2a: Ho-Oh|60/100\n|-damage|p2b: Incineroar|67/100\n|-damage|p1a: Calyrex|49/100|[from] item: Life Orb\n|move|p1b: Chien-Pao|Sacred Sword|p2b: Incineroar\n|-supereffective|p2b: Incineroar\n|-damage|p2b: Incineroar|32/100\n|move|p2b: Incineroar|Parting Shot|p1b: Chien-Pao\n|-unboost|p1b: Chien-Pao|atk|1\n|-unboost|p1b: Chien-Pao|spa|1\n|\n|t:|1746095451\n|switch|p2b: Ogerpon|Ogerpon-Cornerstone, L50, F|100/100|[from] Parting Shot\n|\n|upkeep\n|turn|3\n|\n|t:|1746095470\n|switch|p2b: Incineroar|Incineroar, L50, F, shiny|32/100\n|-ability|p2b: Incineroar|Intimidate|boost\n|-unboost|p1a: Calyrex|atk|1\n|-unboost|p1b: Chien-Pao|atk|1\n|switch|p1b: Zamazenta|Zamazenta-Crowned, L50|100/100\n|-ability|p1b: Zamazenta|Dauntless Shield|boost\n|-boost|p1b: Zamazenta|def|1\n|move|p1a: Calyrex|Protect|p1a: Calyrex\n|-singleturn|p1a: Calyrex|Protect\n|move|p2a: Ho-Oh|Brave Bird|p1a: Calyrex\n|-activate|p1a: Calyrex|move: Protect\n|\n|upkeep\n|turn|4\n|\n|t:|1746095487\n|switch|p1a: Dragonite|Dragonite, L50, F|100/100\n|move|p1b: Zamazenta|Protect|p1b: Zamazenta\n|-singleturn|p1b: Zamazenta|Protect\n|move|p2b: Incineroar|Fake Out|p1b: Zamazenta\n|-activate|p1b: Zamazenta|move: Protect\n|move|p2a: Ho-Oh|Brave Bird|p1a: Dragonite\n|-damage|p1a: Dragonite|32/100\n|-damage|p2a: Ho-Oh|42/100|[from] Recoil\n|\n|-sideend|p2: Eternatususususu|move: Tailwind\n|upkeep\n|turn|5\n|\n|t:|1746095519\n|switch|p2a: Ogerpon|Ogerpon-Cornerstone, L50, F|100/100\n|switch|p2b: Eternatus|Eternatus, L50|100/100\n|-ability|p2b: Eternatus|Pressure\n|move|p1a: Dragonite|Extreme Speed|p2a: Ogerpon\n|-resisted|p2a: Ogerpon\n|-damage|p2a: Ogerpon|67/100\n|move|p1b: Zamazenta|Body Press|p2b: Eternatus\n|-resisted|p2b: Eternatus\n|-damage|p2b: Eternatus|72/100\n|\n|upkeep\n|turn|6\n|\n|t:|1746095559\n|move|p2a: Ogerpon|Follow Me|p2a: Ogerpon\n|-singleturn|p2a: Ogerpon|move: Follow Me\n|move|p1a: Dragonite|Extreme Speed|p2a: Ogerpon\n|-resisted|p2a: Ogerpon\n|-damage|p2a: Ogerpon|34/100\n|move|p2b: Eternatus|Substitute|p2b: Eternatus\n|-start|p2b: Eternatus|Substitute\n|-damage|p2b: Eternatus|48/100\n|move|p1b: Zamazenta|Body Press|p2a: Ogerpon\n|-supereffective|p2a: Ogerpon\n|-damage|p2a: Ogerpon|0 fnt\n|faint|p2a: Ogerpon\n|\n|upkeep\n|\n|t:|1746095567\n|switch|p2a: Ho-Oh|Ho-Oh, L50|75/100\n|turn|7\n|\n|t:|1746095576\n|move|p1a: Dragonite|Extreme Speed|p2b: Eternatus\n|-end|p2b: Eternatus|Substitute\n|move|p2b: Eternatus|Dynamax Cannon|p1a: Dragonite\n|-supereffective|p1a: Dragonite\n|-damage|p1a: Dragonite|0 fnt\n|faint|p1a: Dragonite\n|-damage|p2b: Eternatus|38/100|[from] item: Life Orb\n|move|p1b: Zamazenta|Body Press|p2b: Eternatus\n|-resisted|p2b: Eternatus\n|-damage|p2b: Eternatus|11/100\n|move|p2a: Ho-Oh|Tailwind|p2a: Ho-Oh\n|-sidestart|p2: Eternatususususu|move: Tailwind\n|\n|upkeep\n|\n|t:|1746095591\n|switch|p1a: Chien-Pao|Chien-Pao, L50|100/100\n|-ability|p1a: Chien-Pao|Sword of Ruin\n|turn|8\n|\n|t:|1746095603\n|switch|p2b: Incineroar|Incineroar, L50, F, shiny|32/100\n|-ability|p2b: Incineroar|Intimidate|boost\n|-unboost|p1a: Chien-Pao|atk|1\n|-unboost|p1b: Zamazenta|atk|1\n|move|p1a: Chien-Pao|Sucker Punch||[still]\n|-fail|p1a: Chien-Pao\n|move|p2a: Ho-Oh|Sacred Fire|p1a: Chien-Pao\n|-supereffective|p1a: Chien-Pao\n|-enditem|p1a: Chien-Pao|Focus Sash\n|-damage|p1a: Chien-Pao|1/100\n|-status|p1a: Chien-Pao|brn\n|move|p1b: Zamazenta|Body Press|p2a: Ho-Oh\n|-resisted|p2a: Ho-Oh\n|-damage|p2a: Ho-Oh|31/100\n|\n|-damage|p1a: Chien-Pao|0 fnt|[from] brn\n|faint|p1a: Chien-Pao\n|upkeep\n|\n|t:|1746095619\n|switch|p1a: Calyrex|Calyrex-Shadow, L50, tera:Water|49/100\n|-ability|p1a: Calyrex|As One\n|-ability|p1a: Calyrex|Unnerve\n|turn|9\n|\n|t:|1746095630\n|switch|p2a: Eternatus|Eternatus, L50|11/100\n|-ability|p2a: Eternatus|Pressure\n|move|p1a: Calyrex|Astral Barrage|p2a: Eternatus|[spread] p2a,p2b\n|-resisted|p2b: Incineroar\n|-damage|p2a: Eternatus|0 fnt\n|-damage|p2b: Incineroar|1/100\n|faint|p2a: Eternatus\n|-ability|p1a: Calyrex|Grim Neigh|boost\n|-boost|p1a: Calyrex|spa|1\n|-damage|p1a: Calyrex|39/100|[from] item: Life Orb\n|move|p1b: Zamazenta|Body Press|p2b: Incineroar\n|-supereffective|p2b: Incineroar\n|-damage|p2b: Incineroar|0 fnt\n|faint|p2b: Incineroar\n|\n|upkeep\n|-message|Eternatususususu forfeited.\n|\n|win|1Manuel1410\n||Eternatususususu is ready for game 2.\n||1Manuel1410 is ready for game 2.\n|uhtml|next|Next: <a href=\"/battle-gen9vgc2025regibo3-2354566547\"><strong>Game 2 of 3</strong></a>\n|l|\u2606Eternatususususu\n|player|p2|\n|l|\u26061Manuel1410\n|player|p1|\n", "uploadtime": 1746095955, "views": 8, "formatid": "gen9vgc2025regibo3", "rating": null, "private": 0, "password": null}