{"id": "gen9vgc2025regibo3-2353759221", "format": "[Gen 9] VGC 2025 Reg I (Bo3)", "players": ["VeganCannibal", "rauliito_adh"], "log": "|j|\u2606VeganCannibal\n|j|\u2606rauliito_adh\n|html|<table width=\"100%\"><tr><td align=\"left\">VeganCannibal</td><td align=\"right\">rauliito_adh</tr><tr><td align=\"left\"><i class=\"fa fa-circle\"></i> <i class=\"fa fa-circle-o\"></i> </td><td align=\"right\"><i class=\"fa fa-circle-o\"></i> <i class=\"fa fa-circle-o\"></i> </tr></table>\n|uhtml|bestof|<h2><strong>Game 2</strong> of <a href=\"/game-bestof3-gen9vgc2025regibo3-2353757824\">a best-of-3</a></h2>\n|t:|1745995174\n|gametype|doubles\n|player|p1|VeganCannibal|169|1312\n|player|p2|rauliito_adh|101|1208\n|teamsize|p1|6\n|teamsize|p2|6\n|gen|9\n|tier|[Gen 9] VGC 2025 Reg I (Bo3)\n|rated|\n|rule|Species Clause: Limit one of each Pok\u00e9mon\n|rule|Item Clause: Limit 1 of each item\n|clearpoke\n|poke|p1|Calyrex-Shadow, L50|\n|poke|p1|Zamazenta-*, L50|\n|poke|p1|Incineroar, L50, F|\n|poke|p1|Weezing-Galar, L50, F|\n|poke|p1|Dondozo, L50, F|\n|poke|p1|Tatsugiri-Droopy, L50, F|\n|poke|p2|Calyrex-Shadow, L50|\n|poke|p2|Terapagos, L50, M|\n|poke|p2|Incineroar, L50, M|\n|poke|p2|Rillaboom, L50, M|\n|poke|p2|Amoonguss, L50, M|\n|poke|p2|Urshifu-*, L50, M|\n|teampreview|4\n|showteam|p1|Calyrex-Shadow||FocusSash|AsOneSpectrier|AstralBarrage,Psychic,Encore,Protect||||||50|,,,,,Ghost]Zamazenta-Crowned||RustedShield|DauntlessShield|BodyPress,behemothbash,WideGuard,Imprison||||||50|,,,,,Dragon]Incineroar||AssaultVest|Intimidate|Uturn,KnockOff,FlareBlitz,FakeOut|||F|||50|,,,,,Bug]Weezing-Galar||CovertCloak|NeutralizingGas|Protect,DazzlingGleam,ToxicSpikes,Taunt|||F|||50|,,,,,Dark]Dondozo||Leftovers|Unaware|Protect,WaveCrash,OrderUp,BodyPress|||F|||50|,,,,,Grass]Tatsugiri-Droopy||SafetyGoggles|Commander|Protect,DragonPulse,Taunt,HelpingHand|||F|||50|,,,,,Poison\n|showteam|p2|Calyrex-Shadow||FocusSash|AsOneSpectrier|AstralBarrage,WillOWisp,Disable,Protect||||||50|,,,,,Ghost]Terapagos||Leftovers|TeraShift|TeraStarstorm,EarthPower,CalmMind,Protect|||M|||50|,,,,,Stellar]Incineroar||SafetyGoggles|Intimidate|WillOWisp,KnockOff,FakeOut,PartingShot|||M|||50|,,,,,Bug]Rillaboom||AssaultVest|GrassySurge|FakeOut,WoodHammer,Uturn,GrassyGlide|||M|||50|,,,,,Grass]Amoonguss||RockyHelmet|Regenerator|Protect,Spore,RagePowder,SludgeBomb|||M|||50|,,,,,Water]Urshifu-Rapid-Strike||ChoiceScarf|UnseenFist|RockTomb,SurgingStrikes,Uturn,CloseCombat|||M|||50|,,,,,Water\n|inactive|Battle timer is ON: inactive players will automatically lose when time's up. (requested by VeganCannibal)\n|inactive|rauliito_adh has 60 seconds left.\n|\n|t:|1745995223\n|start\n|switch|p1a: Calyrex|Calyrex-Shadow, L50|100/100\n|switch|p1b: Zamazenta|Zamazenta-Crowned, L50|100/100\n|switch|p2a: Calyrex|Calyrex-Shadow, L50|100/100\n|switch|p2b: Amoonguss|Amoonguss, L50, M|100/100\n|-ability|p2a: Calyrex|As One\n|-ability|p2a: Calyrex|Unnerve\n|-ability|p1a: Calyrex|As One\n|-ability|p1a: Calyrex|Unnerve\n|-ability|p1b: Zamazenta|Dauntless Shield|boost\n|-boost|p1b: Zamazenta|def|1\n|turn|1\n|\n|t:|1745995244\n|-terastallize|p1a: Calyrex|Ghost\n|-terastallize|p2b: Amoonguss|Water\n|move|p2a: Calyrex|Will-O-Wisp|p1b: Zamazenta\n|-status|p1b: Zamazenta|brn\n|move|p1a: Calyrex|Astral Barrage|p2a: Calyrex|[spread] p2a,p2b\n|-supereffective|p2a: Calyrex\n|-enditem|p2a: Calyrex|Focus Sash\n|-damage|p2a: Calyrex|1/100\n|-damage|p2b: Amoonguss|42/100\n|move|p1b: Zamazenta|Behemoth Bash|p2b: Amoonguss\n|-resisted|p2b: Amoonguss\n|-damage|p2b: Amoonguss|34/100\n|-damage|p1b: Zamazenta|84/100 brn|[from] item: Rocky Helmet|[of] p2b: Amoonguss\n|move|p2b: Amoonguss|Spore|p1a: Calyrex\n|-status|p1a: Calyrex|slp|[from] move: Spore\n|\n|-damage|p1b: Zamazenta|78/100 brn|[from] brn\n|upkeep\n|turn|2\n|inactive|rauliito_adh has 30 seconds left.\n|\n|t:|1745995277\n|move|p1b: Zamazenta|Wide Guard|p1b: Zamazenta\n|-singleturn|p1b: Zamazenta|Wide Guard\n|move|p2b: Amoonguss|Rage Powder|p2b: Amoonguss\n|-singleturn|p2b: Amoonguss|move: Rage Powder\n|cant|p1a: Calyrex|slp\n|move|p2a: Calyrex|Astral Barrage|p1a: Calyrex|[spread] \n|-activate|p1a: Calyrex|move: Wide Guard\n|-activate|p1b: Zamazenta|move: Wide Guard\n|\n|-damage|p1b: Zamazenta|72/100 brn|[from] brn\n|upkeep\n|turn|3\n|\n|t:|1745995294\n|cant|p1a: Calyrex|slp\n|move|p2a: Calyrex|Disable|p1b: Zamazenta\n|-start|p1b: Zamazenta|Disable|Wide Guard\n|move|p1b: Zamazenta|Behemoth Bash|p2a: Calyrex\n|-damage|p2a: Calyrex|0 fnt\n|faint|p2a: Calyrex\n|move|p2b: Amoonguss|Sludge Bomb|p1a: Calyrex\n|-resisted|p1a: Calyrex\n|-damage|p1a: Calyrex|87/100 slp\n|\n|-damage|p1b: Zamazenta|66/100 brn|[from] brn\n|upkeep\n|\n|t:|1745995305\n|switch|p2a: Terapagos|Terapagos, L50, M|100/100\n|-activate|p2a: Terapagos|ability: Tera Shift\n|detailschange|p2a: Terapagos|Terapagos-Terastal, L50, M\n|-heal|p2a: Terapagos|100/100|[silent]\n|turn|4\n|\n|t:|1745995316\n|switch|p2b: Rillaboom|Rillaboom, L50, M|100/100\n|-fieldstart|move: Grassy Terrain|[from] ability: Grassy Surge|[of] p2b: Rillaboom\n|cant|p1a: Calyrex|slp\n|move|p1b: Zamazenta|Body Press|p2a: Terapagos\n|-activate|p2a: Terapagos|ability: Tera Shell\n|-resisted|p2a: Terapagos\n|-damage|p2a: Terapagos|91/100\n|move|p2a: Terapagos|Calm Mind|p2a: Terapagos\n|-boost|p2a: Terapagos|spa|1\n|-boost|p2a: Terapagos|spd|1\n|\n|-heal|p1a: Calyrex|93/100 slp|[from] Grassy Terrain\n|-heal|p1b: Zamazenta|72/100 brn|[from] Grassy Terrain\n|-heal|p2a: Terapagos|97/100|[from] Grassy Terrain\n|-heal|p2a: Terapagos|100/100|[from] item: Leftovers\n|-damage|p1b: Zamazenta|66/100 brn|[from] brn\n|upkeep\n|turn|5\n|inactive|rauliito_adh has 30 seconds left.\n|\n|t:|1745995347\n|-curestatus|p1a: Calyrex|slp|[msg]\n|move|p1a: Calyrex|Encore|p2a: Terapagos\n|-start|p2a: Terapagos|Encore\n|move|p1b: Zamazenta|Body Press|p2b: Rillaboom\n|-damage|p2b: Rillaboom|79/100\n|move|p2a: Terapagos|Calm Mind|p2a: Terapagos\n|-boost|p2a: Terapagos|spa|1\n|-boost|p2a: Terapagos|spd|1\n|move|p2b: Rillaboom|Wood Hammer|p1a: Calyrex\n|-damage|p1a: Calyrex|14/100\n|-damage|p2b: Rillaboom|57/100|[from] Recoil\n|\n|-heal|p1a: Calyrex|20/100|[from] Grassy Terrain\n|-heal|p1b: Zamazenta|72/100 brn|[from] Grassy Terrain\n|-heal|p2b: Rillaboom|62/100|[from] Grassy Terrain\n|-damage|p1b: Zamazenta|66/100 brn|[from] brn\n|upkeep\n|turn|6\n|\n|t:|1745995364\n|switch|p1a: Tatsugiri|Tatsugiri-Droopy, L50, F, shiny|100/100\n|switch|p1b: Dondozo|Dondozo, L50, F|100/100\n|-activate|p1a: Tatsugiri|ability: Commander|[of] p1b: Dondozo\n|-boost|p1b: Dondozo|atk|2\n|-boost|p1b: Dondozo|spa|2\n|-boost|p1b: Dondozo|spe|2\n|-boost|p1b: Dondozo|def|2\n|-boost|p1b: Dondozo|spd|2\n|move|p2b: Rillaboom|Grassy Glide|p1a: Tatsugiri|[miss]\n|-miss|p2b: Rillaboom|p1a: Tatsugiri\n|move|p2a: Terapagos|Calm Mind|p2a: Terapagos\n|-boost|p2a: Terapagos|spa|1\n|-boost|p2a: Terapagos|spd|1\n|\n|-heal|p2b: Rillaboom|68/100|[from] Grassy Terrain\n|upkeep\n|turn|7\n|\n|t:|1745995387\n|move|p1b: Dondozo|Order Up|p2a: Terapagos\n|-activate|p2a: Terapagos|ability: Tera Shell\n|-resisted|p2a: Terapagos\n|-damage|p2a: Terapagos|89/100\n|-boost|p1b: Dondozo|def|1\n|move|p2a: Terapagos|Calm Mind|p2a: Terapagos\n|-boost|p2a: Terapagos|spa|1\n|-boost|p2a: Terapagos|spd|1\n|move|p2b: Rillaboom|U-turn|p1b: Dondozo\n|-crit|p1b: Dondozo\n|-damage|p1b: Dondozo|85/100\n|\n|t:|1745995398\n|switch|p2b: Amoonguss|Amoonguss, L50, M, tera:Water|67/100|[from] U-turn\n|\n|-heal|p1b: Dondozo|91/100|[from] Grassy Terrain\n|-heal|p1b: Dondozo|97/100|[from] item: Leftovers\n|-heal|p2a: Terapagos|95/100|[from] Grassy Terrain\n|-heal|p2a: Terapagos|100/100|[from] item: Leftovers\n|-heal|p2b: Amoonguss|73/100|[from] Grassy Terrain\n|-end|p2a: Terapagos|Encore\n|upkeep\n|turn|8\n|\n|t:|1745995415\n|move|p1b: Dondozo|Body Press|p2a: Terapagos\n|-activate|p2a: Terapagos|ability: Tera Shell\n|-resisted|p2a: Terapagos\n|-damage|p2a: Terapagos|78/100\n|move|p2a: Terapagos|Tera Starstorm|p1b: Dondozo\n|-damage|p1b: Dondozo|75/100\n|move|p2b: Amoonguss|Spore|p1b: Dondozo\n|-status|p1b: Dondozo|slp|[from] move: Spore\n|\n|-heal|p1b: Dondozo|82/100 slp|[from] Grassy Terrain\n|-heal|p1b: Dondozo|88/100 slp|[from] item: Leftovers\n|-heal|p2a: Terapagos|84/100|[from] Grassy Terrain\n|-heal|p2a: Terapagos|91/100|[from] item: Leftovers\n|-heal|p2b: Amoonguss|79/100|[from] Grassy Terrain\n|-fieldend|move: Grassy Terrain\n|upkeep\n|turn|9\n|inactive|rauliito_adh has 30 seconds left.\n|\n|t:|1745995442\n|cant|p1b: Dondozo|slp\n|move|p2a: Terapagos|Calm Mind|p2a: Terapagos\n|-boost|p2a: Terapagos|spa|1\n|-boost|p2a: Terapagos|spd|1\n|move|p2b: Amoonguss|Sludge Bomb|p1b: Dondozo\n|-crit|p1b: Dondozo\n|-damage|p1b: Dondozo|62/100 slp\n|\n|-heal|p1b: Dondozo|68/100 slp|[from] item: Leftovers\n|-heal|p2a: Terapagos|97/100|[from] item: Leftovers\n|upkeep\n|turn|10\n|\n|t:|1745995453\n|-curestatus|p1b: Dondozo|slp|[msg]\n|move|p1b: Dondozo|Body Press|p2a: Terapagos\n|-supereffective|p2a: Terapagos\n|-damage|p2a: Terapagos|15/100\n|move|p2a: Terapagos|Tera Starstorm|p1b: Dondozo\n|-damage|p1b: Dondozo|47/100\n|move|p2b: Amoonguss|Sludge Bomb|p1b: Dondozo\n|-damage|p1b: Dondozo|38/100\n|\n|-heal|p1b: Dondozo|44/100|[from] item: Leftovers\n|-heal|p2a: Terapagos|21/100|[from] item: Leftovers\n|upkeep\n|turn|11\n|\n|t:|1745995472\n|move|p2a: Terapagos|Protect|p2a: Terapagos\n|-singleturn|p2a: Terapagos|Protect\n|move|p1b: Dondozo|Body Press|p2a: Terapagos\n|-activate|p2a: Terapagos|move: Protect\n|move|p2b: Amoonguss|Spore|p1b: Dondozo\n|-status|p1b: Dondozo|slp|[from] move: Spore\n|\n|-heal|p1b: Dondozo|50/100 slp|[from] item: Leftovers\n|-heal|p2a: Terapagos|27/100|[from] item: Leftovers\n|upkeep\n|turn|12\n|\n|t:|1745995485\n|switch|p2b: Rillaboom|Rillaboom, L50, M|68/100\n|-fieldstart|move: Grassy Terrain|[from] ability: Grassy Surge|[of] p2b: Rillaboom\n|cant|p1b: Dondozo|slp\n|move|p2a: Terapagos|Tera Starstorm|p1b: Dondozo\n|-damage|p1b: Dondozo|29/100 slp\n|\n|-heal|p1b: Dondozo|35/100 slp|[from] Grassy Terrain\n|-heal|p1b: Dondozo|42/100 slp|[from] item: Leftovers\n|-heal|p2a: Terapagos|33/100|[from] Grassy Terrain\n|-heal|p2a: Terapagos|40/100|[from] item: Leftovers\n|-heal|p2b: Rillaboom|74/100|[from] Grassy Terrain\n|upkeep\n|turn|13\n|\n|t:|1745995500\n|cant|p1b: Dondozo|slp\n|move|p2a: Terapagos|Protect|p2a: Terapagos\n|-singleturn|p2a: Terapagos|Protect\n|move|p2b: Rillaboom|Wood Hammer|p1b: Dondozo\n|-supereffective|p1b: Dondozo\n|-damage|p1b: Dondozo|12/100 slp\n|-damage|p2b: Rillaboom|62/100|[from] Recoil\n|\n|-heal|p1b: Dondozo|18/100 slp|[from] Grassy Terrain\n|-heal|p1b: Dondozo|24/100 slp|[from] item: Leftovers\n|-heal|p2a: Terapagos|46/100|[from] Grassy Terrain\n|-heal|p2a: Terapagos|52/100|[from] item: Leftovers\n|-heal|p2b: Rillaboom|68/100|[from] Grassy Terrain\n|upkeep\n|turn|14\n|\n|t:|1745995511\n|cant|p1b: Dondozo|slp\n|move|p2a: Terapagos|Tera Starstorm|p1b: Dondozo\n|-damage|p1b: Dondozo|5/100 slp\n|move|p2b: Rillaboom|Wood Hammer|p1b: Dondozo\n|-supereffective|p1b: Dondozo\n|-damage|p1b: Dondozo|0 fnt\n|faint|p1b: Dondozo\n|-damage|p2b: Rillaboom|66/100|[from] Recoil\n|\n|-heal|p2a: Terapagos|58/100|[from] Grassy Terrain\n|-heal|p2a: Terapagos|65/100|[from] item: Leftovers\n|-heal|p2b: Rillaboom|72/100|[from] Grassy Terrain\n|upkeep\n|\n|t:|1745995518\n|switch|p1b: Zamazenta|Zamazenta-Crowned, L50|66/100 brn\n|turn|15\n|\n|t:|1745995531\n|move|p2a: Terapagos|Protect|p2a: Terapagos\n|-singleturn|p2a: Terapagos|Protect\n|move|p1b: Zamazenta|Wide Guard|p1b: Zamazenta\n|-singleturn|p1b: Zamazenta|Wide Guard\n|move|p2b: Rillaboom|U-turn|p1a: Tatsugiri\n|-damage|p1a: Tatsugiri|78/100\n|\n|t:|1745995539\n|switch|p2b: Amoonguss|Amoonguss, L50, M, tera:Water|100/100|[from] U-turn\n|move|p1a: Tatsugiri|Taunt|p2b: Amoonguss\n|-start|p2b: Amoonguss|move: Taunt\n|\n|-heal|p1b: Zamazenta|72/100 brn|[from] Grassy Terrain\n|-heal|p2a: Terapagos|71/100|[from] Grassy Terrain\n|-heal|p2a: Terapagos|77/100|[from] item: Leftovers\n|-heal|p1a: Tatsugiri|83/100|[from] Grassy Terrain\n|-damage|p1b: Zamazenta|66/100 brn|[from] brn\n|upkeep\n|turn|16\n|\n|t:|1745995553\n|move|p1a: Tatsugiri|Helping Hand|p1b: Zamazenta\n|-singleturn|p1b: Zamazenta|Helping Hand|[of] p1a: Tatsugiri\n|move|p1b: Zamazenta|Body Press|p2a: Terapagos\n|-supereffective|p2a: Terapagos\n|-damage|p2a: Terapagos|38/100\n|move|p2a: Terapagos|Earth Power|p1b: Zamazenta\n|-supereffective|p1b: Zamazenta\n|-damage|p1b: Zamazenta|0 fnt\n|faint|p1b: Zamazenta\n|move|p2b: Amoonguss|Sludge Bomb|p1a: Tatsugiri\n|-damage|p1a: Tatsugiri|61/100\n|\n|-heal|p2a: Terapagos|44/100|[from] Grassy Terrain\n|-heal|p2a: Terapagos|50/100|[from] item: Leftovers\n|-heal|p1a: Tatsugiri|67/100|[from] Grassy Terrain\n|-fieldend|move: Grassy Terrain\n|upkeep\n|\n|t:|1745995564\n|switch|p1b: Calyrex|Calyrex-Shadow, L50, tera:Ghost|20/100\n|-ability|p1b: Calyrex|As One\n|-ability|p1b: Calyrex|Unnerve\n|turn|17\n|\n|t:|1745995573\n|switch|p2b: Rillaboom|Rillaboom, L50, M|72/100\n|-fieldstart|move: Grassy Terrain|[from] ability: Grassy Surge|[of] p2b: Rillaboom\n|move|p2a: Terapagos|Protect|p2a: Terapagos\n|-singleturn|p2a: Terapagos|Protect\n|move|p1b: Calyrex|Psychic|p2a: Terapagos\n|-activate|p2a: Terapagos|move: Protect\n|move|p1a: Tatsugiri|Dragon Pulse|p2a: Terapagos\n|-activate|p2a: Terapagos|move: Protect\n|\n|-heal|p1b: Calyrex|27/100|[from] Grassy Terrain\n|-heal|p2a: Terapagos|57/100|[from] Grassy Terrain\n|-heal|p2a: Terapagos|63/100|[from] item: Leftovers\n|-heal|p2b: Rillaboom|78/100|[from] Grassy Terrain\n|-heal|p1a: Tatsugiri|72/100|[from] Grassy Terrain\n|upkeep\n|turn|18\n|\n|t:|1745995598\n|move|p2b: Rillaboom|Fake Out|p1a: Tatsugiri\n|-damage|p1a: Tatsugiri|59/100\n|move|p1b: Calyrex|Encore|p2a: Terapagos\n|-start|p2a: Terapagos|Encore\n|move|p2a: Terapagos|Protect||[still]\n|-fail|p2a: Terapagos\n|cant|p1a: Tatsugiri|flinch\n|\n|-heal|p1b: Calyrex|33/100|[from] Grassy Terrain\n|-heal|p2a: Terapagos|69/100|[from] Grassy Terrain\n|-heal|p2a: Terapagos|75/100|[from] item: Leftovers\n|-heal|p2b: Rillaboom|84/100|[from] Grassy Terrain\n|-heal|p1a: Tatsugiri|64/100|[from] Grassy Terrain\n|upkeep\n|turn|19\n|inactive|VeganCannibal has 30 seconds left.\n|\n|t:|1745995625\n|move|p1b: Calyrex|Protect|p1b: Calyrex\n|-singleturn|p1b: Calyrex|Protect\n|move|p2a: Terapagos|Protect|p2a: Terapagos\n|-singleturn|p2a: Terapagos|Protect\n|move|p2b: Rillaboom|Grassy Glide|p1b: Calyrex\n|-activate|p1b: Calyrex|move: Protect\n|move|p1a: Tatsugiri|Dragon Pulse|p2b: Rillaboom\n|-damage|p2b: Rillaboom|63/100\n|\n|-heal|p1b: Calyrex|39/100|[from] Grassy Terrain\n|-heal|p2a: Terapagos|82/100|[from] Grassy Terrain\n|-heal|p2a: Terapagos|88/100|[from] item: Leftovers\n|-heal|p2b: Rillaboom|69/100|[from] Grassy Terrain\n|-heal|p1a: Tatsugiri|70/100|[from] Grassy Terrain\n|upkeep\n|turn|20\n|\n|t:|1745995646\n|move|p1a: Tatsugiri|Helping Hand|p1b: Calyrex\n|-singleturn|p1b: Calyrex|Helping Hand|[of] p1a: Tatsugiri\n|move|p2a: Terapagos|Protect||[still]\n|-fail|p2a: Terapagos\n|move|p1b: Calyrex|Astral Barrage|p2b: Rillaboom|[spread] p2b\n|-immune|p2a: Terapagos\n|-damage|p2b: Rillaboom|0 fnt\n|faint|p2b: Rillaboom\n|-ability|p1b: Calyrex|Grim Neigh|boost\n|-boost|p1b: Calyrex|spa|1\n|\n|-heal|p1b: Calyrex|45/100|[from] Grassy Terrain\n|-heal|p2a: Terapagos|94/100|[from] Grassy Terrain\n|-heal|p2a: Terapagos|100/100|[from] item: Leftovers\n|-heal|p1a: Tatsugiri|76/100|[from] Grassy Terrain\n|-end|p2a: Terapagos|Encore\n|upkeep\n|\n|t:|1745995660\n|switch|p2b: Amoonguss|Amoonguss, L50, M, tera:Water|100/100\n|turn|21\n|\n|t:|1745995671\n|move|p1b: Calyrex|Protect|p1b: Calyrex\n|-singleturn|p1b: Calyrex|Protect\n|move|p2b: Amoonguss|Rage Powder|p2b: Amoonguss\n|-singleturn|p2b: Amoonguss|move: Rage Powder\n|move|p2a: Terapagos|Earth Power|p1b: Calyrex\n|-activate|p1b: Calyrex|move: Protect\n|move|p1a: Tatsugiri|Taunt|p2b: Amoonguss\n|-start|p2b: Amoonguss|move: Taunt\n|\n|-heal|p1b: Calyrex|52/100|[from] Grassy Terrain\n|-heal|p1a: Tatsugiri|82/100|[from] Grassy Terrain\n|-fieldend|move: Grassy Terrain\n|upkeep\n|turn|22\n|inactive|VeganCannibal has 30 seconds left.\n|\n|t:|1745995696\n|move|p1a: Tatsugiri|Helping Hand|p1b: Calyrex\n|-singleturn|p1b: Calyrex|Helping Hand|[of] p1a: Tatsugiri\n|move|p1b: Calyrex|Astral Barrage|p2b: Amoonguss|[spread] p2b\n|-immune|p2a: Terapagos\n|-damage|p2b: Amoonguss|0 fnt\n|faint|p2b: Amoonguss\n|-ability|p1b: Calyrex|Grim Neigh|boost\n|-boost|p1b: Calyrex|spa|1\n|move|p2a: Terapagos|Earth Power|p1b: Calyrex\n|-damage|p1b: Calyrex|0 fnt\n|faint|p1b: Calyrex\n|\n|upkeep\n|turn|23\n|\n|t:|1745995710\n|move|p2a: Terapagos|Tera Starstorm|p1a: Tatsugiri\n|-damage|p1a: Tatsugiri|0 fnt\n|faint|p1a: Tatsugiri\n|\n|win|rauliito_adh\n||rauliito_adh is ready for game 3.\n||VeganCannibal is ready for game 3.\n|uhtml|next|Next: <a href=\"/battle-gen9vgc2025regibo3-2353762418\"><strong>Game 3 of 3</strong></a>\n", "uploadtime": 1745996035, "views": 7, "formatid": "gen9vgc2025regibo3", "rating": null, "private": 0, "password": null}