{"id": "gen9vgc2025regibo3-2354801016", "format": "[Gen 9] VGC 2025 Reg I (Bo3)", "players": ["COLETTE HUEVO", "Magatsu_No_Musume"], "log": "|j|\u2606COLETTE HUEVO\n|j|\u2606Magatsu_No_Musume\n|html|<table width=\"100%\"><tr><td align=\"left\">COLETTE HUEVO</td><td align=\"right\">Magatsu_No_Musume</tr><tr><td align=\"left\"><i class=\"fa fa-circle-o\"></i> <i class=\"fa fa-circle-o\"></i> </td><td align=\"right\"><i class=\"fa fa-circle-o\"></i> <i class=\"fa fa-circle-o\"></i> </tr></table>\n|uhtml|bestof|<h2><strong>Game 1</strong> of <a href=\"/game-bestof3-gen9vgc2025regibo3-2354801015\">a best-of-3</a></h2>\n|t:|1746120921\n|gametype|doubles\n|player|p1|COLETTE HUEVO|101|\n|player|p2|Magatsu_No_Musume|lady-gen4|\n|teamsize|p1|6\n|teamsize|p2|6\n|gen|9\n|tier|[Gen 9] VGC 2025 Reg I (Bo3)\n|rule|Species Clause: Limit one of each Pok\u00e9mon\n|rule|Item Clause: Limit 1 of each item\n|clearpoke\n|poke|p1|Incineroar, L50, M|\n|poke|p1|Zamazenta-*, L50|\n|poke|p1|Raging Bolt, L50|\n|poke|p1|Flutter Mane, L50|\n|poke|p1|Amoonguss, L50, M|\n|poke|p1|Tornadus, L50, M|\n|poke|p2|Chandelure, L50, M|\n|poke|p2|Sinistcha, L50|\n|poke|p2|Rillaboom, L50, M|\n|poke|p2|Florges-White, L50, F|\n|poke|p2|Latios, L50, M|\n|poke|p2|Torterra, L50, M|\n|teampreview|4\n|showteam|p1|Incineroar||SafetyGoggles|Intimidate|PartingShot,FakeOut,FlareBlitz,KnockOff|||M|||50|,,,,,Ghost]Zamazenta-Crowned||RustedShield|DauntlessShield|IronDefense,behemothbash,BodyPress,Protect||||||50|,,,,,Water]Raging Bolt||AssaultVest|Protosynthesis|Thunderclap,Electroweb,DragonPulse,Snarl||||||50|,,,,,Fairy]Flutter Mane||BoosterEnergy|Protosynthesis|Moonblast,ShadowBall,Taunt,Protect||||||50|,,,,,Fairy]Amoonguss||SitrusBerry|Regenerator|RagePowder,PollenPuff,Spore,Toxic|||M|||50|,,,,,Water]Tornadus||CovertCloak|Prankster|RainDance,Tailwind,BleakwindStorm,Taunt|||M|||50|,,,,,Flying\n|showteam|p2|Chandelure||BlunderPolicy|Infiltrator|Inferno,Hex,ShadowBall,CalmMind|||M|||50|,,,,,Ghost]Sinistcha||Leftovers|Hospitality|RagePowder,MatchaGotcha,FoulPlay,LifeDew||||||50|,,,,,Grass]Rillaboom|||GrassySurge|GrassyGlide,Trailblaze,DrumBeating,DrainPunch|||M|||50|,,,,,Electric]Florges-White||GrassySeed|FlowerVeil|Substitute,CalmMind,EnergyBall,GigaDrain|||F|||50|,,,,,Grass]Latios||SoulDew|Levitate|SimpleBeam,PsychUp,HealPulse,LusterPurge|||M|||50|,,,,,Psychic]Torterra||WhiteHerb|ShellArmor|ShellSmash,Earthquake,WoodHammer,SeedBomb|||M|||50|,,,,,Grass\n|j| marcoszl\n|\n|t:|1746120960\n|start\n|switch|p1a: Tony|Incineroar, L50, M, shiny|100/100\n|switch|p1b: Peter la anguila|Raging Bolt, L50|100/100\n|switch|p2a: Shiny latias|Latios, L50, M|100/100\n|switch|p2b: ground go brrr|Torterra, L50, M|100/100\n|-ability|p1a: Tony|Intimidate|boost\n|-unboost|p2a: Shiny latias|atk|1\n|-unboost|p2b: ground go brrr|atk|1\n|-enditem|p2b: ground go brrr|White Herb\n|-clearnegativeboost|p2b: ground go brrr|[silent]\n|turn|1\n|\n|t:|1746120985\n|move|p2a: Shiny latias|Simple Beam|p2b: ground go brrr\n|-endability|p2b: ground go brrr|Shell Armor|[from] move: Simple Beam\n|-ability|p2b: ground go brrr|Simple|[from] move: Simple Beam\n|move|p2b: ground go brrr|Shell Smash|p2b: ground go brrr\n|-unboost|p2b: ground go brrr|def|2\n|-unboost|p2b: ground go brrr|spd|2\n|-boost|p2b: ground go brrr|atk|4\n|-boost|p2b: ground go brrr|spa|4\n|-boost|p2b: ground go brrr|spe|4\n|move|p1b: Peter la anguila|Snarl|p2a: Shiny latias|[spread] p2b\n|-miss|p1b: Peter la anguila|p2a: Shiny latias\n|-crit|p2b: ground go brrr\n|-damage|p2b: ground go brrr|53/100\n|-unboost|p2b: ground go brrr|spa|2\n|move|p1a: Tony|Parting Shot|p2b: ground go brrr\n|-unboost|p2b: ground go brrr|atk|2\n|-unboost|p2b: ground go brrr|spa|2\n|\n|t:|1746121002\n|switch|p1a: ELTORNADOS|Tornadus, L50, M, shiny|100/100|[from] Parting Shot\n|\n|upkeep\n|turn|2\n|\n|t:|1746121020\n|move|p1a: ELTORNADOS|Tailwind|p1a: ELTORNADOS\n|-sidestart|p1: COLETTE HUEVO|move: Tailwind\n|move|p2b: ground go brrr|Wood Hammer|p1b: Peter la anguila\n|-resisted|p1b: Peter la anguila\n|-damage|p1b: Peter la anguila|59/100\n|-damage|p2b: ground go brrr|34/100|[from] Recoil\n|move|p1b: Peter la anguila|Dragon Pulse|p2b: ground go brrr\n|-damage|p2b: ground go brrr|0 fnt\n|faint|p2b: ground go brrr\n|move|p2a: Shiny latias|Psych Up|p2: ground go brrr|[notarget]\n|-fail|p2a: Shiny latias\n|\n|upkeep\n|\n|t:|1746121032\n|switch|p2b: Hot Leaf Soup|Sinistcha, L50, shiny|100/100\n|turn|3\n|\n|t:|1746121047\n|move|p1b: Peter la anguila|Thunderclap|p2b: Hot Leaf Soup\n|-resisted|p2b: Hot Leaf Soup\n|-damage|p2b: Hot Leaf Soup|80/100\n|move|p1a: ELTORNADOS|Bleakwind Storm|p2a: Shiny latias|[spread] p2a,p2b\n|-supereffective|p2b: Hot Leaf Soup\n|-damage|p2a: Shiny latias|71/100\n|-damage|p2b: Hot Leaf Soup|14/100\n|move|p2a: Shiny latias|Luster Purge|p1b: Peter la anguila\n|-damage|p1b: Peter la anguila|27/100\n|-unboost|p1b: Peter la anguila|spd|1\n|move|p2b: Hot Leaf Soup|Matcha Gotcha|p1b: Peter la anguila|[spread] p1a,p1b\n|-resisted|p1a: ELTORNADOS\n|-resisted|p1b: Peter la anguila\n|-damage|p1a: ELTORNADOS|88/100\n|-heal|p2b: Hot Leaf Soup|22/100|[from] drain|[of] p1a: ELTORNADOS\n|-damage|p1b: Peter la anguila|18/100\n|-heal|p2b: Hot Leaf Soup|30/100|[from] drain|[of] p1b: Peter la anguila\n|-status|p1b: Peter la anguila|brn\n|\n|-heal|p2b: Hot Leaf Soup|36/100|[from] item: Leftovers\n|-damage|p1b: Peter la anguila|12/100 brn|[from] brn\n|upkeep\n|turn|4\n|l| marcoszl\n|\n|t:|1746121081\n|move|p1a: ELTORNADOS|Bleakwind Storm|p2b: Hot Leaf Soup|[spread] p2a,p2b\n|-supereffective|p2b: Hot Leaf Soup\n|-damage|p2a: Shiny latias|37/100\n|-damage|p2b: Hot Leaf Soup|0 fnt\n|faint|p2b: Hot Leaf Soup\n|move|p1b: Peter la anguila|Dragon Pulse|p2a: Shiny latias\n|-supereffective|p2a: Shiny latias\n|-damage|p2a: Shiny latias|0 fnt\n|faint|p2a: Shiny latias\n|\n|-damage|p1b: Peter la anguila|6/100 brn|[from] brn\n|upkeep\n|\n|t:|1746121097\n|switch|p2b: Alluring Flame|Chandelure, L50, M, shiny|100/100\n|turn|5\n|\n|t:|1746121103\n|move|p1a: ELTORNADOS|Taunt|p2b: Alluring Flame\n|-start|p2b: Alluring Flame|move: Taunt\n|move|p1b: Peter la anguila|Snarl|p2b: Alluring Flame\n|-supereffective|p2b: Alluring Flame\n|-damage|p2b: Alluring Flame|50/100\n|-unboost|p2b: Alluring Flame|spa|1\n|move|p2b: Alluring Flame|Inferno|p1b: Peter la anguila\n|-resisted|p1b: Peter la anguila\n|-damage|p1b: Peter la anguila|0 fnt\n|faint|p1b: Peter la anguila\n|-end|p1b: Peter la anguila|Protosynthesis|[silent]\n|\n|-sideend|p1: COLETTE HUEVO|move: Tailwind\n|upkeep\n|\n|t:|1746121114\n|switch|p1b: Tony|Incineroar, L50, M, shiny|100/100\n|-ability|p1b: Tony|Intimidate|boost\n|-unboost|p2b: Alluring Flame|atk|1\n|turn|6\n|\n|t:|1746121124\n|-terastallize|p2b: Alluring Flame|Ghost\n|move|p1a: ELTORNADOS|Bleakwind Storm|p2b: Alluring Flame\n|-damage|p2b: Alluring Flame|0 fnt\n|faint|p2b: Alluring Flame\n|\n|win|COLETTE HUEVO\n|l|\u2606Magatsu_No_Musume\n|player|p2|\n||COLETTE HUEVO is ready for game 2.\n|inactive|Magatsu_No_Musume has 30 seconds to confirm battle start!\n||Magatsu_No_Musume is ready for game 2.\n|uhtml|next|Next: <a href=\"/battle-gen9vgc2025regibo3-2354803448\"><strong>Game 2 of 3</strong></a>\n|l|\u2606COLETTE HUEVO\n|player|p1|\n", "uploadtime": 1746121390, "views": 5, "formatid": "gen9vgc2025regibo3", "rating": null, "private": 0, "password": null}