{"id": "gen9vgc2025regibo3-2355096964", "format": "[Gen 9] VGC 2025 Reg I (Bo3)", "players": ["Ssidebraves8", "sharkym02"], "log": "|j|\u2606Ssidebraves8\n|j|\u2606sharkym02\n|html|<table width=\"100%\"><tr><td align=\"left\">Ssidebraves8</td><td align=\"right\">sharkym02</tr><tr><td align=\"left\"><i class=\"fa fa-circle-o\"></i> <i class=\"fa fa-circle-o\"></i> </td><td align=\"right\"><i class=\"fa fa-circle-o\"></i> <i class=\"fa fa-circle-o\"></i> </tr></table>\n|uhtml|bestof|<h2><strong>Game 1</strong> of <a href=\"/game-bestof3-gen9vgc2025regibo3-2355096962\">a best-of-3</a></h2>\n|t:|1746152066\n|gametype|doubles\n|player|p1|Ssidebraves8|2|1176\n|player|p2|sharkym02|265|1168\n|teamsize|p1|6\n|teamsize|p2|6\n|gen|9\n|tier|[Gen 9] VGC 2025 Reg I (Bo3)\n|rated|\n|rule|Species Clause: Limit one of each Pok\u00e9mon\n|rule|Item Clause: Limit 1 of each item\n|clearpoke\n|poke|p1|Miraidon, L50|\n|poke|p1|Zamazenta-*, L50|\n|poke|p1|Zoroark-Hisui, L50, F|\n|poke|p1|Iron Hands, L50|\n|poke|p1|Grimmsnarl, L50, M|\n|poke|p1|Ditto, L50|\n|poke|p2|Zamazenta-*, L50|\n|poke|p2|Tornadus, L50, M|\n|poke|p2|Calyrex-Shadow, L50|\n|poke|p2|Rillaboom, L50, M|\n|poke|p2|Urshifu-*, L50, F|\n|poke|p2|Raging Bolt, L50|\n|teampreview|4\n|showteam|p1|Miraidon||ChoiceSpecs|HadronEngine|ElectroDrift,DazzlingGleam,VoltSwitch,DracoMeteor||||||50|,,,,,Fairy]Zamazenta-Crowned||RustedShield|DauntlessShield|BodyPress,WideGuard,Protect,behemothbash||||||50|,,,,,Dragon]Zoroark-Hisui||LifeOrb|Illusion|ShadowBall,Flamethrower,Protect,HelpingHand|||F|||50|,,,,,Fire]Iron Hands||AssaultVest|QuarkDrive|FakeOut,HeavySlam,LowKick,WildCharge||||||50|,,,,,Bug]Grimmsnarl||SitrusBerry|Prankster|FoulPlay,Protect,LightScreen,ThunderWave|||M|||50|,,,,,Dark]Ditto||FocusSash|Imposter|Transform||||||50|,,,,,Normal\n|showteam|p2|Zamazenta-Crowned||RustedShield|DauntlessShield|BodyPress,HeavySlam,WideGuard,Protect||||||50|,,,,,Dragon]Tornadus||CovertCloak|Prankster|BleakwindStorm,Tailwind,Taunt,RainDance|||M|||50|,,,,,Dark]Calyrex-Shadow||FocusSash|AsOneSpectrier|AstralBarrage,Psychic,NastyPlot,Protect||||||50|,,,,,Dark]Rillaboom||AssaultVest|GrassySurge|GrassyGlide,WoodHammer,KnockOff,FakeOut|||M|||50|,,,,,Fire]Urshifu-Rapid-Strike||ChoiceScarf|UnseenFist|SurgingStrikes,CloseCombat,Uturn,PoisonJab|||F|||50|,,,,,Water]Raging Bolt||Leftovers|Protosynthesis|Thunderclap,Thunderbolt,CalmMind,DracoMeteor||||||50|,,,,,Fairy\n|inactive|Battle timer is ON: inactive players will automatically lose when time's up. (requested by Ssidebraves8)\n|inactive|sharkym02 has 60 seconds left.\n|inactive|sharkym02 has 30 seconds left.\n|inactive|sharkym02 has 20 seconds left.\n|inactive|sharkym02 has 15 seconds left.\n|inactive|sharkym02 has 10 seconds left.\n|inactive|sharkym02 has 5 seconds left.\n|\n|t:|1746152168\n|start\n|switch|p1a: Miraidon|Miraidon, L50|100/100\n|switch|p1b: Grimmsnarl|Grimmsnarl, L50, M|100/100\n|switch|p2a: Zamazenta|Zamazenta-Crowned, L50|100/100\n|switch|p2b: Rillaboom|Rillaboom, L50, M|100/100\n|-fieldstart|move: Electric Terrain|[from] ability: Hadron Engine|[of] p1a: Miraidon\n|-ability|p2a: Zamazenta|Dauntless Shield|boost\n|-boost|p2a: Zamazenta|def|1\n|-fieldstart|move: Grassy Terrain|[from] ability: Grassy Surge|[of] p2b: Rillaboom\n|turn|1\n|inactive|Ssidebraves8 has 30 seconds left.\n|inactive|sharkym02 has 30 seconds left.\n|inactive|sharkym02 has 20 seconds left.\n|inactive|Ssidebraves8 has 20 seconds left.\n|inactive|sharkym02 has 15 seconds left.\n|inactive|sharkym02 has 10 seconds left.\n|\n|t:|1746152213\n|move|p1a: Miraidon|Volt Switch|p2a: Zamazenta\n|-damage|p2a: Zamazenta|55/100\n|\n|t:|1746152220\n|switch|p1a: Zamazenta|Zamazenta-Crowned, L50|100/100|[from] Volt Switch\n|-ability|p1a: Zamazenta|Dauntless Shield|boost\n|-boost|p1a: Zamazenta|def|1\n|move|p2a: Zamazenta|Body Press|p1b: Grimmsnarl\n|-immune|p1b: Grimmsnarl\n|move|p1b: Grimmsnarl|Flamethrower|p2a: Zamazenta\n|-supereffective|p2a: Zamazenta\n|-damage|p2a: Zamazenta|0 fnt\n|faint|p2a: Zamazenta\n|-damage|p1b: Grimmsnarl|91/100|[from] item: Life Orb\n|move|p2b: Rillaboom|Knock Off|p1a: Zamazenta\n|-resisted|p1a: Zamazenta\n|-damage|p1a: Zamazenta|96/100\n|\n|-heal|p1a: Zamazenta|100/100|[from] Grassy Terrain\n|-heal|p1b: Grimmsnarl|96/100|[from] Grassy Terrain\n|upkeep\n|\n|t:|1746152241\n|switch|p2a: Raging Bolt|Raging Bolt, L50|100/100\n|turn|2\n|inactive|Ssidebraves8 has 30 seconds left.\n|\n|t:|1746152270\n|move|p1b: Grimmsnarl|Helping Hand|p1a: Zamazenta\n|-singleturn|p1a: Zamazenta|Helping Hand|[of] p1b: Grimmsnarl\n|move|p1a: Zamazenta|Body Press|p2a: Raging Bolt\n|-damage|p2a: Raging Bolt|15/100\n|move|p2b: Rillaboom|Knock Off|p1b: Grimmsnarl\n|-supereffective|p1b: Grimmsnarl\n|-damage|p1b: Grimmsnarl|0 fnt\n|replace|p1b: Zoroark|Zoroark-Hisui, L50, F\n|-end|p1b: Zoroark|Illusion\n|-enditem|p1b: Zoroark|Life Orb|[from] move: Knock Off|[of] p2b: Rillaboom\n|faint|p1b: Zoroark\n|move|p2a: Raging Bolt|Thunderbolt|p1a: Zamazenta\n|-damage|p1a: Zamazenta|67/100\n|\n|-heal|p1a: Zamazenta|73/100|[from] Grassy Terrain\n|-heal|p2a: Raging Bolt|21/100|[from] Grassy Terrain\n|-heal|p2a: Raging Bolt|27/100|[from] item: Leftovers\n|upkeep\n|\n|t:|1746152289\n|switch|p1b: Miraidon|Miraidon, L50|100/100\n|-fieldstart|move: Electric Terrain|[from] ability: Hadron Engine|[of] p1b: Miraidon\n|turn|3\n|\n|t:|1746152306\n|-terastallize|p1b: Miraidon|Fairy\n|move|p2a: Raging Bolt|Thunderclap|p1a: Zamazenta\n|-damage|p1a: Zamazenta|36/100\n|move|p1b: Miraidon|Dazzling Gleam|p2b: Rillaboom|[spread] p2a,p2b\n|-supereffective|p2a: Raging Bolt\n|-damage|p2a: Raging Bolt|0 fnt\n|-damage|p2b: Rillaboom|53/100\n|faint|p2a: Raging Bolt\n|-end|p2a: Raging Bolt|Protosynthesis|[silent]\n|move|p1a: Zamazenta|Body Press|p2b: Rillaboom\n|-damage|p2b: Rillaboom|0 fnt\n|faint|p2b: Rillaboom\n|\n|upkeep\n|\n|t:|1746152316\n|switch|p2b: Calyrex|Calyrex-Shadow, L50|100/100\n|-ability|p2b: Calyrex|As One\n|-ability|p2b: Calyrex|Unnerve\n|turn|4\n|\n|t:|1746152329\n|move|p2b: Calyrex|Astral Barrage|p1a: Zamazenta|[spread] p1a,p1b\n|-damage|p1a: Zamazenta|0 fnt\n|-damage|p1b: Miraidon|55/100\n|faint|p1a: Zamazenta\n|-ability|p2b: Calyrex|Grim Neigh|boost\n|-boost|p2b: Calyrex|spa|1\n|move|p1b: Miraidon|Dazzling Gleam|p2b: Calyrex\n|-damage|p2b: Calyrex|17/100\n|\n|upkeep\n|\n|t:|1746152339\n|switch|p1a: Grimmsnarl|Grimmsnarl, L50, M|100/100\n|turn|5\n|\n|t:|1746152347\n|-terastallize|p2b: Calyrex|Dark\n|move|p1a: Grimmsnarl|Light Screen|p1a: Grimmsnarl\n|-sidestart|p1: Ssidebraves8|move: Light Screen\n|move|p2b: Calyrex|Astral Barrage|p1b: Miraidon|[spread] p1a,p1b\n|-resisted|p1a: Grimmsnarl\n|-crit|p1b: Miraidon\n|-damage|p1a: Grimmsnarl|76/100\n|-damage|p1b: Miraidon|0 fnt\n|faint|p1b: Miraidon\n|-ability|p2b: Calyrex|Grim Neigh|boost\n|-boost|p2b: Calyrex|spa|1\n|\n|upkeep\n|turn|6\n|\n|t:|1746152359\n|move|p2b: Calyrex|Astral Barrage|p1a: Grimmsnarl\n|-resisted|p1a: Grimmsnarl\n|-damage|p1a: Grimmsnarl|31/100\n|move|p1a: Grimmsnarl|Foul Play|p2b: Calyrex\n|-resisted|p2b: Calyrex\n|-damage|p2b: Calyrex|4/100\n|\n|upkeep\n|turn|7\n|\n|t:|1746152368\n|move|p1a: Grimmsnarl|Thunder Wave|p2b: Calyrex\n|-hint|Since gen 7, Dark is immune to Prankster moves.\n|-immune|p2b: Calyrex\n|move|p2b: Calyrex|Astral Barrage|p1a: Grimmsnarl\n|-resisted|p1a: Grimmsnarl\n|-damage|p1a: Grimmsnarl|0 fnt\n|faint|p1a: Grimmsnarl\n|\n|win|sharkym02\n||sharkym02 is ready for game 2.\n||Ssidebraves8 is ready for game 2.\n|uhtml|next|Next: <a href=\"/battle-gen9vgc2025regibo3-2355099384\"><strong>Game 2 of 3</strong></a>\n|l|\u2606sharkym02\n|player|p2|\n|l|\u2606Ssidebraves8\n|player|p1|\n", "uploadtime": 1746152659, "views": 3, "formatid": "gen9vgc2025regibo3", "rating": null, "private": 0, "password": null}