{"id": "gen9vgc2025regibo3-2354320811", "format": "[Gen 9] VGC 2025 Reg I (Bo3)", "players": ["is_katabo", "goldentrubbish13"], "log": "|j|\u2606is_katabo\n|j|\u203dgoldentrubbish13\n|html|<table width=\"100%\"><tr><td align=\"left\">is_katabo</td><td align=\"right\">goldentrubbish13</tr><tr><td align=\"left\"><i class=\"fa fa-circle\"></i> <i class=\"fa fa-circle-o\"></i> </td><td align=\"right\"><i class=\"fa fa-circle-o\"></i> <i class=\"fa fa-circle\"></i> </tr></table>\n|uhtml|bestof|<h2><strong>Game 3</strong> of <a href=\"/game-bestof3-gen9vgc2025regibo3-2354316817\">a best-of-3</a></h2>\n|t:|1746057020\n|gametype|doubles\n|player|p1|is_katabo|caitlin|1121\n|player|p2|goldentrubbish13|265|1075\n|teamsize|p1|6\n|teamsize|p2|6\n|gen|9\n|tier|[Gen 9] VGC 2025 Reg I (Bo3)\n|rated|\n|rule|Species Clause: Limit one of each Pok\u00e9mon\n|rule|Item Clause: Limit 1 of each item\n|clearpoke\n|poke|p1|Koraidon, L50|\n|poke|p1|Calyrex-Shadow, L50|\n|poke|p1|Incineroar, L50, F|\n|poke|p1|Indeedee-F, L50, F|\n|poke|p1|Brute Bonnet, L50|\n|poke|p1|Flutter Mane, L50|\n|poke|p2|Calyrex-Shadow, L50|\n|poke|p2|Koraidon, L50|\n|poke|p2|Whimsicott, L50, F|\n|poke|p2|Ogerpon-Hearthflame, L50, F|\n|poke|p2|Incineroar, L50, M|\n|poke|p2|Iron Hands, L50|\n|teampreview|4\n|showteam|p1|Koraidon||LifeOrb|OrichalcumPulse|CloseCombat,FlameCharge,FlareBlitz,Protect||||||50|,,,,,Fire]Calyrex-Shadow||FocusSash|AsOneSpectrier|AstralBarrage,ExpandingForce,Psychic,Protect||||||50|,,,,,Ghost]Incineroar||SafetyGoggles|Intimidate|FakeOut,KnockOff,PartingShot,Taunt|||F|||50|,,,,,Bug]Indeedee-F||RockyHelmet|PsychicSurge|Psychic,FollowMe,HelpingHand,TrickRoom|||F|||50|,,,,,Water]Brute Bonnet||CovertCloak|Protosynthesis|SeedBomb,SuckerPunch,RagePowder,Spore||||||50|,,,,,Fairy]Flutter Mane||BoosterEnergy|Protosynthesis|Moonblast,IcyWind,Taunt,Protect||||||50|,,,,,Water\n|showteam|p2|Calyrex-Shadow||FocusSash|AsOneSpectrier|AstralBarrage,Psychic,NastyPlot,Protect||||||50|,,,,,Ghost]Koraidon||LifeOrb|OrichalcumPulse|FlareBlitz,CloseCombat,FlameCharge,Protect||||||50|,,,,,Fire]Whimsicott||CovertCloak|Prankster|Moonblast,Tailwind,Encore,Taunt|||F|||50|,,,,,Dark]Ogerpon-Hearthflame||HearthflameMask|MoldBreaker|IvyCudgel,WoodHammer,FollowMe,SpikyShield|||F|||50|,,,,,Fire]Incineroar||RockyHelmet|Intimidate|KnockOff,Taunt,PartingShot,FakeOut|||M|||50|,,,,,Grass]Iron Hands||AssaultVest|QuarkDrive|WildCharge,DrainPunch,LowKick,FakeOut||||||50|,,,,,Water\n|\n|t:|1746057053\n|start\n|switch|p1a: Jockey|Calyrex-Shadow, L50|100/100\n|switch|p1b: Steve|Incineroar, L50, F|100/100\n|switch|p2a: Whimsicott|Whimsicott, L50, F|100/100\n|switch|p2b: Koraidon|Koraidon, L50|100/100\n|-ability|p1a: Jockey|As One\n|-ability|p1a: Jockey|Unnerve\n|-weather|SunnyDay|[from] ability: Orichalcum Pulse|[of] p2b: Koraidon\n|-activate|p2b: Koraidon|Orichalcum Pulse|[source]\n|-ability|p1b: Steve|Intimidate|boost\n|-unboost|p2a: Whimsicott|atk|1\n|-unboost|p2b: Koraidon|atk|1\n|turn|1\n|\n|t:|1746057081\n|-terastallize|p1a: Jockey|Ghost\n|move|p2b: Koraidon|Protect|p2b: Koraidon\n|-singleturn|p2b: Koraidon|Protect\n|move|p2a: Whimsicott|Tailwind|p2a: Whimsicott\n|-sidestart|p2: goldentrubbish13|move: Tailwind\n|move|p1a: Jockey|Astral Barrage|p2b: Koraidon|[spread] p2a\n|-activate|p2b: Koraidon|move: Protect\n|-damage|p2a: Whimsicott|1/100\n|move|p1b: Steve|Parting Shot|p2a: Whimsicott\n|-unboost|p2a: Whimsicott|atk|1\n|-unboost|p2a: Whimsicott|spa|1\n|\n|t:|1746057093\n|switch|p1b: Shulker Box|Brute Bonnet, L50|100/100|[from] Parting Shot\n|-activate|p1b: Shulker Box|ability: Protosynthesis\n|-start|p1b: Shulker Box|protosynthesisdef\n|\n|-weather|SunnyDay|[upkeep]\n|upkeep\n|turn|2\n|\n|t:|1746057149\n|move|p1b: Shulker Box|Sucker Punch|p2a: Whimsicott\n|-resisted|p2a: Whimsicott\n|-damage|p2a: Whimsicott|0 fnt\n|faint|p2a: Whimsicott\n|move|p2b: Koraidon|Flame Charge|p1a: Jockey\n|-damage|p1a: Jockey|64/100\n|-boost|p2b: Koraidon|spe|1\n|-damage|p2b: Koraidon|91/100|[from] item: Life Orb\n|move|p1a: Jockey|Astral Barrage|p2b: Koraidon\n|-damage|p2b: Koraidon|0 fnt\n|faint|p2b: Koraidon\n|-ability|p1a: Jockey|Grim Neigh|boost\n|-boost|p1a: Jockey|spa|1\n|\n|-weather|SunnyDay|[upkeep]\n|upkeep\n|\n|t:|1746057156\n|switch|p2b: Ogerpon|Ogerpon-Hearthflame, L50, F|100/100\n|switch|p2a: Calyrex|Calyrex-Shadow, L50|100/100\n|-ability|p2a: Calyrex|As One\n|-ability|p2a: Calyrex|Unnerve\n|-ability|p2b: Ogerpon|Mold Breaker\n|turn|3\n|\n|t:|1746057180\n|switch|p1a: Steve|Incineroar, L50, F|100/100\n|-ability|p1a: Steve|Intimidate|boost\n|-unboost|p2a: Calyrex|atk|1\n|-unboost|p2b: Ogerpon|atk|1\n|move|p2a: Calyrex|Protect|p2a: Calyrex\n|-singleturn|p2a: Calyrex|Protect\n|move|p2b: Ogerpon|Ivy Cudgel|p1b: Shulker Box|[anim] Ivy Cudgel Fire\n|-supereffective|p1b: Shulker Box\n|-damage|p1b: Shulker Box|56/100\n|move|p1b: Shulker Box|Seed Bomb|p2a: Calyrex\n|-activate|p2a: Calyrex|move: Protect\n|\n|-weather|SunnyDay|[upkeep]\n|upkeep\n|turn|4\n|\n|t:|1746057207\n|move|p2a: Calyrex|Nasty Plot|p2a: Calyrex\n|-boost|p2a: Calyrex|spa|2\n|move|p2b: Ogerpon|Ivy Cudgel|p1b: Shulker Box|[anim] Ivy Cudgel Fire\n|-supereffective|p1b: Shulker Box\n|-damage|p1b: Shulker Box|8/100\n|move|p1a: Steve|Taunt|p2b: Ogerpon\n|-start|p2b: Ogerpon|move: Taunt\n|move|p1b: Shulker Box|Seed Bomb|p2a: Calyrex\n|-crit|p2a: Calyrex\n|-damage|p2a: Calyrex|37/100\n|\n|-weather|SunnyDay|[upkeep]\n|-sideend|p2: goldentrubbish13|move: Tailwind\n|upkeep\n|turn|5\n|\n|t:|1746057226\n|move|p2a: Calyrex|Protect|p2a: Calyrex\n|-singleturn|p2a: Calyrex|Protect\n|move|p1b: Shulker Box|Sucker Punch||[still]\n|-fail|p1b: Shulker Box\n|move|p2b: Ogerpon|Ivy Cudgel|p1b: Shulker Box|[anim] Ivy Cudgel Fire\n|-supereffective|p1b: Shulker Box\n|-damage|p1b: Shulker Box|0 fnt\n|faint|p1b: Shulker Box\n|-end|p1b: Shulker Box|Protosynthesis|[silent]\n|move|p1a: Steve|Knock Off|p2a: Calyrex\n|-activate|p2a: Calyrex|move: Protect\n|\n|-weather|none\n|upkeep\n|\n|t:|1746057238\n|switch|p1b: Jockey|Calyrex-Shadow, L50, tera:Ghost|64/100\n|-ability|p1b: Jockey|As One\n|-ability|p1b: Jockey|Unnerve\n|turn|6\n|\n|t:|1746057258\n|-terastallize|p2a: Calyrex|Ghost\n|move|p1b: Jockey|Protect|p1b: Jockey\n|-singleturn|p1b: Jockey|Protect\n|move|p2a: Calyrex|Astral Barrage|p1a: Steve|[spread] p1a\n|-activate|p1b: Jockey|move: Protect\n|-resisted|p1a: Steve\n|-damage|p1a: Steve|25/100\n|move|p2b: Ogerpon|Ivy Cudgel|p1a: Steve|[anim] Ivy Cudgel Fire\n|-resisted|p1a: Steve\n|-damage|p1a: Steve|14/100\n|move|p1a: Steve|Knock Off|p2a: Calyrex\n|-supereffective|p2a: Calyrex\n|-damage|p2a: Calyrex|0 fnt\n|-enditem|p2a: Calyrex|Focus Sash|[from] move: Knock Off|[of] p1a: Steve\n|faint|p2a: Calyrex\n|\n|upkeep\n|turn|7\n|\n|t:|1746057280\n|move|p1b: Jockey|Astral Barrage|p2b: Ogerpon\n|-damage|p2b: Ogerpon|5/100\n|move|p2b: Ogerpon|Ivy Cudgel|p1b: Jockey|[anim] Ivy Cudgel Fire\n|-damage|p1b: Jockey|25/100\n|move|p1a: Steve|Knock Off|p2b: Ogerpon\n|-damage|p2b: Ogerpon|0 fnt\n|faint|p2b: Ogerpon\n|\n|win|is_katabo\n|raw|is_katabo's rating: 1121 &rarr; <strong>1143</strong><br />(+22 for winning)\n|raw|goldentrubbish13's rating: 1075 &rarr; <strong>1057</strong><br />(-18 for losing)\n|l|\u203dgoldentrubbish13\n|player|p2|\n", "uploadtime": 1746057300, "views": 9, "formatid": "gen9vgc2025regibo3", "rating": 1057, "private": 0, "password": null}