{"id": "gen9vgc2025regibo3-2353810105", "format": "[Gen 9] VGC 2025 Reg I (Bo3)", "players": ["NoPants1101", "R4ka"], "log": "|j|\u2606NoPants1101\n|j|\u2606R4ka\n|html|<table width=\"100%\"><tr><td align=\"left\">NoPants1101</td><td align=\"right\">R4ka</tr><tr><td align=\"left\"><i class=\"fa fa-circle\"></i> <i class=\"fa fa-circle-o\"></i> </td><td align=\"right\"><i class=\"fa fa-circle-o\"></i> <i class=\"fa fa-circle-o\"></i> </tr></table>\n|uhtml|bestof|<h2><strong>Game 2</strong> of <a href=\"/game-bestof3-gen9vgc2025regibo3-2353808437\">a best-of-3</a></h2>\n|t:|1746003735\n|gametype|doubles\n|player|p1|NoPants1101|rei|1161\n|player|p2|R4ka|riley|1255\n|teamsize|p1|6\n|teamsize|p2|6\n|gen|9\n|tier|[Gen 9] VGC 2025 Reg I (Bo3)\n|rated|\n|rule|Species Clause: Limit one of each Pok\u00e9mon\n|rule|Item Clause: Limit 1 of each item\n|clearpoke\n|poke|p1|Terapagos, L50, M|\n|poke|p1|Calyrex-Shadow, L50|\n|poke|p1|Scream Tail, L50|\n|poke|p1|Rillaboom, L50, F|\n|poke|p1|Incineroar, L50, F|\n|poke|p1|Ogerpon-Cornerstone, L50, F|\n|poke|p2|Miraidon, L50|\n|poke|p2|Lunala, L50|\n|poke|p2|Whimsicott, L50, F|\n|poke|p2|Chi-Yu, L50|\n|poke|p2|Urshifu-*, L50, M|\n|poke|p2|Iron Hands, L50|\n|teampreview|4\n|showteam|p1|Terapagos||Leftovers|TeraShift|TeraStarstorm,EarthPower,CalmMind,Protect|||M|||50|,,,,,Stellar]Calyrex-Shadow||FocusSash|AsOneSpectrier|AstralBarrage,Psychic,NastyPlot,Protect||||||50|,,,,,Dark]Scream Tail||BoosterEnergy|Protosynthesis|DazzlingGleam,Encore,Disable,Protect||||||50|,,,,,Dark]Rillaboom||AssaultVest|GrassySurge|FakeOut,GrassyGlide,WoodHammer,Uturn|||F|||50|,,,,,Fire]Incineroar||SafetyGoggles|Intimidate|FakeOut,KnockOff,FlareBlitz,PartingShot|||F|||50|,,,,,Water]Ogerpon-Cornerstone||CornerstoneMask|Sturdy|IvyCudgel,PowerWhip,FollowMe,SpikyShield|||F|||50|,,,,,Rock\n|showteam|p2|Miraidon||ChoiceSpecs|HadronEngine|ElectroDrift,VoltSwitch,DracoMeteor,DazzlingGleam||||||50|,,,,,Fairy]Lunala||ElectricSeed|ShadowShield|MoongeistBeam,Psyshock,TrickRoom,WideGuard||||||50|,,,,,Water]Whimsicott||CovertCloak|Prankster|Moonblast,Tailwind,Encore,LightScreen|||F|||50|,,,,,Dark]Chi-Yu||ChoiceScarf|BeadsofRuin|HeatWave,DarkPulse,Overheat,Snarl||||||50|,,,,,Ghost]Urshifu-Rapid-Strike||FocusSash|UnseenFist|SurgingStrikes,CloseCombat,AquaJet,Detect|||M|||50|,,,,,Stellar]Iron Hands||AssaultVest|QuarkDrive|DrainPunch,LowKick,HeavySlam,FakeOut||||||50|,,,,,Water\n|\n|t:|1746003748\n|start\n|switch|p1a: Terapagos|Terapagos, L50, M|100/100\n|switch|p1b: Rillaboom|Rillaboom, L50, F|100/100\n|switch|p2a: Whimsicott|Whimsicott, L50, F|100/100\n|switch|p2b: Chi-Yu|Chi-Yu, L50|100/100\n|-activate|p1a: Terapagos|ability: Tera Shift\n|detailschange|p1a: Terapagos|Terapagos-Terastal, L50, M\n|-heal|p1a: Terapagos|100/100|[silent]\n|-ability|p2b: Chi-Yu|Beads of Ruin\n|-fieldstart|move: Grassy Terrain|[from] ability: Grassy Surge|[of] p1b: Rillaboom\n|turn|1\n|\n|t:|1746003769\n|-terastallize|p2b: Chi-Yu|Ghost\n|-terastallize|p1a: Terapagos|Stellar\n|detailschange|p1a: Terapagos|Terapagos-Stellar, L50, M, tera:Stellar\n|-heal|p1a: Terapagos|100/100|[silent]\n|-ability|p1a: Terapagos|Teraform Zero\n|-fieldend|move: Grassy Terrain\n|move|p1b: Rillaboom|Fake Out|p2b: Chi-Yu\n|-immune|p2b: Chi-Yu\n|move|p2a: Whimsicott|Tailwind|p2a: Whimsicott\n|-sidestart|p2: R4ka|move: Tailwind\n|move|p2b: Chi-Yu|Heat Wave|p1b: Rillaboom|[spread] p1a,p1b\n|-supereffective|p1b: Rillaboom\n|-damage|p1a: Terapagos|67/100\n|-damage|p1b: Rillaboom|25/100\n|-status|p1a: Terapagos|brn\n|-status|p1b: Rillaboom|brn\n|move|p1a: Terapagos|Tera Starstorm|p2a: Whimsicott|[spread] p2a,p2b\n|-supereffective|p2b: Chi-Yu\n|-damage|p2a: Whimsicott|39/100\n|-damage|p2b: Chi-Yu|5/100\n|\n|-heal|p1a: Terapagos|74/100 brn|[from] item: Leftovers\n|-damage|p1a: Terapagos|67/100 brn|[from] brn\n|-damage|p1b: Rillaboom|19/100 brn|[from] brn\n|upkeep\n|turn|2\n|\n|t:|1746003798\n|move|p2a: Whimsicott|Light Screen|p2a: Whimsicott\n|-sidestart|p2: R4ka|move: Light Screen\n|move|p2b: Chi-Yu|Heat Wave|p1a: Terapagos|[spread] p1a\n|-miss|p2b: Chi-Yu|p1b: Rillaboom\n|-damage|p1a: Terapagos|34/100 brn\n|move|p1a: Terapagos|Tera Starstorm|p2a: Whimsicott|[spread] p2a,p2b\n|-supereffective|p2b: Chi-Yu\n|-damage|p2a: Whimsicott|1/100\n|-damage|p2b: Chi-Yu|0 fnt\n|faint|p2b: Chi-Yu\n|move|p1b: Rillaboom|U-turn|p2a: Whimsicott\n|-damage|p2a: Whimsicott|0 fnt\n|faint|p2a: Whimsicott\n|\n|t:|1746003811\n|switch|p1b: Calyrex|Calyrex-Shadow, L50|100/100|[from] U-turn\n|-ability|p1b: Calyrex|As One\n|-ability|p1b: Calyrex|Unnerve\n|\n|-heal|p1a: Terapagos|40/100 brn|[from] item: Leftovers\n|-damage|p1a: Terapagos|34/100 brn|[from] brn\n|upkeep\n|\n|t:|1746003823\n|switch|p2a: Miraidon|Miraidon, L50|100/100\n|switch|p2b: Iron Hands|Iron Hands, L50|100/100\n|-fieldstart|move: Electric Terrain|[from] ability: Hadron Engine|[of] p2a: Miraidon\n|-activate|p2b: Iron Hands|ability: Quark Drive\n|-start|p2b: Iron Hands|quarkdriveatk\n|turn|3\n|\n|t:|1746003840\n|move|p1b: Calyrex|Protect|p1b: Calyrex\n|-singleturn|p1b: Calyrex|Protect\n|move|p1a: Terapagos|Protect|p1a: Terapagos\n|-singleturn|p1a: Terapagos|Protect\n|move|p2b: Iron Hands|Fake Out|p1a: Terapagos\n|-activate|p1a: Terapagos|move: Protect\n|move|p2a: Miraidon|Electro Drift|p1b: Calyrex\n|-activate|p1b: Calyrex|move: Protect\n|\n|-heal|p1a: Terapagos|40/100 brn|[from] item: Leftovers\n|-damage|p1a: Terapagos|34/100 brn|[from] brn\n|upkeep\n|turn|4\n|\n|t:|1746003875\n|move|p2a: Miraidon|Electro Drift|p1b: Calyrex\n|-enditem|p1b: Calyrex|Focus Sash\n|-damage|p1b: Calyrex|1/100\n|move|p1b: Calyrex|Psychic|p2b: Iron Hands\n|-supereffective|p2b: Iron Hands\n|-damage|p2b: Iron Hands|55/100\n|-unboost|p2b: Iron Hands|spd|1\n|move|p1a: Terapagos|Earth Power|p2b: Iron Hands\n|-supereffective|p2b: Iron Hands\n|-damage|p2b: Iron Hands|15/100\n|move|p2b: Iron Hands|Heavy Slam|p1b: Calyrex\n|-damage|p1b: Calyrex|0 fnt\n|faint|p1b: Calyrex\n|\n|-heal|p1a: Terapagos|40/100 brn|[from] item: Leftovers\n|-damage|p1a: Terapagos|34/100 brn|[from] brn\n|-sideend|p2: R4ka|move: Tailwind\n|upkeep\n|\n|t:|1746003895\n|switch|p1b: Scream Tail|Scream Tail, L50|100/100\n|-enditem|p1b: Scream Tail|Booster Energy\n|-activate|p1b: Scream Tail|ability: Protosynthesis|[fromitem]\n|-start|p1b: Scream Tail|protosynthesisspe\n|turn|5\n|\n|t:|1746003916\n|move|p1b: Scream Tail|Disable|p2a: Miraidon\n|-start|p2a: Miraidon|Disable|Electro Drift\n|cant|p2a: Miraidon|Disable|Electro Drift\n|move|p1a: Terapagos|Earth Power|p2b: Iron Hands\n|-supereffective|p2b: Iron Hands\n|-damage|p2b: Iron Hands|0 fnt\n|faint|p2b: Iron Hands\n|-end|p2b: Iron Hands|Quark Drive|[silent]\n|\n|-heal|p1a: Terapagos|40/100 brn|[from] item: Leftovers\n|-damage|p1a: Terapagos|34/100 brn|[from] brn\n|upkeep\n|turn|6\n|\n|t:|1746003934\n|move|p1b: Scream Tail|Dazzling Gleam|p2a: Miraidon\n|-supereffective|p2a: Miraidon\n|-damage|p2a: Miraidon|74/100\n|-activate|p2a: Miraidon|move: Struggle\n|move|p2a: Miraidon|Struggle|p1b: Scream Tail\n|-damage|p1b: Scream Tail|93/100\n|-damage|p2a: Miraidon|49/100|[from] recoil\n|move|p1a: Terapagos|Earth Power|p2a: Miraidon\n|-supereffective|p2a: Miraidon\n|-damage|p2a: Miraidon|3/100\n|-unboost|p2a: Miraidon|spd|1\n|\n|-heal|p1a: Terapagos|40/100 brn|[from] item: Leftovers\n|-damage|p1a: Terapagos|34/100 brn|[from] brn\n|-sideend|p2: R4ka|move: Light Screen\n|upkeep\n|turn|7\n|-message|R4ka forfeited.\n|\n|win|NoPants1101\n|raw|NoPants1101's rating: 1161 &rarr; <strong>1193</strong><br />(+32 for winning)\n|raw|R4ka's rating: 1255 &rarr; <strong>1223</strong><br />(-32 for losing)\n|l|\u2606NoPants1101\n|player|p1|\n", "uploadtime": 1746003996, "views": 11, "formatid": "gen9vgc2025regibo3", "rating": 1193, "private": 0, "password": null}