{"id": "gen9vgc2025regibo3-2354333109", "format": "[Gen 9] VGC 2025 Reg I (Bo3)", "players": ["ExessVGC", "jdanhyde"], "log": "|j|\u2606ExessVGC\n|j|\u2606jdanhyde\n|html|<table width=\"100%\"><tr><td align=\"left\">ExessVGC</td><td align=\"right\">jdanhyde</tr><tr><td align=\"left\"><i class=\"fa fa-circle\"></i> <i class=\"fa fa-circle-o\"></i> </td><td align=\"right\"><i class=\"fa fa-circle-o\"></i> <i class=\"fa fa-circle-o\"></i> </tr></table>\n|uhtml|bestof|<h2><strong>Game 2</strong> of <a href=\"/game-bestof3-gen9vgc2025regibo3-2354330212\">a best-of-3</a></h2>\n|t:|1746058489\n|gametype|doubles\n|player|p1|ExessVGC|169|1191\n|player|p2|jdanhyde|red|1216\n|teamsize|p1|6\n|teamsize|p2|6\n|gen|9\n|tier|[Gen 9] VGC 2025 Reg I (Bo3)\n|rated|\n|rule|Species Clause: Limit one of each Pok\u00e9mon\n|rule|Item Clause: Limit 1 of each item\n|clearpoke\n|poke|p1|Giratina, L50|\n|poke|p1|Grimmsnarl, L50, M|\n|poke|p1|Incineroar, L50, M|\n|poke|p1|Tornadus, L50, M|\n|poke|p1|Urshifu-*, L50, F|\n|poke|p1|Miraidon, L50|\n|poke|p2|Dialga-Origin, L50|\n|poke|p2|Kyogre, L50|\n|poke|p2|Rillaboom, L50, M|\n|poke|p2|Incineroar, L50, F|\n|poke|p2|Urshifu-*, L50, F|\n|poke|p2|Tornadus, L50, M|\n|teampreview|4\n|showteam|p1|Giratina||Leftovers|Pressure|Hex,Protect,CalmMind,DragonPulse||||||50|,,,,,Fairy]Grimmsnarl||LightClay|Prankster|ThunderWave,LightScreen,Reflect,SpiritBreak|||M|||50|,,,,,Water]Incineroar||RockyHelmet|Intimidate|FakeOut,WillOWisp,PartingShot,KnockOff|||M|||50|,,,,,Water]Tornadus||CovertCloak|Prankster|RainDance,Tailwind,BleakwindStorm,Taunt|||M|||50|,,,,,Dark]Urshifu-Rapid-Strike||ChoiceScarf|UnseenFist|SurgingStrikes,CloseCombat,Uturn,AquaJet|||F|||50|,,,,,Grass]Miraidon||ChoiceSpecs|HadronEngine|DazzlingGleam,ElectroDrift,DracoMeteor,VoltSwitch||||||50|,,,,,Fairy\n|showteam|p2|Dialga-Origin||AdamantCrystal|Pressure|RoarofTime,FlashCannon,EarthPower,Protect||||||50|,,,,,Ghost]Kyogre||LifeOrb|Drizzle|WaterSpout,OriginPulse,IceBeam,Protect||||||50|,,,,,Grass]Rillaboom||AssaultVest|GrassySurge|FakeOut,GrassyGlide,WoodHammer,DrainPunch|||M|||50|,,,,,Fire]Incineroar||SafetyGoggles|Intimidate|FlareBlitz,KnockOff,PartingShot,FakeOut|||F|||50|,,,,,Fairy]Urshifu-Rapid-Strike||ChoiceScarf|UnseenFist|SurgingStrikes,CloseCombat,Uturn,IronHead|||F|||50|,,,,,Water]Tornadus||CovertCloak|Prankster|BleakwindStorm,RainDance,Taunt,Tailwind|||M|||50|,,,,,Dark\n|\n|t:|1746058500\n|start\n|switch|p1a: Green Goblin|Grimmsnarl, L50, M|100/100\n|switch|p1b: Il Campione|Incineroar, L50, M|100/100\n|switch|p2a: Kyogre|Kyogre, L50|100/100\n|switch|p2b: Urshifu|Urshifu-Rapid-Strike, L50, F|100/100\n|-weather|RainDance|[from] ability: Drizzle|[of] p2a: Kyogre\n|-ability|p1b: Il Campione|Intimidate|boost\n|-unboost|p2a: Kyogre|atk|1\n|-unboost|p2b: Urshifu|atk|1\n|turn|1\n|\n|t:|1746058547\n|-terastallize|p1b: Il Campione|Water\n|move|p1b: Il Campione|Fake Out|p2a: Kyogre\n|-damage|p2a: Kyogre|91/100\n|move|p1a: Green Goblin|Thunder Wave|p2b: Urshifu\n|-status|p2b: Urshifu|par\n|move|p2b: Urshifu|Surging Strikes|p1a: Green Goblin\n|-crit|p1a: Green Goblin\n|-damage|p1a: Green Goblin|69/100\n|-crit|p1a: Green Goblin\n|-damage|p1a: Green Goblin|37/100\n|-crit|p1a: Green Goblin\n|-damage|p1a: Green Goblin|5/100\n|-hitcount|p1a: Green Goblin|3\n|cant|p2a: Kyogre|flinch\n|\n|-weather|RainDance|[upkeep]\n|upkeep\n|turn|2\n|\n|t:|1746058603\n|switch|p2b: Rillaboom|Rillaboom, L50, M|100/100\n|-fieldstart|move: Grassy Terrain|[from] ability: Grassy Surge|[of] p2b: Rillaboom\n|move|p1a: Green Goblin|Thunder Wave|p2a: Kyogre\n|-status|p2a: Kyogre|par\n|move|p1b: Il Campione|Parting Shot|p2a: Kyogre\n|-unboost|p2a: Kyogre|atk|1\n|-unboost|p2a: Kyogre|spa|1\n|\n|t:|1746058613\n|switch|p1b: Goth Princess|Giratina, L50|100/100|[from] Parting Shot\n|-ability|p1b: Goth Princess|Pressure\n|move|p2a: Kyogre|Water Spout|p1b: Goth Princess|[spread] p1a,p1b\n|-resisted|p1b: Goth Princess\n|-damage|p1a: Green Goblin|0 fnt\n|-damage|p1b: Goth Princess|78/100\n|faint|p1a: Green Goblin\n|-damage|p2a: Kyogre|81/100 par|[from] item: Life Orb\n|\n|-weather|RainDance|[upkeep]\n|-heal|p1b: Goth Princess|84/100|[from] Grassy Terrain\n|-heal|p1b: Goth Princess|90/100|[from] item: Leftovers\n|-heal|p2a: Kyogre|87/100 par|[from] Grassy Terrain\n|upkeep\n|\n|t:|1746058626\n|switch|p1a: Il Campione|Incineroar, L50, M, tera:Water|100/100\n|-ability|p1a: Il Campione|Intimidate|boost\n|-unboost|p2a: Kyogre|atk|1\n|-unboost|p2b: Rillaboom|atk|1\n|turn|3\n|\n|t:|1746058637\n|switch|p2b: Urshifu|Urshifu-Rapid-Strike, L50, F|100/100 par\n|move|p1b: Goth Princess|Calm Mind|p1b: Goth Princess\n|-boost|p1b: Goth Princess|spa|1\n|-boost|p1b: Goth Princess|spd|1\n|move|p1a: Il Campione|Parting Shot|p2b: Urshifu\n|-unboost|p2b: Urshifu|atk|1\n|-unboost|p2b: Urshifu|spa|1\n|\n|t:|1746058645\n|switch|p1a: Il Don|Miraidon, L50|100/100|[from] Parting Shot\n|-fieldstart|move: Electric Terrain|[from] ability: Hadron Engine|[of] p1a: Il Don\n|move|p2a: Kyogre|Ice Beam|p1b: Goth Princess\n|-supereffective|p1b: Goth Princess\n|-damage|p1b: Goth Princess|65/100\n|-damage|p2a: Kyogre|77/100 par|[from] item: Life Orb\n|\n|-weather|RainDance|[upkeep]\n|-heal|p1b: Goth Princess|71/100|[from] item: Leftovers\n|upkeep\n|turn|4\n|\n|t:|1746058664\n|switch|p2a: Rillaboom|Rillaboom, L50, M|100/100\n|-fieldstart|move: Grassy Terrain|[from] ability: Grassy Surge|[of] p2a: Rillaboom\n|move|p1a: Il Don|Volt Switch|p2b: Urshifu\n|-supereffective|p2b: Urshifu\n|-damage|p2b: Urshifu|0 fnt\n|faint|p2b: Urshifu\n|\n|t:|1746058672\n|switch|p1a: Il Campione|Incineroar, L50, M, tera:Water|100/100|[from] Volt Switch\n|-ability|p1a: Il Campione|Intimidate|boost\n|-unboost|p2a: Rillaboom|atk|1\n|move|p1b: Goth Princess|Calm Mind|p1b: Goth Princess\n|-boost|p1b: Goth Princess|spa|1\n|-boost|p1b: Goth Princess|spd|1\n|\n|-weather|RainDance|[upkeep]\n|-heal|p1b: Goth Princess|78/100|[from] Grassy Terrain\n|-heal|p1b: Goth Princess|84/100|[from] item: Leftovers\n|upkeep\n|\n|t:|1746058685\n|switch|p2b: Dialga|Dialga-Origin, L50|100/100\n|-ability|p2b: Dialga|Pressure\n|turn|5\n|\n|t:|1746058715\n|move|p2a: Rillaboom|Fake Out|p1a: Il Campione\n|-damage|p1a: Il Campione|93/100\n|-damage|p2a: Rillaboom|84/100|[from] item: Rocky Helmet|[of] p1a: Il Campione\n|move|p1b: Goth Princess|Dragon Pulse|p2b: Dialga\n|-damage|p2b: Dialga|41/100\n|move|p2b: Dialga|Roar of Time|p1b: Goth Princess\n|-supereffective|p1b: Goth Princess\n|-damage|p1b: Goth Princess|18/100\n|-mustrecharge|p2b: Dialga\n|cant|p1a: Il Campione|flinch\n|\n|-weather|none\n|-heal|p1b: Goth Princess|24/100|[from] Grassy Terrain\n|-heal|p1b: Goth Princess|30/100|[from] item: Leftovers\n|-heal|p2b: Dialga|47/100|[from] Grassy Terrain\n|-heal|p2a: Rillaboom|90/100|[from] Grassy Terrain\n|-heal|p1a: Il Campione|99/100|[from] Grassy Terrain\n|upkeep\n|turn|6\n|\n|t:|1746058735\n|move|p2a: Rillaboom|Grassy Glide|p1a: Il Campione\n|-supereffective|p1a: Il Campione\n|-damage|p1a: Il Campione|57/100\n|-damage|p2a: Rillaboom|73/100|[from] item: Rocky Helmet|[of] p1a: Il Campione\n|move|p1b: Goth Princess|Dragon Pulse|p2b: Dialga\n|-damage|p2b: Dialga|0 fnt\n|faint|p2b: Dialga\n|move|p1a: Il Campione|Will-O-Wisp|p2a: Rillaboom\n|-status|p2a: Rillaboom|brn\n|\n|-heal|p1b: Goth Princess|36/100|[from] Grassy Terrain\n|-heal|p1b: Goth Princess|43/100|[from] item: Leftovers\n|-heal|p2a: Rillaboom|79/100 brn|[from] Grassy Terrain\n|-heal|p1a: Il Campione|63/100|[from] Grassy Terrain\n|-damage|p2a: Rillaboom|73/100 brn|[from] brn\n|upkeep\n|\n|t:|1746058745\n|switch|p2b: Kyogre|Kyogre, L50|77/100 par\n|-weather|RainDance|[from] ability: Drizzle|[of] p2b: Kyogre\n|turn|7\n|c|\u2606ExessVGC|gg\n|\n|t:|1746058776\n|move|p1b: Goth Princess|Hex|p2b: Kyogre\n|-damage|p2b: Kyogre|0 fnt\n|faint|p2b: Kyogre\n|move|p2a: Rillaboom|Wood Hammer|p1b: Goth Princess\n|-resisted|p1b: Goth Princess\n|-damage|p1b: Goth Princess|35/100\n|-damage|p2a: Rillaboom|70/100 brn|[from] Recoil\n|move|p1a: Il Campione|Parting Shot|p2a: Rillaboom\n|-unboost|p2a: Rillaboom|atk|1\n|-unboost|p2a: Rillaboom|spa|1\n|-message|jdanhyde forfeited.\n|\n|win|ExessVGC\n|raw|ExessVGC's rating: 1191 &rarr; <strong>1218</strong><br />(+27 for winning)\n|raw|jdanhyde's rating: 1216 &rarr; <strong>1189</strong><br />(-27 for losing)\n|l|\u2606jdanhyde\n|player|p2|\n|l|\u2606ExessVGC\n|player|p1|\n", "uploadtime": 1746059190, "views": 7, "formatid": "gen9vgc2025regibo3", "rating": 1189, "private": 0, "password": null}