{"id": "gen9vgc2025regibo3-2353675515", "format": "[Gen 9] VGC 2025 Reg I (Bo3)", "players": ["Lollipopyay", "papulistico"], "log": "|j|\u2606Lollipopyay\n|j|\u2606papulistico\n|html|<table width=\"100%\"><tr><td align=\"left\">Lollipopyay</td><td align=\"right\">papulistico</tr><tr><td align=\"left\"><i class=\"fa fa-circle-o\"></i> <i class=\"fa fa-circle-o\"></i> </td><td align=\"right\"><i class=\"fa fa-circle-o\"></i> <i class=\"fa fa-circle-o\"></i> </tr></table>\n|uhtml|bestof|<h2><strong>Game 1</strong> of <a href=\"/game-bestof3-gen9vgc2025regibo3-2353675514\">a best-of-3</a></h2>\n|t:|1745982133\n|gametype|doubles\n|player|p1|Lollipopyay|1|1111\n|player|p2|papulistico|nate|1136\n|teamsize|p1|6\n|teamsize|p2|6\n|gen|9\n|tier|[Gen 9] VGC 2025 Reg I (Bo3)\n|rated|\n|rule|Species Clause: Limit one of each Pok\u00e9mon\n|rule|Item Clause: Limit 1 of each item\n|clearpoke\n|poke|p1|Necrozma-Dawn-Wings, L50|\n|poke|p1|Calyrex-Ice, L50|\n|poke|p1|Ursaluna-Bloodmoon, L50, M|\n|poke|p1|Indeedee-F, L50, F|\n|poke|p1|Hatterene, L50, F|\n|poke|p1|Porygon2, L50|\n|poke|p2|Miraidon, L50|\n|poke|p2|Calyrex-Ice, L50|\n|poke|p2|Ogerpon-Hearthflame, L50, F|\n|poke|p2|Iron Hands, L50|\n|poke|p2|Farigiraf, L50, F|\n|poke|p2|Urshifu-*, L50, M|\n|teampreview|4\n|showteam|p1|Necrozma-Dawn-Wings||LifeOrb|PrismArmor|CalmMind,MoongeistBeam,TeraBlast,ExpandingForce||||||50|,,,,,Fighting]Calyrex-Ice||ChoiceBand|AsOneGlastrier|GlacialLance,HighHorsepower,CloseCombat,ZenHeadbutt||||||50|,,,,,Ground]Ursaluna-Bloodmoon||SilkScarf|MindsEye|CalmMind,BloodMoon,EarthPower,Protect|||M|||50|,,,,,Normal]Indeedee-F||SafetyGoggles|PsychicSurge|FollowMe,TrickRoom,HelpingHand,Protect|||F|||50|,,,,,Fairy]Hatterene||FocusSash|MagicBounce|TrickRoom,ExpandingForce,HealingWish,Nuzzle|||F|||50|,,,,,Ghost]Porygon2||Eviolite|Download|TeraBlast,TrickRoom,Protect,ShadowBall||||||50|,,,,,Fairy\n|showteam|p2|Miraidon||ChoiceSpecs|HadronEngine|ElectroDrift,DracoMeteor,VoltSwitch,DazzlingGleam||||||50|,,,,,Fairy]Calyrex-Ice||ClearAmulet|AsOneGlastrier|GlacialLance,HighHorsepower,TrickRoom,Protect||||||50|,,,,,Fire]Ogerpon-Hearthflame||HearthflameMask|MoldBreaker|IvyCudgel,HelpingHand,FollowMe,SpikyShield|||F|||50|,,,,,Fire]Iron Hands||AssaultVest|QuarkDrive|DrainPunch,WildCharge,FakeOut,LowKick||||||50|,,,,,Bug]Farigiraf||ElectricSeed|ArmorTail|FoulPlay,Imprison,HelpingHand,TrickRoom|||F|||50|,,,,,Water]Urshifu||FocusSash|UnseenFist|WickedBlow,CloseCombat,Protect,SuckerPunch|||M|||50|,,,,,Dark\n|\n|t:|1745982163\n|start\n|switch|p1a: Indeedee|Indeedee-F, L50, F|100/100\n|switch|p1b: Hatterene|Hatterene, L50, F|100/100\n|switch|p2a: Farigiraf|Farigiraf, L50, F|100/100\n|switch|p2b: Calyrex|Calyrex-Ice, L50|100/100\n|-ability|p2b: Calyrex|As One\n|-ability|p2b: Calyrex|Unnerve\n|-fieldstart|move: Psychic Terrain|[from] ability: Psychic Surge|[of] p1a: Indeedee\n|turn|1\n|\n|t:|1745982182\n|switch|p1a: Calyrex|Calyrex-Ice, L50|100/100\n|-ability|p1a: Calyrex|As One\n|-ability|p1a: Calyrex|Unnerve\n|move|p2b: Calyrex|Glacial Lance|p1a: Calyrex|[spread] p1a,p1b\n|-resisted|p1a: Calyrex\n|-damage|p1a: Calyrex|87/100\n|-damage|p1b: Hatterene|49/100\n|move|p2a: Farigiraf|Trick Room|p2a: Farigiraf\n|-fieldstart|move: Trick Room|[of] p2a: Farigiraf\n|move|p1b: Hatterene|Trick Room|p1b: Hatterene\n|-fieldend|move: Trick Room\n|\n|upkeep\n|turn|2\n|\n|t:|1745982208\n|move|p2a: Farigiraf|Helping Hand|p2b: Calyrex\n|-singleturn|p2b: Calyrex|Helping Hand|[of] p2a: Farigiraf\n|move|p2b: Calyrex|Glacial Lance|p1b: Hatterene|[spread] p1a,p1b\n|-resisted|p1a: Calyrex\n|-damage|p1a: Calyrex|64/100\n|-damage|p1b: Hatterene|0 fnt\n|faint|p1b: Hatterene\n|-ability|p2b: Calyrex|Chilling Neigh|boost\n|-boost|p2b: Calyrex|atk|1\n|move|p1a: Calyrex|Glacial Lance|p2a: Farigiraf|[spread] p2a,p2b\n|-resisted|p2b: Calyrex\n|-damage|p2a: Farigiraf|2/100\n|-damage|p2b: Calyrex|79/100\n|\n|upkeep\n|\n|t:|1745982216\n|switch|p1b: Necrozma|Necrozma-Dawn-Wings, L50|100/100\n|turn|3\n|\n|t:|1745982229\n|-terastallize|p2b: Calyrex|Fire\n|move|p2a: Farigiraf|Helping Hand|p2b: Calyrex\n|-singleturn|p2b: Calyrex|Helping Hand|[of] p2a: Farigiraf\n|move|p1b: Necrozma|Moongeist Beam|p2b: Calyrex\n|-damage|p2b: Calyrex|14/100\n|-damage|p1b: Necrozma|91/100|[from] item: Life Orb\n|move|p1a: Calyrex|Glacial Lance|p2a: Farigiraf|[spread] p2a,p2b\n|-resisted|p2b: Calyrex\n|-damage|p2a: Farigiraf|0 fnt\n|-damage|p2b: Calyrex|0 fnt\n|faint|p2a: Farigiraf\n|faint|p2b: Calyrex\n|-ability|p1a: Calyrex|Chilling Neigh|boost\n|-boost|p1a: Calyrex|atk|2\n|\n|upkeep\n|\n|t:|1745982240\n|switch|p2a: Ogerpon|Ogerpon-Hearthflame, L50, F|100/100\n|switch|p2b: Urshifu|Urshifu, L50, M|100/100\n|-ability|p2a: Ogerpon|Mold Breaker\n|turn|4\n|\n|t:|1745982258\n|-terastallize|p1b: Necrozma|Fighting\n|move|p2a: Ogerpon|Ivy Cudgel|p1b: Necrozma|[anim] Ivy Cudgel Fire\n|-damage|p1b: Necrozma|51/100\n|move|p2b: Urshifu|Wicked Blow|p1a: Calyrex\n|-supereffective|p1a: Calyrex\n|-crit|p1a: Calyrex\n|-damage|p1a: Calyrex|0 fnt\n|faint|p1a: Calyrex\n|move|p1b: Necrozma|Tera Blast|p2b: Urshifu|[anim] Tera Blast Fighting\n|-supereffective|p2b: Urshifu\n|-enditem|p2b: Urshifu|Focus Sash\n|-damage|p2b: Urshifu|1/100\n|-damage|p1b: Necrozma|41/100|[from] item: Life Orb\n|\n|upkeep\n|\n|t:|1745982267\n|switch|p1a: Indeedee|Indeedee-F, L50, F|100/100\n|turn|5\n|\n|t:|1745982275\n|move|p2b: Urshifu|Protect|p2b: Urshifu\n|-singleturn|p2b: Urshifu|Protect\n|move|p1a: Indeedee|Follow Me|p1a: Indeedee\n|-singleturn|p1a: Indeedee|move: Follow Me\n|move|p2a: Ogerpon|Ivy Cudgel|p1a: Indeedee|[anim] Ivy Cudgel Fire\n|-damage|p1a: Indeedee|55/100\n|move|p1b: Necrozma|Tera Blast|p2b: Urshifu|[anim] Tera Blast Fighting\n|-activate|p2b: Urshifu|move: Protect\n|\n|-fieldend|move: Psychic Terrain\n|upkeep\n|turn|6\n|\n|t:|1745982288\n|move|p1a: Indeedee|Follow Me|p1a: Indeedee\n|-singleturn|p1a: Indeedee|move: Follow Me\n|move|p2a: Ogerpon|Ivy Cudgel|p1a: Indeedee|[anim] Ivy Cudgel Fire\n|-damage|p1a: Indeedee|6/100\n|move|p2b: Urshifu|Wicked Blow|p1a: Indeedee\n|-supereffective|p1a: Indeedee\n|-crit|p1a: Indeedee\n|-damage|p1a: Indeedee|0 fnt\n|faint|p1a: Indeedee\n|move|p1b: Necrozma|Tera Blast|p2b: Urshifu|[anim] Tera Blast Fighting\n|-supereffective|p2b: Urshifu\n|-damage|p2b: Urshifu|0 fnt\n|faint|p2b: Urshifu\n|-damage|p1b: Necrozma|31/100|[from] item: Life Orb\n|\n|upkeep\n|turn|7\n|\n|t:|1745982294\n|move|p2a: Ogerpon|Ivy Cudgel|p1b: Necrozma|[anim] Ivy Cudgel Fire\n|-damage|p1b: Necrozma|0 fnt\n|faint|p1b: Necrozma\n|\n|win|papulistico\n|l|\u2606Lollipopyay\n|player|p1|\n||papulistico is ready for game 2.\n||Lollipopyay is ready for game 2.\n|uhtml|next|Next: <a href=\"/battle-gen9vgc2025regibo3-2353676815\"><strong>Game 2 of 3</strong></a>\n|l|\u2606papulistico\n|player|p2|\n", "uploadtime": 1745982583, "views": 6, "formatid": "gen9vgc2025regibo3", "rating": null, "private": 0, "password": null}