{"id": "gen9vgc2025regibo3-2354564115", "format": "[Gen 9] VGC 2025 Reg I (Bo3)", "players": ["rye akai", "MSAtlos"], "log": "|j|\u2606rye akai\n|j|\u2606MSAtlos\n|html|<table width=\"100%\"><tr><td align=\"left\">rye akai</td><td align=\"right\">MSAtlos</tr><tr><td align=\"left\"><i class=\"fa fa-circle\"></i> <i class=\"fa fa-circle-o\"></i> </td><td align=\"right\"><i class=\"fa fa-circle-o\"></i> <i class=\"fa fa-circle\"></i> </tr></table>\n|uhtml|bestof|<h2><strong>Game 3</strong> of <a href=\"/game-bestof3-gen9vgc2025regibo3-2354561621\">a best-of-3</a></h2>\n|t:|1746095218\n|gametype|doubles\n|player|p1|rye akai|266|1128\n|player|p2|MSAtlos|cynthia-masters|1029\n|teamsize|p1|6\n|teamsize|p2|6\n|gen|9\n|tier|[Gen 9] VGC 2025 Reg I (Bo3)\n|rated|\n|rule|Species Clause: Limit one of each Pok\u00e9mon\n|rule|Item Clause: Limit 1 of each item\n|clearpoke\n|poke|p1|Calyrex-Shadow, L50|\n|poke|p1|Terapagos, L50, M|\n|poke|p1|Incineroar, L50, M|\n|poke|p1|Rillaboom, L50, M|\n|poke|p1|Flutter Mane, L50|\n|poke|p1|Ditto, L50|\n|poke|p2|Lunala, L50|\n|poke|p2|Meowstic, L50, M|\n|poke|p2|Groudon, L50|\n|poke|p2|Raging Bolt, L50|\n|poke|p2|Incineroar, L50, M|\n|poke|p2|Exeggutor, L50, F|\n|teampreview|4\n|showteam|p1|Calyrex-Shadow||FocusSash|AsOneSpectrier|AstralBarrage,ExpandingForce,Disable,Protect||||||50|,,,,,Ghost]Terapagos||Leftovers|TeraShift|TeraStarstorm,EarthPower,CalmMind,Protect|||M|||50|,,,,,Stellar]Incineroar||MirrorHerb|Intimidate|FakeOut,KnockOff,FlareBlitz,Flamethrower|||M|||50|,,,,,Ghost]Rillaboom||AssaultVest|GrassySurge|FakeOut,GrassyGlide,WoodHammer,Uturn|||M|||50|,,,,,Water]Flutter Mane||BoosterEnergy|Protosynthesis|Moonblast,ShadowBall,ThunderWave,Taunt||||||50|,,,,,Fairy]Ditto||ChoiceScarf|Imposter|Transform||||||50|,,,,,Normal\n|showteam|p2|Lunala||PowerHerb|ShadowShield|MeteorBeam,Moonblast,Hypnosis,Protect||||||50|,,,,,Fairy]Meowstic||FocusSash|Prankster|Gravity,TrickRoom,ThunderWave,FakeOut|||M|||50|,,,,,Ghost]Groudon||ChoiceBand|Drought|HighHorsepower,PrecipiceBlades,FirePunch,HeatCrash||||||50|,,,,,Fire]Raging Bolt||LifeOrb|Protosynthesis|Thunderbolt,Thunderclap,DracoMeteor,Protect||||||50|,,,,,Electric]Incineroar||SafetyGoggles|Intimidate|FakeOut,PartingShot,WillOWisp,FlareBlitz|||M|||50|,,,,,Fire]Exeggutor||RockyHelmet|Chlorophyll|SolarBeam,TrickRoom,SkillSwap,Psychic|||F|||50|,,,,,Fairy\n|inactive|Battle timer is ON: inactive players will automatically lose when time's up. (requested by rye akai)\n|\n|t:|1746095232\n|start\n|switch|p1a: Flutter Mane|Flutter Mane, L50, shiny|100/100\n|switch|p1b: Calyrex|Calyrex-Shadow, L50|100/100\n|switch|p2a: Lunala|Lunala, L50|100/100\n|switch|p2b: Meowstic|Meowstic, L50, M|100/100\n|-ability|p1b: Calyrex|As One\n|-ability|p1b: Calyrex|Unnerve\n|-enditem|p1a: Flutter Mane|Booster Energy\n|-activate|p1a: Flutter Mane|ability: Protosynthesis|[fromitem]\n|-start|p1a: Flutter Mane|protosynthesisspe\n|turn|1\n|\n|t:|1746095250\n|-terastallize|p2a: Lunala|Fairy\n|move|p2b: Meowstic|Gravity|p2b: Meowstic\n|-fieldstart|move: Gravity\n|move|p1a: Flutter Mane|Shadow Ball|p2b: Meowstic\n|-supereffective|p2b: Meowstic\n|-damage|p2b: Meowstic|11/100\n|move|p1b: Calyrex|Astral Barrage|p2b: Meowstic|[spread] p2a,p2b\n|-supereffective|p2b: Meowstic\n|-damage|p2a: Lunala|80/100\n|-damage|p2b: Meowstic|0 fnt\n|faint|p2b: Meowstic\n|-ability|p1b: Calyrex|Grim Neigh|boost\n|-boost|p1b: Calyrex|spa|1\n|move|p2a: Lunala|Hypnosis|p1b: Calyrex\n|-status|p1b: Calyrex|slp|[from] move: Hypnosis\n|\n|upkeep\n|\n|t:|1746095265\n|switch|p2b: Groudon|Groudon, L50|100/100\n|-weather|SunnyDay|[from] ability: Drought|[of] p2b: Groudon\n|turn|2\n|\n|t:|1746095276\n|move|p1a: Flutter Mane|Shadow Ball|p2b: Groudon\n|-damage|p2b: Groudon|58/100\n|cant|p1b: Calyrex|slp\n|move|p2a: Lunala|Hypnosis|p1a: Flutter Mane\n|-status|p1a: Flutter Mane|slp|[from] move: Hypnosis\n|move|p2b: Groudon|Precipice Blades|p1b: Calyrex|[spread] p1a,p1b\n|-damage|p1a: Flutter Mane|0 fnt\n|-damage|p1b: Calyrex|1/100 slp\n|faint|p1a: Flutter Mane\n|-end|p1a: Flutter Mane|Protosynthesis|[silent]\n|\n|-weather|SunnyDay|[upkeep]\n|upkeep\n|\n|t:|1746095287\n|switch|p1a: Incineroar|Incineroar, L50, M, shiny|100/100\n|-ability|p1a: Incineroar|Intimidate|boost\n|-unboost|p2a: Lunala|atk|1\n|-unboost|p2b: Groudon|atk|1\n|turn|3\n|\n|t:|1746095297\n|move|p1a: Incineroar|Fake Out|p2b: Groudon\n|-damage|p2b: Groudon|51/100\n|cant|p1b: Calyrex|slp\n|move|p2a: Lunala|Meteor Beam||[still]\n|-prepare|p2a: Lunala|Meteor Beam\n|-boost|p2a: Lunala|spa|1\n|-enditem|p2a: Lunala|Power Herb\n|-anim|p2a: Lunala|Meteor Beam|p1a: Incineroar\n|-supereffective|p1a: Incineroar\n|-damage|p1a: Incineroar|0 fnt\n|faint|p1a: Incineroar\n|cant|p2b: Groudon|flinch\n|\n|-weather|SunnyDay|[upkeep]\n|upkeep\n|\n|t:|1746095310\n|switch|p1a: Terapagos|Terapagos, L50, M|100/100\n|-activate|p1a: Terapagos|ability: Tera Shift\n|detailschange|p1a: Terapagos|Terapagos-Terastal, L50, M\n|-heal|p1a: Terapagos|100/100|[silent]\n|turn|4\n|\n|t:|1746095319\n|-terastallize|p1a: Terapagos|Stellar\n|detailschange|p1a: Terapagos|Terapagos-Stellar, L50, M, tera:Stellar\n|-heal|p1a: Terapagos|100/100|[silent]\n|-ability|p1a: Terapagos|Teraform Zero\n|-weather|none\n|-curestatus|p1b: Calyrex|slp|[msg]\n|move|p1b: Calyrex|Astral Barrage|p2b: Groudon|[spread] p2a,p2b\n|-damage|p2a: Lunala|17/100\n|-damage|p2b: Groudon|0 fnt\n|faint|p2b: Groudon\n|-ability|p1b: Calyrex|Grim Neigh|boost\n|-boost|p1b: Calyrex|spa|1\n|move|p2a: Lunala|Hypnosis|p1a: Terapagos\n|-status|p1a: Terapagos|slp|[from] move: Hypnosis\n|cant|p1a: Terapagos|slp\n|\n|upkeep\n|\n|t:|1746095334\n|switch|p2b: Raging Bolt|Raging Bolt, L50|100/100\n|turn|5\n|\n|t:|1746095343\n|move|p2b: Raging Bolt|Thunderclap||[still]\n|-fail|p2b: Raging Bolt\n|move|p1b: Calyrex|Disable|p2a: Lunala\n|-start|p2a: Lunala|Disable|Hypnosis\n|move|p2a: Lunala|Moonblast|p1a: Terapagos\n|-damage|p1a: Terapagos|57/100 slp\n|cant|p1a: Terapagos|slp\n|\n|-heal|p1a: Terapagos|63/100 slp|[from] item: Leftovers\n|-fieldend|move: Gravity\n|upkeep\n|turn|6\n|inactive|MSAtlos has 30 seconds left.\n|inactive|MSAtlos has 20 seconds left.\n|inactive|MSAtlos has 15 seconds left.\n|\n|t:|1746095387\n|move|p1b: Calyrex|Protect|p1b: Calyrex\n|-singleturn|p1b: Calyrex|Protect\n|move|p2a: Lunala|Moonblast|p1a: Terapagos\n|-damage|p1a: Terapagos|18/100 slp\n|-unboost|p1a: Terapagos|spa|1\n|move|p2b: Raging Bolt|Thunderbolt|p1b: Calyrex\n|-activate|p1b: Calyrex|move: Protect\n|cant|p1a: Terapagos|slp\n|\n|-heal|p1a: Terapagos|24/100 slp|[from] item: Leftovers\n|upkeep\n|turn|7\n|\n|t:|1746095406\n|move|p2b: Raging Bolt|Thunderclap|p1b: Calyrex\n|-damage|p1b: Calyrex|0 fnt\n|faint|p1b: Calyrex\n|-damage|p2b: Raging Bolt|91/100|[from] item: Life Orb\n|move|p2a: Lunala|Moonblast|p1a: Terapagos\n|-damage|p1a: Terapagos|0 fnt\n|faint|p1a: Terapagos\n|\n|win|MSAtlos\n|raw|rye akai's rating: 1128 &rarr; <strong>1096</strong><br />(-32 for losing)\n|raw|MSAtlos's rating: 1029 &rarr; <strong>1075</strong><br />(+46 for winning)\n|l|\u2606rye akai\n|player|p1|\n|l|\u2606MSAtlos\n|player|p2|\n", "uploadtime": 1746095679, "views": 7, "formatid": "gen9vgc2025regibo3", "rating": 1075, "private": 0, "password": null}