{"id": "gen9vgc2025regibo3-2353418173", "format": "[Gen 9] VGC 2025 Reg I (Bo3)", "players": ["6squirrels", "brumo_150_"], "log": "|j|\u26066squirrels\n|j|\u2606brumo_150_\n|html|<table width=\"100%\"><tr><td align=\"left\">6squirrels</td><td align=\"right\">brumo_150_</tr><tr><td align=\"left\"><i class=\"fa fa-circle-o\"></i> <i class=\"fa fa-circle-o\"></i> </td><td align=\"right\"><i class=\"fa fa-circle-o\"></i> <i class=\"fa fa-circle-o\"></i> </tr></table>\n|uhtml|bestof|<h2><strong>Game 1</strong> of <a href=\"/game-bestof3-gen9vgc2025regibo3-2353418172\">a best-of-3</a></h2>\n|t:|1745954196\n|gametype|doubles\n|player|p1|6squirrels|elesa|1142\n|player|p2|brumo_150_|giovanni|1084\n|teamsize|p1|6\n|teamsize|p2|6\n|gen|9\n|tier|[Gen 9] VGC 2025 Reg I (Bo3)\n|rated|\n|rule|Species Clause: Limit one of each Pok\u00e9mon\n|rule|Item Clause: Limit 1 of each item\n|clearpoke\n|poke|p1|Calyrex-Shadow, L50|\n|poke|p1|Koraidon, L50|\n|poke|p1|Raging Bolt, L50|\n|poke|p1|Ogerpon-Cornerstone, L50, F|\n|poke|p1|Chi-Yu, L50|\n|poke|p1|Umbreon, L50, F|\n|poke|p2|Calyrex-Shadow, L50|\n|poke|p2|Terapagos, L50, M|\n|poke|p2|Rillaboom, L50, M|\n|poke|p2|Amoonguss, L50, M|\n|poke|p2|Urshifu-*, L50, M|\n|poke|p2|Incineroar, L50, F|\n|teampreview|4\n|showteam|p1|Calyrex-Shadow||FocusSash|AsOneSpectrier|Protect,AstralBarrage,Psychic,NastyPlot||||||50|,,,,,Ghost]Koraidon||ClearAmulet|OrichalcumPulse|Protect,FlameCharge,FlareBlitz,CollisionCourse||||||50|,,,,,Fire]Raging Bolt||AssaultVest|Protosynthesis|Thunderbolt,DracoMeteor,Thunderclap,Electroweb||||||50|,,,,,Electric]Ogerpon-Cornerstone||CornerstoneMask|Sturdy|SpikyShield,IvyCudgel,PowerWhip,FollowMe|||F|||50|,,,,,Rock]Chi-Yu||ChoiceScarf|BeadsofRuin|HeatWave,Overheat,DarkPulse,Snarl||||||50|,,,,,Ghost]Umbreon||SafetyGoggles|InnerFocus|FoulPlay,Moonlight,Taunt,Yawn|||F|||50|,,,,,Poison\n|showteam|p2|Calyrex-Shadow||FocusSash|AsOneSpectrier|AstralBarrage,Protect,WillOWisp,Disable||||||50|,,,,,Normal]Terapagos||Leftovers|TeraShift|Protect,CalmMind,TeraStarstorm,EarthPower|||M|||50|,,,,,Stellar]Rillaboom||AssaultVest|GrassySurge|FakeOut,Uturn,WoodHammer,GrassyGlide|||M|||50|,,,,,Fire]Amoonguss||RockyHelmet|Regenerator|Spore,RagePowder,ClearSmog,PollenPuff|||M|||50|,,,,,Fire]Urshifu-Rapid-Strike||ChoiceScarf|UnseenFist|SurgingStrikes,CloseCombat,AquaJet,IceSpinner|||M|||50|,,,,,Water]Incineroar||SafetyGoggles|Intimidate|WillOWisp,FakeOut,KnockOff,PartingShot|||F|||50|,,,,,Ghost\n|inactive|Battle timer is ON: inactive players will automatically lose when time's up. (requested by brumo_150_)\n|\n|t:|1745954242\n|start\n|switch|p1a: Koraidon|Koraidon, L50|100/100\n|switch|p1b: Raging Bolt|Raging Bolt, L50|100/100\n|switch|p2a: Terapagos|Terapagos, L50, M|100/100\n|switch|p2b: Amoonguss|Amoonguss, L50, M, shiny|100/100\n|-activate|p2a: Terapagos|ability: Tera Shift\n|detailschange|p2a: Terapagos|Terapagos-Terastal, L50, M\n|-heal|p2a: Terapagos|100/100|[silent]\n|-weather|SunnyDay|[from] ability: Orichalcum Pulse|[of] p1a: Koraidon\n|-activate|p1b: Raging Bolt|ability: Protosynthesis\n|-start|p1b: Raging Bolt|protosynthesisspa\n|-activate|p1a: Koraidon|Orichalcum Pulse|[source]\n|turn|1\n|inactive|6squirrels has 30 seconds left.\n|\n|t:|1745954275\n|move|p1a: Koraidon|Flare Blitz|p2b: Amoonguss\n|-supereffective|p2b: Amoonguss\n|-damage|p2b: Amoonguss|0 fnt\n|-damage|p1a: Koraidon|84/100|[from] item: Rocky Helmet|[of] p2b: Amoonguss\n|faint|p2b: Amoonguss\n|-damage|p1a: Koraidon|43/100|[from] Recoil\n|move|p2a: Terapagos|Calm Mind|p2a: Terapagos\n|-boost|p2a: Terapagos|spa|1\n|-boost|p2a: Terapagos|spd|1\n|move|p1b: Raging Bolt|Electroweb|p2a: Terapagos\n|-activate|p2a: Terapagos|ability: Tera Shell\n|-resisted|p2a: Terapagos\n|-damage|p2a: Terapagos|90/100\n|-unboost|p2a: Terapagos|spe|1\n|\n|-weather|SunnyDay|[upkeep]\n|-heal|p2a: Terapagos|96/100|[from] item: Leftovers\n|upkeep\n|inactive|brumo_150_ has 30 seconds left.\n|\n|t:|1745954303\n|switch|p2b: Calyrex|Calyrex-Shadow, L50|100/100\n|-ability|p2b: Calyrex|As One\n|-ability|p2b: Calyrex|Unnerve\n|turn|2\n|inactive|brumo_150_ has 30 seconds left.\n|\n|t:|1745954336\n|move|p1a: Koraidon|Protect|p1a: Koraidon\n|-singleturn|p1a: Koraidon|Protect\n|move|p2b: Calyrex|Astral Barrage|p1a: Koraidon|[spread] p1b\n|-activate|p1a: Koraidon|move: Protect\n|-damage|p1b: Raging Bolt|69/100\n|move|p1b: Raging Bolt|Electroweb|p2a: Terapagos|[spread] p2a,p2b\n|-damage|p2a: Terapagos|78/100\n|-damage|p2b: Calyrex|73/100\n|-unboost|p2a: Terapagos|spe|1\n|-unboost|p2b: Calyrex|spe|1\n|move|p2a: Terapagos|Calm Mind|p2a: Terapagos\n|-boost|p2a: Terapagos|spa|1\n|-boost|p2a: Terapagos|spd|1\n|\n|-weather|SunnyDay|[upkeep]\n|-heal|p2a: Terapagos|84/100|[from] item: Leftovers\n|upkeep\n|turn|3\n|inactive|6squirrels has 30 seconds left.\n|inactive|6squirrels has 20 seconds left.\n|inactive|6squirrels has 15 seconds left.\n|\n|t:|1745954376\n|-terastallize|p1a: Koraidon|Fire\n|-terastallize|p2a: Terapagos|Stellar\n|detailschange|p2a: Terapagos|Terapagos-Stellar, L50, M, tera:Stellar\n|-heal|p2a: Terapagos|88/100|[silent]\n|-ability|p2a: Terapagos|Teraform Zero\n|-weather|none\n|-end|p1b: Raging Bolt|Protosynthesis\n|move|p2b: Calyrex|Protect|p2b: Calyrex\n|-singleturn|p2b: Calyrex|Protect\n|move|p1a: Koraidon|Collision Course|p2a: Terapagos\n|-supereffective|p2a: Terapagos\n|-damage|p2a: Terapagos|4/100\n|move|p1b: Raging Bolt|Thunderbolt|p2b: Calyrex\n|-activate|p2b: Calyrex|move: Protect\n|move|p2a: Terapagos|Tera Starstorm|p1b: Raging Bolt|[spread] p1a,p1b\n|-supereffective|p1a: Koraidon\n|-damage|p1a: Koraidon|0 fnt\n|-damage|p1b: Raging Bolt|22/100\n|faint|p1a: Koraidon\n|\n|-heal|p2a: Terapagos|10/100|[from] item: Leftovers\n|upkeep\n|inactive|6squirrels has 30 seconds left.\n|\n|t:|1745954404\n|switch|p1a: Chi-Yu|Chi-Yu, L50|100/100\n|-ability|p1a: Chi-Yu|Beads of Ruin\n|turn|4\n|\n|t:|1745954427\n|move|p2a: Terapagos|Protect|p2a: Terapagos\n|-singleturn|p2a: Terapagos|Protect\n|move|p1b: Raging Bolt|Thunderclap||[still]\n|-fail|p1b: Raging Bolt\n|move|p1a: Chi-Yu|Dark Pulse|p2b: Calyrex\n|-supereffective|p2b: Calyrex\n|-damage|p2b: Calyrex|0 fnt\n|faint|p2b: Calyrex\n|\n|-heal|p2a: Terapagos|16/100|[from] item: Leftovers\n|upkeep\n|\n|t:|1745954436\n|switch|p2b: Rillaboom|Rillaboom, L50, M|100/100\n|-fieldstart|move: Grassy Terrain|[from] ability: Grassy Surge|[of] p2b: Rillaboom\n|turn|5\n|inactive|6squirrels has 30 seconds left.\n|inactive|6squirrels has 20 seconds left.\n|inactive|6squirrels has 15 seconds left.\n|inactive|6squirrels has 10 seconds left.\n|\n|t:|1745954483\n|switch|p1a: Calyrex|Calyrex-Shadow, L50|100/100\n|-ability|p1a: Calyrex|As One\n|-ability|p1a: Calyrex|Unnerve\n|move|p2b: Rillaboom|Fake Out|p1a: Calyrex\n|-immune|p1a: Calyrex\n|move|p1b: Raging Bolt|Thunderclap|p2a: Terapagos\n|-crit|p2a: Terapagos\n|-damage|p2a: Terapagos|0 fnt\n|faint|p2a: Terapagos\n|\n|-heal|p1b: Raging Bolt|29/100|[from] Grassy Terrain\n|upkeep\n|turn|6\n|\n|t:|1745954503\n|move|p1a: Calyrex|Astral Barrage|p2b: Rillaboom\n|-damage|p2b: Rillaboom|53/100\n|move|p2b: Rillaboom|Wood Hammer|p1a: Calyrex\n|-damage|p1a: Calyrex|10/100\n|-damage|p2b: Rillaboom|28/100|[from] Recoil\n|move|p1b: Raging Bolt|Draco Meteor|p2b: Rillaboom\n|-damage|p2b: Rillaboom|0 fnt\n|-unboost|p1b: Raging Bolt|spa|2\n|faint|p2b: Rillaboom\n|\n|win|6squirrels\n|inactive|6squirrels has 30 seconds to confirm battle start!\n|inactive|brumo_150_ has 30 seconds to confirm battle start!\n||6squirrels is ready for game 2.\n||brumo_150_ is ready for game 2.\n|uhtml|next|Next: <a href=\"/battle-gen9vgc2025regibo3-2353421795\"><strong>Game 2 of 3</strong></a>\n|l|\u2606brumo_150_\n|player|p2|\n", "uploadtime": 1745956332, "views": 23, "formatid": "gen9vgc2025regibo3", "rating": null, "private": 0, "password": null}