{"id": "gen9vgc2025regibo3-2354449188", "format": "[Gen 9] VGC 2025 Reg I (Bo3)", "players": ["Geopocket", "FIGHT ON STARMAN"], "log": "|j|\u2606Geopocket\n|j|\u2606FIGHT ON STARMAN\n|html|<table width=\"100%\"><tr><td align=\"left\">Geopocket</td><td align=\"right\">FIGHT ON STARMAN</tr><tr><td align=\"left\"><i class=\"fa fa-circle-o\"></i> <i class=\"fa fa-circle-o\"></i> </td><td align=\"right\"><i class=\"fa fa-circle-o\"></i> <i class=\"fa fa-circle-o\"></i> </tr></table>\n|uhtml|bestof|<h2><strong>Game 1</strong> of <a href=\"/game-bestof3-gen9vgc2025regibo3-2354449187\">a best-of-3</a></h2>\n|t:|1746073258\n|gametype|doubles\n|player|p1|Geopocket|juan|1306\n|player|p2|FIGHT ON STARMAN|lucas|1219\n|teamsize|p1|6\n|teamsize|p2|6\n|gen|9\n|tier|[Gen 9] VGC 2025 Reg I (Bo3)\n|rated|\n|rule|Species Clause: Limit one of each Pok\u00e9mon\n|rule|Item Clause: Limit 1 of each item\n|clearpoke\n|poke|p1|Koraidon, L50|\n|poke|p1|Lunala, L50|\n|poke|p1|Raging Bolt, L50|\n|poke|p1|Chi-Yu, L50|\n|poke|p1|Flutter Mane, L50|\n|poke|p1|Brute Bonnet, L50|\n|poke|p2|Calyrex-Ice, L50|\n|poke|p2|Ho-Oh, L50|\n|poke|p2|Rillaboom, L50, F|\n|poke|p2|Samurott-Hisui, L50, M|\n|poke|p2|Landorus, L50, M|\n|poke|p2|Ogerpon-Cornerstone, L50, F|\n|teampreview|4\n|showteam|p1|Koraidon||LifeOrb|OrichalcumPulse|CloseCombat,FlareBlitz,FlameCharge,Protect||||||50|,,,,,Fire]Lunala||PowerHerb|ShadowShield|MoongeistBeam,MeteorBeam,TrickRoom,WideGuard||||||50|,,,,,Water]Raging Bolt||SafetyGoggles|Protosynthesis|Thunderbolt,DracoMeteor,Thunderclap,Protect||||||50|,,,,,Electric]Chi-Yu||ChoiceScarf|BeadsofRuin|HeatWave,DarkPulse,Snarl,Overheat||||||50|,,,,,Ghost]Flutter Mane||FocusSash|Protosynthesis|Moonblast,IcyWind,ShadowBall,Protect||||||50|,,,,,Normal]Brute Bonnet||CovertCloak|Protosynthesis|Spore,RagePowder,SuckerPunch,SeedBomb||||||50|,,,,,Water\n|showteam|p2|Calyrex-Ice||ClearAmulet|AsOneGlastrier|GlacialLance,CloseCombat,TrickRoom,Protect||||||50|,,,,,Water]Ho-Oh||CovertCloak|Regenerator|SacredFire,BraveBird,Tailwind,Protect||||||50|,,,,,Grass]Rillaboom||AssaultVest|GrassySurge|FakeOut,GrassyGlide,WoodHammer,Uturn|||F|||50|,,,,,Fire]Samurott-Hisui||WhiteHerb|Sharpness|CeaselessEdge,AquaCutter,SuckerPunch,Protect|||M|||50|,,,,,Ghost]Landorus||LifeOrb|SheerForce|EarthPower,SludgeBomb,SandsearStorm,Protect|||M|||50|,,,,,Poison]Ogerpon-Cornerstone||CornerstoneMask|Sturdy|IvyCudgel,PowerWhip,SpikyShield,FollowMe|||F|||50|,,,,,Rock\n|j| jyoung647\n|inactive|Battle timer is ON: inactive players will automatically lose when time's up. (requested by FIGHT ON STARMAN)\n|inactive|Geopocket has 60 seconds left.\n|\n|t:|1746073328\n|start\n|switch|p1a: Lunala|Lunala, L50|100/100\n|switch|p1b: Chi-Yu|Chi-Yu, L50|100/100\n|switch|p2a: Ho-Oh|Ho-Oh, L50|100/100\n|switch|p2b: Samurott|Samurott-Hisui, L50, M|100/100\n|-ability|p1b: Chi-Yu|Beads of Ruin\n|turn|1\n|\n|t:|1746073351\n|-terastallize|p1a: Lunala|Water\n|move|p2a: Ho-Oh|Protect|p2a: Ho-Oh\n|-singleturn|p2a: Ho-Oh|Protect\n|move|p1b: Chi-Yu|Heat Wave|p2a: Ho-Oh|[spread] p2b\n|-activate|p2a: Ho-Oh|move: Protect\n|-resisted|p2b: Samurott\n|-damage|p2b: Samurott|66/100\n|move|p1a: Lunala|Meteor Beam||[still]\n|-prepare|p1a: Lunala|Meteor Beam\n|-boost|p1a: Lunala|spa|1\n|-enditem|p1a: Lunala|Power Herb\n|-anim|p1a: Lunala|Meteor Beam|p2a: Ho-Oh\n|-activate|p2a: Ho-Oh|move: Protect\n|move|p2b: Samurott|Ceaseless Edge|p1a: Lunala\n|-damage|p1a: Lunala|80/100\n|-sidestart|p1: Geopocket|Spikes\n|\n|upkeep\n|turn|2\n|\n|t:|1746073375\n|move|p1b: Chi-Yu|Heat Wave|p2b: Samurott|[spread] p2a\n|-miss|p1b: Chi-Yu|p2b: Samurott\n|-resisted|p2a: Ho-Oh\n|-damage|p2a: Ho-Oh|85/100\n|move|p1a: Lunala|Moongeist Beam|p2b: Samurott\n|-resisted|p2b: Samurott\n|-damage|p2b: Samurott|0 fnt\n|faint|p2b: Samurott\n|move|p2a: Ho-Oh|Brave Bird|p1a: Lunala\n|-damage|p1a: Lunala|26/100\n|-damage|p2a: Ho-Oh|66/100|[from] Recoil\n|\n|upkeep\n|\n|t:|1746073396\n|switch|p2b: Ogerpon|Ogerpon-Cornerstone, L50, F|100/100\n|turn|3\n|\n|t:|1746073403\n|switch|p1a: Koraidon|Koraidon, L50|100/100\n|-damage|p1a: Koraidon|88/100|[from] Spikes\n|-weather|SunnyDay|[from] ability: Orichalcum Pulse|[of] p1a: Koraidon\n|-activate|p1a: Koraidon|Orichalcum Pulse|[source]\n|-terastallize|p2b: Ogerpon|Rock\n|detailschange|p2b: Ogerpon|Ogerpon-Cornerstone-Tera, L50, F, tera:Rock\n|-ability|p2b: Ogerpon|Embody Aspect (Cornerstone)|boost\n|-boost|p2b: Ogerpon|def|1\n|move|p1b: Chi-Yu|Heat Wave|p2b: Ogerpon|[spread] p2a,p2b\n|-resisted|p2a: Ho-Oh\n|-resisted|p2b: Ogerpon\n|-damage|p2a: Ho-Oh|45/100\n|-damage|p2b: Ogerpon|54/100\n|move|p2b: Ogerpon|Ivy Cudgel|p1a: Koraidon|[anim] Ivy Cudgel Rock\n|-resisted|p1a: Koraidon\n|-damage|p1a: Koraidon|51/100\n|move|p2a: Ho-Oh|Tailwind|p2a: Ho-Oh\n|-sidestart|p2: FIGHT ON STARMAN|move: Tailwind\n|\n|-weather|SunnyDay|[upkeep]\n|upkeep\n|turn|4\n|\n|t:|1746073421\n|switch|p1b: Brute Bonnet|Brute Bonnet, L50|100/100\n|-damage|p1b: Brute Bonnet|88/100|[from] Spikes\n|-activate|p1b: Brute Bonnet|ability: Protosynthesis\n|-start|p1b: Brute Bonnet|protosynthesisdef\n|move|p1a: Koraidon|Protect|p1a: Koraidon\n|-singleturn|p1a: Koraidon|Protect\n|move|p2b: Ogerpon|Ivy Cudgel|p1b: Brute Bonnet|[anim] Ivy Cudgel Rock\n|-damage|p1b: Brute Bonnet|48/100\n|move|p2a: Ho-Oh|Brave Bird|p1a: Koraidon\n|-activate|p1a: Koraidon|move: Protect\n|\n|-weather|SunnyDay|[upkeep]\n|upkeep\n|turn|5\n|inactive|FIGHT ON STARMAN has 30 seconds left.\n|\n|t:|1746073449\n|move|p2b: Ogerpon|Spiky Shield|p2b: Ogerpon\n|-singleturn|p2b: Ogerpon|move: Protect\n|move|p1b: Brute Bonnet|Rage Powder|p1b: Brute Bonnet\n|-singleturn|p1b: Brute Bonnet|move: Rage Powder\n|move|p2a: Ho-Oh|Sacred Fire|p1b: Brute Bonnet\n|-supereffective|p1b: Brute Bonnet\n|-damage|p1b: Brute Bonnet|0 fnt\n|faint|p1b: Brute Bonnet\n|-end|p1b: Brute Bonnet|Protosynthesis|[silent]\n|move|p1a: Koraidon|Close Combat|p2b: Ogerpon\n|-activate|p2b: Ogerpon|move: Protect\n|-damage|p1a: Koraidon|39/100|[from] Spiky Shield|[of] p2b: Ogerpon\n|\n|-weather|SunnyDay|[upkeep]\n|upkeep\n|\n|t:|1746073463\n|switch|p1b: Lunala|Lunala, L50, tera:Water|26/100\n|-damage|p1b: Lunala|14/100|[from] Spikes\n|turn|6\n|\n|t:|1746073486\n|switch|p2a: Calyrex|Calyrex-Ice, L50|100/100\n|-ability|p2a: Calyrex|As One\n|-ability|p2a: Calyrex|Unnerve\n|move|p1a: Koraidon|Protect|p1a: Koraidon\n|-singleturn|p1a: Koraidon|Protect\n|move|p2b: Ogerpon|Ivy Cudgel|p1b: Lunala|[anim] Ivy Cudgel Rock\n|-damage|p1b: Lunala|0 fnt\n|faint|p1b: Lunala\n|\n|-weather|SunnyDay|[upkeep]\n|-sideend|p2: FIGHT ON STARMAN|move: Tailwind\n|upkeep\n|\n|t:|1746073498\n|switch|p1b: Chi-Yu|Chi-Yu, L50|100/100\n|-damage|p1b: Chi-Yu|88/100|[from] Spikes\n|-ability|p1b: Chi-Yu|Beads of Ruin\n|turn|7\n|\n|t:|1746073511\n|move|p2b: Ogerpon|Spiky Shield|p2b: Ogerpon\n|-singleturn|p2b: Ogerpon|move: Protect\n|move|p2a: Calyrex|Protect|p2a: Calyrex\n|-singleturn|p2a: Calyrex|Protect\n|move|p1b: Chi-Yu|Overheat|p2a: Calyrex\n|-activate|p2a: Calyrex|move: Protect\n|move|p1a: Koraidon|Close Combat|p2b: Ogerpon\n|-activate|p2b: Ogerpon|move: Protect\n|-damage|p1a: Koraidon|26/100|[from] Spiky Shield|[of] p2b: Ogerpon\n|\n|-weather|none\n|upkeep\n|turn|8\n|c|\u2606Geopocket|joder pedazo de marulo\n|\n|t:|1746073531\n|move|p2b: Ogerpon|Follow Me|p2b: Ogerpon\n|-singleturn|p2b: Ogerpon|move: Follow Me\n|move|p1b: Chi-Yu|Overheat|p2b: Ogerpon\n|-resisted|p2b: Ogerpon\n|-damage|p2b: Ogerpon|0 fnt\n|-unboost|p1b: Chi-Yu|spa|2\n|faint|p2b: Ogerpon\n|move|p1a: Koraidon|Close Combat|p2a: Calyrex\n|-damage|p2a: Calyrex|53/100\n|-unboost|p1a: Koraidon|def|1\n|-unboost|p1a: Koraidon|spd|1\n|-damage|p1a: Koraidon|16/100|[from] item: Life Orb\n|move|p2a: Calyrex|Close Combat|p1b: Chi-Yu\n|-supereffective|p1b: Chi-Yu\n|-damage|p1b: Chi-Yu|0 fnt\n|-unboost|p2a: Calyrex|def|1\n|-unboost|p2a: Calyrex|spd|1\n|faint|p1b: Chi-Yu\n|-ability|p2a: Calyrex|Chilling Neigh|boost\n|-boost|p2a: Calyrex|atk|1\n|\n|upkeep\n|\n|t:|1746073533\n|switch|p2b: Ho-Oh|Ho-Oh, L50|78/100\n|turn|9\n|-message|Geopocket forfeited.\n|\n|win|FIGHT ON STARMAN\n||Geopocket is ready for game 2.\n||FIGHT ON STARMAN is ready for game 2.\n|uhtml|next|Next: <a href=\"/battle-gen9vgc2025regibo3-2354451116\"><strong>Game 2 of 3</strong></a>\n", "uploadtime": 1746073827, "views": 7, "formatid": "gen9vgc2025regibo3", "rating": null, "private": 0, "password": null}