{"id": "gen9vgc2025regibo3-2353723343", "format": "[Gen 9] VGC 2025 Reg I (Bo3)", "players": ["lucaguy", "Jasondddd"], "log": "|j|\u2606lucaguy\n|j|\u2606Jasondddd\n|html|<table width=\"100%\"><tr><td align=\"left\">lucaguy</td><td align=\"right\">Jasondddd</tr><tr><td align=\"left\"><i class=\"fa fa-circle-o\"></i> <i class=\"fa fa-circle-o\"></i> </td><td align=\"right\"><i class=\"fa fa-circle-o\"></i> <i class=\"fa fa-circle-o\"></i> </tr></table>\n|uhtml|bestof|<h2><strong>Game 1</strong> of <a href=\"/game-bestof3-gen9vgc2025regibo3-2353723342\">a best-of-3</a></h2>\n|t:|1745988933\n|gametype|doubles\n|player|p1|lucaguy|266|1294\n|player|p2|Jasondddd|266|1317\n|teamsize|p1|6\n|teamsize|p2|6\n|gen|9\n|tier|[Gen 9] VGC 2025 Reg I (Bo3)\n|rated|\n|rule|Species Clause: Limit one of each Pok\u00e9mon\n|rule|Item Clause: Limit 1 of each item\n|clearpoke\n|poke|p1|Lunala, L50|\n|poke|p1|Zamazenta-*, L50|\n|poke|p1|Tornadus, L50, M|\n|poke|p1|Rillaboom, L50, M|\n|poke|p1|Urshifu-*, L50, F|\n|poke|p1|Incineroar, L50, F|\n|poke|p2|Zamazenta-*, L50|\n|poke|p2|Moltres, L50|\n|poke|p2|Calyrex-Shadow, L50|\n|poke|p2|Ogerpon-Cornerstone, L50, F|\n|poke|p2|Grimmsnarl, L50, M|\n|poke|p2|Rillaboom, L50, M|\n|teampreview|4\n|showteam|p1|Lunala||PowerHerb|ShadowShield|Protect,MoongeistBeam,WideGuard,MeteorBeam||||||50|,,,,,Fairy]Zamazenta-Crowned||RustedShield|DauntlessShield|IronDefense,Protect,HeavySlam,BodyPress||||||50|,,,,,Ghost]Tornadus||RockyHelmet|Prankster|Protect,BleakwindStorm,Tailwind,RainDance|||M|||50|,,,,,Dark]Rillaboom||AssaultVest|GrassySurge|Uturn,GrassyGlide,WoodHammer,FakeOut|||M|||50|,,,,,Fire]Urshifu-Rapid-Strike||FocusSash|UnseenFist|SurgingStrikes,Protect,AquaJet,CloseCombat|||F|||50|,,,,,Stellar]Incineroar||SafetyGoggles|Intimidate|FakeOut,PartingShot,KnockOff,FlareBlitz|||F|||50|,,,,,Ghost\n|showteam|p2|Zamazenta-Crowned||RustedShield|DauntlessShield|Protect,WideGuard,BodyPress,behemothbash||||||50|,,,,,Dragon]Moltres||CovertCloak|FlameBody|Protect,HeatWave,AirSlash,Tailwind||||||50|,,,,,Grass]Calyrex-Shadow||Leftovers|AsOneSpectrier|Protect,GigaDrain,AstralBarrage,CalmMind||||||50|,,,,,Grass]Ogerpon-Cornerstone||CornerstoneMask|Sturdy|SpikyShield,IvyCudgel,HornLeech,FollowMe|||F|||50|,,,,,Rock]Grimmsnarl||LightClay|Prankster|ThunderWave,LightScreen,Reflect,SpiritBreak|||M|||50|,,,,,Water]Rillaboom||AssaultVest|GrassySurge|FakeOut,Uturn,GrassyGlide,WoodHammer|||M|||50|,,,,,Fire\n|\n|t:|1745988976\n|start\n|switch|p1a: Urshifu|Urshifu-Rapid-Strike, L50, F|100/100\n|switch|p1b: Tornadus|Tornadus, L50, M|100/100\n|switch|p2a: Rillaboom|Rillaboom, L50, M|100/100\n|switch|p2b: Grimmsnarl|Grimmsnarl, L50, M|100/100\n|-fieldstart|move: Grassy Terrain|[from] ability: Grassy Surge|[of] p2a: Rillaboom\n|turn|1\n|\n|t:|1745989008\n|switch|p1a: Zamazenta|Zamazenta-Crowned, L50|100/100\n|-ability|p1a: Zamazenta|Dauntless Shield|boost\n|-boost|p1a: Zamazenta|def|1\n|move|p2a: Rillaboom|Fake Out|p1a: Zamazenta\n|-resisted|p1a: Zamazenta\n|-damage|p1a: Zamazenta|98/100\n|move|p1b: Tornadus|Rain Dance|p1b: Tornadus\n|-weather|RainDance\n|move|p2b: Grimmsnarl|Spirit Break|p1b: Tornadus\n|-damage|p1b: Tornadus|68/100\n|-unboost|p1b: Tornadus|spa|1\n|-damage|p2b: Grimmsnarl|84/100|[from] item: Rocky Helmet|[of] p1b: Tornadus\n|\n|-weather|RainDance|[upkeep]\n|-heal|p1a: Zamazenta|100/100|[from] Grassy Terrain\n|-heal|p2b: Grimmsnarl|90/100|[from] Grassy Terrain\n|upkeep\n|turn|2\n|\n|t:|1745989055\n|switch|p2a: Calyrex|Calyrex-Shadow, L50|100/100\n|-ability|p2a: Calyrex|As One\n|-ability|p2a: Calyrex|Unnerve\n|move|p2b: Grimmsnarl|Light Screen|p2b: Grimmsnarl\n|-sidestart|p2: Jasondddd|move: Light Screen\n|move|p1b: Tornadus|Bleakwind Storm|p2b: Grimmsnarl|[spread] p2a,p2b\n|-damage|p2a: Calyrex|86/100\n|-damage|p2b: Grimmsnarl|76/100\n|move|p1a: Zamazenta|Iron Defense|p1a: Zamazenta\n|-boost|p1a: Zamazenta|def|2\n|\n|-weather|RainDance|[upkeep]\n|-heal|p2a: Calyrex|92/100|[from] Grassy Terrain\n|-heal|p2a: Calyrex|98/100|[from] item: Leftovers\n|-heal|p2b: Grimmsnarl|82/100|[from] Grassy Terrain\n|upkeep\n|turn|3\n|\n|t:|1745989079\n|move|p1a: Zamazenta|Protect|p1a: Zamazenta\n|-singleturn|p1a: Zamazenta|Protect\n|move|p1b: Tornadus|Tailwind|p1b: Tornadus\n|-sidestart|p1: lucaguy|move: Tailwind\n|move|p2b: Grimmsnarl|Thunder Wave|p1a: Zamazenta\n|-activate|p1a: Zamazenta|move: Protect\n|move|p2a: Calyrex|Calm Mind|p2a: Calyrex\n|-boost|p2a: Calyrex|spa|1\n|-boost|p2a: Calyrex|spd|1\n|\n|-weather|RainDance|[upkeep]\n|-heal|p2a: Calyrex|100/100|[from] Grassy Terrain\n|-heal|p2b: Grimmsnarl|88/100|[from] Grassy Terrain\n|upkeep\n|turn|4\n|\n|t:|1745989103\n|-terastallize|p1b: Tornadus|Dark\n|move|p2b: Grimmsnarl|Thunder Wave|p1a: Zamazenta\n|-status|p1a: Zamazenta|par\n|move|p1b: Tornadus|Bleakwind Storm|p2a: Calyrex|[spread] p2a,p2b\n|-damage|p2a: Calyrex|91/100\n|-damage|p2b: Grimmsnarl|75/100\n|move|p2a: Calyrex|Astral Barrage|p1a: Zamazenta|[spread] p1a,p1b\n|-resisted|p1b: Tornadus\n|-damage|p1a: Zamazenta|48/100 par\n|-damage|p1b: Tornadus|24/100\n|move|p1a: Zamazenta|Heavy Slam|p2b: Grimmsnarl\n|-supereffective|p2b: Grimmsnarl\n|-damage|p2b: Grimmsnarl|0 fnt\n|faint|p2b: Grimmsnarl\n|\n|-weather|RainDance|[upkeep]\n|-heal|p1b: Tornadus|30/100|[from] Grassy Terrain\n|-heal|p2a: Calyrex|97/100|[from] Grassy Terrain\n|-heal|p2a: Calyrex|100/100|[from] item: Leftovers\n|-heal|p1a: Zamazenta|54/100 par|[from] Grassy Terrain\n|upkeep\n|\n|t:|1745989130\n|switch|p2b: Zamazenta|Zamazenta-Crowned, L50|100/100\n|-ability|p2b: Zamazenta|Dauntless Shield|boost\n|-boost|p2b: Zamazenta|def|1\n|turn|5\n|\n|t:|1745989138\n|move|p1b: Tornadus|Protect|p1b: Tornadus\n|-singleturn|p1b: Tornadus|Protect\n|move|p2a: Calyrex|Astral Barrage|p1a: Zamazenta|[spread] p1a\n|-activate|p1b: Tornadus|move: Protect\n|-damage|p1a: Zamazenta|5/100 par\n|move|p2b: Zamazenta|Body Press|p1a: Zamazenta\n|-supereffective|p1a: Zamazenta\n|-damage|p1a: Zamazenta|0 fnt\n|faint|p1a: Zamazenta\n|\n|-weather|none\n|-heal|p1b: Tornadus|36/100|[from] Grassy Terrain\n|-fieldend|move: Grassy Terrain\n|upkeep\n|\n|t:|1745989152\n|switch|p1a: Urshifu|Urshifu-Rapid-Strike, L50, F|100/100\n|turn|6\n|\n|t:|1745989171\n|-terastallize|p2a: Calyrex|Grass\n|move|p1b: Tornadus|Rain Dance|p1b: Tornadus\n|-weather|RainDance\n|move|p1a: Urshifu|Surging Strikes|p2b: Zamazenta\n|-crit|p2b: Zamazenta\n|-damage|p2b: Zamazenta|81/100\n|-crit|p2b: Zamazenta\n|-damage|p2b: Zamazenta|58/100\n|-crit|p2b: Zamazenta\n|-damage|p2b: Zamazenta|38/100\n|-hitcount|p2b: Zamazenta|3\n|move|p2a: Calyrex|Giga Drain|p1a: Urshifu\n|-supereffective|p1a: Urshifu\n|-enditem|p1a: Urshifu|Focus Sash\n|-damage|p1a: Urshifu|1/100\n|move|p2b: Zamazenta|Behemoth Bash|p1b: Tornadus\n|-damage|p1b: Tornadus|0 fnt\n|-damage|p2b: Zamazenta|22/100|[from] item: Rocky Helmet|[of] p1b: Tornadus\n|faint|p1b: Tornadus\n|\n|-weather|RainDance|[upkeep]\n|-sideend|p1: lucaguy|move: Tailwind\n|upkeep\n|\n|t:|1745989189\n|switch|p1b: Lunala|Lunala, L50, shiny|100/100\n|turn|7\n|-message|lucaguy forfeited.\n|\n|win|Jasondddd\n|l|\u2606lucaguy\n|player|p1|\n|raw|lucaguy's rating: 1294 &rarr; <strong>1271</strong><br />(-23 for losing)\n|raw|Jasondddd's rating: 1317 &rarr; <strong>1336</strong><br />(+19 for winning)\n", "uploadtime": 1745989502, "views": 6, "formatid": "gen9vgc2025regibo3", "rating": 1271, "private": 0, "password": null}