{"id": "gen9vgc2025regibo3-2354230101", "format": "[Gen 9] VGC 2025 Reg I (Bo3)", "players": ["TreTrainer5252", "Axdvgnk"], "log": "|j|\u2606TreTrainer5252\n|j|\u203dAxdvgnk\n|html|<table width=\"100%\"><tr><td align=\"left\">TreTrainer5252</td><td align=\"right\">Axdvgnk</tr><tr><td align=\"left\"><i class=\"fa fa-circle\"></i> <i class=\"fa fa-circle-o\"></i> </td><td align=\"right\"><i class=\"fa fa-circle-o\"></i> <i class=\"fa fa-circle\"></i> </tr></table>\n|uhtml|bestof|<h2><strong>Game 3</strong> of <a href=\"/game-bestof3-gen9vgc2025regibo3-2354226443\">a best-of-3</a></h2>\n|t:|1746047006\n|gametype|doubles\n|player|p1|TreTrainer5252|linebacker|1089\n|player|p2|Axdvgnk|volkner|1000\n|teamsize|p1|6\n|teamsize|p2|6\n|gen|9\n|tier|[Gen 9] VGC 2025 Reg I (Bo3)\n|rated|\n|rule|Species Clause: Limit one of each Pok\u00e9mon\n|rule|Item Clause: Limit 1 of each item\n|clearpoke\n|poke|p1|Tornadus, L50, M|\n|poke|p1|Kyogre, L50|\n|poke|p1|Iron Crown, L50|\n|poke|p1|Iron Hands, L50|\n|poke|p1|Indeedee-F, L50, F|\n|poke|p1|Zamazenta-*, L50|\n|poke|p2|Articuno-Galar, L50|\n|poke|p2|Zacian-*, L50|\n|poke|p2|Urshifu-*, L50, F|\n|poke|p2|Calyrex-Shadow, L50|\n|poke|p2|Tornadus, L50, M|\n|poke|p2|Incineroar, L50, M|\n|teampreview|4\n|showteam|p1|Tornadus||MentalHerb|Prankster|Taunt,Tailwind,RainDance,BleakwindStorm|||M|||50|,,,,,Ghost]Kyogre||MysticWater|Drizzle|Protect,Thunder,WaterSpout,HydroPump||||||50|,,,,,Grass]Iron Crown||BoosterEnergy|QuarkDrive|Protect,FocusBlast,TachyonCutter,ExpandingForce||||||50|,,,,,Ground]Iron Hands||AssaultVest|QuarkDrive|FakeOut,HeavySlam,DrainPunch,WildCharge||||||50|,,,,,Water]Indeedee-F||RedCard|PsychicSurge|FollowMe,TrickRoom,HelpingHand,DazzlingGleam|||F|||50|,,,,,Dragon]Zamazenta-Crowned||RustedShield|DauntlessShield|Protect,BodyPress,WideGuard,IronDefense||||||50|,,,,,Water\n|showteam|p2|Articuno-Galar||RockyHelmet|Competitive|Imprison,TrickRoom,FreezingGlare,AirSlash||||||50|,,,,,Dark]Zacian-Crowned||RustedSword|IntrepidSword|behemothblade,PlayRough,SwordsDance,Protect||||||50|,,,,,Ground]Urshifu-Rapid-Strike||ChoiceScarf|UnseenFist|SurgingStrikes,AquaJet,CloseCombat,Uturn|||F|||50|,,,,,Water]Calyrex-Shadow||FocusSash|AsOneSpectrier|AstralBarrage,DrainingKiss,NastyPlot,Protect||||||50|,,,,,Fairy]Tornadus||CovertCloak|Prankster|Tailwind,Taunt,RainDance,IcyWind|||M|||50|,,,,,Dark]Incineroar||SitrusBerry|Intimidate|FakeOut,KnockOff,WillOWisp,PartingShot|||M|||50|,,,,,Grass\n|inactive|Battle timer is ON: inactive players will automatically lose when time's up. (requested by Axdvgnk)\n|inactive|TreTrainer5252 has 60 seconds left.\n|inactive|TreTrainer5252 has 30 seconds left.\n|\n|t:|1746047071\n|start\n|switch|p1a: Sesto|Tornadus, L50, M|100/100\n|switch|p1b: Elemento|Kyogre, L50|100/100\n|switch|p2a: Incineroar|Incineroar, L50, M, shiny|100/100\n|switch|p2b: Tornadus|Tornadus, L50, M|100/100\n|-weather|RainDance|[from] ability: Drizzle|[of] p1b: Elemento\n|-ability|p2a: Incineroar|Intimidate|boost\n|-unboost|p1a: Sesto|atk|1\n|-unboost|p1b: Elemento|atk|1\n|turn|1\n|\n|t:|1746047091\n|move|p1b: Elemento|Protect|p1b: Elemento\n|-singleturn|p1b: Elemento|Protect\n|move|p2a: Incineroar|Fake Out|p1b: Elemento\n|-activate|p1b: Elemento|move: Protect\n|move|p1a: Sesto|Taunt|p2b: Tornadus\n|-start|p2b: Tornadus|move: Taunt\n|move|p2b: Tornadus|Icy Wind|p1b: Elemento|[spread] p1a\n|-activate|p1b: Elemento|move: Protect\n|-supereffective|p1a: Sesto\n|-damage|p1a: Sesto|77/100\n|-unboost|p1a: Sesto|spe|1\n|\n|-weather|RainDance|[upkeep]\n|upkeep\n|turn|2\n|\n|t:|1746047111\n|-terastallize|p2a: Incineroar|Grass\n|move|p1a: Sesto|Tailwind|p1a: Sesto\n|-sidestart|p1: TreTrainer5252|move: Tailwind\n|move|p1b: Elemento|Water Spout|p2a: Incineroar|[spread] p2a,p2b\n|-resisted|p2a: Incineroar\n|-damage|p2a: Incineroar|50/100\n|-damage|p2b: Tornadus|0 fnt\n|-enditem|p2a: Incineroar|Sitrus Berry|[eat]\n|-heal|p2a: Incineroar|75/100|[from] item: Sitrus Berry\n|faint|p2b: Tornadus\n|move|p2a: Incineroar|Knock Off|p1b: Elemento\n|-damage|p1b: Elemento|54/100\n|-enditem|p1b: Elemento|Mystic Water|[from] move: Knock Off|[of] p2a: Incineroar\n|\n|-weather|RainDance|[upkeep]\n|upkeep\n|\n|t:|1746047125\n|switch|p2b: Zacian|Zacian-Crowned, L50, shiny|100/100\n|-ability|p2b: Zacian|Intrepid Sword|boost\n|-boost|p2b: Zacian|atk|1\n|turn|3\n|\n|t:|1746047136\n|move|p2b: Zacian|Protect|p2b: Zacian\n|-singleturn|p2b: Zacian|Protect\n|move|p1b: Elemento|Hydro Pump|p2b: Zacian\n|-activate|p2b: Zacian|move: Protect\n|move|p1a: Sesto|Bleakwind Storm|p2b: Zacian|[spread] p2a\n|-activate|p2b: Zacian|move: Protect\n|-supereffective|p2a: Incineroar\n|-damage|p2a: Incineroar|15/100\n|move|p2a: Incineroar|Parting Shot|p1b: Elemento\n|-unboost|p1b: Elemento|atk|1\n|-unboost|p1b: Elemento|spa|1\n|\n|t:|1746047147\n|switch|p2a: Calyrex|Calyrex-Shadow, L50|100/100|[from] Parting Shot\n|-ability|p2a: Calyrex|As One\n|-ability|p2a: Calyrex|Unnerve\n|\n|-weather|RainDance|[upkeep]\n|upkeep\n|turn|4\n|\n|t:|1746047164\n|move|p1a: Sesto|Taunt|p2a: Calyrex\n|-start|p2a: Calyrex|move: Taunt\n|move|p1b: Elemento|Hydro Pump|p2a: Calyrex\n|-damage|p2a: Calyrex|35/100\n|move|p2b: Zacian|Swords Dance|p2b: Zacian\n|-boost|p2b: Zacian|atk|2\n|move|p2a: Calyrex|Astral Barrage|p1a: Sesto|[spread] p1a,p1b\n|-damage|p1a: Sesto|16/100\n|-damage|p1b: Elemento|15/100\n|\n|-weather|RainDance|[upkeep]\n|upkeep\n|turn|5\n|\n|t:|1746047184\n|move|p1b: Elemento|Hydro Pump|p2b: Zacian\n|-damage|p2b: Zacian|40/100\n|move|p2b: Zacian|Behemoth Blade|p1a: Sesto\n|-damage|p1a: Sesto|0 fnt\n|faint|p1a: Sesto\n|move|p2a: Calyrex|Astral Barrage|p1b: Elemento\n|-damage|p1b: Elemento|0 fnt\n|faint|p1b: Elemento\n|-ability|p2a: Calyrex|Grim Neigh|boost\n|-boost|p2a: Calyrex|spa|1\n|\n|-weather|none\n|-sideend|p1: TreTrainer5252|move: Tailwind\n|upkeep\n|\n|t:|1746047191\n|switch|p1b: Thorton|Iron Crown, L50|100/100\n|switch|p1a: ZOGO|Zamazenta-Crowned, L50|100/100\n|-ability|p1a: ZOGO|Dauntless Shield|boost\n|-boost|p1a: ZOGO|def|1\n|-enditem|p1b: Thorton|Booster Energy\n|-activate|p1b: Thorton|ability: Quark Drive|[fromitem]\n|-start|p1b: Thorton|quarkdrivespa\n|turn|6\n|\n|t:|1746047214\n|-terastallize|p1a: ZOGO|Water\n|move|p1a: ZOGO|Wide Guard|p1a: ZOGO\n|-singleturn|p1a: ZOGO|Wide Guard\n|move|p2b: Zacian|Behemoth Blade|p1b: Thorton\n|-resisted|p1b: Thorton\n|-damage|p1b: Thorton|37/100\n|move|p2a: Calyrex|Astral Barrage|p1b: Thorton|[spread] \n|-activate|p1a: ZOGO|move: Wide Guard\n|-activate|p1b: Thorton|move: Wide Guard\n|move|p1b: Thorton|Tachyon Cutter|p2a: Calyrex\n|-damage|p2a: Calyrex|3/100\n|-damage|p2a: Calyrex|0 fnt\n|faint|p2a: Calyrex\n|-hitcount|p2: Calyrex|2\n|\n|upkeep\n|\n|t:|1746047232\n|switch|p2a: Incineroar|Incineroar, L50, M, shiny, tera:Grass|15/100\n|-ability|p2a: Incineroar|Intimidate|boost\n|-unboost|p1a: ZOGO|atk|1\n|-unboost|p1b: Thorton|atk|1\n|turn|7\n|\n|t:|1746047256\n|move|p1b: Thorton|Protect|p1b: Thorton\n|-singleturn|p1b: Thorton|Protect\n|move|p2a: Incineroar|Fake Out|p1a: ZOGO\n|-damage|p1a: ZOGO|96/100\n|move|p2b: Zacian|Swords Dance|p2b: Zacian\n|-boost|p2b: Zacian|atk|2\n|cant|p1a: ZOGO|flinch\n|\n|upkeep\n|turn|8\n|\n|t:|1746047273\n|move|p2b: Zacian|Behemoth Blade|p1b: Thorton\n|-resisted|p1b: Thorton\n|-damage|p1b: Thorton|0 fnt\n|faint|p1b: Thorton\n|-end|p1b: Thorton|Quark Drive|[silent]\n|move|p1a: ZOGO|Body Press|p2b: Zacian\n|-damage|p2b: Zacian|0 fnt\n|faint|p2b: Zacian\n|move|p2a: Incineroar|Will-O-Wisp|p1a: ZOGO\n|-status|p1a: ZOGO|brn\n|\n|-damage|p1a: ZOGO|90/100 brn|[from] brn\n|upkeep\n|turn|9\n|c|\u2606TreTrainer5252|gg fam\n|inactive|Axdvgnk has 30 seconds left.\n|\n|t:|1746047301\n|move|p1a: ZOGO|Body Press|p2a: Incineroar\n|-damage|p2a: Incineroar|0 fnt\n|faint|p2a: Incineroar\n|\n|win|TreTrainer5252\n|raw|TreTrainer5252's rating: 1089 &rarr; <strong>1109</strong><br />(+20 for winning)\n|raw|Axdvgnk's rating: 1000 &rarr; <strong>1000</strong><br />(+0 for losing)\n", "uploadtime": 1746047308, "views": 7, "formatid": "gen9vgc2025regibo3", "rating": 1000, "private": 0, "password": null}