{"id": "gen9vgc2025regibo3-2355077505", "format": "[Gen 9] VGC 2025 Reg I (Bo3)", "players": ["mavvyvgc", "umnhe"], "log": "|j|\u2606mavvyvgc\n|j|\u2606umnhe\n|html|<table width=\"100%\"><tr><td align=\"left\">mavvyvgc</td><td align=\"right\">umnhe</tr><tr><td align=\"left\"><i class=\"fa fa-circle-o\"></i> <i class=\"fa fa-circle-o\"></i> </td><td align=\"right\"><i class=\"fa fa-circle-o\"></i> <i class=\"fa fa-circle-o\"></i> </tr></table>\n|uhtml|bestof|<h2><strong>Game 1</strong> of <a href=\"/game-bestof3-gen9vgc2025regibo3-2355077504\">a best-of-3</a></h2>\n|t:|1746149647\n|gametype|doubles\n|player|p1|mavvyvgc|riley|1098\n|player|p2|umnhe|sage|1115\n|teamsize|p1|6\n|teamsize|p2|6\n|gen|9\n|tier|[Gen 9] VGC 2025 Reg I (Bo3)\n|rated|\n|rule|Species Clause: Limit one of each Pok\u00e9mon\n|rule|Item Clause: Limit 1 of each item\n|clearpoke\n|poke|p1|Koraidon, L50|\n|poke|p1|Calyrex-Shadow, L50|\n|poke|p1|Charizard, L50, F|\n|poke|p1|Klefki, L50, F|\n|poke|p1|Urshifu-*, L50, F|\n|poke|p1|Whimsicott, L50, F|\n|poke|p2|Miraidon, L50|\n|poke|p2|Calyrex-Ice, L50|\n|poke|p2|Urshifu-*, L50, F|\n|poke|p2|Farigiraf, L50, M|\n|poke|p2|Grimmsnarl, L50, M|\n|poke|p2|Iron Hands, L50|\n|teampreview|4\n|showteam|p1|Koraidon||ClearAmulet|OrichalcumPulse|CollisionCourse,FlareBlitz,SwordsDance,Protect||||||50|,,,,,Fire]Calyrex-Shadow||FocusSash|AsOneSpectrier|DarkPulse,AstralBarrage,NastyPlot,Protect||||||50|,,,,,Ghost]Charizard||ChoiceSpecs|SolarPower|Protect,HeatWave,Overheat,AirSlash|||F|||50|,,,,,Grass]Klefki||SitrusBerry|Prankster|Protect,LightScreen,Reflect,FlashCannon|||F|||50|,,,,,Water]Urshifu-Rapid-Strike||ChoiceBand|UnseenFist|CloseCombat,AquaJet,FirePunch,SurgingStrikes|||F|||50|,,,,,Fire]Whimsicott||CovertCloak|Prankster|Tailwind,HelpingHand,SunnyDay,Protect|||F|||50|,,,,,Normal\n|showteam|p2|Miraidon||ChoiceSpecs|HadronEngine|ElectroDrift,DracoMeteor,VoltSwitch,DazzlingGleam||||||50|,,,,,Fairy]Calyrex-Ice||ClearAmulet|AsOneGlastrier|GlacialLance,HighHorsepower,TrickRoom,Protect||||||50|,,,,,Water]Urshifu-Rapid-Strike||MysticWater|UnseenFist|SurgingStrikes,CloseCombat,Taunt,Detect|||F|||50|,,,,,Water]Farigiraf||ElectricSeed|ArmorTail|FoulPlay,TrickRoom,HelpingHand,PsychicNoise|||M|||50|,,,,,Fairy]Grimmsnarl||LightClay|Prankster|FoulPlay,Reflect,LightScreen,ThunderWave|||M|||50|,,,,,Dark]Iron Hands||AssaultVest|QuarkDrive|FakeOut,WildCharge,DrainPunch,LowKick||||||50|,,,,,Water\n|\n|t:|1746149726\n|start\n|switch|p1a: Klefki|Klefki, L50, F|100/100\n|switch|p1b: Calyrex|Calyrex-Shadow, L50|100/100\n|switch|p2a: Farigiraf|Farigiraf, L50, M, shiny|100/100\n|switch|p2b: Calyrex|Calyrex-Ice, L50|100/100\n|-ability|p1b: Calyrex|As One\n|-ability|p1b: Calyrex|Unnerve\n|-ability|p2b: Calyrex|As One\n|-ability|p2b: Calyrex|Unnerve\n|turn|1\n|\n|t:|1746149788\n|-terastallize|p2a: Farigiraf|Fairy\n|move|p2b: Calyrex|Protect|p2b: Calyrex\n|-singleturn|p2b: Calyrex|Protect\n|move|p1a: Klefki|Reflect|p1a: Klefki\n|-sidestart|p1: mavvyvgc|Reflect\n|move|p1b: Calyrex|Dark Pulse|p2a: Farigiraf\n|-resisted|p2a: Farigiraf\n|-damage|p2a: Farigiraf|85/100\n|cant|p2a: Farigiraf|flinch\n|\n|upkeep\n|turn|2\n|\n|t:|1746149822\n|move|p1a: Klefki|Light Screen|p1a: Klefki\n|-sidestart|p1: mavvyvgc|move: Light Screen\n|move|p1b: Calyrex|Astral Barrage|p2a: Farigiraf|[spread] p2a,p2b\n|-supereffective|p2b: Calyrex\n|-damage|p2a: Farigiraf|34/100\n|-damage|p2b: Calyrex|22/100\n|move|p2a: Farigiraf|Foul Play|p1b: Calyrex\n|-supereffective|p1b: Calyrex\n|-damage|p1b: Calyrex|50/100\n|move|p2b: Calyrex|Trick Room|p2b: Calyrex\n|-fieldstart|move: Trick Room|[of] p2b: Calyrex\n|\n|upkeep\n|turn|3\n|\n|t:|1746149842\n|move|p2a: Farigiraf|Helping Hand|p2b: Calyrex\n|-singleturn|p2b: Calyrex|Helping Hand|[of] p2a: Farigiraf\n|move|p1b: Calyrex|Protect|p1b: Calyrex\n|-singleturn|p1b: Calyrex|Protect\n|move|p2b: Calyrex|Glacial Lance|p1b: Calyrex|[spread] p1a\n|-activate|p1b: Calyrex|move: Protect\n|-resisted|p1a: Klefki\n|-damage|p1a: Klefki|71/100\n|move|p1a: Klefki|Flash Cannon|p2b: Calyrex\n|-supereffective|p2b: Calyrex\n|-damage|p2b: Calyrex|0 fnt\n|faint|p2b: Calyrex\n|\n|upkeep\n|\n|t:|1746149851\n|switch|p2b: Iron Hands|Iron Hands, L50, shiny|100/100\n|turn|4\n|\n|t:|1746149884\n|move|p1a: Klefki|Protect|p1a: Klefki\n|-singleturn|p1a: Klefki|Protect\n|move|p2b: Iron Hands|Drain Punch|p1a: Klefki\n|-activate|p1a: Klefki|move: Protect\n|move|p2a: Farigiraf|Foul Play|p1b: Calyrex\n|-supereffective|p1b: Calyrex\n|-damage|p1b: Calyrex|4/100\n|move|p1b: Calyrex|Astral Barrage|p2b: Iron Hands|[spread] p2a,p2b\n|-damage|p2a: Farigiraf|0 fnt\n|-damage|p2b: Iron Hands|70/100\n|faint|p2a: Farigiraf\n|-ability|p1b: Calyrex|Grim Neigh|boost\n|-boost|p1b: Calyrex|spa|1\n|\n|upkeep\n|\n|t:|1746149891\n|switch|p2a: Miraidon|Miraidon, L50|100/100\n|-fieldstart|move: Electric Terrain|[from] ability: Hadron Engine|[of] p2a: Miraidon\n|-activate|p2b: Iron Hands|ability: Quark Drive\n|-start|p2b: Iron Hands|quarkdriveatk\n|turn|5\n|\n|t:|1746149932\n|move|p2b: Iron Hands|Drain Punch|p1a: Klefki\n|-damage|p1a: Klefki|32/100\n|-heal|p2b: Iron Hands|84/100|[from] drain|[of] p1a: Klefki\n|-enditem|p1a: Klefki|Sitrus Berry|[eat]\n|-heal|p1a: Klefki|57/100|[from] item: Sitrus Berry\n|move|p1a: Klefki|Flash Cannon|p2a: Miraidon\n|-resisted|p2a: Miraidon\n|-damage|p2a: Miraidon|91/100\n|move|p2a: Miraidon|Dazzling Gleam|p1a: Klefki|[spread] p1a,p1b\n|-resisted|p1a: Klefki\n|-damage|p1a: Klefki|43/100\n|-damage|p1b: Calyrex|0 fnt\n|faint|p1b: Calyrex\n|\n|-sideend|p1: mavvyvgc|Reflect\n|upkeep\n|\n|t:|1746149954\n|switch|p1b: Koraidon|Koraidon, L50|100/100\n|-weather|SunnyDay|[from] ability: Orichalcum Pulse|[of] p1b: Koraidon\n|-activate|p1b: Koraidon|Orichalcum Pulse|[source]\n|turn|6\n|\n|t:|1746149971\n|-terastallize|p1b: Koraidon|Fire\n|move|p1a: Klefki|Reflect|p1a: Klefki\n|-sidestart|p1: mavvyvgc|Reflect\n|move|p2b: Iron Hands|Drain Punch|p1a: Klefki\n|-damage|p1a: Klefki|2/100\n|-heal|p2b: Iron Hands|98/100|[from] drain|[of] p1a: Klefki\n|move|p2a: Miraidon|Dazzling Gleam|p1a: Klefki|[spread] p1a,p1b\n|-resisted|p1a: Klefki\n|-resisted|p1b: Koraidon\n|-damage|p1a: Klefki|0 fnt\n|-damage|p1b: Koraidon|85/100\n|faint|p1a: Klefki\n|move|p1b: Koraidon|Swords Dance|p1b: Koraidon\n|-boost|p1b: Koraidon|atk|2\n|\n|-weather|SunnyDay|[upkeep]\n|-sideend|p1: mavvyvgc|move: Light Screen\n|-fieldend|move: Trick Room\n|upkeep\n|\n|t:|1746149987\n|switch|p1a: Whimsicott|Whimsicott, L50, F|100/100\n|turn|7\n|\n|t:|1746150011\n|move|p1a: Whimsicott|Tailwind|p1a: Whimsicott\n|-sidestart|p1: mavvyvgc|move: Tailwind\n|move|p1b: Koraidon|Collision Course|p2a: Miraidon\n|-damage|p2a: Miraidon|0 fnt\n|faint|p2a: Miraidon\n|move|p2b: Iron Hands|Wild Charge|p1a: Whimsicott\n|-resisted|p1a: Whimsicott\n|-damage|p1a: Whimsicott|74/100\n|-damage|p2b: Iron Hands|93/100|[from] Recoil\n|\n|-weather|SunnyDay|[upkeep]\n|upkeep\n|turn|8\n|-message|umnhe forfeited.\n|\n|win|mavvyvgc\n|l|\u2606umnhe\n|player|p2|\n|inactive|mavvyvgc has 30 seconds to confirm battle start!\n|inactive|umnhe has 30 seconds to confirm battle start!\n||mavvyvgc is ready for game 2.\n|inactive|umnhe has 20 seconds to confirm battle start!\n|inactive|umnhe has 10 seconds to confirm battle start!\n|uhtml|next|Next: <a href=\"/battle-gen9vgc2025regibo3-2355081013\"><strong>Game 2 of 3</strong></a>\n", "uploadtime": 1746150284, "views": 5, "formatid": "gen9vgc2025regibo3", "rating": null, "private": 0, "password": null}