{"id": "gen9vgc2025regibo3-2353596919", "format": "[Gen 9] VGC 2025 Reg I (Bo3)", "players": ["Watanagashi_Mion", "brutal mcbonnet"], "log": "|j|\u2606Watanagashi_Mion\n|j|\u2606brutal mcbonnet\n|html|<table width=\"100%\"><tr><td align=\"left\">Watanagashi_Mion</td><td align=\"right\">brutal mcbonnet</tr><tr><td align=\"left\"><i class=\"fa fa-circle-o\"></i> <i class=\"fa fa-circle-o\"></i> </td><td align=\"right\"><i class=\"fa fa-circle-o\"></i> <i class=\"fa fa-circle-o\"></i> </tr></table>\n|uhtml|bestof|<h2><strong>Game 1</strong> of <a href=\"/game-bestof3-gen9vgc2025regibo3-2353596918\">a best-of-3</a></h2>\n|t:|1745972649\n|gametype|doubles\n|player|p1|Watanagashi_Mion|hugh|1121\n|player|p2|brutal mcbonnet|skyla|1169\n|teamsize|p1|6\n|teamsize|p2|6\n|gen|9\n|tier|[Gen 9] VGC 2025 Reg I (Bo3)\n|rated|\n|rule|Species Clause: Limit one of each Pok\u00e9mon\n|rule|Item Clause: Limit 1 of each item\n|clearpoke\n|poke|p1|Zamazenta-*, L50|\n|poke|p1|Calyrex-Shadow, L50|\n|poke|p1|Tornadus, L50, M|\n|poke|p1|Urshifu-*, L50, M|\n|poke|p1|Rillaboom, L50, F|\n|poke|p1|Chien-Pao, L50|\n|poke|p2|Koraidon, L50|\n|poke|p2|Ho-Oh, L50|\n|poke|p2|Brute Bonnet, L50|\n|poke|p2|Flutter Mane, L50|\n|poke|p2|Raging Bolt, L50|\n|poke|p2|Iron Treads, L50|\n|teampreview|4\n|showteam|p1|Zamazenta-Crowned||RustedShield|DauntlessShield|BodyPress,HeavySlam,WideGuard,Protect||||||50|,,,,,Ghost]Calyrex-Shadow||FocusSash|AsOneSpectrier|AstralBarrage,Psychic,Encore,Protect||||||50|,,,,,Ghost]Tornadus||RockyHelmet|Prankster|BleakwindStorm,Tailwind,RainDance,Protect|||M|||50|,,,,,Dark]Urshifu-Rapid-Strike||MysticWater|UnseenFist|SurgingStrikes,CloseCombat,AquaJet,Protect|||M|||50|,,,,,Water]Rillaboom||AssaultVest|GrassySurge|WoodHammer,GrassyGlide,Uturn,FakeOut|||F|||50|,,,,,Fire]Chien-Pao||LifeOrb|SwordofRuin|IcicleCrash,SuckerPunch,IceShard,Protect||||||50|,,,,,Stellar\n|showteam|p2|Koraidon||LifeOrb|OrichalcumPulse|CloseCombat,FlareBlitz,BreakingSwipe,Protect||||||50|,,,,,Fire]Ho-Oh||ClearAmulet|Regenerator|SacredFire,BraveBird,Tailwind,Protect||||||50|,,,,,Grass]Brute Bonnet||CovertCloak|Protosynthesis|SuckerPunch,PollenPuff,Spore,RagePowder||||||50|,,,,,Water]Flutter Mane||FocusSash|Protosynthesis|Moonblast,ShadowBall,IcyWind,Protect||||||50|,,,,,Stellar]Raging Bolt||AssaultVest|Protosynthesis|Thunderclap,Thunderbolt,DragonPulse,Electroweb||||||50|,,,,,Electric]Iron Treads||ChoiceBand|QuarkDrive|HighHorsepower,IronHead,Earthquake,SteelRoller||||||50|,,,,,Ghost\n|inactive|Battle timer is ON: inactive players will automatically lose when time's up. (requested by Watanagashi_Mion)\n|inactive|Watanagashi_Mion has 60 seconds left.\n|\n|t:|1745972701\n|start\n|switch|p1a: Tornadus|Tornadus, L50, M|100/100\n|switch|p1b: Urshifu|Urshifu-Rapid-Strike, L50, M|100/100\n|switch|p2a: Koraidon|Koraidon, L50|100/100\n|switch|p2b: Ho-Oh|Ho-Oh, L50, shiny|100/100\n|-weather|SunnyDay|[from] ability: Orichalcum Pulse|[of] p2a: Koraidon\n|-activate|p2a: Koraidon|Orichalcum Pulse|[source]\n|turn|1\n|\n|t:|1745972714\n|-terastallize|p2b: Ho-Oh|Grass\n|move|p1b: Urshifu|Protect|p1b: Urshifu\n|-singleturn|p1b: Urshifu|Protect\n|move|p1a: Tornadus|Rain Dance|p1a: Tornadus\n|-weather|RainDance\n|move|p2a: Koraidon|Breaking Swipe|p1a: Tornadus|[spread] p1a\n|-activate|p1b: Urshifu|move: Protect\n|-damage|p1a: Tornadus|70/100\n|-unboost|p1a: Tornadus|atk|1\n|-damage|p2a: Koraidon|84/100|[from] item: Rocky Helmet|[of] p1a: Tornadus\n|-damage|p2a: Koraidon|74/100|[from] item: Life Orb\n|move|p2b: Ho-Oh|Brave Bird|p1a: Tornadus\n|-damage|p1a: Tornadus|6/100\n|-damage|p2b: Ho-Oh|84/100|[from] item: Rocky Helmet|[of] p1a: Tornadus\n|-damage|p2b: Ho-Oh|67/100|[from] Recoil\n|\n|-weather|RainDance|[upkeep]\n|upkeep\n|turn|2\n|inactive|Watanagashi_Mion has 30 seconds left.\n|inactive|brutal mcbonnet has 30 seconds left.\n|\n|t:|1745972744\n|switch|p2b: Brute Bonnet|Brute Bonnet, L50, shiny|100/100\n|move|p1a: Tornadus|Tailwind|p1a: Tornadus\n|-sidestart|p1: Watanagashi_Mion|move: Tailwind\n|move|p1b: Urshifu|Close Combat|p2a: Koraidon\n|-damage|p2a: Koraidon|21/100\n|-unboost|p1b: Urshifu|def|1\n|-unboost|p1b: Urshifu|spd|1\n|move|p2a: Koraidon|Breaking Swipe|p1a: Tornadus|[spread] p1a,p1b\n|-damage|p1a: Tornadus|0 fnt\n|-damage|p1b: Urshifu|51/100\n|-unboost|p1b: Urshifu|atk|1\n|-damage|p2a: Koraidon|5/100|[from] item: Rocky Helmet|[of] p1a: Tornadus\n|faint|p1a: Tornadus\n|-damage|p2a: Koraidon|0 fnt|[from] item: Life Orb\n|faint|p2a: Koraidon\n|\n|-weather|RainDance|[upkeep]\n|upkeep\n|inactive|brutal mcbonnet has 30 seconds left.\n|\n|t:|1745972771\n|switch|p2a: Flutter Mane|Flutter Mane, L50, shiny|100/100\n|switch|p1a: Chien-Pao|Chien-Pao, L50|100/100\n|-ability|p1a: Chien-Pao|Sword of Ruin\n|turn|3\n|inactive|brutal mcbonnet has 30 seconds left.\n|inactive|brutal mcbonnet has 20 seconds left.\n|\n|t:|1745972807\n|move|p2b: Brute Bonnet|Rage Powder|p2b: Brute Bonnet\n|-singleturn|p2b: Brute Bonnet|move: Rage Powder\n|move|p1a: Chien-Pao|Icicle Crash|p2b: Brute Bonnet\n|-supereffective|p2b: Brute Bonnet\n|-damage|p2b: Brute Bonnet|3/100\n|-damage|p1a: Chien-Pao|91/100|[from] item: Life Orb\n|move|p1b: Urshifu|Surging Strikes|p2b: Brute Bonnet\n|-resisted|p2b: Brute Bonnet\n|-crit|p2b: Brute Bonnet\n|-damage|p2b: Brute Bonnet|0 fnt\n|faint|p2b: Brute Bonnet\n|-end|p2b: Brute Bonnet|Protosynthesis|[silent]\n|-hitcount|p2: Brute Bonnet|1\n|move|p2a: Flutter Mane|Moonblast|p1b: Urshifu\n|-supereffective|p1b: Urshifu\n|-crit|p1b: Urshifu\n|-damage|p1b: Urshifu|0 fnt\n|faint|p1b: Urshifu\n|\n|-weather|RainDance|[upkeep]\n|upkeep\n|\n|t:|1745972816\n|switch|p1b: Zamazenta|Zamazenta-Crowned, L50|100/100\n|switch|p2b: Ho-Oh|Ho-Oh, L50, shiny, tera:Grass|100/100\n|-ability|p1b: Zamazenta|Dauntless Shield|boost\n|-boost|p1b: Zamazenta|def|1\n|turn|4\n|\n|t:|1745972840\n|move|p2a: Flutter Mane|Protect|p2a: Flutter Mane\n|-singleturn|p2a: Flutter Mane|Protect\n|move|p1a: Chien-Pao|Ice Shard|p2a: Flutter Mane\n|-activate|p2a: Flutter Mane|move: Protect\n|move|p1b: Zamazenta|Heavy Slam|p2a: Flutter Mane\n|-activate|p2a: Flutter Mane|move: Protect\n|move|p2b: Ho-Oh|Tailwind|p2b: Ho-Oh\n|-sidestart|p2: brutal mcbonnet|move: Tailwind\n|\n|-weather|RainDance|[upkeep]\n|upkeep\n|turn|5\n|inactive|Watanagashi_Mion has 30 seconds left.\n|\n|t:|1745972870\n|move|p1a: Chien-Pao|Sucker Punch|p2a: Flutter Mane\n|-enditem|p2a: Flutter Mane|Focus Sash\n|-damage|p2a: Flutter Mane|1/100\n|-damage|p1a: Chien-Pao|81/100|[from] item: Life Orb\n|move|p2a: Flutter Mane|Moonblast|p1b: Zamazenta\n|-damage|p1b: Zamazenta|60/100\n|move|p1b: Zamazenta|Heavy Slam|p2a: Flutter Mane\n|-supereffective|p2a: Flutter Mane\n|-damage|p2a: Flutter Mane|0 fnt\n|faint|p2a: Flutter Mane\n|-end|p2a: Flutter Mane|Protosynthesis|[silent]\n|move|p2b: Ho-Oh|Sacred Fire|p1b: Zamazenta\n|-supereffective|p1b: Zamazenta\n|-damage|p1b: Zamazenta|29/100\n|-status|p1b: Zamazenta|brn\n|\n|-weather|none\n|-damage|p1b: Zamazenta|23/100 brn|[from] brn\n|-sideend|p1: Watanagashi_Mion|move: Tailwind\n|upkeep\n|turn|6\n|\n|t:|1745972889\n|-terastallize|p1b: Zamazenta|Ghost\n|move|p2b: Ho-Oh|Protect|p2b: Ho-Oh\n|-singleturn|p2b: Ho-Oh|Protect\n|move|p1a: Chien-Pao|Protect|p1a: Chien-Pao\n|-singleturn|p1a: Chien-Pao|Protect\n|move|p1b: Zamazenta|Body Press|p2b: Ho-Oh\n|-activate|p2b: Ho-Oh|move: Protect\n|\n|-damage|p1b: Zamazenta|17/100 brn|[from] brn\n|upkeep\n|turn|7\n|\n|t:|1745972904\n|move|p2b: Ho-Oh|Brave Bird|p1a: Chien-Pao\n|-damage|p1a: Chien-Pao|0 fnt\n|faint|p1a: Chien-Pao\n|-damage|p2b: Ho-Oh|79/100|[from] Recoil\n|move|p1b: Zamazenta|Body Press|p2b: Ho-Oh\n|-damage|p2b: Ho-Oh|49/100\n|\n|-damage|p1b: Zamazenta|11/100 brn|[from] brn\n|-sideend|p2: brutal mcbonnet|move: Tailwind\n|upkeep\n|turn|8\n|\n|t:|1745972929\n|move|p1b: Zamazenta|Body Press|p2b: Ho-Oh\n|-damage|p2b: Ho-Oh|21/100\n|move|p2b: Ho-Oh|Brave Bird|p1b: Zamazenta\n|-damage|p1b: Zamazenta|0 fnt\n|faint|p1b: Zamazenta\n|-damage|p2b: Ho-Oh|18/100|[from] Recoil\n|\n|win|brutal mcbonnet\n||Watanagashi_Mion is ready for game 2.\n||brutal mcbonnet is ready for game 2.\n|uhtml|next|Next: <a href=\"/battle-gen9vgc2025regibo3-2353599374\"><strong>Game 2 of 3</strong></a>\n|l|\u2606Watanagashi_Mion\n|player|p1|\n", "uploadtime": 1745973182, "views": 7, "formatid": "gen9vgc2025regibo3", "rating": null, "private": 0, "password": null}