{"id": "gen9vgc2025regibo3-2354248662", "format": "[Gen 9] VGC 2025 Reg I (Bo3)", "players": ["Missed the attack!", "PkScept"], "log": "|j|\u2606Missed the attack!\n|j|\u2606PkScept\n|html|<table width=\"100%\"><tr><td align=\"left\">Missed the attack!</td><td align=\"right\">PkScept</tr><tr><td align=\"left\"><i class=\"fa fa-circle-o\"></i> <i class=\"fa fa-circle-o\"></i> </td><td align=\"right\"><i class=\"fa fa-circle-o\"></i> <i class=\"fa fa-circle-o\"></i> </tr></table>\n|uhtml|bestof|<h2><strong>Game 1</strong> of <a href=\"/game-bestof3-gen9vgc2025regibo3-2354248661\">a best-of-3</a></h2>\n|t:|1746048904\n|gametype|doubles\n|player|p1|Missed the attack!|leaf-masters|1222\n|player|p2|PkScept|102|1234\n|teamsize|p1|6\n|teamsize|p2|6\n|gen|9\n|tier|[Gen 9] VGC 2025 Reg I (Bo3)\n|rated|\n|rule|Species Clause: Limit one of each Pok\u00e9mon\n|rule|Item Clause: Limit 1 of each item\n|clearpoke\n|poke|p1|Zacian-*, L50|\n|poke|p1|Kyogre, L50|\n|poke|p1|Landorus, L50, M|\n|poke|p1|Tornadus, L50, M|\n|poke|p1|Rillaboom, L50, F|\n|poke|p1|Ditto, L50|\n|poke|p2|Masquerain, L50, F|\n|poke|p2|Urshifu-*, L50, M|\n|poke|p2|Roaring Moon, L50|\n|poke|p2|Zamazenta-*, L50|\n|poke|p2|Calyrex-Ice, L50|\n|poke|p2|Ogerpon-Cornerstone, L50, F|\n|teampreview|4\n|showteam|p1|Zacian-Crowned||RustedSword|IntrepidSword|behemothblade,SacredSword,PlayRough,Protect||||||50|,,,,,Dragon]Kyogre||MysticWater|Drizzle|WaterSpout,OriginPulse,IceBeam,Protect||||||50|,,,,,Grass]Landorus||LifeOrb|SheerForce|SandsearStorm,EarthPower,SludgeBomb,Protect|||M|||50|,,,,,Poison]Tornadus||CovertCloak|Prankster|BleakwindStorm,RainDance,Tailwind,Taunt|||M|||50|,,,,,Steel]Rillaboom||AssaultVest|GrassySurge|WoodHammer,GrassyGlide,FakeOut,Uturn|||F|||50|,,,,,Fire]Ditto||FocusSash|Imposter|Transform||||||50|,,,,,Ghost\n|showteam|p2|Masquerain||CovertCloak|Intimidate|IcyWind,StickyWeb,Protect,AirSlash|||F|||50|,,,,,Water]Urshifu-Rapid-Strike||FocusSash|UnseenFist|Detect,SurgingStrikes,CloseCombat,AquaJet|||M|||50|,,,,,Water]Roaring Moon||BoosterEnergy|Protosynthesis|Acrobatics,KnockOff,Protect,Tailwind||||||50|,,,,,Flying]Zamazenta-Crowned||RustedShield|DauntlessShield|BodyPress,Rest,IronDefense,Protect||||||50|,,,,,Water]Calyrex-Ice||ClearAmulet|AsOneGlastrier|GlacialLance,SwordsDance,HighHorsepower,Protect||||||50|,,,,,Water]Ogerpon-Cornerstone||CornerstoneMask|Sturdy|IvyCudgel,SpikyShield,FollowMe,HelpingHand|||F|||50|,,,,,Rock\n|inactive|Battle timer is ON: inactive players will automatically lose when time's up. (requested by PkScept)\n|inactive|Missed the attack! has 60 seconds left.\n|inactive|PkScept has 60 seconds left.\n|\n|t:|1746048954\n|start\n|switch|p1a: Zacian|Zacian-Crowned, L50|100/100\n|switch|p1b: Rillaboom|Rillaboom, L50, F|100/100\n|switch|p2a: Masquerain|Masquerain, L50, F|100/100\n|switch|p2b: Urshifu|Urshifu-Rapid-Strike, L50, M|100/100\n|-ability|p1a: Zacian|Intrepid Sword|boost\n|-boost|p1a: Zacian|atk|1\n|-fieldstart|move: Grassy Terrain|[from] ability: Grassy Surge|[of] p1b: Rillaboom\n|-ability|p2a: Masquerain|Intimidate|boost\n|-unboost|p1a: Zacian|atk|1\n|-unboost|p1b: Rillaboom|atk|1\n|turn|1\n|\n|t:|1746048966\n|move|p2b: Urshifu|Detect|p2b: Urshifu\n|-singleturn|p2b: Urshifu|Protect\n|move|p1a: Zacian|Behemoth Blade|p2a: Masquerain\n|-damage|p2a: Masquerain|38/100\n|move|p1b: Rillaboom|U-turn|p2a: Masquerain\n|-resisted|p2a: Masquerain\n|-damage|p2a: Masquerain|30/100\n|inactive|Missed the attack! has 30 seconds left.\n|\n|t:|1746048999\n|switch|p1b: Kyogre|Kyogre, L50|100/100|[from] U-turn\n|-weather|RainDance|[from] ability: Drizzle|[of] p1b: Kyogre\n|move|p2a: Masquerain|Sticky Web|p1b: Kyogre\n|-sidestart|p1: Missed the attack!|move: Sticky Web\n|\n|-weather|RainDance|[upkeep]\n|upkeep\n|turn|2\n|inactive|PkScept has 30 seconds left.\n|\n|t:|1746049026\n|-terastallize|p1a: Zacian|Dragon\n|-terastallize|p2b: Urshifu|Water\n|move|p1a: Zacian|Behemoth Blade|p2a: Masquerain\n|-damage|p2a: Masquerain|0 fnt\n|faint|p2a: Masquerain\n|move|p2b: Urshifu|Surging Strikes|p1a: Zacian\n|-resisted|p1a: Zacian\n|-crit|p1a: Zacian\n|-damage|p1a: Zacian|83/100\n|-resisted|p1a: Zacian\n|-crit|p1a: Zacian\n|-damage|p1a: Zacian|64/100\n|-resisted|p1a: Zacian\n|-crit|p1a: Zacian\n|-damage|p1a: Zacian|46/100\n|-hitcount|p1a: Zacian|3\n|move|p1b: Kyogre|Water Spout|p2b: Urshifu\n|-resisted|p2b: Urshifu\n|-enditem|p2b: Urshifu|Focus Sash\n|-damage|p2b: Urshifu|1/100\n|\n|-weather|RainDance|[upkeep]\n|-heal|p1a: Zacian|52/100|[from] Grassy Terrain\n|-heal|p2b: Urshifu|7/100|[from] Grassy Terrain\n|upkeep\n|\n|t:|1746049040\n|switch|p2a: Roaring Moon|Roaring Moon, L50|100/100\n|-enditem|p2a: Roaring Moon|Booster Energy\n|-activate|p2a: Roaring Moon|ability: Protosynthesis|[fromitem]\n|-start|p2a: Roaring Moon|protosynthesisatk\n|turn|3\n|\n|t:|1746049053\n|move|p2a: Roaring Moon|Protect|p2a: Roaring Moon\n|-singleturn|p2a: Roaring Moon|Protect\n|move|p1a: Zacian|Play Rough|p2a: Roaring Moon\n|-activate|p2a: Roaring Moon|move: Protect\n|move|p2b: Urshifu|Close Combat|p1b: Kyogre\n|-damage|p1b: Kyogre|36/100\n|-unboost|p2b: Urshifu|def|1\n|-unboost|p2b: Urshifu|spd|1\n|move|p1b: Kyogre|Water Spout|p2a: Roaring Moon|[spread] p2b\n|-activate|p2a: Roaring Moon|move: Protect\n|-resisted|p2b: Urshifu\n|-crit|p2b: Urshifu\n|-damage|p2b: Urshifu|0 fnt\n|faint|p2b: Urshifu\n|\n|-weather|RainDance|[upkeep]\n|-heal|p1a: Zacian|59/100|[from] Grassy Terrain\n|-heal|p1b: Kyogre|43/100|[from] Grassy Terrain\n|upkeep\n|\n|t:|1746049056\n|switch|p2b: Zamazenta|Zamazenta-Crowned, L50|100/100\n|-ability|p2b: Zamazenta|Dauntless Shield|boost\n|-boost|p2b: Zamazenta|def|1\n|turn|4\n|\n|t:|1746049073\n|move|p2a: Roaring Moon|Protect||[still]\n|-fail|p2a: Roaring Moon\n|move|p1a: Zacian|Play Rough|p2a: Roaring Moon\n|-supereffective|p2a: Roaring Moon\n|-damage|p2a: Roaring Moon|0 fnt\n|faint|p2a: Roaring Moon\n|-end|p2a: Roaring Moon|Protosynthesis|[silent]\n|move|p2b: Zamazenta|Body Press|p1a: Zacian\n|-damage|p1a: Zacian|4/100\n|move|p1b: Kyogre|Origin Pulse|p2b: Zamazenta\n|-damage|p2b: Zamazenta|33/100\n|\n|-weather|RainDance|[upkeep]\n|-heal|p1a: Zacian|11/100|[from] Grassy Terrain\n|-heal|p2b: Zamazenta|39/100|[from] Grassy Terrain\n|-heal|p1b: Kyogre|49/100|[from] Grassy Terrain\n|upkeep\n|turn|5\n|-message|PkScept forfeited.\n|\n|win|Missed the attack!\n|l|\u2606PkScept\n|player|p2|\n||PkScept is ready for game 2.\n|inactive|Missed the attack! has 30 seconds to confirm battle start!\n||Missed the attack! is ready for game 2.\n|uhtml|next|Next: <a href=\"/battle-gen9vgc2025regibo3-2354250424\"><strong>Game 2 of 3</strong></a>\n|l|\u2606Missed the attack!\n|player|p1|\n", "uploadtime": 1746049361, "views": 6, "formatid": "gen9vgc2025regibo3", "rating": null, "private": 0, "password": null}