{"id": "gen9vgc2025regibo3-2353552546", "format": "[Gen 9] VGC 2025 Reg I (Bo3)", "players": ["thetestingpokemonz", "Hootie Hingle"], "log": "|j|\u2606thetestingpokemonz\n|j|\u2606Hootie Hingle\n|html|<table width=\"100%\"><tr><td align=\"left\">thetestingpokemonz</td><td align=\"right\">Hootie Hingle</tr><tr><td align=\"left\"><i class=\"fa fa-circle\"></i> <i class=\"fa fa-circle-o\"></i> </td><td align=\"right\"><i class=\"fa fa-circle-o\"></i> <i class=\"fa fa-circle\"></i> </tr></table>\n|uhtml|bestof|<h2><strong>Game 3</strong> of <a href=\"/game-bestof3-gen9vgc2025regibo3-2353547984\">a best-of-3</a></h2>\n|t:|1745967500\n|gametype|doubles\n|player|p1|thetestingpokemonz|lucas|1151\n|player|p2|Hootie Hingle|lucas-contest|1265\n|teamsize|p1|6\n|teamsize|p2|6\n|gen|9\n|tier|[Gen 9] VGC 2025 Reg I (Bo3)\n|rated|\n|rule|Species Clause: Limit one of each Pok\u00e9mon\n|rule|Item Clause: Limit 1 of each item\n|clearpoke\n|poke|p1|Miraidon, L50|\n|poke|p1|Calyrex-Ice, L50|\n|poke|p1|Ursaluna-Bloodmoon, L50, M|\n|poke|p1|Ogerpon-Cornerstone, L50, F|\n|poke|p1|Farigiraf, L50, F|\n|poke|p1|Incineroar, L50, M|\n|poke|p2|Miraidon, L50|\n|poke|p2|Calyrex-Ice, L50|\n|poke|p2|Urshifu-*, L50, F|\n|poke|p2|Farigiraf, L50, M|\n|poke|p2|Iron Hands, L50|\n|poke|p2|Ogerpon-Hearthflame, L50, F|\n|teampreview|4\n|showteam|p1|Miraidon||ChoiceSpecs|HadronEngine|VoltSwitch,ElectroDrift,DragonPulse,Discharge||||||50|,,,,,Electric]Calyrex-Ice||ClearAmulet|AsOneGlastrier|GlacialLance,HighHorsepower,TrickRoom,Protect||||||50|,,,,,Fire]Ursaluna-Bloodmoon||LifeOrb|MindsEye|BloodMoon,HyperVoice,EarthPower,Protect|||M|||50|,,,,,Normal]Ogerpon-Cornerstone||CornerstoneMask|Sturdy|IvyCudgel,FollowMe,WoodHammer,SpikyShield|||F|||50|,,,,,Rock]Farigiraf||ElectricSeed|ArmorTail|TwinBeam,HelpingHand,TrickRoom,Protect|||F|||50|,,,,,Electric]Incineroar||RockyHelmet|Intimidate|FakeOut,WillOWisp,KnockOff,PartingShot|||M|||50|,,,,,Ghost\n|showteam|p2|Miraidon||ChoiceSpecs|HadronEngine|ElectroDrift,DracoMeteor,VoltSwitch,DazzlingGleam||||||50|,,,,,Fairy]Calyrex-Ice||ClearAmulet|AsOneGlastrier|GlacialLance,HighHorsepower,TrickRoom,Protect||||||50|,,,,,Water]Urshifu||FocusSash|UnseenFist|WickedBlow,SuckerPunch,CloseCombat,Detect|||F|||50|,,,,,Dark]Farigiraf||ElectricSeed|ArmorTail|Psychic,FoulPlay,TrickRoom,HelpingHand|||M|||50|,,,,,Water]Iron Hands||AssaultVest|QuarkDrive|DrainPunch,LowKick,WildCharge,FakeOut||||||50|,,,,,Bug]Ogerpon-Hearthflame||HearthflameMask|MoldBreaker|IvyCudgel,WoodHammer,FollowMe,SpikyShield|||F|||50|,,,,,Fire\n|inactive|Battle timer is ON: inactive players will automatically lose when time's up. (requested by Hootie Hingle)\n|inactive|thetestingpokemonz has 60 seconds left.\n|inactive|Hootie Hingle has 60 seconds left.\n|j| Hydrion\n|\n|t:|1745967544\n|start\n|switch|p1a: Ice Horse|Calyrex-Ice, L50|100/100\n|switch|p1b: Aku|Ogerpon-Cornerstone, L50, F|100/100\n|switch|p2a: Miraidon|Miraidon, L50|100/100\n|switch|p2b: Farigiraf|Farigiraf, L50, M|100/100\n|-ability|p1a: Ice Horse|As One\n|-ability|p1a: Ice Horse|Unnerve\n|-fieldstart|move: Electric Terrain|[from] ability: Hadron Engine|[of] p2a: Miraidon\n|-enditem|p2b: Farigiraf|Electric Seed\n|-boost|p2b: Farigiraf|def|1|[from] item: Electric Seed\n|turn|1\n|inactive|thetestingpokemonz has 30 seconds left.\n|inactive|Hootie Hingle has 30 seconds left.\n|inactive|thetestingpokemonz has 20 seconds left.\n|inactive|Hootie Hingle has 20 seconds left.\n|inactive|Hootie Hingle has 15 seconds left.\n|inactive|Hootie Hingle has 10 seconds left.\n|\n|t:|1745967594\n|move|p1b: Aku|Follow Me|p1b: Aku\n|-singleturn|p1b: Aku|move: Follow Me\n|move|p2a: Miraidon|Volt Switch|p1b: Aku\n|-resisted|p1b: Aku\n|-damage|p1b: Aku|40/100\n|\n|t:|1745967599\n|switch|p2a: Calyrex|Calyrex-Ice, L50|100/100|[from] Volt Switch\n|-ability|p2a: Calyrex|As One\n|-ability|p2a: Calyrex|Unnerve\n|move|p1a: Ice Horse|Glacial Lance|p2a: Calyrex|[spread] p2a,p2b\n|-resisted|p2a: Calyrex\n|-damage|p2a: Calyrex|82/100\n|-damage|p2b: Farigiraf|69/100\n|move|p2b: Farigiraf|Trick Room|p2b: Farigiraf\n|-fieldstart|move: Trick Room|[of] p2b: Farigiraf\n|\n|upkeep\n|turn|2\n|l| Hydrion\n|inactive|thetestingpokemonz has 30 seconds left.\n|inactive|Hootie Hingle has 30 seconds left.\n|inactive|thetestingpokemonz has 20 seconds left.\n|inactive|Hootie Hingle has 20 seconds left.\n|inactive|thetestingpokemonz has 15 seconds left.\n|\n|t:|1745967639\n|switch|p1b: Whats up bro|Incineroar, L50, M|100/100\n|-ability|p1b: Whats up bro|Intimidate|boost\n|-fail|p2a: Calyrex|unboost|[from] item: Clear Amulet|[of] p2a: Calyrex\n|-unboost|p2b: Farigiraf|atk|1\n|-terastallize|p1a: Ice Horse|Fire\n|move|p1a: Ice Horse|Glacial Lance|p2b: Farigiraf|[spread] p2a,p2b\n|-resisted|p2a: Calyrex\n|-damage|p2a: Calyrex|62/100\n|-damage|p2b: Farigiraf|36/100\n|move|p2a: Calyrex|Glacial Lance|p1a: Ice Horse|[spread] p1a,p1b\n|-resisted|p1a: Ice Horse\n|-resisted|p1b: Whats up bro\n|-damage|p1a: Ice Horse|83/100\n|-damage|p1b: Whats up bro|76/100\n|move|p2b: Farigiraf|Trick Room|p2b: Farigiraf\n|-fieldend|move: Trick Room\n|\n|upkeep\n|turn|3\n|inactive|thetestingpokemonz has 30 seconds left.\n|inactive|Hootie Hingle has 30 seconds left.\n|\n|t:|1745967673\n|move|p2a: Calyrex|Protect|p2a: Calyrex\n|-singleturn|p2a: Calyrex|Protect\n|move|p1b: Whats up bro|Will-O-Wisp|p2a: Calyrex\n|-activate|p2a: Calyrex|move: Protect\n|move|p2b: Farigiraf|Foul Play|p1a: Ice Horse\n|-crit|p1a: Ice Horse\n|-damage|p1a: Ice Horse|39/100\n|move|p1a: Ice Horse|Glacial Lance|p2a: Calyrex|[spread] p2b\n|-activate|p2a: Calyrex|move: Protect\n|-damage|p2b: Farigiraf|0 fnt\n|faint|p2b: Farigiraf\n|-ability|p1a: Ice Horse|Chilling Neigh|boost\n|-boost|p1a: Ice Horse|atk|1\n|\n|upkeep\n|\n|t:|1745967687\n|switch|p2b: Iron Hands|Iron Hands, L50|100/100\n|-activate|p2b: Iron Hands|ability: Quark Drive\n|-start|p2b: Iron Hands|quarkdriveatk\n|turn|4\n|\n|t:|1745967709\n|switch|p1b: Aku|Ogerpon-Cornerstone, L50, F|40/100\n|move|p1a: Ice Horse|Protect|p1a: Ice Horse\n|-singleturn|p1a: Ice Horse|Protect\n|move|p2b: Iron Hands|Fake Out|p1b: Aku\n|-resisted|p1b: Aku\n|-damage|p1b: Aku|27/100\n|move|p2a: Calyrex|High Horsepower|p1a: Ice Horse\n|-activate|p1a: Ice Horse|move: Protect\n|\n|upkeep\n|turn|5\n|inactive|thetestingpokemonz has 30 seconds left.\n|inactive|Hootie Hingle has 30 seconds left.\n|inactive|thetestingpokemonz has 20 seconds left.\n|inactive|thetestingpokemonz has 15 seconds left.\n|inactive|Hootie Hingle has 20 seconds left.\n|inactive|thetestingpokemonz has 10 seconds left.\n|\n|t:|1745967756\n|move|p2a: Calyrex|Protect|p2a: Calyrex\n|-singleturn|p2a: Calyrex|Protect\n|move|p1b: Aku|Follow Me|p1b: Aku\n|-singleturn|p1b: Aku|move: Follow Me\n|move|p2b: Iron Hands|Low Kick|p1b: Aku\n|-supereffective|p1b: Aku\n|-damage|p1b: Aku|0 fnt\n|faint|p1b: Aku\n|move|p1a: Ice Horse|Trick Room|p1a: Ice Horse\n|-fieldstart|move: Trick Room|[of] p1a: Ice Horse\n|\n|-fieldend|move: Electric Terrain\n|-end|p2b: Iron Hands|Quark Drive\n|upkeep\n|\n|t:|1745967765\n|switch|p1b: Whats up bro|Incineroar, L50, M|76/100\n|-ability|p1b: Whats up bro|Intimidate|boost\n|-fail|p2a: Calyrex|unboost|[from] item: Clear Amulet|[of] p2a: Calyrex\n|-unboost|p2b: Iron Hands|atk|1\n|turn|6\n|inactive|thetestingpokemonz has 30 seconds left.\n|\n|t:|1745967790\n|move|p1a: Ice Horse|Protect|p1a: Ice Horse\n|-singleturn|p1a: Ice Horse|Protect\n|move|p2b: Iron Hands|Low Kick|p1a: Ice Horse\n|-activate|p1a: Ice Horse|move: Protect\n|move|p1b: Whats up bro|Will-O-Wisp|p2b: Iron Hands\n|-status|p2b: Iron Hands|brn\n|move|p2a: Calyrex|Trick Room|p2a: Calyrex\n|-fieldend|move: Trick Room\n|\n|-damage|p2b: Iron Hands|95/100 brn|[from] brn\n|upkeep\n|turn|7\n|inactive|thetestingpokemonz has 30 seconds left.\n|\n|t:|1745967821\n|-terastallize|p2a: Calyrex|Water\n|move|p1b: Whats up bro|Will-O-Wisp|p2a: Calyrex\n|-status|p2a: Calyrex|brn\n|move|p2a: Calyrex|High Horsepower|p1a: Ice Horse\n|-supereffective|p1a: Ice Horse\n|-damage|p1a: Ice Horse|12/100\n|move|p2b: Iron Hands|Low Kick|p1a: Ice Horse\n|-damage|p1a: Ice Horse|0 fnt\n|faint|p1a: Ice Horse\n|\n|-damage|p2a: Calyrex|57/100 brn|[from] brn\n|-damage|p2b: Iron Hands|89/100 brn|[from] brn\n|upkeep\n|\n|t:|1745967831\n|switch|p1a: Teddy|Ursaluna-Bloodmoon, L50, M|100/100\n|turn|8\n|\n|t:|1745967841\n|move|p1a: Teddy|Protect|p1a: Teddy\n|-singleturn|p1a: Teddy|Protect\n|move|p1b: Whats up bro|Knock Off|p2b: Iron Hands\n|-resisted|p2b: Iron Hands\n|-damage|p2b: Iron Hands|75/100 brn\n|-enditem|p2b: Iron Hands|Assault Vest|[from] move: Knock Off|[of] p1b: Whats up bro\n|move|p2a: Calyrex|Glacial Lance|p1b: Whats up bro|[spread] p1b\n|-activate|p1a: Teddy|move: Protect\n|-resisted|p1b: Whats up bro\n|-damage|p1b: Whats up bro|63/100\n|move|p2b: Iron Hands|Drain Punch|p1a: Teddy\n|-activate|p1a: Teddy|move: Protect\n|\n|-damage|p2a: Calyrex|51/100 brn|[from] brn\n|-damage|p2b: Iron Hands|69/100 brn|[from] brn\n|upkeep\n|turn|9\n|\n|t:|1745967856\n|move|p1b: Whats up bro|Knock Off|p2a: Calyrex\n|-crit|p2a: Calyrex\n|-damage|p2a: Calyrex|9/100 brn\n|-enditem|p2a: Calyrex|Clear Amulet|[from] move: Knock Off|[of] p1b: Whats up bro\n|move|p2a: Calyrex|Glacial Lance|p1b: Whats up bro|[spread] p1a,p1b\n|-supereffective|p1a: Teddy\n|-resisted|p1b: Whats up bro\n|-damage|p1a: Teddy|55/100\n|-damage|p1b: Whats up bro|50/100\n|move|p2b: Iron Hands|Drain Punch|p1a: Teddy\n|-supereffective|p1a: Teddy\n|-damage|p1a: Teddy|34/100\n|-heal|p2b: Iron Hands|78/100 brn|[from] drain|[of] p1a: Teddy\n|move|p1a: Teddy|Hyper Voice|p2a: Calyrex|[spread] p2a,p2b\n|-damage|p2a: Calyrex|0 fnt\n|-damage|p2b: Iron Hands|42/100 brn\n|faint|p2a: Calyrex\n|-damage|p1a: Teddy|24/100|[from] item: Life Orb\n|\n|-damage|p2b: Iron Hands|36/100 brn|[from] brn\n|upkeep\n|\n|t:|1745967872\n|switch|p2a: Miraidon|Miraidon, L50|100/100\n|-fieldstart|move: Electric Terrain|[from] ability: Hadron Engine|[of] p2a: Miraidon\n|-activate|p2b: Iron Hands|ability: Quark Drive\n|-start|p2b: Iron Hands|quarkdriveatk\n|turn|10\n|-message|thetestingpokemonz forfeited.\n|\n|win|Hootie Hingle\n|raw|thetestingpokemonz's rating: 1151 &rarr; <strong>1134</strong><br />(-17 for losing)\n|raw|Hootie Hingle's rating: 1265 &rarr; <strong>1282</strong><br />(+17 for winning)\n|l|\u2606thetestingpokemonz\n|player|p1|\n", "uploadtime": 1745967922, "views": 20, "formatid": "gen9vgc2025regibo3", "rating": 1134, "private": 0, "password": null}