{"id": "gen9vgc2025regibo3-2353503589", "format": "[Gen 9] VGC 2025 Reg I (Bo3)", "players": ["1905mimimik", "Col3seph_"], "log": "|j|\u26061905mimimik\n|j|\u2606Col3seph_\n|html|<table width=\"100%\"><tr><td align=\"left\">1905mimimik</td><td align=\"right\">Col3seph_</tr><tr><td align=\"left\"><i class=\"fa fa-circle-o\"></i> <i class=\"fa fa-circle-o\"></i> </td><td align=\"right\"><i class=\"fa fa-circle-o\"></i> <i class=\"fa fa-circle-o\"></i> </tr></table>\n|uhtml|bestof|<h2><strong>Game 1</strong> of <a href=\"/game-bestof3-gen9vgc2025regibo3-2353503588\">a best-of-3</a></h2>\n|t:|1745962178\n|gametype|doubles\n|player|p1|1905mimimik|266|1032\n|player|p2|Col3seph_|unknown|1036\n|teamsize|p1|6\n|teamsize|p2|6\n|gen|9\n|tier|[Gen 9] VGC 2025 Reg I (Bo3)\n|rated|\n|rule|Species Clause: Limit one of each Pok\u00e9mon\n|rule|Item Clause: Limit 1 of each item\n|clearpoke\n|poke|p1|Calyrex-Shadow, L50|\n|poke|p1|Toxtricity, L50, M|\n|poke|p1|Indeedee-F, L50, F|\n|poke|p1|Oranguru, L50, F|\n|poke|p1|Rillaboom, L50, F|\n|poke|p1|Azumarill, L50, F|\n|poke|p2|Calyrex-Shadow, L50|\n|poke|p2|Terapagos, L50, M|\n|poke|p2|Rillaboom, L50, F|\n|poke|p2|Incineroar, L50, F|\n|poke|p2|Ogerpon-Cornerstone, L50, F|\n|poke|p2|Urshifu-*, L50, F|\n|teampreview|4\n|showteam|p1|Calyrex-Shadow||ChoiceScarf|AsOneSpectrier|AstralBarrage,GigaImpact,LeafStorm,ZenHeadbutt||||||50|,,,,,Psychic]Toxtricity||ThroatSpray|PunkRock|Protect,ShiftGear,Overdrive,Boomburst|||M|||50|,,,,,Normal]Indeedee-F||FocusSash|PsychicSurge|Protect,HelpingHand,FollowMe,TrickRoom|||F|||50|,,,,,Psychic]Oranguru||MentalHerb|Telepathy|Instruct,Protect,TrickRoom,Endure|||F|||50|,,,,,Normal]Rillaboom||AssaultVest|GrassySurge|FakeOut,Uturn,GrassyGlide,KnockOff|||F|||50|,,,,,Grass]Azumarill||LifeOrb|ThickFat|AquaJet,KnockOff,BellyDrum,Protect|||F|||50|,,,,,Water\n|showteam|p2|Calyrex-Shadow||LifeOrb|AsOneSpectrier|AstralBarrage,Psychic,Protect,NastyPlot||||||50|,,,,,Normal]Terapagos||Leftovers|TeraShift|CalmMind,Protect,TeraStarstorm,EarthPower|||M|||50|,,,,,Stellar]Rillaboom||AssaultVest|GrassySurge|KnockOff,GrassyGlide,DrumBeating,FakeOut|||F|||50|,,,,,Fire]Incineroar||RockyHelmet|Intimidate|Roar,FlareBlitz,FakeOut,PartingShot|||F|||50|,,,,,Ghost]Ogerpon-Cornerstone||CornerstoneMask|Sturdy|IvyCudgel,WoodHammer,FollowMe,SpikyShield|||F|||50|,,,,,Rock]Urshifu-Rapid-Strike||ChoiceScarf|UnseenFist|SurgingStrikes,CloseCombat,AquaJet,Uturn|||F|||50|,,,,,Water\n|\n|t:|1745962223\n|start\n|switch|p1a: Calyrex|Calyrex-Shadow, L50|100/100\n|switch|p1b: Azumarill|Azumarill, L50, F|100/100\n|switch|p2a: Terapagos|Terapagos, L50, M|100/100\n|switch|p2b: Rillaboom|Rillaboom, L50, F|100/100\n|-activate|p2a: Terapagos|ability: Tera Shift\n|detailschange|p2a: Terapagos|Terapagos-Terastal, L50, M\n|-heal|p2a: Terapagos|100/100|[silent]\n|-ability|p1a: Calyrex|As One\n|-ability|p1a: Calyrex|Unnerve\n|-fieldstart|move: Grassy Terrain|[from] ability: Grassy Surge|[of] p2b: Rillaboom\n|turn|1\n|inactive|Battle timer is ON: inactive players will automatically lose when time's up. (requested by Col3seph_)\n|\n|t:|1745962249\n|move|p1a: Calyrex|Astral Barrage|p2a: Terapagos|[spread] p2b\n|-immune|p2a: Terapagos\n|-damage|p2b: Rillaboom|57/100\n|move|p2b: Rillaboom|Knock Off|p1a: Calyrex\n|-supereffective|p1a: Calyrex\n|-damage|p1a: Calyrex|0 fnt\n|-enditem|p1a: Calyrex|Choice Scarf|[from] move: Knock Off|[of] p2b: Rillaboom\n|faint|p1a: Calyrex\n|move|p2a: Terapagos|Calm Mind|p2a: Terapagos\n|-boost|p2a: Terapagos|spa|1\n|-boost|p2a: Terapagos|spd|1\n|move|p1b: Azumarill|Belly Drum|p1b: Azumarill\n|-damage|p1b: Azumarill|51/100\n|-setboost|p1b: Azumarill|atk|6|[from] move: Belly Drum\n|\n|-heal|p2b: Rillaboom|63/100|[from] Grassy Terrain\n|-heal|p1b: Azumarill|57/100|[from] Grassy Terrain\n|upkeep\n|\n|t:|1745962269\n|switch|p1a: Toxtricity|Toxtricity, L50, M, shiny|100/100\n|turn|2\n|inactive|Col3seph_ has 30 seconds left.\n|\n|t:|1745962300\n|move|p2a: Terapagos|Protect|p2a: Terapagos\n|-singleturn|p2a: Terapagos|Protect\n|move|p1b: Azumarill|Protect|p1b: Azumarill\n|-singleturn|p1b: Azumarill|Protect\n|move|p1a: Toxtricity|Shift Gear|p1a: Toxtricity\n|-boost|p1a: Toxtricity|spe|2\n|-boost|p1a: Toxtricity|atk|1\n|move|p2b: Rillaboom|Drum Beating|p1b: Azumarill\n|-activate|p1b: Azumarill|move: Protect\n|\n|-heal|p2b: Rillaboom|68/100|[from] Grassy Terrain\n|-heal|p1b: Azumarill|62/100|[from] Grassy Terrain\n|upkeep\n|turn|3\n|\n|t:|1745962323\n|-terastallize|p1a: Toxtricity|Normal\n|move|p2b: Rillaboom|Grassy Glide|p1b: Azumarill\n|-supereffective|p1b: Azumarill\n|-damage|p1b: Azumarill|0 fnt\n|faint|p1b: Azumarill\n|move|p1a: Toxtricity|Boomburst|p2b: Rillaboom|[spread] p2a,p2b\n|-activate|p2a: Terapagos|ability: Tera Shell\n|-resisted|p2a: Terapagos\n|-damage|p2a: Terapagos|83/100\n|-damage|p2b: Rillaboom|23/100\n|-enditem|p1a: Toxtricity|Throat Spray\n|-boost|p1a: Toxtricity|spa|1|[from] item: Throat Spray\n|move|p2a: Terapagos|Earth Power|p1a: Toxtricity\n|-damage|p1a: Toxtricity|35/100\n|\n|-heal|p1a: Toxtricity|41/100|[from] Grassy Terrain\n|-heal|p2b: Rillaboom|29/100|[from] Grassy Terrain\n|-heal|p2a: Terapagos|89/100|[from] Grassy Terrain\n|-heal|p2a: Terapagos|95/100|[from] item: Leftovers\n|upkeep\n|\n|t:|1745962339\n|switch|p1b: Rillaboom|Rillaboom, L50, F|100/100\n|turn|4\n|\n|t:|1745962350\n|switch|p2b: Ogerpon|Ogerpon-Cornerstone, L50, F|100/100\n|move|p2a: Terapagos|Protect|p2a: Terapagos\n|-singleturn|p2a: Terapagos|Protect\n|move|p1b: Rillaboom|Fake Out|p2b: Ogerpon\n|-resisted|p2b: Ogerpon\n|-crit|p2b: Ogerpon\n|-damage|p2b: Ogerpon|86/100\n|move|p1a: Toxtricity|Boomburst|p2a: Terapagos|[spread] p1b,p2b\n|-activate|p2a: Terapagos|move: Protect\n|-resisted|p2b: Ogerpon\n|-damage|p1b: Rillaboom|9/100\n|-damage|p2b: Ogerpon|19/100\n|\n|-heal|p1a: Toxtricity|47/100|[from] Grassy Terrain\n|-heal|p2b: Ogerpon|25/100|[from] Grassy Terrain\n|-heal|p1b: Rillaboom|15/100|[from] Grassy Terrain\n|-heal|p2a: Terapagos|100/100|[from] Grassy Terrain\n|upkeep\n|turn|5\n|\n|t:|1745962375\n|-terastallize|p2a: Terapagos|Stellar\n|detailschange|p2a: Terapagos|Terapagos-Stellar, L50, M, tera:Stellar\n|-heal|p2a: Terapagos|100/100|[silent]\n|-ability|p2a: Terapagos|Teraform Zero\n|-fieldend|move: Grassy Terrain\n|move|p2b: Ogerpon|Spiky Shield|p2b: Ogerpon\n|-singleturn|p2b: Ogerpon|move: Protect\n|move|p1a: Toxtricity|Boomburst|p2b: Ogerpon|[spread] p1b,p2a\n|-activate|p2b: Ogerpon|move: Protect\n|-damage|p1b: Rillaboom|0 fnt\n|-damage|p2a: Terapagos|59/100\n|faint|p1b: Rillaboom\n|move|p2a: Terapagos|Tera Starstorm|p1a: Toxtricity\n|-supereffective|p1a: Toxtricity\n|-damage|p1a: Toxtricity|0 fnt\n|faint|p1a: Toxtricity\n|\n|win|Col3seph_\n|inactive|1905mimimik has 30 seconds to confirm battle start!\n|inactive|Col3seph_ has 30 seconds to confirm battle start!\n||Col3seph_ is ready for game 2.\n|inactive|1905mimimik has 20 seconds to confirm battle start!\n|inactive|1905mimimik has 10 seconds to confirm battle start!\n|uhtml|next|Next: <a href=\"/battle-gen9vgc2025regibo3-2353505889\"><strong>Game 2 of 3</strong></a>\n|l|\u26061905mimimik\n|player|p1|\n", "uploadtime": 1745962694, "views": 22, "formatid": "gen9vgc2025regibo3", "rating": null, "private": 0, "password": null}