{"id": "gen9vgc2025regibo3-2354491804", "format": "[Gen 9] VGC 2025 Reg I (Bo3)", "players": ["Ah-nick12", "StatzNerd"], "log": "|j|\u2606Ah-nick12\n|j|\u2606StatzNerd\n|html|<table width=\"100%\"><tr><td align=\"left\">Ah-nick12</td><td align=\"right\">StatzNerd</tr><tr><td align=\"left\"><i class=\"fa fa-circle-o\"></i> <i class=\"fa fa-circle-o\"></i> </td><td align=\"right\"><i class=\"fa fa-circle-o\"></i> <i class=\"fa fa-circle-o\"></i> </tr></table>\n|uhtml|bestof|<h2><strong>Game 1</strong> of <a href=\"/game-bestof3-gen9vgc2025regibo3-2354491803\">a best-of-3</a></h2>\n|t:|1746080853\n|gametype|doubles\n|player|p1|Ah-nick12|170|1224\n|player|p2|StatzNerd|wallace|1284\n|teamsize|p1|6\n|teamsize|p2|6\n|gen|9\n|tier|[Gen 9] VGC 2025 Reg I (Bo3)\n|rated|\n|rule|Species Clause: Limit one of each Pok\u00e9mon\n|rule|Item Clause: Limit 1 of each item\n|clearpoke\n|poke|p1|Miraidon, L50|\n|poke|p1|Calyrex-Ice, L50|\n|poke|p1|Farigiraf, L50, M|\n|poke|p1|Whimsicott, L50, M|\n|poke|p1|Iron Hands, L50|\n|poke|p1|Iron Treads, L50|\n|poke|p2|Koraidon, L50|\n|poke|p2|Ho-Oh, L50|\n|poke|p2|Flutter Mane, L50|\n|poke|p2|Raging Bolt, L50|\n|poke|p2|Amoonguss, L50, F|\n|poke|p2|Annihilape, L50, M|\n|teampreview|4\n|showteam|p1|Miraidon||ChoiceSpecs|HadronEngine|ElectroDrift,DracoMeteor,DazzlingGleam,VoltSwitch||||||50|,,,,,Fairy]Calyrex-Ice||ClearAmulet|AsOneGlastrier|GlacialLance,HighHorsepower,TrickRoom,Protect||||||50|,,,,,Fire]Farigiraf||ElectricSeed|ArmorTail|FoulPlay,TrickRoom,HelpingHand,Imprison|||M|||50|,,,,,Water]Whimsicott||FocusSash|Prankster|Tailwind,Moonblast,Encore,LightScreen|||M|||50|,,,,,Ghost]Iron Hands||AssaultVest|QuarkDrive|FakeOut,DrainPunch,WildCharge,VoltSwitch||||||50|,,,,,Bug]Iron Treads||LifeOrb|QuarkDrive|SteelRoller,IronHead,HighHorsepower,Protect||||||50|,,,,,Ghost\n|showteam|p2|Koraidon||ClearAmulet|OrichalcumPulse|FlareBlitz,CollisionCourse,Uturn,Protect||||||50|,,,,,Fire]Ho-Oh||RockyHelmet|Regenerator|SacredFire,BraveBird,Tailwind,Protect||||||50|,,,,,Grass]Flutter Mane||FocusSash|Protosynthesis|Moonblast,ShadowBall,IcyWind,Taunt||||||50|,,,,,Fairy]Raging Bolt||AssaultVest|Protosynthesis|Thunderclap,DracoMeteor,VoltSwitch,Snarl||||||50|,,,,,Electric]Amoonguss||MentalHerb|Regenerator|Spore,RagePowder,PollenPuff,Protect|||F|||50|,,,,,Fire]Annihilape||ChoiceScarf|Defiant|FinalGambit,CloseCombat,ShadowClaw,Coaching|||M|||50|,,,,,Grass\n|inactive|Battle timer is ON: inactive players will automatically lose when time's up. (requested by StatzNerd)\n|\n|t:|1746080887\n|start\n|switch|p1a: Miraidon|Miraidon, L50|100/100\n|switch|p1b: Whimsicott|Whimsicott, L50, M|100/100\n|switch|p2a: Annihilape|Annihilape, L50, M|100/100\n|switch|p2b: Flutter Mane|Flutter Mane, L50|100/100\n|-fieldstart|move: Electric Terrain|[from] ability: Hadron Engine|[of] p1a: Miraidon\n|turn|1\n|\n|t:|1746080912\n|switch|p2a: Ho-Oh|Ho-Oh, L50|100/100\n|move|p1b: Whimsicott|Tailwind|p1b: Whimsicott\n|-sidestart|p1: Ah-nick12|move: Tailwind\n|move|p1a: Miraidon|Volt Switch|p2b: Flutter Mane\n|-enditem|p2b: Flutter Mane|Focus Sash\n|-damage|p2b: Flutter Mane|1/100\n|\n|t:|1746080921\n|switch|p1a: Iron Treads|Iron Treads, L50|100/100|[from] Volt Switch\n|-activate|p1a: Iron Treads|ability: Quark Drive\n|-start|p1a: Iron Treads|quarkdrivespe\n|move|p2b: Flutter Mane|Icy Wind|p1a: Iron Treads|[spread] p1a,p1b\n|-supereffective|p1b: Whimsicott\n|-damage|p1a: Iron Treads|80/100\n|-damage|p1b: Whimsicott|66/100\n|-unboost|p1a: Iron Treads|spe|1\n|-unboost|p1b: Whimsicott|spe|1\n|\n|upkeep\n|turn|2\n|\n|t:|1746080932\n|-end|p2b: Flutter Mane|Protosynthesis|[silent]\n|switch|p2b: Koraidon|Koraidon, L50|100/100\n|-weather|SunnyDay|[from] ability: Orichalcum Pulse|[of] p2b: Koraidon\n|-activate|p2b: Koraidon|Orichalcum Pulse|[source]\n|move|p1a: Iron Treads|Protect|p1a: Iron Treads\n|-singleturn|p1a: Iron Treads|Protect\n|move|p1b: Whimsicott|Tailwind||[still]\n|-fail|p1b: Whimsicott\n|move|p2a: Ho-Oh|Tailwind|p2a: Ho-Oh\n|-sidestart|p2: StatzNerd|move: Tailwind\n|\n|-weather|SunnyDay|[upkeep]\n|upkeep\n|turn|3\n|\n|t:|1746080944\n|-terastallize|p2b: Koraidon|Fire\n|move|p2a: Ho-Oh|Protect|p2a: Ho-Oh\n|-singleturn|p2a: Ho-Oh|Protect\n|move|p2b: Koraidon|Flare Blitz|p1b: Whimsicott\n|-supereffective|p1b: Whimsicott\n|-damage|p1b: Whimsicott|0 fnt\n|faint|p1b: Whimsicott\n|-damage|p2b: Koraidon|82/100|[from] Recoil\n|move|p1a: Iron Treads|High Horsepower|p2b: Koraidon|[miss]\n|-miss|p1a: Iron Treads|p2b: Koraidon\n|\n|-weather|SunnyDay|[upkeep]\n|upkeep\n|\n|t:|1746080949\n|switch|p1b: Miraidon|Miraidon, L50|100/100\n|-activate|p1b: Miraidon|ability: Hadron Engine\n|turn|4\n|\n|t:|1746080961\n|switch|p2a: Flutter Mane|Flutter Mane, L50|1/100\n|-activate|p2a: Flutter Mane|ability: Protosynthesis\n|-start|p2a: Flutter Mane|protosynthesisspe\n|move|p2b: Koraidon|Protect|p2b: Koraidon\n|-singleturn|p2b: Koraidon|Protect\n|move|p1b: Miraidon|Electro Drift|p2a: Flutter Mane\n|-damage|p2a: Flutter Mane|0 fnt\n|faint|p2a: Flutter Mane\n|-end|p2a: Flutter Mane|Protosynthesis|[silent]\n|move|p1a: Iron Treads|High Horsepower|p2b: Koraidon\n|-activate|p2b: Koraidon|move: Protect\n|\n|-weather|SunnyDay|[upkeep]\n|-sideend|p1: Ah-nick12|move: Tailwind\n|upkeep\n|\n|t:|1746080970\n|switch|p2a: Annihilape|Annihilape, L50, M|100/100\n|turn|5\n|\n|t:|1746080973\n|move|p1a: Iron Treads|Protect|p1a: Iron Treads\n|-singleturn|p1a: Iron Treads|Protect\n|move|p2a: Annihilape|Final Gambit|p1b: Miraidon\n|-damage|p1b: Miraidon|0 fnt\n|faint|p2a: Annihilape\n|faint|p1b: Miraidon\n|move|p2b: Koraidon|Flare Blitz|p1a: Iron Treads\n|-activate|p1a: Iron Treads|move: Protect\n|\n|-weather|SunnyDay|[upkeep]\n|-sideend|p2: StatzNerd|move: Tailwind\n|-fieldend|move: Electric Terrain\n|-end|p1a: Iron Treads|Quark Drive\n|upkeep\n|\n|t:|1746080978\n|switch|p1b: Calyrex|Calyrex-Ice, L50|100/100\n|switch|p2a: Ho-Oh|Ho-Oh, L50|100/100\n|-ability|p1b: Calyrex|As One\n|-ability|p1b: Calyrex|Unnerve\n|turn|6\n|\n|t:|1746080987\n|-terastallize|p1b: Calyrex|Fire\n|move|p2b: Koraidon|Collision Course|p1b: Calyrex\n|-damage|p1b: Calyrex|53/100\n|move|p1a: Iron Treads|High Horsepower|p2b: Koraidon\n|-supereffective|p2b: Koraidon\n|-damage|p2b: Koraidon|0 fnt\n|faint|p2b: Koraidon\n|-damage|p1a: Iron Treads|70/100|[from] item: Life Orb\n|move|p2a: Ho-Oh|Sacred Fire|p1a: Iron Treads\n|-supereffective|p1a: Iron Treads\n|-damage|p1a: Iron Treads|0 fnt\n|faint|p1a: Iron Treads\n|-end|p1a: Iron Treads|Quark Drive|[silent]\n|move|p1b: Calyrex|Glacial Lance|p2a: Ho-Oh\n|-damage|p2a: Ho-Oh|35/100\n|\n|-weather|none\n|upkeep\n|turn|7\n|\n|t:|1746081000\n|move|p2a: Ho-Oh|Brave Bird|p1b: Calyrex\n|-damage|p1b: Calyrex|15/100\n|-damage|p2a: Ho-Oh|24/100|[from] Recoil\n|move|p1b: Calyrex|Glacial Lance|p2a: Ho-Oh\n|-damage|p2a: Ho-Oh|0 fnt\n|faint|p2a: Ho-Oh\n|\n|win|Ah-nick12\n||Ah-nick12 is ready for game 2.\n|inactive|StatzNerd has 30 seconds to confirm battle start!\n||StatzNerd is ready for game 2.\n|uhtml|next|Next: <a href=\"/battle-gen9vgc2025regibo3-2354492608\"><strong>Game 2 of 3</strong></a>\n|l|\u2606Ah-nick12\n|player|p1|\n", "uploadtime": 1746081353, "views": 23, "formatid": "gen9vgc2025regibo3", "rating": null, "private": 0, "password": null}