{"id": "gen9vgc2025regibo3-2353753128", "format": "[Gen 9] VGC 2025 Reg I (Bo3)", "players": ["dikvandijk", "4-3 at worlds"], "log": "|j|\u2606dikvandijk\n|j|\u26064-3 at worlds\n|html|<table width=\"100%\"><tr><td align=\"left\">dikvandijk</td><td align=\"right\">4-3 at worlds</tr><tr><td align=\"left\"><i class=\"fa fa-circle\"></i> <i class=\"fa fa-circle-o\"></i> </td><td align=\"right\"><i class=\"fa fa-circle-o\"></i> <i class=\"fa fa-circle-o\"></i> </tr></table>\n|uhtml|bestof|<h2><strong>Game 2</strong> of <a href=\"/game-bestof3-gen9vgc2025regibo3-2353752191\">a best-of-3</a></h2>\n|t:|1745994118\n|gametype|doubles\n|player|p1|dikvandijk|2|1086\n|player|p2|4-3 at worlds|scientist-gen4|1029\n|teamsize|p1|6\n|teamsize|p2|6\n|gen|9\n|tier|[Gen 9] VGC 2025 Reg I (Bo3)\n|rated|\n|rule|Species Clause: Limit one of each Pok\u00e9mon\n|rule|Item Clause: Limit 1 of each item\n|clearpoke\n|poke|p1|Miraidon, L50|\n|poke|p1|Zamazenta-*, L50|\n|poke|p1|Chi-Yu, L50|\n|poke|p1|Amoonguss, L50, F|\n|poke|p1|Tornadus, L50, M|\n|poke|p1|Urshifu-*, L50, F|\n|poke|p2|Zamazenta-*, L50|\n|poke|p2|Volcarona, L50, M|\n|poke|p2|Comfey, L50, F|\n|poke|p2|Rillaboom, L50, M|\n|poke|p2|Incineroar, L50, M|\n|poke|p2|Calyrex-Shadow, L50|\n|teampreview|4\n|showteam|p1|Miraidon||LifeOrb|HadronEngine|ElectroDrift,DazzlingGleam,CalmMind,Protect||||||50|,,,,,Electric]Zamazenta-Crowned||RustedShield|DauntlessShield|BodyPress,behemothbash,WideGuard,IronDefense||||||50|,,,,,Dragon]Chi-Yu||ChoiceScarf|BeadsofRuin|HeatWave,Overheat,DarkPulse,Snarl||||||50|,,,,,Dark]Amoonguss||RockyHelmet|Regenerator|Spore,RagePowder,SludgeBomb,Protect|||F|||50|,,,,,Dark]Tornadus||CovertCloak|Prankster|BleakwindStorm,Tailwind,Taunt,HeatWave|||M|||50|,,,,,Steel]Urshifu-Rapid-Strike||FocusSash|UnseenFist|PoisonJab,Detect,SurgingStrikes,CloseCombat|||F|||50|,,,,,Water\n|showteam|p2|Zamazenta-Crowned||RustedShield|DauntlessShield|WideGuard,IronDefense,BodyPress,Snarl||||||50|,,,,,Dragon]Volcarona||Leftovers|FlameBody|QuiverDance,FieryDance,GigaDrain,Protect|||M|||50|,,,,,Grass]Comfey||MentalHerb|Triage|Taunt,FloralHealing,DrainingKiss,Protect|||F|||50|,,,,,Steel]Rillaboom||AssaultVest|GrassySurge|WoodHammer,FakeOut,Uturn,GrassyGlide|||M|||50|,,,,,Grass]Incineroar||SitrusBerry|Intimidate|KnockOff,FlareBlitz,FakeOut,PartingShot|||M|||50|,,,,,Ghost]Calyrex-Shadow||FocusSash|AsOneSpectrier|AstralBarrage,Psyshock,Encore,Protect||||||50|,,,,,Ghost\n|inactive|Battle timer is ON: inactive players will automatically lose when time's up. (requested by 4-3 at worlds)\n|\n|t:|1745994132\n|start\n|switch|p1a: Chi-Yu|Chi-Yu, L50|100/100\n|switch|p1b: Tornadus|Tornadus, L50, M|100/100\n|switch|p2a: Volcarona|Volcarona, L50, M|100/100\n|switch|p2b: Incineroar|Incineroar, L50, M|100/100\n|-ability|p1a: Chi-Yu|Beads of Ruin\n|-ability|p2b: Incineroar|Intimidate|boost\n|-unboost|p1a: Chi-Yu|atk|1\n|-unboost|p1b: Tornadus|atk|1\n|turn|1\n|\n|t:|1745994145\n|move|p2a: Volcarona|Protect|p2a: Volcarona\n|-singleturn|p2a: Volcarona|Protect\n|move|p1a: Chi-Yu|Snarl|p2b: Incineroar|[spread] p2b\n|-activate|p2a: Volcarona|move: Protect\n|-resisted|p2b: Incineroar\n|-damage|p2b: Incineroar|88/100\n|-unboost|p2b: Incineroar|spa|1\n|move|p1b: Tornadus|Bleakwind Storm|p2b: Incineroar|[spread] \n|-activate|p2a: Volcarona|move: Protect\n|-miss|p1b: Tornadus|p2b: Incineroar\n|move|p2b: Incineroar|Parting Shot|p1b: Tornadus\n|-unboost|p1b: Tornadus|atk|1\n|-unboost|p1b: Tornadus|spa|1\n|\n|t:|1745994158\n|switch|p2b: Zamazenta|Zamazenta-Crowned, L50|100/100|[from] Parting Shot\n|-ability|p2b: Zamazenta|Dauntless Shield|boost\n|-boost|p2b: Zamazenta|def|1\n|\n|upkeep\n|turn|2\n|\n|t:|1745994165\n|switch|p1a: Zamazenta|Zamazenta-Crowned, L50|100/100\n|-ability|p1a: Zamazenta|Dauntless Shield|boost\n|-boost|p1a: Zamazenta|def|1\n|switch|p2a: Incineroar|Incineroar, L50, M|88/100\n|-ability|p2a: Incineroar|Intimidate|boost\n|-unboost|p1a: Zamazenta|atk|1\n|-unboost|p1b: Tornadus|atk|1\n|move|p2b: Zamazenta|Body Press|p1a: Zamazenta\n|-supereffective|p1a: Zamazenta\n|-damage|p1a: Zamazenta|42/100\n|move|p1b: Tornadus|Bleakwind Storm|p2b: Zamazenta|[spread] p2a\n|-miss|p1b: Tornadus|p2b: Zamazenta\n|-damage|p2a: Incineroar|66/100\n|\n|upkeep\n|turn|3\n|\n|t:|1745994185\n|move|p2a: Incineroar|Fake Out|p1a: Zamazenta\n|-resisted|p1a: Zamazenta\n|-damage|p1a: Zamazenta|40/100\n|move|p1b: Tornadus|Tailwind|p1b: Tornadus\n|-sidestart|p1: dikvandijk|move: Tailwind\n|cant|p1a: Zamazenta|flinch\n|move|p2b: Zamazenta|Body Press|p1a: Zamazenta\n|-supereffective|p1a: Zamazenta\n|-damage|p1a: Zamazenta|0 fnt\n|faint|p1a: Zamazenta\n|\n|upkeep\n|\n|t:|1745994190\n|switch|p1a: Miraidon|Miraidon, L50|100/100\n|-fieldstart|move: Electric Terrain|[from] ability: Hadron Engine|[of] p1a: Miraidon\n|turn|4\n|\n|t:|1745994199\n|switch|p2a: Rillaboom|Rillaboom, L50, M|100/100\n|-fieldstart|move: Grassy Terrain|[from] ability: Grassy Surge|[of] p2a: Rillaboom\n|-terastallize|p1a: Miraidon|Electric\n|move|p1a: Miraidon|Dazzling Gleam|p2b: Zamazenta|[spread] p2a,p2b\n|-damage|p2a: Rillaboom|80/100\n|-damage|p2b: Zamazenta|80/100\n|-damage|p1a: Miraidon|91/100|[from] item: Life Orb\n|move|p1b: Tornadus|Bleakwind Storm|p2b: Zamazenta|[spread] p2a,p2b\n|-supereffective|p2a: Rillaboom\n|-damage|p2a: Rillaboom|41/100\n|-damage|p2b: Zamazenta|62/100\n|-unboost|p2a: Rillaboom|spe|1\n|move|p2b: Zamazenta|Body Press|p1a: Miraidon\n|-damage|p1a: Miraidon|24/100\n|\n|-heal|p1a: Miraidon|30/100|[from] Grassy Terrain\n|-heal|p2b: Zamazenta|68/100|[from] Grassy Terrain\n|-heal|p2a: Rillaboom|47/100|[from] Grassy Terrain\n|upkeep\n|turn|5\n|\n|t:|1745994223\n|move|p2b: Zamazenta|Wide Guard|p2b: Zamazenta\n|-singleturn|p2b: Zamazenta|Wide Guard\n|move|p1a: Miraidon|Electro Drift|p2b: Zamazenta\n|-damage|p2b: Zamazenta|0 fnt\n|faint|p2b: Zamazenta\n|-damage|p1a: Miraidon|20/100|[from] item: Life Orb\n|move|p1b: Tornadus|Bleakwind Storm|p2a: Rillaboom\n|-activate|p2a: Rillaboom|move: Wide Guard\n|move|p2a: Rillaboom|U-turn|p1a: Miraidon\n|-damage|p1a: Miraidon|0 fnt\n|faint|p1a: Miraidon\n|\n|t:|1745994235\n|switch|p2a: Volcarona|Volcarona, L50, M|100/100|[from] U-turn\n|\n|upkeep\n|\n|t:|1745994239\n|switch|p1a: Chi-Yu|Chi-Yu, L50|100/100\n|switch|p2b: Incineroar|Incineroar, L50, M|66/100\n|-ability|p1a: Chi-Yu|Beads of Ruin\n|-ability|p2b: Incineroar|Intimidate|boost\n|-unboost|p1a: Chi-Yu|atk|1\n|-unboost|p1b: Tornadus|atk|1\n|turn|6\n|\n|t:|1745994251\n|move|p2b: Incineroar|Fake Out|p1a: Chi-Yu\n|-crit|p1a: Chi-Yu\n|-damage|p1a: Chi-Yu|71/100\n|cant|p1a: Chi-Yu|flinch\n|move|p1b: Tornadus|Bleakwind Storm|p2b: Incineroar|[spread] p2a,p2b\n|-supereffective|p2a: Volcarona\n|-damage|p2a: Volcarona|44/100\n|-damage|p2b: Incineroar|41/100\n|-unboost|p2b: Incineroar|spe|1\n|-enditem|p2b: Incineroar|Sitrus Berry|[eat]\n|-heal|p2b: Incineroar|65/100|[from] item: Sitrus Berry\n|move|p2a: Volcarona|Fiery Dance|p1b: Tornadus\n|-damage|p1b: Tornadus|29/100\n|-boost|p2a: Volcarona|spa|1\n|\n|-heal|p1a: Chi-Yu|77/100|[from] Grassy Terrain\n|-heal|p2a: Volcarona|50/100|[from] Grassy Terrain\n|-heal|p2a: Volcarona|57/100|[from] item: Leftovers\n|-heal|p2b: Incineroar|71/100|[from] Grassy Terrain\n|-sideend|p1: dikvandijk|move: Tailwind\n|upkeep\n|turn|7\n|\n|t:|1745994272\n|move|p2a: Volcarona|Protect|p2a: Volcarona\n|-singleturn|p2a: Volcarona|Protect\n|move|p1a: Chi-Yu|Heat Wave|p2b: Incineroar|[spread] p2b\n|-activate|p2a: Volcarona|move: Protect\n|-resisted|p2b: Incineroar\n|-damage|p2b: Incineroar|50/100\n|move|p1b: Tornadus|Bleakwind Storm|p2b: Incineroar|[spread] p2b\n|-activate|p2a: Volcarona|move: Protect\n|-damage|p2b: Incineroar|22/100\n|move|p2b: Incineroar|Knock Off|p1b: Tornadus\n|-damage|p1b: Tornadus|0 fnt\n|-enditem|p1b: Tornadus|Covert Cloak|[from] move: Knock Off|[of] p2b: Incineroar\n|faint|p1b: Tornadus\n|\n|-heal|p1a: Chi-Yu|84/100|[from] Grassy Terrain\n|-heal|p2a: Volcarona|63/100|[from] Grassy Terrain\n|-heal|p2a: Volcarona|69/100|[from] item: Leftovers\n|-heal|p2b: Incineroar|28/100|[from] Grassy Terrain\n|upkeep\n|turn|8\n|\n|t:|1745994291\n|move|p1a: Chi-Yu|Heat Wave|p2a: Volcarona|[spread] p2a,p2b\n|-crit|p2a: Volcarona\n|-resisted|p2b: Incineroar\n|-damage|p2a: Volcarona|0 fnt\n|-damage|p2b: Incineroar|9/100\n|faint|p2a: Volcarona\n|move|p2b: Incineroar|Parting Shot|p1a: Chi-Yu\n|-unboost|p1a: Chi-Yu|atk|1\n|-unboost|p1a: Chi-Yu|spa|1\n|\n|t:|1745994297\n|switch|p2b: Rillaboom|Rillaboom, L50, M|47/100|[from] Parting Shot\n|\n|-heal|p1a: Chi-Yu|90/100|[from] Grassy Terrain\n|-heal|p2b: Rillaboom|53/100|[from] Grassy Terrain\n|-fieldend|move: Grassy Terrain\n|upkeep\n|\n|t:|1745994303\n|switch|p2a: Incineroar|Incineroar, L50, M|9/100\n|-ability|p2a: Incineroar|Intimidate|boost\n|-unboost|p1a: Chi-Yu|atk|1\n|turn|9\n|inactive|dikvandijk has 30 seconds left.\n|\n|t:|1745994330\n|-terastallize|p2b: Rillaboom|Grass\n|move|p2a: Incineroar|Fake Out|p1a: Chi-Yu\n|-damage|p1a: Chi-Yu|69/100\n|cant|p1a: Chi-Yu|flinch\n|move|p2b: Rillaboom|Wood Hammer|p1a: Chi-Yu\n|-resisted|p1a: Chi-Yu\n|-damage|p1a: Chi-Yu|0 fnt\n|faint|p1a: Chi-Yu\n|-damage|p2b: Rillaboom|39/100|[from] Recoil\n|\n|win|4-3 at worlds\n||dikvandijk is ready for game 3.\n||4-3 at worlds is ready for game 3.\n|uhtml|next|Next: <a href=\"/battle-gen9vgc2025regibo3-2353754401\"><strong>Game 3 of 3</strong></a>\n|l|\u26064-3 at worlds\n|player|p2|\n|l|\u2606dikvandijk\n|player|p1|\n", "uploadtime": 1745994644, "views": 6, "formatid": "gen9vgc2025regibo3", "rating": null, "private": 0, "password": null}