{"id": "gen9vgc2025regibo3-2353475072", "format": "[Gen 9] VGC 2025 Reg I (Bo3)", "players": ["LunaSunChris", "MHSS21"], "log": "|j|\u2606LunaSunChris\n|j|\u2606MHSS21\n|html|<table width=\"100%\"><tr><td align=\"left\">LunaSunChris</td><td align=\"right\">MHSS21</tr><tr><td align=\"left\"><i class=\"fa fa-circle-o\"></i> <i class=\"fa fa-circle-o\"></i> </td><td align=\"right\"><i class=\"fa fa-circle-o\"></i> <i class=\"fa fa-circle-o\"></i> </tr></table>\n|uhtml|bestof|<h2><strong>Game 1</strong> of <a href=\"/game-bestof3-gen9vgc2025regibo3-2353475071\">a best-of-3</a></h2>\n|t:|1745959356\n|gametype|doubles\n|player|p1|LunaSunChris|rood|1220\n|player|p2|MHSS21|dawn|1117\n|teamsize|p1|6\n|teamsize|p2|6\n|gen|9\n|tier|[Gen 9] VGC 2025 Reg I (Bo3)\n|rated|\n|rule|Species Clause: Limit one of each Pok\u00e9mon\n|rule|Item Clause: Limit 1 of each item\n|clearpoke\n|poke|p1|Groudon, L50|\n|poke|p1|Lunala, L50|\n|poke|p1|Incineroar, L50, F|\n|poke|p1|Ogerpon-Hearthflame, L50, F|\n|poke|p1|Walking Wake, L50|\n|poke|p1|Rillaboom, L50, M|\n|poke|p2|Kyogre, L50|\n|poke|p2|Calyrex-Shadow, L50|\n|poke|p2|Incineroar, L50, M|\n|poke|p2|Rillaboom, L50, M|\n|poke|p2|Urshifu-*, L50, M|\n|poke|p2|Roaring Moon, L50|\n|teampreview|4\n|showteam|p1|Groudon||ClearAmulet|Drought|PrecipiceBlades,HeatCrash,StompingTantrum,Protect||||||50|,,,,,Fire]Lunala||PowerHerb|ShadowShield|MoongeistBeam,MeteorBeam,WideGuard,TrickRoom||||||50|,,,,,Fairy]Incineroar||SafetyGoggles|Intimidate|KnockOff,FakeOut,FlareBlitz,PartingShot|||F|||50|,,,,,Ghost]Ogerpon-Hearthflame||HearthflameMask|MoldBreaker|IvyCudgel,WoodHammer,FollowMe,SpikyShield|||F|||50|,,,,,Fire]Walking Wake||LifeOrb|Protosynthesis|WeatherBall,HydroSteam,DracoMeteor,Protect||||||50|,,,,,Fire]Rillaboom||AssaultVest|GrassySurge|FakeOut,GrassyGlide,Uturn,WoodHammer|||M|||50|,,,,,Fire\n|showteam|p2|Kyogre||MysticWater|Drizzle|Protect,WaterSpout,OriginPulse,IceBeam||||||50|,,,,,Grass]Calyrex-Shadow||LifeOrb|AsOneSpectrier|Protect,AstralBarrage,Encore,Disable||||||50|,,,,,Dark]Incineroar||RockyHelmet|Intimidate|FakeOut,PartingShot,KnockOff,FlareBlitz|||M|||50|,,,,,Bug]Rillaboom||AssaultVest|GrassySurge|FakeOut,Uturn,GrassyGlide,WoodHammer|||M|||50|,,,,,Fire]Urshifu-Rapid-Strike||FocusSash|UnseenFist|Detect,SurgingStrikes,AquaJet,CloseCombat|||M|||50|,,,,,Stellar]Roaring Moon||BoosterEnergy|Protosynthesis|Protect,Tailwind,KnockOff,Acrobatics||||||50|,,,,,Flying\n|inactive|Battle timer is ON: inactive players will automatically lose when time's up. (requested by MHSS21)\n|c|\u2606MHSS21|gl\n|inactive|LunaSunChris has 60 seconds left.\n|inactive|MHSS21 has 60 seconds left.\n|inactive|LunaSunChris has 30 seconds left.\n|inactive|LunaSunChris has 20 seconds left.\n|\n|t:|1745959429\n|start\n|switch|p1a: Rillaboom|Rillaboom, L50, M|100/100\n|switch|p1b: Lunala|Lunala, L50|100/100\n|switch|p2a: Calyrex|Calyrex-Shadow, L50|100/100\n|switch|p2b: Roaring Moon|Roaring Moon, L50, shiny|100/100\n|-ability|p2a: Calyrex|As One\n|-ability|p2a: Calyrex|Unnerve\n|-fieldstart|move: Grassy Terrain|[from] ability: Grassy Surge|[of] p1a: Rillaboom\n|-enditem|p2b: Roaring Moon|Booster Energy\n|-activate|p2b: Roaring Moon|ability: Protosynthesis|[fromitem]\n|-start|p2b: Roaring Moon|protosynthesisspe\n|turn|1\n|inactive|LunaSunChris has 30 seconds left.\n|inactive|MHSS21 has 30 seconds left.\n|inactive|LunaSunChris has 20 seconds left.\n|\n|t:|1745959465\n|-end|p2b: Roaring Moon|Protosynthesis|[silent]\n|switch|p2b: Incineroar|Incineroar, L50, M, shiny|100/100\n|-ability|p2b: Incineroar|Intimidate|boost\n|-unboost|p1a: Rillaboom|atk|1\n|-unboost|p1b: Lunala|atk|1\n|-terastallize|p2a: Calyrex|Dark\n|-terastallize|p1b: Lunala|Fairy\n|move|p1a: Rillaboom|Fake Out|p2b: Incineroar\n|-damage|p2b: Incineroar|93/100\n|-damage|p1a: Rillaboom|84/100|[from] item: Rocky Helmet|[of] p2b: Incineroar\n|move|p2a: Calyrex|Astral Barrage|p1b: Lunala|[spread] p1a,p1b\n|-damage|p1a: Rillaboom|46/100\n|-damage|p1b: Lunala|78/100\n|-damage|p2a: Calyrex|91/100|[from] item: Life Orb\n|move|p1b: Lunala|Trick Room|p1b: Lunala\n|-fieldstart|move: Trick Room|[of] p1b: Lunala\n|\n|-heal|p2b: Incineroar|99/100|[from] Grassy Terrain\n|-heal|p1a: Rillaboom|52/100|[from] Grassy Terrain\n|-heal|p1b: Lunala|84/100|[from] Grassy Terrain\n|-heal|p2a: Calyrex|97/100|[from] Grassy Terrain\n|upkeep\n|turn|2\n|inactive|LunaSunChris has 30 seconds left.\n|inactive|MHSS21 has 30 seconds left.\n|inactive|LunaSunChris has 20 seconds left.\n|inactive|LunaSunChris has 15 seconds left.\n|inactive|MHSS21 has 20 seconds left.\n|inactive|MHSS21 has 15 seconds left.\n|\n|t:|1745959514\n|move|p2b: Incineroar|Parting Shot|p1b: Lunala\n|-unboost|p1b: Lunala|atk|1\n|-unboost|p1b: Lunala|spa|1\n|\n|t:|1745959533\n|switch|p2b: Roaring Moon|Roaring Moon, L50, shiny|100/100|[from] Parting Shot\n|move|p1a: Rillaboom|U-turn|p2a: Calyrex\n|-supereffective|p2a: Calyrex\n|-damage|p2a: Calyrex|67/100\n|\n|t:|1745959541\n|switch|p1a: Groudon|Groudon, L50|100/100|[from] U-turn\n|-weather|SunnyDay|[from] ability: Drought|[of] p1a: Groudon\n|-activate|p2b: Roaring Moon|ability: Protosynthesis\n|-start|p2b: Roaring Moon|protosynthesisspe\n|move|p1b: Lunala|Moongeist Beam|p2a: Calyrex\n|-resisted|p2a: Calyrex\n|-damage|p2a: Calyrex|48/100\n|move|p2a: Calyrex|Astral Barrage|p1a: Groudon|[spread] p1a,p1b\n|-damage|p1a: Groudon|39/100\n|-damage|p1b: Lunala|39/100\n|-damage|p2a: Calyrex|38/100|[from] item: Life Orb\n|\n|-weather|SunnyDay|[upkeep]\n|-heal|p1a: Groudon|45/100|[from] Grassy Terrain\n|-heal|p1b: Lunala|45/100|[from] Grassy Terrain\n|-heal|p2a: Calyrex|44/100|[from] Grassy Terrain\n|upkeep\n|turn|3\n|\n|t:|1745959564\n|switch|p2a: Incineroar|Incineroar, L50, M, shiny|99/100\n|-ability|p2a: Incineroar|Intimidate|boost\n|-fail|p1a: Groudon|unboost|[from] item: Clear Amulet|[of] p1a: Groudon\n|-unboost|p1b: Lunala|atk|1\n|move|p2b: Roaring Moon|Protect|p2b: Roaring Moon\n|-singleturn|p2b: Roaring Moon|Protect\n|move|p1a: Groudon|Precipice Blades|p2b: Roaring Moon|[spread] p2a\n|-activate|p2b: Roaring Moon|move: Protect\n|-supereffective|p2a: Incineroar\n|-damage|p2a: Incineroar|1/100\n|move|p1b: Lunala|Meteor Beam||[still]\n|-prepare|p1b: Lunala|Meteor Beam\n|-boost|p1b: Lunala|spa|1\n|-enditem|p1b: Lunala|Power Herb\n|-anim|p1b: Lunala|Meteor Beam|p2b: Roaring Moon\n|-activate|p2b: Roaring Moon|move: Protect\n|\n|-weather|SunnyDay|[upkeep]\n|-heal|p2a: Incineroar|7/100|[from] Grassy Terrain\n|-heal|p1a: Groudon|51/100|[from] Grassy Terrain\n|-heal|p1b: Lunala|51/100|[from] Grassy Terrain\n|upkeep\n|turn|4\n|inactive|LunaSunChris has 30 seconds left.\n|inactive|MHSS21 has 30 seconds left.\n|inactive|LunaSunChris has 20 seconds left.\n|inactive|LunaSunChris has 15 seconds left.\n|\n|t:|1745959605\n|-end|p2b: Roaring Moon|Protosynthesis|[silent]\n|switch|p2b: Kyogre|Kyogre, L50, shiny|100/100\n|-weather|RainDance|[from] ability: Drizzle|[of] p2b: Kyogre\n|move|p2a: Incineroar|Parting Shot|p1b: Lunala\n|-unboost|p1b: Lunala|atk|1\n|-unboost|p1b: Lunala|spa|1\n|\n|t:|1745959616\n|switch|p2a: Roaring Moon|Roaring Moon, L50, shiny|100/100|[from] Parting Shot\n|move|p1a: Groudon|Precipice Blades|p2b: Kyogre|[spread] p2a,p2b\n|-damage|p2a: Roaring Moon|39/100\n|-damage|p2b: Kyogre|46/100\n|move|p1b: Lunala|Moongeist Beam|p2a: Roaring Moon\n|-resisted|p2a: Roaring Moon\n|-damage|p2a: Roaring Moon|21/100\n|\n|-weather|RainDance|[upkeep]\n|-heal|p1a: Groudon|57/100|[from] Grassy Terrain\n|-heal|p1b: Lunala|57/100|[from] Grassy Terrain\n|-heal|p2b: Kyogre|52/100|[from] Grassy Terrain\n|-heal|p2a: Roaring Moon|27/100|[from] Grassy Terrain\n|upkeep\n|turn|5\n|inactive|LunaSunChris has 30 seconds left.\n|inactive|MHSS21 has 30 seconds left.\n|inactive|MHSS21 has 20 seconds left.\n|\n|t:|1745959655\n|switch|p1b: Walking Wake|Walking Wake, L50|100/100\n|move|p2b: Kyogre|Protect|p2b: Kyogre\n|-singleturn|p2b: Kyogre|Protect\n|move|p1a: Groudon|Precipice Blades|p2a: Roaring Moon|[spread] p2a\n|-activate|p2b: Kyogre|move: Protect\n|-damage|p2a: Roaring Moon|0 fnt\n|faint|p2a: Roaring Moon\n|-end|p2a: Roaring Moon|Protosynthesis|[silent]\n|\n|-weather|RainDance|[upkeep]\n|-heal|p1a: Groudon|63/100|[from] Grassy Terrain\n|-heal|p2b: Kyogre|59/100|[from] Grassy Terrain\n|-fieldend|move: Trick Room\n|-fieldend|move: Grassy Terrain\n|upkeep\n|\n|t:|1745959667\n|switch|p2a: Calyrex|Calyrex-Shadow, L50, tera:Dark|44/100\n|-ability|p2a: Calyrex|As One\n|-ability|p2a: Calyrex|Unnerve\n|turn|6\n|inactive|LunaSunChris has 30 seconds left.\n|inactive|LunaSunChris has 20 seconds left.\n|inactive|LunaSunChris has 15 seconds left.\n|\n|t:|1745959707\n|switch|p1a: Lunala|Lunala, L50, tera:Fairy|57/100\n|move|p2a: Calyrex|Astral Barrage|p1b: Walking Wake|[spread] p1a,p1b\n|-damage|p1a: Lunala|13/100\n|-damage|p1b: Walking Wake|27/100\n|-damage|p2a: Calyrex|34/100|[from] item: Life Orb\n|move|p1b: Walking Wake|Draco Meteor|p2b: Kyogre\n|-damage|p2b: Kyogre|4/100\n|-unboost|p1b: Walking Wake|spa|2\n|-damage|p1b: Walking Wake|17/100|[from] item: Life Orb\n|move|p2b: Kyogre|Water Spout|p1a: Lunala|[spread] p1a,p1b\n|-resisted|p1b: Walking Wake\n|-damage|p1a: Lunala|10/100\n|-damage|p1b: Walking Wake|16/100\n|\n|-weather|RainDance|[upkeep]\n|upkeep\n|turn|7\n|inactive|LunaSunChris has 30 seconds left.\n|\n|t:|1745959742\n|switch|p1a: Groudon|Groudon, L50|63/100\n|-weather|SunnyDay|[from] ability: Drought|[of] p1a: Groudon\n|-activate|p1b: Walking Wake|ability: Protosynthesis\n|-start|p1b: Walking Wake|protosynthesisspe\n|move|p1b: Walking Wake|Draco Meteor|p2a: Calyrex\n|-damage|p2a: Calyrex|0 fnt\n|-unboost|p1b: Walking Wake|spa|2\n|faint|p2a: Calyrex\n|-damage|p1b: Walking Wake|6/100|[from] item: Life Orb\n|move|p2b: Kyogre|Origin Pulse|p1a: Groudon|[spread] p1a,p1b\n|-supereffective|p1a: Groudon\n|-resisted|p1b: Walking Wake\n|-damage|p1a: Groudon|11/100\n|-damage|p1b: Walking Wake|0 fnt\n|faint|p1b: Walking Wake\n|-end|p1b: Walking Wake|Protosynthesis|[silent]\n|\n|-weather|SunnyDay|[upkeep]\n|upkeep\n|\n|t:|1745959761\n|switch|p2a: Incineroar|Incineroar, L50, M, shiny|7/100\n|switch|p1b: Lunala|Lunala, L50, tera:Fairy|10/100\n|-ability|p2a: Incineroar|Intimidate|boost\n|-fail|p1a: Groudon|unboost|[from] item: Clear Amulet|[of] p1a: Groudon\n|-unboost|p1b: Lunala|atk|1\n|turn|8\n|inactive|MHSS21 has 30 seconds left.\n|\n|t:|1745959789\n|move|p1a: Groudon|Protect|p1a: Groudon\n|-singleturn|p1a: Groudon|Protect\n|move|p2a: Incineroar|Fake Out|p1b: Lunala\n|-crit|p1b: Lunala\n|-damage|p1b: Lunala|0 fnt\n|faint|p1b: Lunala\n|move|p2b: Kyogre|Origin Pulse|p1a: Groudon\n|-activate|p1a: Groudon|move: Protect\n|\n|-weather|SunnyDay|[upkeep]\n|upkeep\n|\n|t:|1745959797\n|switch|p1b: Rillaboom|Rillaboom, L50, M|52/100\n|-fieldstart|move: Grassy Terrain|[from] ability: Grassy Surge|[of] p1b: Rillaboom\n|turn|9\n|\n|t:|1745959812\n|move|p2b: Kyogre|Protect|p2b: Kyogre\n|-singleturn|p2b: Kyogre|Protect\n|move|p1b: Rillaboom|Grassy Glide|p2b: Kyogre\n|-activate|p2b: Kyogre|move: Protect\n|move|p1a: Groudon|Stomping Tantrum|p2a: Incineroar\n|-supereffective|p2a: Incineroar\n|-damage|p2a: Incineroar|0 fnt\n|-damage|p1a: Groudon|0 fnt|[from] item: Rocky Helmet|[of] p2a: Incineroar\n|faint|p2a: Incineroar\n|faint|p1a: Groudon\n|\n|-weather|SunnyDay|[upkeep]\n|-heal|p2b: Kyogre|10/100|[from] Grassy Terrain\n|-heal|p1b: Rillaboom|58/100|[from] Grassy Terrain\n|upkeep\n|turn|10\n|\n|t:|1745959828\n|move|p2b: Kyogre|Protect||[still]\n|-fail|p2b: Kyogre\n|move|p1b: Rillaboom|Grassy Glide|p2b: Kyogre\n|-supereffective|p2b: Kyogre\n|-damage|p2b: Kyogre|0 fnt\n|faint|p2b: Kyogre\n|\n|win|LunaSunChris\n||MHSS21 is ready for game 2.\n", "uploadtime": 1745959832, "views": 18, "formatid": "gen9vgc2025regibo3", "rating": null, "private": 0, "password": null}