{"id": "gen9vgc2025regibo3-2354808407", "format": "[Gen 9] VGC 2025 Reg I (Bo3)", "players": ["blizzardspamming", "amongusmaster5678"], "log": "|j|\u2606blizzardspamming\n|j|\u2606amongusmaster5678\n|html|<table width=\"100%\"><tr><td align=\"left\">blizzardspamming</td><td align=\"right\">amongusmaster5678</tr><tr><td align=\"left\"><i class=\"fa fa-circle-o\"></i> <i class=\"fa fa-circle-o\"></i> </td><td align=\"right\"><i class=\"fa fa-circle-o\"></i> <i class=\"fa fa-circle-o\"></i> </tr></table>\n|uhtml|bestof|<h2><strong>Game 1</strong> of <a href=\"/game-bestof3-gen9vgc2025regibo3-2354808406\">a best-of-3</a></h2>\n|t:|1746121562\n|gametype|doubles\n|player|p1|blizzardspamming|clair|1137\n|player|p2|amongusmaster5678|170|1237\n|teamsize|p1|6\n|teamsize|p2|6\n|gen|9\n|tier|[Gen 9] VGC 2025 Reg I (Bo3)\n|rated|\n|rule|Species Clause: Limit one of each Pok\u00e9mon\n|rule|Item Clause: Limit 1 of each item\n|clearpoke\n|poke|p1|Roaring Moon, L50|\n|poke|p1|Lunala, L50|\n|poke|p1|Indeedee-F, L50, F|\n|poke|p1|Zamazenta-*, L50|\n|poke|p1|Ogerpon-Wellspring, L50, F|\n|poke|p1|Landorus, L50, M|\n|poke|p2|Calyrex-Shadow, L50|\n|poke|p2|Zamazenta-*, L50|\n|poke|p2|Tornadus, L50, M|\n|poke|p2|Incineroar, L50, F|\n|poke|p2|Urshifu-*, L50, M|\n|poke|p2|Amoonguss, L50, M|\n|teampreview|4\n|showteam|p1|Roaring Moon||BoosterEnergy|Protosynthesis|Acrobatics,KnockOff,Tailwind,Protect||||||50|,,,,,Flying]Lunala||PowerHerb|ShadowShield|MoongeistBeam,ExpandingForce,MeteorBeam,TrickRoom||||||50|,,,,,Water]Indeedee-F||PsychicSeed|PsychicSurge|FollowMe,Psychic,HelpingHand,TrickRoom|||F|||50|,,,,,Grass]Zamazenta-Crowned||RustedShield|DauntlessShield|BodyPress,HeavySlam,WideGuard,Protect||||||50|,,,,,Dragon]Ogerpon-Wellspring||WellspringMask|WaterAbsorb|IvyCudgel,HornLeech,FollowMe,SpikyShield|||F|||50|,,,,,Water]Landorus||LifeOrb|SheerForce|EarthPower,SludgeBomb,SandsearStorm,Protect|||M|||50|,,,,,Steel\n|showteam|p2|Calyrex-Shadow||FocusSash|AsOneSpectrier|AstralBarrage,Psychic,Encore,Protect||||||50|,,,,,Ghost]Zamazenta-Crowned||RustedShield|DauntlessShield|WideGuard,BodyPress,behemothbash,Protect||||||50|,,,,,Dragon]Tornadus||CovertCloak|Prankster|RainDance,Tailwind,BleakwindStorm,Protect|||M|||50|,,,,,Dark]Incineroar||SafetyGoggles|Intimidate|FakeOut,PartingShot,WillOWisp,KnockOff|||F|||50|,,,,,Ghost]Urshifu-Rapid-Strike||ChoiceScarf|UnseenFist|CloseCombat,SurgingStrikes,Uturn,Coaching|||M|||50|,,,,,Stellar]Amoonguss||RockyHelmet|Regenerator|Spore,RagePowder,PollenPuff,Protect|||M|||50|,,,,,Water\n|inactive|Battle timer is ON: inactive players will automatically lose when time's up. (requested by amongusmaster5678)\n|inactive|blizzardspamming has 60 seconds left.\n|inactive|blizzardspamming has 30 seconds left.\n|inactive|blizzardspamming has 20 seconds left.\n|inactive|blizzardspamming has 15 seconds left.\n|inactive|blizzardspamming has 10 seconds left.\n|inactive|blizzardspamming has 5 seconds left.\n|\n|t:|1746121650\n|start\n|switch|p1a: Zamazenta|Zamazenta-Crowned, L50|100/100\n|switch|p1b: Ogerpon|Ogerpon-Wellspring, L50, F|100/100\n|switch|p2a: Urshifu|Urshifu-Rapid-Strike, L50, M|100/100\n|switch|p2b: Zamazenta|Zamazenta-Crowned, L50|100/100\n|-ability|p1a: Zamazenta|Dauntless Shield|boost\n|-boost|p1a: Zamazenta|def|1\n|-ability|p2b: Zamazenta|Dauntless Shield|boost\n|-boost|p2b: Zamazenta|def|1\n|turn|1\n|inactive|blizzardspamming has 30 seconds left.\n|inactive|blizzardspamming has 20 seconds left.\n|inactive|blizzardspamming has 15 seconds left.\n|\n|t:|1746121690\n|-terastallize|p1a: Zamazenta|Dragon\n|-terastallize|p2b: Zamazenta|Dragon\n|move|p1b: Ogerpon|Spiky Shield|p1b: Ogerpon\n|-singleturn|p1b: Ogerpon|move: Protect\n|move|p2a: Urshifu|Coaching|p2b: Zamazenta\n|-boost|p2b: Zamazenta|atk|1\n|-boost|p2b: Zamazenta|def|1\n|move|p1a: Zamazenta|Body Press|p2a: Urshifu\n|-damage|p2a: Urshifu|35/100\n|move|p2b: Zamazenta|Body Press|p1b: Ogerpon\n|-activate|p1b: Ogerpon|move: Protect\n|-damage|p2b: Zamazenta|88/100|[from] Spiky Shield|[of] p1b: Ogerpon\n|\n|upkeep\n|turn|2\n|\n|t:|1746121714\n|switch|p1b: Lunala|Lunala, L50|100/100\n|move|p2a: Urshifu|Coaching|p2b: Zamazenta\n|-boost|p2b: Zamazenta|atk|1\n|-boost|p2b: Zamazenta|def|1\n|move|p1a: Zamazenta|Body Press|p2a: Urshifu\n|-damage|p2a: Urshifu|0 fnt\n|faint|p2a: Urshifu\n|move|p2b: Zamazenta|Body Press|p1b: Lunala\n|-immune|p1b: Lunala\n|\n|upkeep\n|\n|t:|1746121723\n|switch|p2a: Calyrex|Calyrex-Shadow, L50|100/100\n|-ability|p2a: Calyrex|As One\n|-ability|p2a: Calyrex|Unnerve\n|turn|3\n|inactive|blizzardspamming has 30 seconds left.\n|\n|t:|1746121752\n|move|p1a: Zamazenta|Wide Guard|p1a: Zamazenta\n|-singleturn|p1a: Zamazenta|Wide Guard\n|move|p2a: Calyrex|Encore|p1a: Zamazenta\n|-start|p1a: Zamazenta|Encore\n|move|p2b: Zamazenta|Behemoth Bash|p1b: Lunala\n|-damage|p1b: Lunala|68/100\n|move|p1b: Lunala|Trick Room|p1b: Lunala\n|-fieldstart|move: Trick Room|[of] p1b: Lunala\n|\n|upkeep\n|turn|4\n|inactive|blizzardspamming has 30 seconds left.\n|inactive|blizzardspamming has 20 seconds left.\n|\n|t:|1746121788\n|move|p1a: Zamazenta|Wide Guard|p1a: Zamazenta\n|-singleturn|p1a: Zamazenta|Wide Guard\n|move|p1b: Lunala|Meteor Beam||[still]\n|-prepare|p1b: Lunala|Meteor Beam\n|-boost|p1b: Lunala|spa|1\n|-enditem|p1b: Lunala|Power Herb\n|-anim|p1b: Lunala|Meteor Beam|p2b: Zamazenta|[miss]\n|-miss|p1b: Lunala|p2b: Zamazenta\n|move|p2b: Zamazenta|Body Press|p1a: Zamazenta\n|-damage|p1a: Zamazenta|55/100\n|move|p2a: Calyrex|Psychic|p1a: Zamazenta\n|-damage|p1a: Zamazenta|12/100\n|\n|upkeep\n|turn|5\n|inactive|blizzardspamming has 30 seconds left.\n|\n|t:|1746121815\n|switch|p1a: Ogerpon|Ogerpon-Wellspring, L50, F|100/100\n|move|p1b: Lunala|Moongeist Beam|p2a: Calyrex\n|-supereffective|p2a: Calyrex\n|-enditem|p2a: Calyrex|Focus Sash\n|-damage|p2a: Calyrex|1/100\n|move|p2b: Zamazenta|Behemoth Bash|p1b: Lunala\n|-damage|p1b: Lunala|12/100\n|move|p2a: Calyrex|Psychic|p1a: Ogerpon\n|-damage|p1a: Ogerpon|47/100\n|\n|upkeep\n|turn|6\n|\n|t:|1746121838\n|switch|p2a: Incineroar|Incineroar, L50, F|100/100\n|-ability|p2a: Incineroar|Intimidate|boost\n|-unboost|p1a: Ogerpon|atk|1\n|-unboost|p1b: Lunala|atk|1\n|move|p2b: Zamazenta|Protect|p2b: Zamazenta\n|-singleturn|p2b: Zamazenta|Protect\n|move|p1b: Lunala|Moongeist Beam|p2b: Zamazenta\n|-activate|p2b: Zamazenta|move: Protect\n|move|p1a: Ogerpon|Horn Leech|p2a: Incineroar\n|-resisted|p2a: Incineroar\n|-crit|p2a: Incineroar\n|-damage|p2a: Incineroar|77/100\n|-heal|p1a: Ogerpon|61/100|[from] drain|[of] p2a: Incineroar\n|\n|upkeep\n|turn|7\n|inactive|blizzardspamming has 30 seconds left.\n|inactive|blizzardspamming has 20 seconds left.\n|\n|t:|1746121874\n|switch|p1a: Zamazenta|Zamazenta-Crowned, L50, tera:Dragon|12/100\n|move|p2a: Incineroar|Fake Out|p1a: Zamazenta\n|-damage|p1a: Zamazenta|5/100\n|move|p1b: Lunala|Moongeist Beam|p2b: Zamazenta\n|-damage|p2b: Zamazenta|26/100\n|move|p2b: Zamazenta|Behemoth Bash|p1b: Lunala\n|-damage|p1b: Lunala|0 fnt\n|faint|p1b: Lunala\n|\n|-fieldend|move: Trick Room\n|upkeep\n|\n|t:|1746121894\n|switch|p1b: Landorus|Landorus, L50, M|100/100\n|turn|8\n|\n|t:|1746121905\n|move|p2b: Zamazenta|Protect|p2b: Zamazenta\n|-singleturn|p2b: Zamazenta|Protect\n|move|p1a: Zamazenta|Body Press|p2a: Incineroar\n|-supereffective|p2a: Incineroar\n|-damage|p2a: Incineroar|13/100\n|move|p1b: Landorus|Earth Power|p2b: Zamazenta\n|-activate|p2b: Zamazenta|move: Protect\n|move|p2a: Incineroar|Parting Shot|p1a: Zamazenta\n|-unboost|p1a: Zamazenta|atk|1\n|-unboost|p1a: Zamazenta|spa|1\n|\n|t:|1746121910\n|switch|p2a: Calyrex|Calyrex-Shadow, L50|1/100|[from] Parting Shot\n|-ability|p2a: Calyrex|As One\n|-ability|p2a: Calyrex|Unnerve\n|\n|upkeep\n|turn|9\n|inactive|blizzardspamming has 30 seconds left.\n|inactive|blizzardspamming has 20 seconds left.\n|\n|t:|1746121945\n|move|p2b: Zamazenta|Wide Guard|p2b: Zamazenta\n|-singleturn|p2b: Zamazenta|Wide Guard\n|move|p2a: Calyrex|Psychic|p1a: Zamazenta\n|-damage|p1a: Zamazenta|0 fnt\n|faint|p1a: Zamazenta\n|-ability|p2a: Calyrex|Grim Neigh|boost\n|-boost|p2a: Calyrex|spa|1\n|move|p1b: Landorus|Sandsear Storm|p2a: Calyrex|[spread] \n|-activate|p2a: Calyrex|move: Wide Guard\n|-activate|p2b: Zamazenta|move: Wide Guard\n|\n|upkeep\n|\n|t:|1746121950\n|switch|p1a: Ogerpon|Ogerpon-Wellspring, L50, F|61/100\n|turn|10\n|\n|t:|1746121962\n|move|p1a: Ogerpon|Follow Me|p1a: Ogerpon\n|-singleturn|p1a: Ogerpon|move: Follow Me\n|move|p2a: Calyrex|Astral Barrage|p1a: Ogerpon|[spread] p1a,p1b\n|-damage|p1a: Ogerpon|0 fnt\n|-damage|p1b: Landorus|17/100\n|faint|p1a: Ogerpon\n|-ability|p2a: Calyrex|Grim Neigh|boost\n|-boost|p2a: Calyrex|spa|1\n|move|p2b: Zamazenta|Body Press|p1b: Landorus\n|-resisted|p1b: Landorus\n|-damage|p1b: Landorus|0 fnt\n|faint|p1b: Landorus\n|\n|win|amongusmaster5678\n||blizzardspamming is ready for game 2.\n|inactive|amongusmaster5678 has 30 seconds to confirm battle start!\n|inactive|amongusmaster5678 has 20 seconds to confirm battle start!\n||amongusmaster5678 is ready for game 2.\n|uhtml|next|Next: <a href=\"/battle-gen9vgc2025regibo3-2354813449\"><strong>Game 2 of 3</strong></a>\n|l|\u2606blizzardspamming\n|player|p1|\n|l|\u2606amongusmaster5678\n|player|p2|\n|j|\u2606amongusmaster5678\n|player|p2|amongusmaster5678|170|\n", "uploadtime": 1746122210, "views": 5, "formatid": "gen9vgc2025regibo3", "rating": null, "private": 0, "password": null}