{"id": "gen9vgc2025regibo3-2354750694", "format": "[Gen 9] VGC 2025 Reg I (Bo3)", "players": ["Catnip Enthusiast", "TRIUNVIRATUS VGC"], "log": "|j|\u2606Catnip Enthusiast\n|j|\u2606TRIUNVIRATUS VGC\n|html|<table width=\"100%\"><tr><td align=\"left\">Catnip Enthusiast</td><td align=\"right\">TRIUNVIRATUS VGC</tr><tr><td align=\"left\"><i class=\"fa fa-circle\"></i> <i class=\"fa fa-circle-o\"></i> </td><td align=\"right\"><i class=\"fa fa-circle-o\"></i> <i class=\"fa fa-circle\"></i> </tr></table>\n|uhtml|bestof|<h2><strong>Game 3</strong> of <a href=\"/game-bestof3-gen9vgc2025regibo3-2354744567\">a best-of-3</a></h2>\n|t:|1746116511\n|gametype|doubles\n|player|p1|Catnip Enthusiast|bianca|1246\n|player|p2|TRIUNVIRATUS VGC|ninjaboy|1355\n|teamsize|p1|6\n|teamsize|p2|6\n|gen|9\n|tier|[Gen 9] VGC 2025 Reg I (Bo3)\n|rated|\n|rule|Species Clause: Limit one of each Pok\u00e9mon\n|rule|Item Clause: Limit 1 of each item\n|clearpoke\n|poke|p1|Terapagos, L50, M|\n|poke|p1|Rillaboom, L50, F|\n|poke|p1|Koraidon, L50|\n|poke|p1|Volcarona, L50, M|\n|poke|p1|Grimmsnarl, L50, M|\n|poke|p1|Regieleki, L50|\n|poke|p2|Calyrex-Shadow, L50|\n|poke|p2|Terapagos, L50, M|\n|poke|p2|Incineroar, L50, M|\n|poke|p2|Rillaboom, L50, M|\n|poke|p2|Amoonguss, L50, F|\n|poke|p2|Urshifu-*, L50, M|\n|teampreview|4\n|showteam|p1|Terapagos||Leftovers|TeraShift|TeraStarstorm,CalmMind,EarthPower,Protect|||M|||50|,,,,,Stellar]Rillaboom||AssaultVest|GrassySurge|WoodHammer,GrassyGlide,Uturn,FakeOut|||F|||50|,,,,,Fire]Koraidon||LifeOrb|OrichalcumPulse|CollisionCourse,FlareBlitz,FlameCharge,Protect||||||50|,,,,,Fire]Volcarona||RockyHelmet|FlameBody|Flamethrower,RagePowder,Protect,WillOWisp|||M|||50|,,,,,Water]Grimmsnarl||CovertCloak|Prankster|SpiritBreak,FakeOut,Reflect,ScaryFace|||M|||50|,,,,,Ghost]Regieleki||FocusSash|Transistor|Electroweb,VoltSwitch,Thunderbolt,Protect||||||50|,,,,,Ghost\n|showteam|p2|Calyrex-Shadow||FocusSash|AsOneSpectrier|AstralBarrage,WillOWisp,Disable,Protect||||||50|,,,,,Ghost]Terapagos||Leftovers|TeraShift|TeraStarstorm,EarthPower,CalmMind,Protect|||M|||50|,,,,,Stellar]Incineroar||SafetyGoggles|Intimidate|KnockOff,WillOWisp,FakeOut,PartingShot|||M|||50|,,,,,Bug]Rillaboom||AssaultVest|GrassySurge|GrassyGlide,FakeOut,WoodHammer,Uturn|||M|||50|,,,,,Grass]Amoonguss||RockyHelmet|Regenerator|Spore,RagePowder,SludgeBomb,Protect|||F|||50|,,,,,Water]Urshifu-Rapid-Strike||MysticWater|UnseenFist|SurgingStrikes,CloseCombat,Taunt,Protect|||M|||50|,,,,,Water\n|inactive|Battle timer is ON: inactive players will automatically lose when time's up. (requested by TRIUNVIRATUS VGC)\n|inactive|Catnip Enthusiast has 60 seconds left.\n|inactive|Catnip Enthusiast has 30 seconds left.\n|\n|t:|1746116589\n|start\n|switch|p1a: D1 Crashout|Koraidon, L50|100/100\n|switch|p1b: Regieleki|Regieleki, L50|100/100\n|switch|p2a: Calyrex|Calyrex-Shadow, L50|100/100\n|switch|p2b: Amoonguss|Amoonguss, L50, F, shiny|100/100\n|-ability|p2a: Calyrex|As One\n|-ability|p2a: Calyrex|Unnerve\n|-weather|SunnyDay|[from] ability: Orichalcum Pulse|[of] p1a: D1 Crashout\n|-activate|p1a: D1 Crashout|Orichalcum Pulse|[source]\n|turn|1\n|\n|t:|1746116613\n|-terastallize|p2a: Calyrex|Ghost\n|move|p2b: Amoonguss|Rage Powder|p2b: Amoonguss\n|-singleturn|p2b: Amoonguss|move: Rage Powder\n|move|p1b: Regieleki|Electroweb|p2a: Calyrex|[spread] p2a\n|-miss|p1b: Regieleki|p2b: Amoonguss\n|-damage|p2a: Calyrex|75/100\n|-unboost|p2a: Calyrex|spe|1\n|move|p1a: D1 Crashout|Flare Blitz|p2b: Amoonguss\n|-supereffective|p2b: Amoonguss\n|-damage|p2b: Amoonguss|0 fnt\n|-damage|p1a: D1 Crashout|84/100|[from] item: Rocky Helmet|[of] p2b: Amoonguss\n|faint|p2b: Amoonguss\n|-damage|p1a: D1 Crashout|43/100|[from] Recoil\n|-damage|p1a: D1 Crashout|33/100|[from] item: Life Orb\n|move|p2a: Calyrex|Astral Barrage|p1a: D1 Crashout|[spread] p1a,p1b\n|-damage|p1a: D1 Crashout|0 fnt\n|-enditem|p1b: Regieleki|Focus Sash\n|-damage|p1b: Regieleki|1/100\n|faint|p1a: D1 Crashout\n|-ability|p2a: Calyrex|Grim Neigh|boost\n|-boost|p2a: Calyrex|spa|1\n|\n|-weather|SunnyDay|[upkeep]\n|upkeep\n|\n|t:|1746116630\n|switch|p1a: Mr. Unlimited|Terapagos, L50, M|100/100\n|switch|p2b: Incineroar|Incineroar, L50, M|100/100\n|-activate|p1a: Mr. Unlimited|ability: Tera Shift\n|detailschange|p1a: Mr. Unlimited|Terapagos-Terastal, L50, M\n|-heal|p1a: Mr. Unlimited|100/100|[silent]\n|-ability|p2b: Incineroar|Intimidate|boost\n|-unboost|p1a: Mr. Unlimited|atk|1\n|-unboost|p1b: Regieleki|atk|1\n|turn|2\n|\n|t:|1746116642\n|switch|p2a: Terapagos|Terapagos, L50, M|100/100\n|-activate|p2a: Terapagos|ability: Tera Shift\n|detailschange|p2a: Terapagos|Terapagos-Terastal, L50, M\n|-heal|p2a: Terapagos|100/100|[silent]\n|move|p1b: Regieleki|Protect|p1b: Regieleki\n|-singleturn|p1b: Regieleki|Protect\n|move|p2b: Incineroar|Fake Out|p1a: Mr. Unlimited\n|-activate|p1a: Mr. Unlimited|ability: Tera Shell\n|-resisted|p1a: Mr. Unlimited\n|-damage|p1a: Mr. Unlimited|96/100\n|cant|p1a: Mr. Unlimited|flinch\n|\n|-weather|SunnyDay|[upkeep]\n|-heal|p1a: Mr. Unlimited|100/100|[from] item: Leftovers\n|upkeep\n|turn|3\n|\n|t:|1746116656\n|move|p1b: Regieleki|Volt Switch|p2b: Incineroar\n|-damage|p2b: Incineroar|66/100\n|\n|t:|1746116658\n|switch|p1b: Kate|Volcarona, L50, M|100/100|[from] Volt Switch\n|move|p2a: Terapagos|Calm Mind|p2a: Terapagos\n|-boost|p2a: Terapagos|spa|1\n|-boost|p2a: Terapagos|spd|1\n|move|p1a: Mr. Unlimited|Calm Mind|p1a: Mr. Unlimited\n|-boost|p1a: Mr. Unlimited|spa|1\n|-boost|p1a: Mr. Unlimited|spd|1\n|move|p2b: Incineroar|Knock Off|p1b: Kate\n|-damage|p1b: Kate|61/100\n|-damage|p2b: Incineroar|49/100|[from] item: Rocky Helmet|[of] p1b: Kate\n|-enditem|p1b: Kate|Rocky Helmet|[from] move: Knock Off|[of] p2b: Incineroar\n|\n|-weather|SunnyDay|[upkeep]\n|upkeep\n|turn|4\n|\n|t:|1746116669\n|move|p1b: Kate|Will-O-Wisp|p2a: Terapagos\n|-status|p2a: Terapagos|brn\n|move|p2a: Terapagos|Calm Mind|p2a: Terapagos\n|-boost|p2a: Terapagos|spa|1\n|-boost|p2a: Terapagos|spd|1\n|move|p1a: Mr. Unlimited|Earth Power|p2b: Incineroar\n|-supereffective|p2b: Incineroar\n|-damage|p2b: Incineroar|0 fnt\n|faint|p2b: Incineroar\n|\n|-weather|SunnyDay|[upkeep]\n|-damage|p2a: Terapagos|94/100 brn|[from] brn\n|upkeep\n|\n|t:|1746116677\n|switch|p2b: Calyrex|Calyrex-Shadow, L50, tera:Ghost|75/100\n|-ability|p2b: Calyrex|As One\n|-ability|p2b: Calyrex|Unnerve\n|turn|5\n|\n|t:|1746116693\n|-terastallize|p1a: Mr. Unlimited|Stellar\n|detailschange|p1a: Mr. Unlimited|Terapagos-Stellar, L50, M, tera:Stellar\n|-heal|p1a: Mr. Unlimited|100/100|[silent]\n|-ability|p1a: Mr. Unlimited|Teraform Zero\n|-weather|none\n|move|p2b: Calyrex|Protect|p2b: Calyrex\n|-singleturn|p2b: Calyrex|Protect\n|move|p1b: Kate|Protect|p1b: Kate\n|-singleturn|p1b: Kate|Protect\n|move|p2a: Terapagos|Tera Starstorm|p1b: Kate\n|-activate|p1b: Kate|move: Protect\n|move|p1a: Mr. Unlimited|Tera Starstorm|p2a: Terapagos|[spread] p2a\n|-activate|p2b: Calyrex|move: Protect\n|-damage|p2a: Terapagos|68/100 brn\n|\n|-heal|p2a: Terapagos|74/100 brn|[from] item: Leftovers\n|-damage|p2a: Terapagos|68/100 brn|[from] brn\n|upkeep\n|turn|6\n|\n|t:|1746116707\n|move|p2b: Calyrex|Disable|p1a: Mr. Unlimited\n|-start|p1a: Mr. Unlimited|Disable|Tera Starstorm\n|move|p1b: Kate|Flamethrower|p2b: Calyrex\n|-damage|p2b: Calyrex|36/100\n|-status|p2b: Calyrex|brn\n|move|p2a: Terapagos|Tera Starstorm|p1b: Kate\n|-damage|p1b: Kate|0 fnt\n|faint|p1b: Kate\n|cant|p1a: Mr. Unlimited|Disable|Tera Starstorm\n|\n|-heal|p2a: Terapagos|74/100 brn|[from] item: Leftovers\n|-damage|p2b: Calyrex|29/100 brn|[from] brn\n|-damage|p2a: Terapagos|68/100 brn|[from] brn\n|upkeep\n|\n|t:|1746116715\n|switch|p1b: Regieleki|Regieleki, L50|1/100\n|turn|7\n|\n|t:|1746116731\n|move|p1b: Regieleki|Protect|p1b: Regieleki\n|-singleturn|p1b: Regieleki|Protect\n|move|p2b: Calyrex|Will-O-Wisp|p1a: Mr. Unlimited\n|-status|p1a: Mr. Unlimited|brn\n|move|p2a: Terapagos|Earth Power|p1b: Regieleki\n|-activate|p1b: Regieleki|move: Protect\n|move|p1a: Mr. Unlimited|Earth Power|p2a: Terapagos\n|-crit|p2a: Terapagos\n|-damage|p2a: Terapagos|0 fnt\n|faint|p2a: Terapagos\n|\n|-damage|p2b: Calyrex|23/100 brn|[from] brn\n|-damage|p1a: Mr. Unlimited|94/100 brn|[from] brn\n|upkeep\n|turn|8\n|\n|t:|1746116741\n|move|p1b: Regieleki|Thunderbolt|p2b: Calyrex\n|-damage|p2b: Calyrex|0 fnt\n|faint|p2b: Calyrex\n|\n|win|Catnip Enthusiast\n|raw|Catnip Enthusiast's rating: 1246 &rarr; <strong>1279</strong><br />(+33 for winning)\n|raw|TRIUNVIRATUS VGC's rating: 1355 &rarr; <strong>1329</strong><br />(-26 for losing)\n|c|\u2606Catnip Enthusiast|gg\n|l|\u2606Catnip Enthusiast\n|player|p1|\n|l|\u2606TRIUNVIRATUS VGC\n|player|p2|\n", "uploadtime": 1746116768, "views": 27, "formatid": "gen9vgc2025regibo3", "rating": 1279, "private": 0, "password": null}