{"id": "gen9vgc2025regibo3-2354081254", "format": "[Gen 9] VGC 2025 Reg I (Bo3)", "players": ["Dis_Plot", "jooblack551"], "log": "|j|\u2606Dis_Plot\n|j|\u2606jooblack551\n|html|<table width=\"100%\"><tr><td align=\"left\">Dis_Plot</td><td align=\"right\">jooblack551</tr><tr><td align=\"left\"><i class=\"fa fa-circle-o\"></i> <i class=\"fa fa-circle-o\"></i> </td><td align=\"right\"><i class=\"fa fa-circle-o\"></i> <i class=\"fa fa-circle\"></i> </tr></table>\n|uhtml|bestof|<h2><strong>Game 2</strong> of <a href=\"/game-bestof3-gen9vgc2025regibo3-2354079278\">a best-of-3</a></h2>\n|t:|1746033233\n|gametype|doubles\n|player|p1|Dis_Plot|psychic-gen4|1103\n|player|p2|jooblack551|alder|1044\n|teamsize|p1|6\n|teamsize|p2|6\n|gen|9\n|tier|[Gen 9] VGC 2025 Reg I (Bo3)\n|rated|\n|rule|Species Clause: Limit one of each Pok\u00e9mon\n|rule|Item Clause: Limit 1 of each item\n|clearpoke\n|poke|p1|Lunala, L50|\n|poke|p1|Groudon, L50|\n|poke|p1|Flutter Mane, L50|\n|poke|p1|Indeedee-F, L50, F|\n|poke|p1|Tornadus, L50, M|\n|poke|p1|Chi-Yu, L50|\n|poke|p2|Calyrex-Ice, L50|\n|poke|p2|Arboliva, L50, M|\n|poke|p2|Incineroar, L50, M|\n|poke|p2|Primarina, L50, M|\n|poke|p2|Grimmsnarl, L50, M|\n|poke|p2|Lunala, L50|\n|teampreview|4\n|showteam|p1|Lunala||PowerHerb|ShadowShield|MoongeistBeam,Moonblast,MeteorBeam,TrickRoom||||||50|,,,,,Fairy]Groudon||ClearAmulet|Drought|PrecipiceBlades,HeatCrash,Protect,HighHorsepower||||||50|,,,,,Fire]Flutter Mane||FocusSash|Protosynthesis|ShadowBall,Moonblast,IcyWind,Protect||||||50|,,,,,Normal]Indeedee-F||SafetyGoggles|PsychicSurge|FollowMe,HelpingHand,TrickRoom,Psychic|||F|||50|,,,,,Water]Tornadus||CovertCloak|Prankster|Tailwind,SunnyDay,BleakwindStorm,Protect|||M|||50|,,,,,Dark]Chi-Yu||ChoiceScarf|BeadsofRuin|HeatWave,Overheat,DarkPulse,Snarl||||||50|,,,,,Ghost\n|showteam|p2|Calyrex-Ice||WeaknessPolicy|AsOneGlastrier|GlacialLance,TrickRoom,HighHorsepower,Protect||||||50|,,,,,Ground]Arboliva||LifeOrb|SeedSower|HyperVoice,EnergyBall,PollenPuff,Protect|||M|||50|,,,,,Normal]Incineroar||SafetyGoggles|Intimidate|FakeOut,PartingShot,FlareBlitz,HelpingHand|||M|||50|,,,,,Ghost]Primarina||CovertCloak|LiquidVoice|HyperVoice,CalmMind,DazzlingGleam,IceBeam|||M|||50|,,,,,Water]Grimmsnarl||LightClay|Prankster|Taunt,Reflect,LightScreen,SpiritBreak|||M|||50|,,,,,Fairy]Lunala||Leftovers|ShadowShield|TrickRoom,Moonblast,WideGuard,MoongeistBeam||||||50|,,,,,Fairy\n|inactive|Battle timer is ON: inactive players will automatically lose when time's up. (requested by Dis_Plot)\n|inactive|Dis_Plot has 60 seconds left.\n|\n|t:|1746033269\n|start\n|switch|p1a: Lunala|Lunala, L50|100/100\n|switch|p1b: Flutter Mane|Flutter Mane, L50|100/100\n|switch|p2a: Grimmsnarl|Grimmsnarl, L50, M|100/100\n|switch|p2b: Lunala|Lunala, L50|100/100\n|turn|1\n|inactive|jooblack551 has 30 seconds left.\n|inactive|jooblack551 has 20 seconds left.\n|\n|t:|1746033304\n|-terastallize|p1a: Lunala|Fairy\n|-terastallize|p2a: Grimmsnarl|Fairy\n|move|p2a: Grimmsnarl|Light Screen|p2a: Grimmsnarl\n|-sidestart|p2: jooblack551|move: Light Screen\n|move|p1b: Flutter Mane|Icy Wind|p2a: Grimmsnarl|[spread] p2a,p2b\n|-damage|p2a: Grimmsnarl|91/100\n|-damage|p2b: Lunala|97/100\n|-unboost|p2a: Grimmsnarl|spe|1\n|-unboost|p2b: Lunala|spe|1\n|move|p1a: Lunala|Meteor Beam||[still]\n|-prepare|p1a: Lunala|Meteor Beam\n|-boost|p1a: Lunala|spa|1\n|-enditem|p1a: Lunala|Power Herb\n|-anim|p1a: Lunala|Meteor Beam|p2b: Lunala\n|-damage|p2b: Lunala|69/100\n|move|p2b: Lunala|Trick Room|p2b: Lunala\n|-fieldstart|move: Trick Room|[of] p2b: Lunala\n|\n|-heal|p2b: Lunala|75/100|[from] item: Leftovers\n|upkeep\n|turn|2\n|inactive|Dis_Plot has 30 seconds left.\n|inactive|jooblack551 has 30 seconds left.\n|\n|t:|1746033338\n|-end|p1b: Flutter Mane|Protosynthesis|[silent]\n|switch|p1b: Indeedee|Indeedee-F, L50, F|100/100\n|-fieldstart|move: Psychic Terrain|[from] ability: Psychic Surge|[of] p1b: Indeedee\n|move|p2a: Grimmsnarl|Spirit Break|p1b: Indeedee\n|-damage|p1b: Indeedee|58/100\n|-unboost|p1b: Indeedee|spa|1\n|move|p2b: Lunala|Moongeist Beam|p1a: Lunala\n|-damage|p1a: Lunala|78/100\n|move|p1a: Lunala|Moongeist Beam|p2b: Lunala\n|-supereffective|p2b: Lunala\n|-damage|p2b: Lunala|0 fnt\n|faint|p2b: Lunala\n|\n|upkeep\n|\n|t:|1746033352\n|switch|p2b: Calyrex|Calyrex-Ice, L50|100/100\n|-ability|p2b: Calyrex|As One\n|-ability|p2b: Calyrex|Unnerve\n|turn|3\n|\n|t:|1746033363\n|move|p1b: Indeedee|Helping Hand|p1a: Lunala\n|-singleturn|p1a: Lunala|Helping Hand|[of] p1b: Indeedee\n|move|p2a: Grimmsnarl|Spirit Break|p1a: Lunala\n|-damage|p1a: Lunala|42/100\n|-unboost|p1a: Lunala|spa|1\n|move|p2b: Calyrex|Glacial Lance|p1a: Lunala|[spread] p1a,p1b\n|-damage|p1a: Lunala|0 fnt\n|-damage|p1b: Indeedee|3/100\n|faint|p1a: Lunala\n|-ability|p2b: Calyrex|Chilling Neigh|boost\n|-boost|p2b: Calyrex|atk|1\n|\n|upkeep\n|\n|t:|1746033376\n|switch|p1a: Flutter Mane|Flutter Mane, L50|100/100\n|turn|4\n|\n|t:|1746033385\n|move|p1b: Indeedee|Follow Me|p1b: Indeedee\n|-singleturn|p1b: Indeedee|move: Follow Me\n|move|p2a: Grimmsnarl|Spirit Break|p1b: Indeedee\n|-crit|p1b: Indeedee\n|-damage|p1b: Indeedee|0 fnt\n|faint|p1b: Indeedee\n|move|p2b: Calyrex|Glacial Lance|p1a: Flutter Mane\n|-enditem|p1a: Flutter Mane|Focus Sash\n|-damage|p1a: Flutter Mane|1/100\n|move|p1a: Flutter Mane|Shadow Ball|p2b: Calyrex\n|-supereffective|p2b: Calyrex\n|-damage|p2b: Calyrex|56/100\n|-enditem|p2b: Calyrex|Weakness Policy\n|-boost|p2b: Calyrex|atk|2|[from] item: Weakness Policy\n|-boost|p2b: Calyrex|spa|2|[from] item: Weakness Policy\n|\n|upkeep\n|\n|t:|1746033401\n|switch|p1b: Groudon|Groudon, L50|100/100\n|-weather|SunnyDay|[from] ability: Drought|[of] p1b: Groudon\n|-activate|p1a: Flutter Mane|ability: Protosynthesis\n|-start|p1a: Flutter Mane|protosynthesisspe\n|turn|5\n|\n|t:|1746033412\n|move|p1b: Groudon|Protect|p1b: Groudon\n|-singleturn|p1b: Groudon|Protect\n|move|p1a: Flutter Mane|Protect|p1a: Flutter Mane\n|-singleturn|p1a: Flutter Mane|Protect\n|move|p2a: Grimmsnarl|Spirit Break|p1a: Flutter Mane\n|-activate|p1a: Flutter Mane|move: Protect\n|move|p2b: Calyrex|Glacial Lance|p1b: Groudon|[spread] \n|-activate|p1a: Flutter Mane|move: Protect\n|-activate|p1b: Groudon|move: Protect\n|\n|-weather|SunnyDay|[upkeep]\n|-fieldend|move: Trick Room\n|upkeep\n|turn|6\n|inactive|jooblack551 has 30 seconds left.\n|inactive|jooblack551 has 20 seconds left.\n|\n|t:|1746033449\n|move|p1a: Flutter Mane|Shadow Ball|p2b: Calyrex\n|-supereffective|p2b: Calyrex\n|-damage|p2b: Calyrex|11/100\n|move|p1b: Groudon|Precipice Blades|p2b: Calyrex|[spread] p2a,p2b\n|-damage|p2a: Grimmsnarl|33/100\n|-damage|p2b: Calyrex|0 fnt\n|faint|p2b: Calyrex\n|move|p2a: Grimmsnarl|Spirit Break|p1a: Flutter Mane\n|-damage|p1a: Flutter Mane|0 fnt\n|faint|p1a: Flutter Mane\n|-end|p1a: Flutter Mane|Protosynthesis|[silent]\n|\n|-weather|SunnyDay|[upkeep]\n|-fieldend|move: Psychic Terrain\n|upkeep\n|\n|t:|1746033457\n|switch|p2b: Primarina|Primarina, L50, M|100/100\n|turn|7\n|\n|t:|1746033464\n|move|p2a: Grimmsnarl|Reflect|p2a: Grimmsnarl\n|-sidestart|p2: jooblack551|Reflect\n|move|p1b: Groudon|Precipice Blades|p2b: Primarina|[spread] p2a,p2b\n|-damage|p2a: Grimmsnarl|0 fnt\n|-damage|p2b: Primarina|58/100\n|faint|p2a: Grimmsnarl\n|move|p2b: Primarina|Calm Mind|p2b: Primarina\n|-boost|p2b: Primarina|spa|1\n|-boost|p2b: Primarina|spd|1\n|\n|-weather|SunnyDay|[upkeep]\n|upkeep\n|turn|8\n|\n|t:|1746033479\n|move|p1b: Groudon|Precipice Blades|p2b: Primarina\n|-damage|p2b: Primarina|0 fnt\n|faint|p2b: Primarina\n|\n|win|Dis_Plot\n||jooblack551 is ready for game 3.\n||Dis_Plot is ready for game 3.\n|uhtml|next|Next: <a href=\"/battle-gen9vgc2025regibo3-2354084297\"><strong>Game 3 of 3</strong></a>\n|l|\u2606jooblack551\n|player|p2|\n", "uploadtime": 1746033824, "views": 9, "formatid": "gen9vgc2025regibo3", "rating": null, "private": 0, "password": null}