{"id": "gen9vgc2025regibo3-2354471322", "format": "[Gen 9] VGC 2025 Reg I (Bo3)", "players": ["idkloldude", "pwendolyn"], "log": "|j|\u2606idkloldude\n|j|\u2606pwendolyn\n|html|<table width=\"100%\"><tr><td align=\"left\">idkloldude</td><td align=\"right\">pwendolyn</tr><tr><td align=\"left\"><i class=\"fa fa-circle\"></i> <i class=\"fa fa-circle-o\"></i> </td><td align=\"right\"><i class=\"fa fa-circle-o\"></i> <i class=\"fa fa-circle-o\"></i> </tr></table>\n|uhtml|bestof|<h2><strong>Game 2</strong> of <a href=\"/game-bestof3-gen9vgc2025regibo3-2354469798\">a best-of-3</a></h2>\n|t:|1746076941\n|gametype|doubles\n|player|p1|idkloldude|elesa|\n|player|p2|pwendolyn|acetrainersnowf|\n|teamsize|p1|6\n|teamsize|p2|6\n|gen|9\n|tier|[Gen 9] VGC 2025 Reg I (Bo3)\n|rule|Species Clause: Limit one of each Pok\u00e9mon\n|rule|Item Clause: Limit 1 of each item\n|clearpoke\n|poke|p1|Calyrex-Shadow, L50|\n|poke|p1|Terapagos, L50, M|\n|poke|p1|Rillaboom, L50, M|\n|poke|p1|Incineroar, L50, F|\n|poke|p1|Urshifu-*, L50, M|\n|poke|p1|Ogerpon-Cornerstone, L50, F|\n|poke|p2|Miraidon, L50|\n|poke|p2|Farigiraf, L50, F|\n|poke|p2|Kyogre, L50|\n|poke|p2|Overqwil, L50, M|\n|poke|p2|Tornadus, L50, M|\n|poke|p2|Landorus, L50, M|\n|teampreview|4\n|showteam|p1|Calyrex-Shadow||FocusSash|AsOneSpectrier|AstralBarrage,WillOWisp,Disable,Protect||||||50|,,,,,Ghost]Terapagos||Leftovers|TeraShift|TeraStarstorm,CalmMind,EarthPower,Protect|||M|||50|,,,,,Stellar]Rillaboom||AssaultVest|GrassySurge|WoodHammer,GrassyGlide,Uturn,FakeOut|||M|||50|,,,,,Grass]Incineroar||SafetyGoggles|Intimidate|KnockOff,FakeOut,PartingShot,WillOWisp|||F|||50|,,,,,Ghost]Urshifu-Rapid-Strike||ChoiceScarf|UnseenFist|SurgingStrikes,CloseCombat,AquaJet,Uturn|||M|||50|,,,,,Water]Ogerpon-Cornerstone||CornerstoneMask|Sturdy|IvyCudgel,SpikyShield,FollowMe,PowerWhip|||F|||50|,,,,,Rock\n|showteam|p2|Miraidon||ChoiceSpecs|HadronEngine|ElectroDrift,DracoMeteor,VoltSwitch,DazzlingGleam||||||50|,,,,,Fairy]Farigiraf||ElectricSeed|ArmorTail|FoulPlay,Psychic,TrickRoom,Protect|||F|||50|,,,,,Grass]Kyogre||MysticWater|Drizzle|WaterSpout,OriginPulse,Thunder,Protect||||||50|,,,,,Ghost]Overqwil||FocusSash|SwiftSwim|GunkShot,ThroatChop,AcidSpray,Protect|||M|||50|,,,,,Stellar]Tornadus||CovertCloak|Prankster|Tailwind,BleakwindStorm,Taunt,RainDance|||M|||50|,,,,,Dark]Landorus||LifeOrb|SheerForce|SandsearStorm,SludgeBomb,EarthPower,Protect|||M|||50|,,,,,Steel\n|j| Unaffordable\n|j| itsyaboibenbaker\n|j| Miggle SoCal\n|j| AR200\n|j| mattcharlessanders\n|j| laluka\n|\n|t:|1746077024\n|start\n|switch|p1a: Urshifu|Urshifu-Rapid-Strike, L50, M|100/100\n|switch|p1b: Terapagos|Terapagos, L50, M|100/100\n|switch|p2a: Farigiraf|Farigiraf, L50, F|100/100\n|switch|p2b: Landorus|Landorus, L50, M|100/100\n|-activate|p1b: Terapagos|ability: Tera Shift\n|detailschange|p1b: Terapagos|Terapagos-Terastal, L50, M\n|-heal|p1b: Terapagos|100/100|[silent]\n|turn|1\n|\n|t:|1746077053\n|-terastallize|p2a: Farigiraf|Grass\n|move|p1a: Urshifu|U-turn|p2a: Farigiraf\n|-supereffective|p2a: Farigiraf\n|-damage|p2a: Farigiraf|52/100\n|\n|t:|1746077062\n|switch|p1a: Calyrex|Calyrex-Shadow, L50|100/100|[from] U-turn\n|-ability|p1a: Calyrex|As One\n|-ability|p1a: Calyrex|Unnerve\n|move|p2b: Landorus|Sandsear Storm|p1b: Terapagos|[spread] p1a,p1b\n|-activate|p1b: Terapagos|ability: Tera Shell\n|-resisted|p1b: Terapagos\n|-damage|p1a: Calyrex|44/100\n|-damage|p1b: Terapagos|78/100\n|move|p1b: Terapagos|Calm Mind|p1b: Terapagos\n|-boost|p1b: Terapagos|spa|1\n|-boost|p1b: Terapagos|spd|1\n|move|p2a: Farigiraf|Trick Room|p2a: Farigiraf\n|-fieldstart|move: Trick Room|[of] p2a: Farigiraf\n|\n|-heal|p1b: Terapagos|84/100|[from] item: Leftovers\n|upkeep\n|turn|2\n|\n|t:|1746077096\n|switch|p1a: Rillaboom|Rillaboom, L50, M|100/100\n|-fieldstart|move: Grassy Terrain|[from] ability: Grassy Surge|[of] p1a: Rillaboom\n|move|p2a: Farigiraf|Foul Play|p1b: Terapagos\n|-crit|p1b: Terapagos\n|-damage|p1b: Terapagos|65/100\n|move|p1b: Terapagos|Calm Mind|p1b: Terapagos\n|-boost|p1b: Terapagos|spa|1\n|-boost|p1b: Terapagos|spd|1\n|move|p2b: Landorus|Earth Power|p1b: Terapagos\n|-damage|p1b: Terapagos|34/100\n|\n|-heal|p2a: Farigiraf|58/100|[from] Grassy Terrain\n|-heal|p1b: Terapagos|40/100|[from] Grassy Terrain\n|-heal|p1b: Terapagos|46/100|[from] item: Leftovers\n|upkeep\n|turn|3\n|\n|t:|1746077131\n|switch|p2a: Miraidon|Miraidon, L50|100/100\n|-fieldstart|move: Electric Terrain|[from] ability: Hadron Engine|[of] p2a: Miraidon\n|move|p1b: Terapagos|Protect|p1b: Terapagos\n|-singleturn|p1b: Terapagos|Protect\n|move|p1a: Rillaboom|U-turn|p2a: Miraidon\n|-crit|p2a: Miraidon\n|-damage|p2a: Miraidon|70/100\n|\n|t:|1746077140\n|switch|p1a: Urshifu|Urshifu-Rapid-Strike, L50, M|100/100|[from] U-turn\n|move|p2b: Landorus|Sludge Bomb|p1a: Urshifu\n|-damage|p1a: Urshifu|24/100\n|\n|-heal|p1b: Terapagos|53/100|[from] item: Leftovers\n|upkeep\n|turn|4\n|\n|t:|1746077159\n|-terastallize|p1b: Terapagos|Stellar\n|detailschange|p1b: Terapagos|Terapagos-Stellar, L50, M, tera:Stellar\n|-heal|p1b: Terapagos|65/100|[silent]\n|-ability|p1b: Terapagos|Teraform Zero\n|-fieldend|move: Electric Terrain\n|move|p1a: Urshifu|Aqua Jet|p2b: Landorus\n|-supereffective|p2b: Landorus\n|-damage|p2b: Landorus|42/100\n|move|p1b: Terapagos|Tera Starstorm|p2b: Landorus|[spread] p2a,p2b\n|-damage|p2a: Miraidon|13/100\n|-damage|p2b: Landorus|0 fnt\n|faint|p2b: Landorus\n|move|p2a: Miraidon|Volt Switch|p1b: Terapagos\n|-damage|p1b: Terapagos|45/100\n|\n|t:|1746077171\n|switch|p2a: Kyogre|Kyogre, L50|100/100|[from] Volt Switch\n|-weather|RainDance|[from] ability: Drizzle|[of] p2a: Kyogre\n|\n|-weather|RainDance|[upkeep]\n|-heal|p1b: Terapagos|51/100|[from] item: Leftovers\n|upkeep\n|\n|t:|1746077172\n|switch|p2b: Farigiraf|Farigiraf, L50, F, tera:Grass|58/100\n|turn|5\n|\n|t:|1746077192\n|switch|p1a: Rillaboom|Rillaboom, L50, M|100/100\n|-fieldstart|move: Grassy Terrain|[from] ability: Grassy Surge|[of] p1a: Rillaboom\n|move|p1b: Terapagos|Protect|p1b: Terapagos\n|-singleturn|p1b: Terapagos|Protect\n|move|p2b: Farigiraf|Psychic|p1a: Rillaboom\n|-damage|p1a: Rillaboom|82/100\n|move|p2a: Kyogre|Water Spout|p1a: Rillaboom|[spread] p1a\n|-activate|p1b: Terapagos|move: Protect\n|-resisted|p1a: Rillaboom\n|-damage|p1a: Rillaboom|46/100\n|\n|-weather|RainDance|[upkeep]\n|-heal|p2b: Farigiraf|64/100|[from] Grassy Terrain\n|-heal|p1a: Rillaboom|51/100|[from] Grassy Terrain\n|-heal|p1b: Terapagos|57/100|[from] Grassy Terrain\n|-heal|p1b: Terapagos|64/100|[from] item: Leftovers\n|-fieldend|move: Trick Room\n|upkeep\n|turn|6\n|\n|t:|1746077209\n|move|p2a: Kyogre|Origin Pulse|p1a: Rillaboom|[spread] p1a,p1b\n|-resisted|p1a: Rillaboom\n|-crit|p1a: Rillaboom\n|-damage|p1a: Rillaboom|10/100\n|-damage|p1b: Terapagos|36/100\n|move|p1b: Terapagos|Tera Starstorm|p2a: Kyogre|[spread] p2a,p2b\n|-supereffective|p2b: Farigiraf\n|-damage|p2a: Kyogre|53/100\n|-damage|p2b: Farigiraf|0 fnt\n|faint|p2b: Farigiraf\n|move|p1a: Rillaboom|Wood Hammer|p2a: Kyogre\n|-supereffective|p2a: Kyogre\n|-damage|p2a: Kyogre|0 fnt\n|faint|p2a: Kyogre\n|-damage|p1a: Rillaboom|0 fnt|[from] Recoil\n|faint|p1a: Rillaboom\n|\n|-weather|RainDance|[upkeep]\n|-heal|p1b: Terapagos|42/100|[from] Grassy Terrain\n|-heal|p1b: Terapagos|48/100|[from] item: Leftovers\n|upkeep\n|\n|t:|1746077221\n|switch|p1a: Calyrex|Calyrex-Shadow, L50|44/100\n|switch|p2b: Miraidon|Miraidon, L50|13/100\n|-ability|p1a: Calyrex|As One\n|-ability|p1a: Calyrex|Unnerve\n|-fieldstart|move: Electric Terrain|[from] ability: Hadron Engine|[of] p2b: Miraidon\n|turn|7\n|\n|t:|1746077223\n|move|p1a: Calyrex|Astral Barrage|p2b: Miraidon\n|-damage|p2b: Miraidon|0 fnt\n|faint|p2b: Miraidon\n|\n|win|idkloldude\n|c|\u2606idkloldude|ggwp\n|c|\u2606pwendolyn|ggs\n|l| Unaffordable\n", "uploadtime": 1746077237, "views": 30, "formatid": "gen9vgc2025regibo3", "rating": null, "private": 0, "password": null}