{"id": "gen9vgc2025regibo3-2354229264", "format": "[Gen 9] VGC 2025 Reg I (Bo3)", "players": ["jahreed", "Squirrelsarge"], "log": "|j|\u2606jahreed\n|j|\u2606Squirrelsarge\n|html|<table width=\"100%\"><tr><td align=\"left\">jahreed</td><td align=\"right\">Squirrelsarge</tr><tr><td align=\"left\"><i class=\"fa fa-circle-o\"></i> <i class=\"fa fa-circle-o\"></i> </td><td align=\"right\"><i class=\"fa fa-circle-o\"></i> <i class=\"fa fa-circle\"></i> </tr></table>\n|uhtml|bestof|<h2><strong>Game 2</strong> of <a href=\"/game-bestof3-gen9vgc2025regibo3-2354225992\">a best-of-3</a></h2>\n|t:|1746046924\n|gametype|doubles\n|player|p1|jahreed|pryce|1131\n|player|p2|Squirrelsarge|170|1129\n|teamsize|p1|6\n|teamsize|p2|6\n|gen|9\n|tier|[Gen 9] VGC 2025 Reg I (Bo3)\n|rated|\n|rule|Species Clause: Limit one of each Pok\u00e9mon\n|rule|Item Clause: Limit 1 of each item\n|clearpoke\n|poke|p1|Zamazenta-*, L50|\n|poke|p1|Calyrex-Shadow, L50|\n|poke|p1|Tornadus, L50, M|\n|poke|p1|Urshifu-*, L50, F|\n|poke|p1|Rillaboom, L50, M|\n|poke|p1|Chien-Pao, L50|\n|poke|p2|Calyrex-Shadow, L50|\n|poke|p2|Kyogre, L50|\n|poke|p2|Barraskewda, L50, F|\n|poke|p2|Chi-Yu, L50|\n|poke|p2|Tornadus, L50, M|\n|poke|p2|Clefairy, L50, F|\n|teampreview|4\n|showteam|p1|Zamazenta-Crowned||RustedShield|DauntlessShield|BodyPress,behemothbash,WideGuard,Protect||||||50|,,,,,Ghost]Calyrex-Shadow||LifeOrb|AsOneSpectrier|AstralBarrage,Psychic,DarkPulse,Protect||||||50|,,,,,Dark]Tornadus||CovertCloak|Prankster|BleakwindStorm,Tailwind,RainDance,Protect|||M|||50|,,,,,Dark]Urshifu-Rapid-Strike||MysticWater|UnseenFist|SurgingStrikes,Taunt,AquaJet,Detect|||F|||50|,,,,,Water]Rillaboom||AssaultVest|GrassySurge|WoodHammer,GrassyGlide,Uturn,FakeOut|||M|||50|,,,,,Fire]Chien-Pao||FocusSash|SwordofRuin|SuckerPunch,SacredSword,IcicleCrash,Protect||||||50|,,,,,Ghost\n|showteam|p2|Calyrex-Shadow||FocusSash|AsOneSpectrier|AstralBarrage,GrassKnot,Psyshock,Protect||||||50|,,,,,Fairy]Kyogre||Leftovers|Drizzle|CalmMind,WaterSpout,IceBeam,Protect||||||50|,,,,,Grass]Barraskewda||ChoiceBand|SwiftSwim|PoisonJab,NightSlash,Waterfall,DrillRun|||F|||50|,,,,,Ground]Chi-Yu||AssaultVest|BeadsofRuin|Snarl,HeatWave,TeraBlast,Flamethrower||||||50|,,,,,Water]Tornadus||CovertCloak|Prankster|Tailwind,BleakwindStorm,RainDance,Protect|||M|||50|,,,,,Electric]Clefairy||Eviolite|FriendGuard|HealPulse,HelpingHand,Protect,NightShade|||F|||50|,,,,,Fire\n|\n|t:|1746046957\n|start\n|switch|p1a: Rillaboom|Rillaboom, L50, M|100/100\n|switch|p1b: Zamazenta|Zamazenta-Crowned, L50|100/100\n|switch|p2a: Kyogre|Kyogre, L50|100/100\n|switch|p2b: Tornadus|Tornadus, L50, M|100/100\n|-ability|p1b: Zamazenta|Dauntless Shield|boost\n|-boost|p1b: Zamazenta|def|1\n|-weather|RainDance|[from] ability: Drizzle|[of] p2a: Kyogre\n|-fieldstart|move: Grassy Terrain|[from] ability: Grassy Surge|[of] p1a: Rillaboom\n|turn|1\n|\n|t:|1746046982\n|move|p1a: Rillaboom|Fake Out|p2a: Kyogre\n|-damage|p2a: Kyogre|89/100\n|move|p1b: Zamazenta|Body Press|p2a: Kyogre\n|-damage|p2a: Kyogre|25/100\n|move|p2b: Tornadus|Bleakwind Storm|p1b: Zamazenta|[spread] p1a,p1b\n|-supereffective|p1a: Rillaboom\n|-crit|p1a: Rillaboom\n|-damage|p1a: Rillaboom|48/100\n|-damage|p1b: Zamazenta|76/100\n|cant|p2a: Kyogre|flinch\n|\n|-weather|RainDance|[upkeep]\n|-heal|p1b: Zamazenta|82/100|[from] Grassy Terrain\n|-heal|p2a: Kyogre|31/100|[from] Grassy Terrain\n|-heal|p2a: Kyogre|37/100|[from] item: Leftovers\n|-heal|p1a: Rillaboom|54/100|[from] Grassy Terrain\n|upkeep\n|turn|2\n|\n|t:|1746047014\n|-terastallize|p1a: Rillaboom|Fire\n|move|p2a: Kyogre|Protect|p2a: Kyogre\n|-singleturn|p2a: Kyogre|Protect\n|move|p1b: Zamazenta|Wide Guard|p1b: Zamazenta\n|-singleturn|p1b: Zamazenta|Wide Guard\n|move|p2b: Tornadus|Tailwind|p2b: Tornadus\n|-sidestart|p2: Squirrelsarge|move: Tailwind\n|move|p1a: Rillaboom|Wood Hammer|p2a: Kyogre\n|-activate|p2a: Kyogre|move: Protect\n|\n|-weather|RainDance|[upkeep]\n|-heal|p2a: Kyogre|43/100|[from] Grassy Terrain\n|-heal|p2a: Kyogre|48/100|[from] item: Leftovers\n|-heal|p1b: Zamazenta|87/100|[from] Grassy Terrain\n|-heal|p1a: Rillaboom|60/100|[from] Grassy Terrain\n|upkeep\n|turn|3\n|\n|t:|1746047037\n|move|p1b: Zamazenta|Wide Guard|p1b: Zamazenta\n|-singleturn|p1b: Zamazenta|Wide Guard\n|move|p2b: Tornadus|Bleakwind Storm|p1b: Zamazenta|[spread] \n|-activate|p1a: Rillaboom|move: Wide Guard\n|-activate|p1b: Zamazenta|move: Wide Guard\n|move|p2a: Kyogre|Water Spout|p1b: Zamazenta|[spread] \n|-activate|p1a: Rillaboom|move: Wide Guard\n|-activate|p1b: Zamazenta|move: Wide Guard\n|move|p1a: Rillaboom|U-turn|p2a: Kyogre\n|-damage|p2a: Kyogre|26/100\n|\n|t:|1746047070\n|switch|p1a: Calyrex|Calyrex-Shadow, L50|100/100|[from] U-turn\n|-ability|p1a: Calyrex|As One\n|-ability|p1a: Calyrex|Unnerve\n|\n|-weather|RainDance|[upkeep]\n|-heal|p2a: Kyogre|31/100|[from] Grassy Terrain\n|-heal|p2a: Kyogre|37/100|[from] item: Leftovers\n|-heal|p1b: Zamazenta|93/100|[from] Grassy Terrain\n|upkeep\n|turn|4\n|\n|t:|1746047101\n|switch|p2b: Barraskewda|Barraskewda, L50, F|100/100\n|switch|p1a: Rillaboom|Rillaboom, L50, M, tera:Fire|60/100\n|switch|p2a: Calyrex|Calyrex-Shadow, L50|100/100\n|-ability|p2a: Calyrex|As One\n|-ability|p2a: Calyrex|Unnerve\n|move|p1b: Zamazenta|Wide Guard||[still]\n|-fail|p1b: Zamazenta\n|\n|-weather|RainDance|[upkeep]\n|-heal|p1b: Zamazenta|99/100|[from] Grassy Terrain\n|-heal|p1a: Rillaboom|66/100|[from] Grassy Terrain\n|upkeep\n|turn|5\n|\n|t:|1746047135\n|switch|p2b: Tornadus|Tornadus, L50, M|100/100\n|move|p1a: Rillaboom|Fake Out|p2b: Tornadus\n|-damage|p2b: Tornadus|89/100\n|move|p2a: Calyrex|Psyshock|p1a: Rillaboom\n|-damage|p1a: Rillaboom|18/100\n|move|p1b: Zamazenta|Behemoth Bash|p2a: Calyrex\n|-damage|p2a: Calyrex|55/100\n|\n|-weather|none\n|-heal|p2a: Calyrex|61/100|[from] Grassy Terrain\n|-heal|p1b: Zamazenta|100/100|[from] Grassy Terrain\n|-heal|p1a: Rillaboom|24/100|[from] Grassy Terrain\n|-sideend|p2: Squirrelsarge|move: Tailwind\n|-fieldend|move: Grassy Terrain\n|upkeep\n|turn|6\n|\n|t:|1746047165\n|switch|p1a: Chien-Pao|Chien-Pao, L50|100/100\n|-ability|p1a: Chien-Pao|Sword of Ruin\n|move|p1b: Zamazenta|Wide Guard|p1b: Zamazenta\n|-singleturn|p1b: Zamazenta|Wide Guard\n|move|p2b: Tornadus|Tailwind|p2b: Tornadus\n|-sidestart|p2: Squirrelsarge|move: Tailwind\n|move|p2a: Calyrex|Psyshock|p1a: Chien-Pao\n|-immune|p1a: Chien-Pao\n|\n|upkeep\n|turn|7\n|\n|t:|1746047209\n|-terastallize|p2a: Calyrex|Fairy\n|move|p2b: Tornadus|Rain Dance|p2b: Tornadus\n|-weather|RainDance\n|move|p1a: Chien-Pao|Sucker Punch|p2a: Calyrex\n|-resisted|p2a: Calyrex\n|-damage|p2a: Calyrex|30/100\n|move|p2a: Calyrex|Grass Knot|p1a: Chien-Pao\n|-damage|p1a: Chien-Pao|28/100\n|move|p1b: Zamazenta|Body Press|p2b: Tornadus\n|-resisted|p2b: Tornadus\n|-damage|p2b: Tornadus|39/100\n|\n|-weather|RainDance|[upkeep]\n|upkeep\n|turn|8\n|\n|t:|1746047247\n|move|p1a: Chien-Pao|Protect|p1a: Chien-Pao\n|-singleturn|p1a: Chien-Pao|Protect\n|move|p2a: Calyrex|Grass Knot|p1a: Chien-Pao\n|-activate|p1a: Chien-Pao|move: Protect\n|move|p2b: Tornadus|Bleakwind Storm|p1b: Zamazenta|[spread] p1b\n|-activate|p1a: Chien-Pao|move: Protect\n|-damage|p1b: Zamazenta|75/100\n|move|p1b: Zamazenta|Behemoth Bash|p2a: Calyrex\n|-supereffective|p2a: Calyrex\n|-damage|p2a: Calyrex|0 fnt\n|faint|p2a: Calyrex\n|\n|-weather|RainDance|[upkeep]\n|upkeep\n|\n|t:|1746047265\n|switch|p2a: Barraskewda|Barraskewda, L50, F|100/100\n|turn|9\n|\n|t:|1746047307\n|move|p1b: Zamazenta|Protect|p1b: Zamazenta\n|-singleturn|p1b: Zamazenta|Protect\n|move|p1a: Chien-Pao|Sucker Punch|p2b: Tornadus\n|-damage|p2b: Tornadus|0 fnt\n|faint|p2b: Tornadus\n|move|p2a: Barraskewda|Drill Run|p1a: Chien-Pao\n|-damage|p1a: Chien-Pao|0 fnt\n|faint|p1a: Chien-Pao\n|\n|-weather|RainDance|[upkeep]\n|-sideend|p2: Squirrelsarge|move: Tailwind\n|upkeep\n|\n|t:|1746047323\n|switch|p1a: Rillaboom|Rillaboom, L50, M, tera:Fire|24/100\n|switch|p2b: Kyogre|Kyogre, L50|37/100\n|-fieldstart|move: Grassy Terrain|[from] ability: Grassy Surge|[of] p1a: Rillaboom\n|turn|10\n|\n|t:|1746047346\n|move|p1a: Rillaboom|Grassy Glide|p2b: Kyogre\n|-supereffective|p2b: Kyogre\n|-damage|p2b: Kyogre|0 fnt\n|faint|p2b: Kyogre\n|move|p2a: Barraskewda|Drill Run|p1b: Zamazenta\n|-supereffective|p1b: Zamazenta\n|-damage|p1b: Zamazenta|38/100\n|move|p1b: Zamazenta|Body Press|p2a: Barraskewda\n|-damage|p2a: Barraskewda|0 fnt\n|faint|p2a: Barraskewda\n|\n|win|jahreed\n||jahreed is ready for game 3.\n|inactive|Squirrelsarge has 30 seconds to confirm battle start!\n||Squirrelsarge is ready for game 3.\n|uhtml|next|Next: <a href=\"/battle-gen9vgc2025regibo3-2354233593\"><strong>Game 3 of 3</strong></a>\n", "uploadtime": 1746047590, "views": 29, "formatid": "gen9vgc2025regibo3", "rating": null, "private": 0, "password": null}