{"id": "gen9vgc2025regibo3-2354358148", "format": "[Gen 9] VGC 2025 Reg I (Bo3)", "players": ["FALL3N_DWN", "Sewlu"], "log": "|j|\u2606FALL3N_DWN\n|j|\u2606Sewlu\n|html|<table width=\"100%\"><tr><td align=\"left\">FALL3N_DWN</td><td align=\"right\">Sewlu</tr><tr><td align=\"left\"><i class=\"fa fa-circle\"></i> <i class=\"fa fa-circle-o\"></i> </td><td align=\"right\"><i class=\"fa fa-circle-o\"></i> <i class=\"fa fa-circle\"></i> </tr></table>\n|uhtml|bestof|<h2><strong>Game 3</strong> of <a href=\"/game-bestof3-gen9vgc2025regibo3-2354350939\">a best-of-3</a></h2>\n|t:|1746061536\n|gametype|doubles\n|player|p1|FALL3N_DWN|carmine-festival|1214\n|player|p2|Sewlu|1|1159\n|teamsize|p1|6\n|teamsize|p2|6\n|gen|9\n|tier|[Gen 9] VGC 2025 Reg I (Bo3)\n|rated|\n|rule|Species Clause: Limit one of each Pok\u00e9mon\n|rule|Item Clause: Limit 1 of each item\n|clearpoke\n|poke|p1|Calyrex-Shadow, L50|\n|poke|p1|Zamazenta-*, L50|\n|poke|p1|Rillaboom, L50, M|\n|poke|p1|Incineroar, L50, F|\n|poke|p1|Ogerpon-Hearthflame, L50, F|\n|poke|p1|Raging Bolt, L50|\n|poke|p2|Miraidon, L50|\n|poke|p2|Lunala, L50|\n|poke|p2|Ogerpon-Hearthflame, L50, F|\n|poke|p2|Flutter Mane, L50|\n|poke|p2|Incineroar, L50, M|\n|poke|p2|Iron Hands, L50|\n|teampreview|4\n|showteam|p1|Calyrex-Shadow||LifeOrb|AsOneSpectrier|AstralBarrage,Psychic,NastyPlot,Protect||||||50|,,,,,Normal]Zamazenta-Crowned||RustedShield|DauntlessShield|BodyPress,behemothbash,WideGuard,Protect||||||50|,,,,,Water]Rillaboom||MiracleSeed|GrassySurge|FakeOut,GrassyGlide,WoodHammer,Uturn|||M|||50|,,,,,Fire]Incineroar||RockyHelmet|Intimidate|FlareBlitz,KnockOff,FakeOut,PartingShot|||F|||50|,,,,,Bug]Ogerpon-Hearthflame||HearthflameMask|MoldBreaker|GrassyGlide,IvyCudgel,SpikyShield,FollowMe|||F|||50|,,,,,Fire]Raging Bolt||AssaultVest|Protosynthesis|Thunderclap,Thunderbolt,DracoMeteor,Electroweb||||||50|,,,,,Electric\n|showteam|p2|Miraidon||ChoiceSpecs|HadronEngine|ElectroDrift,VoltSwitch,DazzlingGleam,DracoMeteor||||||50|,,,,,Fairy]Lunala||ElectricSeed|ShadowShield|MoongeistBeam,Psychic,TrickRoom,WideGuard||||||50|,,,,,Water]Ogerpon-Hearthflame||HearthflameMask|MoldBreaker|IvyCudgel,WoodHammer,FollowMe,SpikyShield|||F|||50|,,,,,Fire]Flutter Mane||BoosterEnergy|Protosynthesis|Moonblast,ShadowBall,IcyWind,Protect||||||50|,,,,,Fairy]Incineroar||RockyHelmet|Intimidate|KnockOff,FakeOut,PartingShot,HelpingHand|||M|||50|,,,,,Bug]Iron Hands||AssaultVest|QuarkDrive|HeavySlam,LowKick,DrainPunch,FakeOut||||||50|,,,,,Steel\n|inactive|Battle timer is ON: inactive players will automatically lose when time's up. (requested by Sewlu)\n|\n|t:|1746061569\n|start\n|switch|p1a: Calyrex|Calyrex-Shadow, L50|100/100\n|switch|p1b: Ogerpon|Ogerpon-Hearthflame, L50, F|100/100\n|switch|p2a: Lunala|Lunala, L50|100/100\n|switch|p2b: Iron Hands|Iron Hands, L50, shiny|100/100\n|-ability|p1a: Calyrex|As One\n|-ability|p1a: Calyrex|Unnerve\n|-ability|p1b: Ogerpon|Mold Breaker\n|turn|1\n|\n|t:|1746061590\n|-terastallize|p2a: Lunala|Water\n|move|p2b: Iron Hands|Fake Out|p1b: Ogerpon\n|-damage|p1b: Ogerpon|85/100\n|cant|p1b: Ogerpon|flinch\n|move|p1a: Calyrex|Psychic|p2b: Iron Hands\n|-supereffective|p2b: Iron Hands\n|-damage|p2b: Iron Hands|15/100\n|-unboost|p2b: Iron Hands|spd|1\n|-damage|p1a: Calyrex|91/100|[from] item: Life Orb\n|move|p2a: Lunala|Moongeist Beam|p1a: Calyrex\n|-supereffective|p1a: Calyrex\n|-damage|p1a: Calyrex|0 fnt\n|faint|p1a: Calyrex\n|\n|upkeep\n|\n|t:|1746061600\n|switch|p1a: Rillaboom|Rillaboom, L50, M|100/100\n|-fieldstart|move: Grassy Terrain|[from] ability: Grassy Surge|[of] p1a: Rillaboom\n|turn|2\n|inactive|Sewlu has 30 seconds left.\n|\n|t:|1746061630\n|switch|p2a: Ogerpon|Ogerpon-Hearthflame, L50, F|100/100\n|-ability|p2a: Ogerpon|Mold Breaker\n|move|p1b: Ogerpon|Grassy Glide|p2a: Ogerpon\n|-resisted|p2a: Ogerpon\n|-damage|p2a: Ogerpon|89/100\n|move|p1a: Rillaboom|Wood Hammer|p2a: Ogerpon\n|-resisted|p2a: Ogerpon\n|-damage|p2a: Ogerpon|62/100\n|-damage|p1a: Rillaboom|92/100|[from] Recoil\n|move|p2b: Iron Hands|Low Kick|p1a: Rillaboom\n|-damage|p1a: Rillaboom|47/100\n|\n|-heal|p1b: Ogerpon|91/100|[from] Grassy Terrain\n|-heal|p2a: Ogerpon|68/100|[from] Grassy Terrain\n|-heal|p1a: Rillaboom|53/100|[from] Grassy Terrain\n|-heal|p2b: Iron Hands|22/100|[from] Grassy Terrain\n|upkeep\n|turn|3\n|inactive|FALL3N_DWN has 30 seconds left.\n|\n|t:|1746061659\n|-terastallize|p1a: Rillaboom|Fire\n|move|p1b: Ogerpon|Ivy Cudgel|p2b: Iron Hands|[anim] Ivy Cudgel Fire\n|-damage|p2b: Iron Hands|0 fnt\n|faint|p2b: Iron Hands\n|-end|p2b: Iron Hands|Quark Drive|[silent]\n|move|p2a: Ogerpon|Ivy Cudgel|p1a: Rillaboom|[anim] Ivy Cudgel Fire\n|-resisted|p1a: Rillaboom\n|-damage|p1a: Rillaboom|29/100\n|move|p1a: Rillaboom|U-turn|p2a: Ogerpon\n|-damage|p2a: Ogerpon|41/100\n|\n|t:|1746061664\n|switch|p1a: Zamazenta|Zamazenta-Crowned, L50|100/100|[from] U-turn\n|-ability|p1a: Zamazenta|Dauntless Shield|boost\n|-boost|p1a: Zamazenta|def|1\n|\n|-heal|p1b: Ogerpon|97/100|[from] Grassy Terrain\n|-heal|p2a: Ogerpon|46/100|[from] Grassy Terrain\n|upkeep\n|\n|t:|1746061668\n|switch|p2b: Lunala|Lunala, L50, tera:Water|100/100\n|turn|4\n|inactive|FALL3N_DWN has 30 seconds left.\n|\n|t:|1746061695\n|move|p2a: Ogerpon|Follow Me|p2a: Ogerpon\n|-singleturn|p2a: Ogerpon|move: Follow Me\n|move|p1a: Zamazenta|Body Press|p2a: Ogerpon\n|-damage|p2a: Ogerpon|0 fnt\n|faint|p2a: Ogerpon\n|move|p1b: Ogerpon|Ivy Cudgel|p2b: Lunala|[anim] Ivy Cudgel Fire\n|-resisted|p2b: Lunala\n|-damage|p2b: Lunala|89/100\n|move|p2b: Lunala|Trick Room|p2b: Lunala\n|-fieldstart|move: Trick Room|[of] p2b: Lunala\n|\n|-heal|p2b: Lunala|95/100|[from] Grassy Terrain\n|-heal|p1b: Ogerpon|100/100|[from] Grassy Terrain\n|upkeep\n|\n|t:|1746061702\n|switch|p2a: Miraidon|Miraidon, L50|100/100\n|-fieldstart|move: Electric Terrain|[from] ability: Hadron Engine|[of] p2a: Miraidon\n|-enditem|p2b: Lunala|Electric Seed\n|-boost|p2b: Lunala|def|1|[from] item: Electric Seed\n|turn|5\n|inactive|FALL3N_DWN has 30 seconds left.\n|inactive|FALL3N_DWN has 20 seconds left.\n|inactive|FALL3N_DWN has 15 seconds left.\n|inactive|FALL3N_DWN has 10 seconds left.\n|inactive|FALL3N_DWN has 5 seconds left.\n|inactive|Sewlu has 30 seconds left.\n|\n|t:|1746061761\n|move|p1b: Ogerpon|Follow Me|p1b: Ogerpon\n|-singleturn|p1b: Ogerpon|move: Follow Me\n|move|p2b: Lunala|Moongeist Beam|p1b: Ogerpon\n|-damage|p1b: Ogerpon|40/100\n|move|p1a: Zamazenta|Body Press|p2a: Miraidon\n|-damage|p2a: Miraidon|27/100\n|move|p2a: Miraidon|Electro Drift|p1b: Ogerpon\n|-resisted|p1b: Ogerpon\n|-damage|p1b: Ogerpon|0 fnt\n|faint|p1b: Ogerpon\n|\n|upkeep\n|\n|t:|1746061767\n|switch|p1b: Rillaboom|Rillaboom, L50, M, tera:Fire|29/100\n|-fieldstart|move: Grassy Terrain|[from] ability: Grassy Surge|[of] p1b: Rillaboom\n|turn|6\n|\n|t:|1746061785\n|move|p1b: Rillaboom|Fake Out|p2b: Lunala\n|-damage|p2b: Lunala|86/100\n|cant|p2b: Lunala|flinch\n|move|p1a: Zamazenta|Body Press|p2a: Miraidon\n|-damage|p2a: Miraidon|0 fnt\n|faint|p2a: Miraidon\n|\n|-heal|p1b: Rillaboom|34/100|[from] Grassy Terrain\n|-heal|p2b: Lunala|93/100|[from] Grassy Terrain\n|upkeep\n|turn|7\n|\n|t:|1746061799\n|move|p1b: Rillaboom|Grassy Glide|p2b: Lunala\n|-supereffective|p2b: Lunala\n|-damage|p2b: Lunala|43/100\n|move|p2b: Lunala|Moongeist Beam|p1b: Rillaboom\n|-damage|p1b: Rillaboom|0 fnt\n|faint|p1b: Rillaboom\n|move|p1a: Zamazenta|Body Press|p2b: Lunala\n|-damage|p2b: Lunala|4/100\n|\n|-heal|p2b: Lunala|10/100|[from] Grassy Terrain\n|upkeep\n|turn|8\n|\n|t:|1746061806\n|move|p1a: Zamazenta|Protect|p1a: Zamazenta\n|-singleturn|p1a: Zamazenta|Protect\n|move|p2b: Lunala|Moongeist Beam|p1a: Zamazenta\n|-activate|p1a: Zamazenta|move: Protect\n|\n|-heal|p2b: Lunala|16/100|[from] Grassy Terrain\n|-fieldend|move: Trick Room\n|upkeep\n|turn|9\n|\n|t:|1746061810\n|move|p1a: Zamazenta|Body Press|p2b: Lunala\n|-damage|p2b: Lunala|0 fnt\n|faint|p2b: Lunala\n|\n|win|FALL3N_DWN\n|raw|FALL3N_DWN's rating: 1214 &rarr; <strong>1235</strong><br />(+21 for winning)\n|raw|Sewlu's rating: 1159 &rarr; <strong>1138</strong><br />(-21 for losing)\n|l|\u2606Sewlu\n|player|p2|\n|c|\u2606FALL3N_DWN|gg\n", "uploadtime": 1746061831, "views": 15, "formatid": "gen9vgc2025regibo3", "rating": 1138, "private": 0, "password": null}