{"id": "gen9vgc2025regibo3-2353721218", "format": "[Gen 9] VGC 2025 Reg I (Bo3)", "players": ["gurted", "Soratami"], "log": "|j|\u2606gurted\n|j|\u2606Soratami\n|html|<table width=\"100%\"><tr><td align=\"left\">gurted</td><td align=\"right\">Soratami</tr><tr><td align=\"left\"><i class=\"fa fa-circle\"></i> <i class=\"fa fa-circle-o\"></i> </td><td align=\"right\"><i class=\"fa fa-circle-o\"></i> <i class=\"fa fa-circle-o\"></i> </tr></table>\n|uhtml|bestof|<h2><strong>Game 2</strong> of <a href=\"/game-bestof3-gen9vgc2025regibo3-2353720039\">a best-of-3</a></h2>\n|t:|1745988587\n|gametype|doubles\n|player|p1|gurted|roark|1181\n|player|p2|Soratami|ethan|1186\n|teamsize|p1|6\n|teamsize|p2|6\n|gen|9\n|tier|[Gen 9] VGC 2025 Reg I (Bo3)\n|rated|\n|rule|Species Clause: Limit one of each Pok\u00e9mon\n|rule|Item Clause: Limit 1 of each item\n|clearpoke\n|poke|p1|Lunala, L50|\n|poke|p1|Zamazenta-*, L50|\n|poke|p1|Indeedee-F, L50, F|\n|poke|p1|Ursaluna-Bloodmoon, L50, M|\n|poke|p1|Roaring Moon, L50|\n|poke|p1|Ogerpon-Cornerstone, L50, F|\n|poke|p2|Koraidon, L50|\n|poke|p2|Calyrex-Shadow, L50|\n|poke|p2|Chi-Yu, L50|\n|poke|p2|Venusaur, L50, F|\n|poke|p2|Indeedee-F, L50, F|\n|poke|p2|Walking Wake, L50|\n|teampreview|4\n|showteam|p1|Lunala||PowerHerb|ShadowShield|MeteorBeam,MoongeistBeam,ExpandingForce,TrickRoom||||||50|,,,,,Fairy]Zamazenta-Crowned||RustedShield|DauntlessShield|BodyPress,Imprison,WideGuard,Protect||||||50|,,,,,Dragon]Indeedee-F||SafetyGoggles|PsychicSurge|Psychic,TrickRoom,FollowMe,Protect|||F|||50|,,,,,Fairy]Ursaluna-Bloodmoon||LifeOrb|MindsEye|BloodMoon,HyperVoice,EarthPower,Protect|||M|||50|,,,,,Water]Roaring Moon||BoosterEnergy|Protosynthesis|KnockOff,Acrobatics,Tailwind,Protect||||||50|,,,,,Poison]Ogerpon-Cornerstone||CornerstoneMask|Sturdy|IvyCudgel,PowerWhip,FollowMe,SpikyShield|||F|||50|,,,,,Rock\n|showteam|p2|Koraidon||LoadedDice|OrichalcumPulse|CloseCombat,FlareBlitz,ScaleShot,Protect||||||50|,,,,,Fire]Calyrex-Shadow||FocusSash|AsOneSpectrier|AstralBarrage,Disable,ExpandingForce,Protect||||||50|,,,,,Ghost]Chi-Yu||ChoiceScarf|BeadsofRuin|HeatWave,DarkPulse,Overheat,Snarl||||||50|,,,,,Fire]Venusaur||SitrusBerry|Chlorophyll|HelpingHand,SleepPowder,SolarBeam,Protect|||F|||50|,,,,,Water]Indeedee-F||RockyHelmet|PsychicSurge|FollowMe,Imprison,TrickRoom,ShadowBall|||F|||50|,,,,,Water]Walking Wake||ChoiceSpecs|Protosynthesis|DracoMeteor,HydroSteam,Flamethrower,FlipTurn||||||50|,,,,,Water\n|inactive|Battle timer is ON: inactive players will automatically lose when time's up. (requested by Soratami)\n|inactive|gurted has 60 seconds left.\n|\n|t:|1745988620\n|start\n|switch|p1a: Roaring Moon|Roaring Moon, L50|100/100\n|switch|p1b: Ogerpon|Ogerpon-Cornerstone, L50, F|100/100\n|switch|p2a: Koraidon|Koraidon, L50|100/100\n|switch|p2b: Chi-Yu|Chi-Yu, L50|100/100\n|-ability|p2b: Chi-Yu|Beads of Ruin\n|-weather|SunnyDay|[from] ability: Orichalcum Pulse|[of] p2a: Koraidon\n|-activate|p1a: Roaring Moon|ability: Protosynthesis\n|-start|p1a: Roaring Moon|protosynthesisspe\n|-activate|p2a: Koraidon|Orichalcum Pulse|[source]\n|turn|1\n|\n|t:|1745988639\n|-terastallize|p1a: Roaring Moon|Poison\n|-terastallize|p2a: Koraidon|Fire\n|move|p1a: Roaring Moon|Tailwind|p1a: Roaring Moon\n|-sidestart|p1: gurted|move: Tailwind\n|move|p1b: Ogerpon|Ivy Cudgel|p2b: Chi-Yu|[anim] Ivy Cudgel Rock\n|-supereffective|p2b: Chi-Yu\n|-damage|p2b: Chi-Yu|0 fnt\n|faint|p2b: Chi-Yu\n|move|p2a: Koraidon|Scale Shot|p1a: Roaring Moon\n|-damage|p1a: Roaring Moon|79/100\n|-damage|p1a: Roaring Moon|61/100\n|-damage|p1a: Roaring Moon|43/100\n|-crit|p1a: Roaring Moon\n|-damage|p1a: Roaring Moon|16/100\n|-hitcount|p1a: Roaring Moon|4\n|-unboost|p2a: Koraidon|def|1\n|-boost|p2a: Koraidon|spe|1\n|\n|-weather|SunnyDay|[upkeep]\n|upkeep\n|\n|t:|1745988656\n|switch|p2b: Indeedee|Indeedee-F, L50, F|100/100\n|-fieldstart|move: Psychic Terrain|[from] ability: Psychic Surge|[of] p2b: Indeedee\n|turn|2\n|\n|t:|1745988663\n|move|p2b: Indeedee|Follow Me|p2b: Indeedee\n|-singleturn|p2b: Indeedee|move: Follow Me\n|move|p1a: Roaring Moon|Knock Off|p2b: Indeedee\n|-supereffective|p2b: Indeedee\n|-damage|p2b: Indeedee|18/100\n|-damage|p1a: Roaring Moon|0 fnt|[from] item: Rocky Helmet|[of] p2b: Indeedee\n|faint|p1a: Roaring Moon\n|-end|p1a: Roaring Moon|Protosynthesis|[silent]\n|move|p1b: Ogerpon|Ivy Cudgel|p2b: Indeedee|[anim] Ivy Cudgel Rock\n|-damage|p2b: Indeedee|0 fnt\n|faint|p2b: Indeedee\n|move|p2a: Koraidon|Scale Shot|p1b: Ogerpon\n|-damage|p1b: Ogerpon|75/100\n|-damage|p1b: Ogerpon|52/100\n|-damage|p1b: Ogerpon|27/100\n|-damage|p1b: Ogerpon|1/100\n|-damage|p1b: Ogerpon|0 fnt\n|faint|p1b: Ogerpon\n|-hitcount|p1: Ogerpon|5\n|-unboost|p2a: Koraidon|def|1\n|-boost|p2a: Koraidon|spe|1\n|\n|-weather|SunnyDay|[upkeep]\n|upkeep\n|\n|t:|1745988683\n|switch|p1a: Lunala|Lunala, L50|100/100\n|switch|p1b: Zamazenta|Zamazenta-Crowned, L50|100/100\n|switch|p2b: Calyrex|Calyrex-Shadow, L50|100/100\n|-ability|p2b: Calyrex|As One\n|-ability|p2b: Calyrex|Unnerve\n|-ability|p1b: Zamazenta|Dauntless Shield|boost\n|-boost|p1b: Zamazenta|def|1\n|turn|3\n|inactive|Soratami has 30 seconds left.\n|\n|t:|1745988716\n|move|p1b: Zamazenta|Protect|p1b: Zamazenta\n|-singleturn|p1b: Zamazenta|Protect\n|move|p2b: Calyrex|Protect|p2b: Calyrex\n|-singleturn|p2b: Calyrex|Protect\n|move|p2a: Koraidon|Flare Blitz|p1b: Zamazenta\n|-activate|p1b: Zamazenta|move: Protect\n|move|p1a: Lunala|Meteor Beam||[still]\n|-prepare|p1a: Lunala|Meteor Beam\n|-boost|p1a: Lunala|spa|1\n|-enditem|p1a: Lunala|Power Herb\n|-anim|p1a: Lunala|Meteor Beam|p2a: Koraidon|[miss]\n|-miss|p1a: Lunala|p2a: Koraidon\n|\n|-weather|SunnyDay|[upkeep]\n|upkeep\n|turn|4\n|\n|t:|1745988737\n|move|p1b: Zamazenta|Wide Guard|p1b: Zamazenta\n|-singleturn|p1b: Zamazenta|Wide Guard\n|move|p2a: Koraidon|Flare Blitz|p1b: Zamazenta\n|-supereffective|p1b: Zamazenta\n|-damage|p1b: Zamazenta|0 fnt\n|faint|p1b: Zamazenta\n|-damage|p2a: Koraidon|69/100|[from] Recoil\n|move|p1a: Lunala|Moongeist Beam|p2a: Koraidon\n|-damage|p2a: Koraidon|0 fnt\n|faint|p2a: Koraidon\n|move|p2b: Calyrex|Astral Barrage|p1a: Lunala\n|-activate|p1a: Lunala|move: Wide Guard\n|\n|-weather|SunnyDay|[upkeep]\n|-sideend|p1: gurted|move: Tailwind\n|upkeep\n|turn|5\n|-message|gurted forfeited.\n|\n|win|Soratami\n|l|\u2606gurted\n|player|p1|\n||gurted is ready for game 3.\n||Soratami is ready for game 3.\n|uhtml|next|Next: <a href=\"/battle-gen9vgc2025regibo3-2353722253\"><strong>Game 3 of 3</strong></a>\n|l|\u2606Soratami\n|player|p2|\n", "uploadtime": 1745989085, "views": 6, "formatid": "gen9vgc2025regibo3", "rating": null, "private": 0, "password": null}