{"id": "gen9vgc2025regibo3-2354023204", "format": "[Gen 9] VGC 2025 Reg I (Bo3)", "players": ["Jacrepid", "sergio23perez"], "log": "|j|\u2606Jacrepid\n|j|\u2606sergio23perez\n|html|<table width=\"100%\"><tr><td align=\"left\">Jacrepid</td><td align=\"right\">sergio23perez</tr><tr><td align=\"left\"><i class=\"fa fa-circle\"></i> <i class=\"fa fa-circle-o\"></i> </td><td align=\"right\"><i class=\"fa fa-circle-o\"></i> <i class=\"fa fa-circle-o\"></i> </tr></table>\n|uhtml|bestof|<h2><strong>Game 2</strong> of <a href=\"/game-bestof3-gen9vgc2025regibo3-2354021250\">a best-of-3</a></h2>\n|t:|1746028300\n|gametype|doubles\n|player|p1|Jacrepid|n|1244\n|player|p2|sergio23perez|1|1280\n|teamsize|p1|6\n|teamsize|p2|6\n|gen|9\n|tier|[Gen 9] VGC 2025 Reg I (Bo3)\n|rated|\n|rule|Species Clause: Limit one of each Pok\u00e9mon\n|rule|Item Clause: Limit 1 of each item\n|clearpoke\n|poke|p1|Miraidon, L50|\n|poke|p1|Lunala, L50|\n|poke|p1|Urshifu-*, L50, F|\n|poke|p1|Iron Hands, L50|\n|poke|p1|Whimsicott, L50, M|\n|poke|p1|Chi-Yu, L50|\n|poke|p2|Miraidon, L50|\n|poke|p2|Ho-Oh, L50|\n|poke|p2|Urshifu-*, L50, F|\n|poke|p2|Iron Hands, L50|\n|poke|p2|Iron Treads, L50|\n|poke|p2|Farigiraf, L50, M|\n|teampreview|4\n|showteam|p1|Miraidon||ChoiceSpecs|HadronEngine|ElectroDrift,DracoMeteor,VoltSwitch,DazzlingGleam||||||50|,,,,,Fairy]Lunala||ElectricSeed|ShadowShield|MoongeistBeam,Moonblast,WideGuard,TrickRoom||||||50|,,,,,Fairy]Urshifu-Rapid-Strike||FocusSash|UnseenFist|SurgingStrikes,CloseCombat,AquaJet,Detect|||F|||50|,,,,,Stellar]Iron Hands||AssaultVest|QuarkDrive|LowKick,WildCharge,DrainPunch,FakeOut||||||50|,,,,,Water]Whimsicott||CovertCloak|Prankster|Moonblast,Tailwind,Encore,LightScreen|||M|||50|,,,,,Dark]Chi-Yu||ChoiceScarf|BeadsofRuin|Overheat,HeatWave,DarkPulse,Snarl||||||50|,,,,,Ghost\n|showteam|p2|Miraidon||ChoiceSpecs|HadronEngine|DazzlingGleam,ElectroDrift,DracoMeteor,VoltSwitch||||||50|,,,,,Fairy]Ho-Oh||ClearAmulet|Regenerator|Tailwind,Protect,SacredFire,BraveBird||||||50|,,,,,Grass]Urshifu||FocusSash|UnseenFist|WickedBlow,SuckerPunch,CloseCombat,Detect|||F|||50|,,,,,Dark]Iron Hands||AssaultVest|QuarkDrive|DrainPunch,LowKick,HeavySlam,FakeOut||||||50|,,,,,Poison]Iron Treads||ChoiceBand|QuarkDrive|HighHorsepower,IronHead,SteelRoller,RockSlide||||||50|,,,,,Ghost]Farigiraf||ElectricSeed|ArmorTail|Psychic,Roar,TrickRoom,HelpingHand|||M|||50|,,,,,Water\n|inactive|Battle timer is ON: inactive players will automatically lose when time's up. (requested by Jacrepid)\n|\n|t:|1746028326\n|start\n|switch|p1a: Chi-Yu|Chi-Yu, L50|100/100\n|switch|p1b: Whimsicott|Whimsicott, L50, M, shiny|100/100\n|switch|p2a: Ho-Oh|Ho-Oh, L50|100/100\n|switch|p2b: crimsonracer|Iron Treads, L50, shiny|100/100\n|-ability|p1a: Chi-Yu|Beads of Ruin\n|turn|1\n|\n|t:|1746028337\n|-end|p2b: crimsonracer|Quark Drive|[silent]\n|switch|p2b: Miraidon|Miraidon, L50|100/100\n|-fieldstart|move: Electric Terrain|[from] ability: Hadron Engine|[of] p2b: Miraidon\n|move|p1b: Whimsicott|Tailwind|p1b: Whimsicott\n|-sidestart|p1: Jacrepid|move: Tailwind\n|move|p1a: Chi-Yu|Heat Wave|p2a: Ho-Oh|[spread] p2a,p2b\n|-resisted|p2a: Ho-Oh\n|-resisted|p2b: Miraidon\n|-damage|p2a: Ho-Oh|86/100\n|-damage|p2b: Miraidon|78/100\n|move|p2a: Ho-Oh|Sacred Fire|p1b: Whimsicott\n|-supereffective|p1b: Whimsicott\n|-damage|p1b: Whimsicott|0 fnt\n|faint|p1b: Whimsicott\n|\n|upkeep\n|\n|t:|1746028346\n|switch|p1b: Miraidon|Miraidon, L50|100/100\n|-activate|p1b: Miraidon|ability: Hadron Engine\n|turn|2\n|\n|t:|1746028359\n|-terastallize|p1b: Miraidon|Fairy\n|move|p1a: Chi-Yu|Heat Wave|p2a: Ho-Oh|[spread] p2a,p2b\n|-resisted|p2a: Ho-Oh\n|-resisted|p2b: Miraidon\n|-damage|p2a: Ho-Oh|73/100\n|-damage|p2b: Miraidon|59/100\n|move|p1b: Miraidon|Dazzling Gleam|p2b: Miraidon|[spread] p2a,p2b\n|-resisted|p2a: Ho-Oh\n|-supereffective|p2b: Miraidon\n|-damage|p2a: Ho-Oh|48/100\n|-damage|p2b: Miraidon|0 fnt\n|faint|p2b: Miraidon\n|move|p2a: Ho-Oh|Brave Bird|p1a: Chi-Yu\n|-damage|p1a: Chi-Yu|0 fnt\n|faint|p1a: Chi-Yu\n|-damage|p2a: Ho-Oh|28/100|[from] Recoil\n|\n|upkeep\n|\n|t:|1746028376\n|switch|p2b: crimsonracer|Iron Treads, L50, shiny|100/100\n|switch|p1a: Lunala|Lunala, L50|100/100\n|-enditem|p1a: Lunala|Electric Seed\n|-boost|p1a: Lunala|def|1|[from] item: Electric Seed\n|-activate|p2b: crimsonracer|ability: Quark Drive\n|-start|p2b: crimsonracer|quarkdrivespe\n|turn|3\n|\n|t:|1746028394\n|move|p1b: Miraidon|Dazzling Gleam|p2a: Ho-Oh|[spread] p2a,p2b\n|-resisted|p2a: Ho-Oh\n|-crit|p2a: Ho-Oh\n|-resisted|p2b: crimsonracer\n|-damage|p2a: Ho-Oh|0 fnt\n|-damage|p2b: crimsonracer|59/100\n|faint|p2a: Ho-Oh\n|move|p2b: crimsonracer|Iron Head|p1b: Miraidon\n|-supereffective|p1b: Miraidon\n|-damage|p1b: Miraidon|0 fnt\n|faint|p1b: Miraidon\n|move|p1a: Lunala|Moongeist Beam|p2b: crimsonracer\n|-damage|p2b: crimsonracer|0 fnt\n|faint|p2b: crimsonracer\n|-end|p2b: crimsonracer|Quark Drive|[silent]\n|\n|upkeep\n|\n|t:|1746028407\n|switch|p2b: partypirate|Iron Hands, L50|100/100\n|-activate|p2b: partypirate|ability: Quark Drive\n|-start|p2b: partypirate|quarkdriveatk\n|turn|4\n|\n|t:|1746028421\n|-terastallize|p2b: partypirate|Poison\n|move|p1a: Lunala|Moongeist Beam|p2b: partypirate\n|-damage|p2b: partypirate|71/100\n|move|p2b: partypirate|Heavy Slam|p1a: Lunala\n|-damage|p1a: Lunala|89/100\n|\n|-sideend|p1: Jacrepid|move: Tailwind\n|upkeep\n|turn|5\n|\n|t:|1746028430\n|move|p1a: Lunala|Moongeist Beam|p2b: partypirate\n|-damage|p2b: partypirate|42/100\n|move|p2b: partypirate|Heavy Slam|p1a: Lunala\n|-damage|p1a: Lunala|68/100\n|\n|-fieldend|move: Electric Terrain\n|-end|p2b: partypirate|Quark Drive\n|upkeep\n|turn|6\n|\n|t:|1746028437\n|move|p1a: Lunala|Moongeist Beam|p2b: partypirate\n|-damage|p2b: partypirate|13/100\n|move|p2b: partypirate|Heavy Slam|p1a: Lunala\n|-crit|p1a: Lunala\n|-damage|p1a: Lunala|33/100\n|\n|upkeep\n|turn|7\n|\n|t:|1746028444\n|move|p1a: Lunala|Moongeist Beam|p2b: partypirate\n|-damage|p2b: partypirate|0 fnt\n|faint|p2b: partypirate\n|-end|p2b: partypirate|Quark Drive|[silent]\n|\n|win|Jacrepid\n|raw|Jacrepid's rating: 1244 &rarr; <strong>1272</strong><br />(+28 for winning)\n|raw|sergio23perez's rating: 1280 &rarr; <strong>1252</strong><br />(-28 for losing)\n|l|\u2606sergio23perez\n|player|p2|\n", "uploadtime": 1746029038, "views": 9, "formatid": "gen9vgc2025regibo3", "rating": 1252, "private": 0, "password": null}