{"id": "gen9vgc2025regibo3-2354569020", "format": "[Gen 9] VGC 2025 Reg I (Bo3)", "players": ["samarazenta", "NG Dncfgjytfcfjyj"], "log": "|j|\u2606samarazenta\n|j|\u2606NG Dncfgjytfcfjyj\n|html|<table width=\"100%\"><tr><td align=\"left\">samarazenta</td><td align=\"right\">NG Dncfgjytfcfjyj</tr><tr><td align=\"left\"><i class=\"fa fa-circle\"></i> <i class=\"fa fa-circle-o\"></i> </td><td align=\"right\"><i class=\"fa fa-circle-o\"></i> <i class=\"fa fa-circle\"></i> </tr></table>\n|uhtml|bestof|<h2><strong>Game 3</strong> of <a href=\"/game-bestof3-gen9vgc2025regibo3-2354566430\">a best-of-3</a></h2>\n|t:|1746096088\n|gametype|doubles\n|player|p1|samarazenta|169|1166\n|player|p2|NG Dncfgjytfcfjyj|170|1076\n|teamsize|p1|6\n|teamsize|p2|6\n|gen|9\n|tier|[Gen 9] VGC 2025 Reg I (Bo3)\n|rated|\n|rule|Species Clause: Limit one of each Pok\u00e9mon\n|rule|Item Clause: Limit 1 of each item\n|clearpoke\n|poke|p1|Calyrex-Shadow, L50|\n|poke|p1|Raging Bolt, L50|\n|poke|p1|Incineroar, L50, M|\n|poke|p1|Rillaboom, L50, F|\n|poke|p1|Tornadus, L50, M|\n|poke|p1|Koraidon, L50|\n|poke|p2|Miraidon, L50|\n|poke|p2|Koraidon, L50|\n|poke|p2|Iron Bundle, L50|\n|poke|p2|Iron Valiant, L50|\n|poke|p2|Gouging Fire, L50|\n|poke|p2|Brute Bonnet, L50|\n|teampreview|4\n|showteam|p1|Calyrex-Shadow||FocusSash|AsOneSpectrier|AstralBarrage,Psychic,NastyPlot,Protect||||||50|,,,,,Ghost]Raging Bolt||BoosterEnergy|Protosynthesis|Thunderbolt,Thunderclap,DragonPulse,Protect||||||50|,,,,,Fairy]Incineroar||SafetyGoggles|Intimidate|FakeOut,PartingShot,KnockOff,Taunt|||M|||50|,,,,,Water]Rillaboom||AssaultVest|GrassySurge|FakeOut,Uturn,WoodHammer,GrassyGlide|||F|||50|,,,,,Water]Tornadus||CovertCloak|Prankster|Tailwind,SunnyDay,BleakwindStorm,Protect|||M|||50|,,,,,Dark]Koraidon||LifeOrb|OrichalcumPulse|FlameCharge,FlareBlitz,CloseCombat,Protect||||||50|,,,,,Fire\n|showteam|p2|Miraidon||LifeOrb|HadronEngine|ElectroDrift,DracoMeteor,DazzlingGleam,Protect||||||50|,,,,,Fairy]Koraidon||ChoiceScarf|OrichalcumPulse|CollisionCourse,FlareBlitz,WildCharge,DragonClaw||||||50|,,,,,Fire]Iron Bundle||BoosterEnergy|QuarkDrive|IcyWind,FreezeDry,HydroPump,Protect||||||50|,,,,,Ice]Iron Valiant||FocusSash|QuarkDrive|Protect,WideGuard,SpiritBreak,Encore||||||50|,,,,,Fairy]Gouging Fire||RockyHelmet|Protosynthesis|BurningBulwark,FlareBlitz,Howl,BreakingSwipe||||||50|,,,,,Steel]Brute Bonnet||SitrusBerry|Protosynthesis|ClearSmog,RagePowder,Spore,SuckerPunch||||||50|,,,,,Dark\n|inactive|Battle timer is ON: inactive players will automatically lose when time's up. (requested by NG Dncfgjytfcfjyj)\n|\n|t:|1746096116\n|start\n|switch|p1a: Koraidon|Koraidon, L50|100/100\n|switch|p1b: Tornadus|Tornadus, L50, M|100/100\n|switch|p2a: Koraidon|Koraidon, L50|100/100\n|switch|p2b: Iron Bundle|Iron Bundle, L50|100/100\n|-weather|SunnyDay|[from] ability: Orichalcum Pulse|[of] p2a: Koraidon\n|-activate|p2a: Koraidon|Orichalcum Pulse|[source]\n|-activate|p1a: Koraidon|ability: Orichalcum Pulse\n|-enditem|p2b: Iron Bundle|Booster Energy\n|-activate|p2b: Iron Bundle|ability: Quark Drive|[fromitem]\n|-start|p2b: Iron Bundle|quarkdrivespe\n|turn|1\n|\n|t:|1746096141\n|-terastallize|p2a: Koraidon|Fire\n|move|p1a: Koraidon|Protect|p1a: Koraidon\n|-singleturn|p1a: Koraidon|Protect\n|move|p1b: Tornadus|Tailwind|p1b: Tornadus\n|-sidestart|p1: samarazenta|move: Tailwind\n|move|p2b: Iron Bundle|Icy Wind|p1a: Koraidon|[spread] p1b\n|-activate|p1a: Koraidon|move: Protect\n|-supereffective|p1b: Tornadus\n|-damage|p1b: Tornadus|48/100\n|move|p2a: Koraidon|Dragon Claw|p1a: Koraidon\n|-activate|p1a: Koraidon|move: Protect\n|\n|-weather|SunnyDay|[upkeep]\n|upkeep\n|turn|2\n|\n|t:|1746096159\n|-terastallize|p1a: Koraidon|Fire\n|move|p1a: Koraidon|Flare Blitz|p2b: Iron Bundle\n|-damage|p2b: Iron Bundle|0 fnt\n|faint|p2b: Iron Bundle\n|-end|p2b: Iron Bundle|Quark Drive|[silent]\n|-damage|p1a: Koraidon|78/100|[from] Recoil\n|-damage|p1a: Koraidon|68/100|[from] item: Life Orb\n|move|p2a: Koraidon|Dragon Claw|p1a: Koraidon\n|-damage|p1a: Koraidon|22/100\n|move|p1b: Tornadus|Bleakwind Storm|p2a: Koraidon\n|-damage|p2a: Koraidon|52/100\n|\n|-weather|SunnyDay|[upkeep]\n|upkeep\n|\n|t:|1746096166\n|switch|p2b: Gouging Fire|Gouging Fire, L50|100/100\n|-activate|p2b: Gouging Fire|ability: Protosynthesis\n|-start|p2b: Gouging Fire|protosynthesisdef\n|turn|3\n|\n|t:|1746096191\n|move|p1a: Koraidon|Close Combat|p2a: Koraidon\n|-damage|p2a: Koraidon|0 fnt\n|-unboost|p1a: Koraidon|def|1\n|-unboost|p1a: Koraidon|spd|1\n|faint|p2a: Koraidon\n|-damage|p1a: Koraidon|12/100|[from] item: Life Orb\n|move|p1b: Tornadus|Bleakwind Storm|p2b: Gouging Fire\n|-crit|p2b: Gouging Fire\n|-damage|p2b: Gouging Fire|37/100\n|move|p2b: Gouging Fire|Howl|p2b: Gouging Fire\n|-boost|p2b: Gouging Fire|atk|1\n|\n|-weather|SunnyDay|[upkeep]\n|upkeep\n|\n|t:|1746096197\n|switch|p2a: Miraidon|Miraidon, L50|100/100\n|-fieldstart|move: Electric Terrain|[from] ability: Hadron Engine|[of] p2a: Miraidon\n|turn|4\n|\n|t:|1746096216\n|switch|p1b: Rillaboom|Rillaboom, L50, F|100/100\n|-fieldstart|move: Grassy Terrain|[from] ability: Grassy Surge|[of] p1b: Rillaboom\n|move|p1a: Koraidon|Close Combat|p2b: Gouging Fire\n|-damage|p2b: Gouging Fire|0 fnt\n|-unboost|p1a: Koraidon|def|1\n|-unboost|p1a: Koraidon|spd|1\n|-damage|p1a: Koraidon|0 fnt|[from] item: Rocky Helmet|[of] p2b: Gouging Fire\n|faint|p2b: Gouging Fire\n|-end|p2b: Gouging Fire|Protosynthesis|[silent]\n|faint|p1a: Koraidon\n|move|p2a: Miraidon|Dazzling Gleam|p1b: Rillaboom\n|-damage|p1b: Rillaboom|76/100\n|-damage|p2a: Miraidon|91/100|[from] item: Life Orb\n|\n|-weather|SunnyDay|[upkeep]\n|-heal|p1b: Rillaboom|82/100|[from] Grassy Terrain\n|-heal|p2a: Miraidon|96/100|[from] Grassy Terrain\n|-sideend|p1: samarazenta|move: Tailwind\n|upkeep\n|\n|t:|1746096230\n|switch|p1a: Calyrex|Calyrex-Shadow, L50|100/100\n|-ability|p1a: Calyrex|As One\n|-ability|p1a: Calyrex|Unnerve\n|turn|5\n|\n|t:|1746096239\n|move|p2a: Miraidon|Protect|p2a: Miraidon\n|-singleturn|p2a: Miraidon|Protect\n|move|p1b: Rillaboom|Fake Out|p2a: Miraidon\n|-activate|p2a: Miraidon|move: Protect\n|move|p1a: Calyrex|Nasty Plot|p1a: Calyrex\n|-boost|p1a: Calyrex|spa|2\n|\n|-weather|none\n|-heal|p2a: Miraidon|100/100|[from] Grassy Terrain\n|-heal|p1b: Rillaboom|88/100|[from] Grassy Terrain\n|upkeep\n|turn|6\n|\n|t:|1746096249\n|move|p1b: Rillaboom|Grassy Glide|p2a: Miraidon\n|-resisted|p2a: Miraidon\n|-damage|p2a: Miraidon|83/100\n|move|p1a: Calyrex|Astral Barrage|p2a: Miraidon\n|-damage|p2a: Miraidon|0 fnt\n|faint|p2a: Miraidon\n|\n|win|samarazenta\n|raw|samarazenta's rating: 1166 &rarr; <strong>1185</strong><br />(+19 for winning)\n|raw|NG Dncfgjytfcfjyj's rating: 1076 &rarr; <strong>1060</strong><br />(-16 for losing)\n|l|\u2606NG Dncfgjytfcfjyj\n|player|p2|\n|l|\u2606samarazenta\n|player|p1|\n", "uploadtime": 1746096644, "views": 7, "formatid": "gen9vgc2025regibo3", "rating": 1060, "private": 0, "password": null}