{"id": "gen9vgc2025regibo3-2355012069", "format": "[Gen 9] VGC 2025 Reg I (Bo3)", "players": ["LunaSunChris", "quinn2"], "log": "|j|\u2606LunaSunChris\n|j|\u2606quinn2\n|html|<table width=\"100%\"><tr><td align=\"left\">LunaSunChris</td><td align=\"right\">quinn2</tr><tr><td align=\"left\"><i class=\"fa fa-circle\"></i> <i class=\"fa fa-circle-o\"></i> </td><td align=\"right\"><i class=\"fa fa-circle-o\"></i> <i class=\"fa fa-circle-o\"></i> </tr></table>\n|uhtml|bestof|<h2><strong>Game 2</strong> of <a href=\"/game-bestof3-gen9vgc2025regibo3-2355009477\">a best-of-3</a></h2>\n|t:|1746141894\n|gametype|doubles\n|player|p1|LunaSunChris|rood|1274\n|player|p2|quinn2|102|1246\n|teamsize|p1|6\n|teamsize|p2|6\n|gen|9\n|tier|[Gen 9] VGC 2025 Reg I (Bo3)\n|rated|\n|rule|Species Clause: Limit one of each Pok\u00e9mon\n|rule|Item Clause: Limit 1 of each item\n|clearpoke\n|poke|p1|Groudon, L50|\n|poke|p1|Lunala, L50|\n|poke|p1|Incineroar, L50, F|\n|poke|p1|Ribombee, L50, F|\n|poke|p1|Walking Wake, L50|\n|poke|p1|Rillaboom, L50, M|\n|poke|p2|Ho-Oh, L50|\n|poke|p2|Zacian-*, L50|\n|poke|p2|Grimmsnarl, L50, M|\n|poke|p2|Rillaboom, L50, M|\n|poke|p2|Raging Bolt, L50|\n|poke|p2|Annihilape, L50, F|\n|teampreview|4\n|showteam|p1|Groudon||ClearAmulet|Drought|PrecipiceBlades,HeatCrash,StompingTantrum,Protect||||||50|,,,,,Fire]Lunala||PowerHerb|ShadowShield|MoongeistBeam,MeteorBeam,WideGuard,TrickRoom||||||50|,,,,,Fairy]Incineroar||SafetyGoggles|Intimidate|KnockOff,FakeOut,FlareBlitz,PartingShot|||F|||50|,,,,,Ghost]Ribombee||FocusSash|SweetVeil|Moonblast,Tailwind,SunnyDay,PollenPuff|||F|||50|,,,,,Ghost]Walking Wake||LifeOrb|Protosynthesis|WeatherBall,HydroSteam,DracoMeteor,Protect||||||50|,,,,,Fire]Rillaboom||AssaultVest|GrassySurge|FakeOut,GrassyGlide,Uturn,WoodHammer|||M|||50|,,,,,Fire\n|showteam|p2|Ho-Oh||RockyHelmet|Pressure|SacredFire,BraveBird,Recover,Protect||||||50|,,,,,Water]Zacian-Crowned||RustedSword|IntrepidSword|behemothblade,SacredSword,SwordsDance,Protect||||||50|,,,,,Fighting]Grimmsnarl||LightClay|Prankster|SpiritBreak,PartingShot,LightScreen,Reflect|||M|||50|,,,,,Ghost]Rillaboom||LifeOrb|GrassySurge|FakeOut,GrassyGlide,WoodHammer,HighHorsepower|||M|||50|,,,,,Ground]Raging Bolt||AssaultVest|Protosynthesis|Snarl,Electroweb,DracoMeteor,Thunderclap||||||50|,,,,,Fairy]Annihilape||FocusSash|Defiant|CloseCombat,GunkShot,FinalGambit,Coaching|||F|||50|,,,,,Fighting\n|inactive|Battle timer is ON: inactive players will automatically lose when time's up. (requested by quinn2)\n|inactive|LunaSunChris has 60 seconds left.\n|\n|t:|1746141952\n|start\n|switch|p1a: Groudon|Groudon, L50|100/100\n|switch|p1b: Walking Wake|Walking Wake, L50|100/100\n|switch|p2a: Grimmsnarl|Grimmsnarl, L50, M|100/100\n|switch|p2b: Zacian|Zacian-Crowned, L50|100/100\n|-ability|p2b: Zacian|Intrepid Sword|boost\n|-boost|p2b: Zacian|atk|1\n|-weather|SunnyDay|[from] ability: Drought|[of] p1a: Groudon\n|-activate|p1b: Walking Wake|ability: Protosynthesis\n|-start|p1b: Walking Wake|protosynthesisspe\n|turn|1\n|inactive|LunaSunChris has 30 seconds left.\n|\n|t:|1746141978\n|move|p2b: Zacian|Protect|p2b: Zacian\n|-singleturn|p2b: Zacian|Protect\n|move|p2a: Grimmsnarl|Reflect|p2a: Grimmsnarl\n|-sidestart|p2: quinn2|Reflect\n|move|p1b: Walking Wake|Weather Ball|p2b: Zacian\n|-activate|p2b: Zacian|move: Protect\n|move|p1a: Groudon|Precipice Blades|p2a: Grimmsnarl|[spread] p2a\n|-activate|p2b: Zacian|move: Protect\n|-damage|p2a: Grimmsnarl|62/100\n|\n|-weather|SunnyDay|[upkeep]\n|upkeep\n|turn|2\n|\n|t:|1746142000\n|switch|p2b: Rillaboom|Rillaboom, L50, M|100/100\n|-fieldstart|move: Grassy Terrain|[from] ability: Grassy Surge|[of] p2b: Rillaboom\n|move|p1b: Walking Wake|Hydro Steam|p2b: Rillaboom\n|-resisted|p2b: Rillaboom\n|-damage|p2b: Rillaboom|58/100\n|-damage|p1b: Walking Wake|91/100|[from] item: Life Orb\n|move|p1a: Groudon|Precipice Blades|p2a: Grimmsnarl|[spread] p2a,p2b\n|-resisted|p2b: Rillaboom\n|-damage|p2a: Grimmsnarl|25/100\n|-damage|p2b: Rillaboom|39/100\n|move|p2a: Grimmsnarl|Spirit Break|p1b: Walking Wake\n|-supereffective|p1b: Walking Wake\n|-damage|p1b: Walking Wake|19/100\n|-unboost|p1b: Walking Wake|spa|1\n|\n|-weather|SunnyDay|[upkeep]\n|-heal|p1b: Walking Wake|24/100|[from] Grassy Terrain\n|-heal|p2b: Rillaboom|45/100|[from] Grassy Terrain\n|-heal|p2a: Grimmsnarl|31/100|[from] Grassy Terrain\n|upkeep\n|turn|3\n|inactive|LunaSunChris has 30 seconds left.\n|inactive|quinn2 has 30 seconds left.\n|\n|t:|1746142026\n|-end|p1b: Walking Wake|Protosynthesis|[silent]\n|switch|p1b: Incineroar|Incineroar, L50, F|100/100\n|-ability|p1b: Incineroar|Intimidate|boost\n|-unboost|p2a: Grimmsnarl|atk|1\n|-unboost|p2b: Rillaboom|atk|1\n|-terastallize|p1a: Groudon|Fire\n|move|p2b: Rillaboom|Fake Out|p1a: Groudon\n|-damage|p1a: Groudon|91/100\n|-damage|p2b: Rillaboom|35/100|[from] item: Life Orb\n|move|p2a: Grimmsnarl|Light Screen|p2a: Grimmsnarl\n|-sidestart|p2: quinn2|move: Light Screen\n|cant|p1a: Groudon|flinch\n|\n|-weather|SunnyDay|[upkeep]\n|-heal|p1a: Groudon|97/100|[from] Grassy Terrain\n|-heal|p2b: Rillaboom|41/100|[from] Grassy Terrain\n|-heal|p2a: Grimmsnarl|37/100|[from] Grassy Terrain\n|upkeep\n|turn|4\n|inactive|LunaSunChris has 30 seconds left.\n|\n|t:|1746142056\n|switch|p2a: Ho-Oh|Ho-Oh, L50|100/100\n|-ability|p2a: Ho-Oh|Pressure\n|move|p1a: Groudon|Precipice Blades|p2a: Ho-Oh|[spread] p2b\n|-immune|p2a: Ho-Oh\n|-resisted|p2b: Rillaboom\n|-damage|p2b: Rillaboom|21/100\n|move|p2b: Rillaboom|High Horsepower|p1a: Groudon\n|-supereffective|p1a: Groudon\n|-damage|p1a: Groudon|49/100\n|-damage|p2b: Rillaboom|11/100|[from] item: Life Orb\n|move|p1b: Incineroar|Flare Blitz|p2b: Rillaboom\n|-supereffective|p2b: Rillaboom\n|-damage|p2b: Rillaboom|0 fnt\n|faint|p2b: Rillaboom\n|-damage|p1b: Incineroar|97/100|[from] Recoil\n|\n|-weather|SunnyDay|[upkeep]\n|-heal|p1a: Groudon|55/100|[from] Grassy Terrain\n|-heal|p1b: Incineroar|100/100|[from] Grassy Terrain\n|upkeep\n|\n|t:|1746142071\n|switch|p2b: Zacian|Zacian-Crowned, L50|100/100\n|turn|5\n|inactive|quinn2 has 30 seconds left.\n|\n|t:|1746142099\n|move|p2b: Zacian|Swords Dance|p2b: Zacian\n|-boost|p2b: Zacian|atk|2\n|move|p1a: Groudon|Precipice Blades|p2b: Zacian|[spread] p2b\n|-immune|p2a: Ho-Oh\n|-supereffective|p2b: Zacian\n|-damage|p2b: Zacian|50/100\n|move|p2a: Ho-Oh|Brave Bird|p1b: Incineroar\n|-damage|p1b: Incineroar|46/100\n|-damage|p2a: Ho-Oh|84/100|[from] Recoil\n|move|p1b: Incineroar|Parting Shot|p2b: Zacian\n|-unboost|p2b: Zacian|atk|1\n|-unboost|p2b: Zacian|spa|1\n|\n|t:|1746142121\n|switch|p1b: Lunala|Lunala, L50|100/100|[from] Parting Shot\n|\n|-weather|none\n|-heal|p2b: Zacian|56/100|[from] Grassy Terrain\n|-heal|p1a: Groudon|61/100|[from] Grassy Terrain\n|upkeep\n|turn|6\n|inactive|quinn2 has 30 seconds left.\n|\n|t:|1746142146\n|switch|p1a: Incineroar|Incineroar, L50, F|46/100\n|-ability|p1a: Incineroar|Intimidate|boost\n|-unboost|p2a: Ho-Oh|atk|1\n|-unboost|p2b: Zacian|atk|1\n|-terastallize|p2a: Ho-Oh|Water\n|move|p2b: Zacian|Protect|p2b: Zacian\n|-singleturn|p2b: Zacian|Protect\n|move|p1b: Lunala|Meteor Beam||[still]\n|-prepare|p1b: Lunala|Meteor Beam\n|-boost|p1b: Lunala|spa|1\n|-enditem|p1b: Lunala|Power Herb\n|-anim|p1b: Lunala|Meteor Beam|p2a: Ho-Oh\n|-damage|p2a: Ho-Oh|57/100\n|move|p2a: Ho-Oh|Sacred Fire|p1b: Lunala\n|-damage|p1b: Lunala|88/100\n|\n|-heal|p2b: Zacian|62/100|[from] Grassy Terrain\n|-heal|p1b: Lunala|94/100|[from] Grassy Terrain\n|-heal|p2a: Ho-Oh|63/100|[from] Grassy Terrain\n|-heal|p1a: Incineroar|52/100|[from] Grassy Terrain\n|-fieldend|move: Grassy Terrain\n|upkeep\n|turn|7\n|inactive|LunaSunChris has 30 seconds left.\n|inactive|quinn2 has 30 seconds left.\n|inactive|LunaSunChris has 20 seconds left.\n|inactive|quinn2 has 20 seconds left.\n|\n|t:|1746142182\n|move|p1a: Incineroar|Fake Out|p2b: Zacian\n|-resisted|p2b: Zacian\n|-damage|p2b: Zacian|58/100\n|cant|p2b: Zacian|flinch\n|move|p1b: Lunala|Moongeist Beam|p2b: Zacian\n|-damage|p2b: Zacian|11/100\n|move|p2a: Ho-Oh|Sacred Fire|p1b: Lunala\n|-damage|p1b: Lunala|69/100\n|-status|p1b: Lunala|brn\n|\n|-damage|p1b: Lunala|63/100 brn|[from] brn\n|upkeep\n|turn|8\n|inactive|LunaSunChris has 30 seconds left.\n|\n|t:|1746142211\n|move|p2b: Zacian|Protect|p2b: Zacian\n|-singleturn|p2b: Zacian|Protect\n|move|p1b: Lunala|Moongeist Beam|p2b: Zacian\n|-activate|p2b: Zacian|move: Protect\n|move|p2a: Ho-Oh|Brave Bird|p1a: Incineroar\n|-damage|p1a: Incineroar|17/100\n|-damage|p2a: Ho-Oh|52/100|[from] Recoil\n|move|p1a: Incineroar|Flare Blitz|p2b: Zacian\n|-activate|p2b: Zacian|move: Protect\n|\n|-damage|p1b: Lunala|57/100 brn|[from] brn\n|-sideend|p2: quinn2|Reflect\n|upkeep\n|turn|9\n|\n|t:|1746142235\n|move|p2b: Zacian|Behemoth Blade|p1b: Lunala\n|-damage|p1b: Lunala|7/100 brn\n|move|p1b: Lunala|Moongeist Beam|p2b: Zacian\n|-damage|p2b: Zacian|0 fnt\n|faint|p2b: Zacian\n|move|p2a: Ho-Oh|Brave Bird|p1a: Incineroar\n|-damage|p1a: Incineroar|0 fnt\n|faint|p1a: Incineroar\n|-damage|p2a: Ho-Oh|47/100|[from] Recoil\n|\n|-damage|p1b: Lunala|1/100 brn|[from] brn\n|upkeep\n|\n|t:|1746142260\n|switch|p2b: Grimmsnarl|Grimmsnarl, L50, M|37/100\n|switch|p1a: Groudon|Groudon, L50, tera:Fire|61/100\n|-weather|SunnyDay|[from] ability: Drought|[of] p1a: Groudon\n|turn|10\n|\n|t:|1746142283\n|move|p2b: Grimmsnarl|Reflect|p2b: Grimmsnarl\n|-sidestart|p2: quinn2|Reflect\n|move|p1b: Lunala|Moongeist Beam|p2a: Ho-Oh\n|-damage|p2a: Ho-Oh|12/100\n|move|p1a: Groudon|Heat Crash|p2b: Grimmsnarl\n|-damage|p2b: Grimmsnarl|0 fnt\n|faint|p2b: Grimmsnarl\n|move|p2a: Ho-Oh|Recover|p2a: Ho-Oh\n|-heal|p2a: Ho-Oh|62/100\n|\n|-weather|SunnyDay|[upkeep]\n|-damage|p1b: Lunala|0 fnt|[from] brn\n|faint|p1b: Lunala\n|-sideend|p2: quinn2|move: Light Screen\n|upkeep\n|\n|t:|1746142293\n|switch|p1b: Walking Wake|Walking Wake, L50|24/100\n|-activate|p1b: Walking Wake|ability: Protosynthesis\n|-start|p1b: Walking Wake|protosynthesisspe\n|turn|11\n|\n|t:|1746142311\n|move|p1b: Walking Wake|Draco Meteor|p2a: Ho-Oh\n|-damage|p2a: Ho-Oh|9/100\n|-unboost|p1b: Walking Wake|spa|2\n|-damage|p1b: Walking Wake|15/100|[from] item: Life Orb\n|move|p1a: Groudon|Precipice Blades|p2a: Ho-Oh\n|-damage|p2a: Ho-Oh|0 fnt\n|faint|p2a: Ho-Oh\n|\n|win|LunaSunChris\n|raw|LunaSunChris's rating: 1274 &rarr; <strong>1297</strong><br />(+23 for winning)\n|raw|quinn2's rating: 1246 &rarr; <strong>1223</strong><br />(-23 for losing)\n", "uploadtime": 1746142317, "views": 9, "formatid": "gen9vgc2025regibo3", "rating": 1223, "private": 0, "password": null}