{"id": "gen9vgc2025regibo3-2354962494", "format": "[Gen 9] VGC 2025 Reg I (Bo3)", "players": ["Lacossg", "BisceglieVG"], "log": "|j|\u2606Lacossg\n|j|\u2606BisceglieVG\n|html|<table width=\"100%\"><tr><td align=\"left\">Lacossg</td><td align=\"right\">BisceglieVG</tr><tr><td align=\"left\"><i class=\"fa fa-circle-o\"></i> <i class=\"fa fa-circle-o\"></i> </td><td align=\"right\"><i class=\"fa fa-circle-o\"></i> <i class=\"fa fa-circle\"></i> </tr></table>\n|uhtml|bestof|<h2><strong>Game 2</strong> of <a href=\"/game-bestof3-gen9vgc2025regibo3-2354960654\">a best-of-3</a></h2>\n|t:|1746136229\n|gametype|doubles\n|player|p1|Lacossg|265|1404\n|player|p2|BisceglieVG|elesa|1537\n|teamsize|p1|6\n|teamsize|p2|6\n|gen|9\n|tier|[Gen 9] VGC 2025 Reg I (Bo3)\n|rated|\n|rule|Species Clause: Limit one of each Pok\u00e9mon\n|rule|Item Clause: Limit 1 of each item\n|clearpoke\n|poke|p1|Calyrex-Shadow, L50|\n|poke|p1|Tyranitar, L50, M|\n|poke|p1|Excadrill, L50, F|\n|poke|p1|Indeedee-F, L50, F|\n|poke|p1|Raging Bolt, L50|\n|poke|p1|Zamazenta-*, L50|\n|poke|p2|Koraidon, L50|\n|poke|p2|Lunala, L50|\n|poke|p2|Chi-Yu, L50|\n|poke|p2|Ursaluna, L50, M|\n|poke|p2|Brute Bonnet, L50|\n|poke|p2|Flutter Mane, L50|\n|teampreview|4\n|showteam|p1|Calyrex-Shadow||LifeOrb|AsOneSpectrier|AstralBarrage,ExpandingForce,Encore,Protect||||||50|,,,,,Normal]Tyranitar||FocusSash|SandStream|KnockOff,RockSlide,Taunt,Snarl|||M|||50|,,,,,Grass]Excadrill||ClearAmulet|SandRush|HighHorsepower,HelpingHand,IronHead,Protect|||F|||50|,,,,,Ground]Indeedee-F||RockyHelmet|PsychicSurge|Imprison,Psychic,TrickRoom,FollowMe|||F|||50|,,,,,Water]Raging Bolt||AssaultVest|Protosynthesis|Thunderclap,Electroweb,DracoMeteor,Snarl||||||50|,,,,,Fairy]Zamazenta-Crowned||RustedShield|DauntlessShield|BodyPress,Imprison,WideGuard,Protect||||||50|,,,,,Dragon\n|showteam|p2|Koraidon||LifeOrb|OrichalcumPulse|FlareBlitz,FlameCharge,CloseCombat,Protect||||||50|,,,,,Fire]Lunala||PowerHerb|ShadowShield|MoongeistBeam,MeteorBeam,WideGuard,TrickRoom||||||50|,,,,,Water]Chi-Yu||ChoiceScarf|BeadsofRuin|Overheat,HeatWave,DarkPulse,Snarl||||||50|,,,,,Ghost]Ursaluna||FlameOrb|Guts|Facade,Earthquake,HeadlongRush,Protect|||M|||50|,,,,,Water]Brute Bonnet||CovertCloak|Protosynthesis|SeedBomb,SuckerPunch,Spore,RagePowder||||||50|,,,,,Water]Flutter Mane||FocusSash|Protosynthesis|Moonblast,IcyWind,ShadowBall,Protect||||||50|,,,,,Normal\n|\n|t:|1746136249\n|start\n|switch|p1a: Tyranitar|Tyranitar, L50, M|100/100\n|switch|p1b: Raging Bolt|Raging Bolt, L50|100/100\n|switch|p2a: Lunala|Lunala, L50|100/100\n|switch|p2b: Brute Bonnet|Brute Bonnet, L50|100/100\n|-weather|Sandstorm|[from] ability: Sand Stream|[of] p1a: Tyranitar\n|turn|1\n|\n|t:|1746136264\n|move|p1a: Tyranitar|Taunt|p2b: Brute Bonnet\n|-start|p2b: Brute Bonnet|move: Taunt\n|move|p1b: Raging Bolt|Electroweb|p2b: Brute Bonnet|[spread] p2a,p2b\n|-resisted|p2b: Brute Bonnet\n|-damage|p2a: Lunala|92/100\n|-damage|p2b: Brute Bonnet|93/100\n|-unboost|p2a: Lunala|spe|1\n|cant|p2b: Brute Bonnet|move: Taunt|Spore\n|move|p2a: Lunala|Trick Room|p2a: Lunala\n|-fieldstart|move: Trick Room|[of] p2a: Lunala\n|\n|-weather|Sandstorm|[upkeep]\n|-damage|p2b: Brute Bonnet|87/100|[from] Sandstorm\n|-damage|p2a: Lunala|86/100|[from] Sandstorm\n|-damage|p1b: Raging Bolt|95/100|[from] Sandstorm\n|upkeep\n|turn|2\n|\n|t:|1746136301\n|-end|p2b: Brute Bonnet|Protosynthesis|[silent]\n|switch|p2b: Ursaluna|Ursaluna, L50, M|100/100\n|-terastallize|p1a: Tyranitar|Grass\n|move|p2a: Lunala|Meteor Beam||[still]\n|-prepare|p2a: Lunala|Meteor Beam\n|-boost|p2a: Lunala|spa|1\n|-enditem|p2a: Lunala|Power Herb\n|-anim|p2a: Lunala|Meteor Beam|p1b: Raging Bolt\n|-damage|p1b: Raging Bolt|58/100\n|move|p1b: Raging Bolt|Snarl|p2b: Ursaluna|[spread] p2a,p2b\n|-supereffective|p2a: Lunala\n|-damage|p2a: Lunala|39/100\n|-damage|p2b: Ursaluna|88/100\n|-unboost|p2a: Lunala|spa|1\n|-unboost|p2b: Ursaluna|spa|1\n|move|p1a: Tyranitar|Knock Off|p2b: Ursaluna\n|-damage|p2b: Ursaluna|49/100\n|-enditem|p2b: Ursaluna|Flame Orb|[from] move: Knock Off|[of] p1a: Tyranitar\n|\n|-weather|Sandstorm|[upkeep]\n|-damage|p2a: Lunala|33/100|[from] Sandstorm\n|-damage|p1b: Raging Bolt|52/100|[from] Sandstorm\n|-damage|p1a: Tyranitar|94/100|[from] Sandstorm\n|upkeep\n|turn|3\n|\n|t:|1746136335\n|move|p2a: Lunala|Wide Guard|p2a: Lunala\n|-singleturn|p2a: Lunala|Wide Guard\n|move|p2b: Ursaluna|Earthquake|p1a: Tyranitar|[spread] p1a,p1b\n|-activate|p2a: Lunala|move: Wide Guard\n|-resisted|p1a: Tyranitar\n|-supereffective|p1b: Raging Bolt\n|-damage|p1a: Tyranitar|74/100\n|-damage|p1b: Raging Bolt|0 fnt\n|faint|p1b: Raging Bolt\n|-end|p1b: Raging Bolt|Protosynthesis|[silent]\n|move|p1a: Tyranitar|Rock Slide|p2b: Ursaluna|[spread] \n|-activate|p2a: Lunala|move: Wide Guard\n|-activate|p2b: Ursaluna|move: Wide Guard\n|\n|-weather|Sandstorm|[upkeep]\n|-damage|p2a: Lunala|27/100|[from] Sandstorm\n|-damage|p1a: Tyranitar|68/100|[from] Sandstorm\n|upkeep\n|\n|t:|1746136348\n|switch|p1b: Zamazenta|Zamazenta-Crowned, L50|100/100\n|-ability|p1b: Zamazenta|Dauntless Shield|boost\n|-boost|p1b: Zamazenta|def|1\n|turn|4\n|\n|t:|1746136358\n|move|p2b: Ursaluna|Headlong Rush|p1b: Zamazenta\n|-supereffective|p1b: Zamazenta\n|-damage|p1b: Zamazenta|49/100\n|-unboost|p2b: Ursaluna|def|1\n|-unboost|p2b: Ursaluna|spd|1\n|move|p2a: Lunala|Moongeist Beam|p1a: Tyranitar\n|-damage|p1a: Tyranitar|4/100\n|move|p1a: Tyranitar|Knock Off|p2a: Lunala\n|-supereffective|p2a: Lunala\n|-damage|p2a: Lunala|0 fnt\n|faint|p2a: Lunala\n|move|p1b: Zamazenta|Body Press|p2b: Ursaluna\n|-supereffective|p2b: Ursaluna\n|-damage|p2b: Ursaluna|0 fnt\n|faint|p2b: Ursaluna\n|\n|-weather|Sandstorm|[upkeep]\n|-damage|p1a: Tyranitar|0 fnt|[from] Sandstorm\n|faint|p1a: Tyranitar\n|upkeep\n|\n|t:|1746136373\n|switch|p2b: Flutter Mane|Flutter Mane, L50|100/100\n|switch|p1a: Calyrex|Calyrex-Shadow, L50|100/100\n|switch|p2a: Brute Bonnet|Brute Bonnet, L50|87/100\n|-ability|p1a: Calyrex|As One\n|-ability|p1a: Calyrex|Unnerve\n|turn|5\n|\n|t:|1746136394\n|move|p1b: Zamazenta|Protect|p1b: Zamazenta\n|-singleturn|p1b: Zamazenta|Protect\n|move|p1a: Calyrex|Protect|p1a: Calyrex\n|-singleturn|p1a: Calyrex|Protect\n|move|p2a: Brute Bonnet|Spore|p1b: Zamazenta\n|-activate|p1b: Zamazenta|move: Protect\n|move|p2b: Flutter Mane|Shadow Ball|p1a: Calyrex\n|-activate|p1a: Calyrex|move: Protect\n|\n|-weather|none\n|-fieldend|move: Trick Room\n|upkeep\n|turn|6\n|\n|t:|1746136437\n|-terastallize|p2a: Brute Bonnet|Water\n|move|p1a: Calyrex|Protect||[still]\n|-fail|p1a: Calyrex\n|move|p2a: Brute Bonnet|Sucker Punch||[still]\n|-fail|p2a: Brute Bonnet\n|move|p2b: Flutter Mane|Shadow Ball|p1b: Zamazenta\n|-damage|p1b: Zamazenta|18/100\n|move|p1b: Zamazenta|Body Press|p2a: Brute Bonnet\n|-damage|p2a: Brute Bonnet|42/100\n|\n|upkeep\n|turn|7\n|\n|t:|1746136460\n|move|p1b: Zamazenta|Protect|p1b: Zamazenta\n|-singleturn|p1b: Zamazenta|Protect\n|move|p2a: Brute Bonnet|Sucker Punch||[still]\n|-fail|p2a: Brute Bonnet\n|move|p1a: Calyrex|Encore|p2a: Brute Bonnet\n|-start|p2a: Brute Bonnet|Encore\n|move|p2b: Flutter Mane|Shadow Ball|p1b: Zamazenta\n|-activate|p1b: Zamazenta|move: Protect\n|\n|upkeep\n|turn|8\n|\n|t:|1746136480\n|move|p1b: Zamazenta|Protect||[still]\n|-fail|p1b: Zamazenta\n|move|p2a: Brute Bonnet|Sucker Punch|p1a: Calyrex\n|-supereffective|p1a: Calyrex\n|-damage|p1a: Calyrex|0 fnt\n|faint|p1a: Calyrex\n|move|p2b: Flutter Mane|Shadow Ball|p1b: Zamazenta\n|-damage|p1b: Zamazenta|0 fnt\n|faint|p1b: Zamazenta\n|\n|win|BisceglieVG\n|raw|Lacossg's rating: 1404 &rarr; <strong>1391</strong><br />(-13 for losing)\n|raw|BisceglieVG's rating: 1537 &rarr; <strong>1550</strong><br />(+13 for winning)\n|l|\u2606BisceglieVG\n|player|p2|\n", "uploadtime": 1746136497, "views": 6, "formatid": "gen9vgc2025regibo3", "rating": 1391, "private": 0, "password": null}