{"id": "gen9vgc2025regibo3-2353679693", "format": "[Gen 9] VGC 2025 Reg I (Bo3)", "players": ["arespatatero51", "TellAll"], "log": "|j|\u2606arespatatero51\n|j|\u2606TellAll\n|html|<table width=\"100%\"><tr><td align=\"left\">arespatatero51</td><td align=\"right\">TellAll</tr><tr><td align=\"left\"><i class=\"fa fa-circle-o\"></i> <i class=\"fa fa-circle-o\"></i> </td><td align=\"right\"><i class=\"fa fa-circle-o\"></i> <i class=\"fa fa-circle-o\"></i> </tr></table>\n|uhtml|bestof|<h2><strong>Game 1</strong> of <a href=\"/game-bestof3-gen9vgc2025regibo3-2353679692\">a best-of-3</a></h2>\n|t:|1745982678\n|gametype|doubles\n|player|p1|arespatatero51|miku-ghost|1068\n|player|p2|TellAll|169|1000\n|teamsize|p1|6\n|teamsize|p2|6\n|gen|9\n|tier|[Gen 9] VGC 2025 Reg I (Bo3)\n|rated|\n|rule|Species Clause: Limit one of each Pok\u00e9mon\n|rule|Item Clause: Limit 1 of each item\n|clearpoke\n|poke|p1|Lunala, L50|\n|poke|p1|Miraidon, L50|\n|poke|p1|Chi-Yu, L50|\n|poke|p1|Iron Hands, L50|\n|poke|p1|Ogerpon-Wellspring, L50, F|\n|poke|p1|Flutter Mane, L50|\n|poke|p2|Miraidon, L50|\n|poke|p2|Whimsicott, L50, M|\n|poke|p2|Farigiraf, L50, M|\n|poke|p2|Iron Hands, L50|\n|poke|p2|Calyrex-Shadow, L50|\n|poke|p2|Incineroar, L50, F|\n|teampreview|4\n|showteam|p1|Lunala||PowerHerb|ShadowShield|MeteorBeam,Moonblast,MoongeistBeam,WideGuard||||||50|,,,,,Fairy]Miraidon||ChoiceSpecs|HadronEngine|ElectroDrift,DazzlingGleam,VoltSwitch,DracoMeteor||||||50|,,,,,Fairy]Chi-Yu||ChoiceScarf|BeadsofRuin|HeatWave,Snarl,Overheat,DarkPulse||||||50|,,,,,Water]Iron Hands||Leftovers|QuarkDrive|FakeOut,WildCharge,HeavySlam,Protect||||||50|,,,,,Steel]Ogerpon-Wellspring||WellspringMask|WaterAbsorb|FollowMe,SpikyShield,IvyCudgel,WoodHammer|||F|||50|,,,,,Water]Flutter Mane||BoosterEnergy|Protosynthesis|Protect,ShadowBall,Moonblast,CalmMind||||||50|,,,,,Fire\n|showteam|p2|Miraidon||ChoiceSpecs|HadronEngine|ElectroDrift,DracoMeteor,VoltSwitch,DazzlingGleam||||||50|,,,,,Fairy]Whimsicott||CovertCloak|Prankster|Tailwind,Encore,LightScreen,Moonblast|||M|||50|,,,,,Dark]Farigiraf||ElectricSeed|ArmorTail|Psychic,FoulPlay,HelpingHand,TrickRoom|||M|||50|,,,,,Dark]Iron Hands||AssaultVest|QuarkDrive|LowKick,DrainPunch,WildCharge,FakeOut||||||50|,,,,,Water]Calyrex-Shadow||FocusSash|AsOneSpectrier|AstralBarrage,ExpandingForce,PollenPuff,Protect||||||50|,,,,,Ghost]Incineroar||RockyHelmet|Intimidate|FakeOut,Uturn,KnockOff,FlareBlitz|||F|||50|,,,,,Bug\n|inactive|Battle timer is ON: inactive players will automatically lose when time's up. (requested by arespatatero51)\n|\n|t:|1745982756\n|start\n|switch|p1a: Chi-Yu|Chi-Yu, L50|100/100\n|switch|p1b: Lunala|Lunala, L50, shiny|100/100\n|switch|p2a: Calyrex|Calyrex-Shadow, L50|100/100\n|switch|p2b: Whimsicott|Whimsicott, L50, M|100/100\n|-ability|p2a: Calyrex|As One\n|-ability|p2a: Calyrex|Unnerve\n|-ability|p1a: Chi-Yu|Beads of Ruin\n|turn|1\n|inactive|TellAll has 30 seconds left.\n|\n|t:|1745982785\n|move|p2a: Calyrex|Protect|p2a: Calyrex\n|-singleturn|p2a: Calyrex|Protect\n|move|p1b: Lunala|Wide Guard|p1b: Lunala\n|-singleturn|p1b: Lunala|Wide Guard\n|move|p2b: Whimsicott|Tailwind|p2b: Whimsicott\n|-sidestart|p2: TellAll|move: Tailwind\n|move|p1a: Chi-Yu|Snarl|p2a: Calyrex|[spread] p2b\n|-activate|p2a: Calyrex|move: Protect\n|-resisted|p2b: Whimsicott\n|-damage|p2b: Whimsicott|82/100\n|\n|upkeep\n|turn|2\n|inactive|TellAll has 30 seconds left.\n|inactive|TellAll has 20 seconds left.\n|inactive|TellAll has 15 seconds left.\n|\n|t:|1745982828\n|move|p1b: Lunala|Wide Guard|p1b: Lunala\n|-singleturn|p1b: Lunala|Wide Guard\n|move|p2b: Whimsicott|Encore|p1b: Lunala\n|-start|p1b: Lunala|Encore\n|move|p2a: Calyrex|Astral Barrage|p1a: Chi-Yu|[spread] \n|-activate|p1a: Chi-Yu|move: Wide Guard\n|-activate|p1b: Lunala|move: Wide Guard\n|move|p1a: Chi-Yu|Snarl|p2a: Calyrex|[spread] p2a,p2b\n|-supereffective|p2a: Calyrex\n|-resisted|p2b: Whimsicott\n|-enditem|p2a: Calyrex|Focus Sash\n|-damage|p2a: Calyrex|1/100\n|-damage|p2b: Whimsicott|64/100\n|-unboost|p2a: Calyrex|spa|1\n|\n|upkeep\n|turn|3\n|inactive|TellAll has 30 seconds left.\n|inactive|TellAll has 20 seconds left.\n|inactive|TellAll has 15 seconds left.\n|\n|t:|1745982868\n|switch|p2a: Miraidon|Miraidon, L50|100/100\n|-fieldstart|move: Electric Terrain|[from] ability: Hadron Engine|[of] p2a: Miraidon\n|switch|p2b: Iron Hands|Iron Hands, L50|100/100\n|-activate|p2b: Iron Hands|ability: Quark Drive\n|-start|p2b: Iron Hands|quarkdriveatk\n|move|p1b: Lunala|Wide Guard|p1b: Lunala\n|-singleturn|p1b: Lunala|Wide Guard\n|move|p1a: Chi-Yu|Snarl|p2b: Iron Hands|[spread] p2a,p2b\n|-resisted|p2b: Iron Hands\n|-damage|p2a: Miraidon|74/100\n|-damage|p2b: Iron Hands|92/100\n|-unboost|p2a: Miraidon|spa|1\n|-unboost|p2b: Iron Hands|spa|1\n|\n|upkeep\n|turn|4\n|inactive|arespatatero51 has 30 seconds left.\n|inactive|TellAll has 30 seconds left.\n|inactive|TellAll has 20 seconds left.\n|\n|t:|1745982906\n|switch|p1b: Miraidon|Miraidon, L50|100/100\n|-activate|p1b: Miraidon|ability: Hadron Engine\n|move|p2a: Miraidon|Electro Drift|p1b: Miraidon\n|-resisted|p1b: Miraidon\n|-damage|p1b: Miraidon|72/100\n|move|p1a: Chi-Yu|Snarl|p2a: Miraidon|[spread] p2a,p2b\n|-resisted|p2b: Iron Hands\n|-damage|p2a: Miraidon|50/100\n|-damage|p2b: Iron Hands|84/100\n|-unboost|p2a: Miraidon|spa|1\n|-unboost|p2b: Iron Hands|spa|1\n|move|p2b: Iron Hands|Drain Punch|p1a: Chi-Yu\n|-supereffective|p1a: Chi-Yu\n|-damage|p1a: Chi-Yu|0 fnt\n|-heal|p2b: Iron Hands|100/100|[from] drain|[of] p1a: Chi-Yu\n|faint|p1a: Chi-Yu\n|\n|-sideend|p2: TellAll|move: Tailwind\n|upkeep\n|\n|t:|1745982923\n|switch|p1a: Flutter Mane|Flutter Mane, L50|100/100\n|-enditem|p1a: Flutter Mane|Booster Energy\n|-activate|p1a: Flutter Mane|ability: Protosynthesis|[fromitem]\n|-start|p1a: Flutter Mane|protosynthesisspe\n|turn|5\n|inactive|TellAll has 30 seconds left.\n|inactive|TellAll has 20 seconds left.\n|inactive|TellAll has 15 seconds left.\n|inactive|TellAll has 10 seconds left.\n|\n|t:|1745982972\n|-terastallize|p2a: Miraidon|Fairy\n|move|p1a: Flutter Mane|Calm Mind|p1a: Flutter Mane\n|-boost|p1a: Flutter Mane|spa|1\n|-boost|p1a: Flutter Mane|spd|1\n|move|p1b: Miraidon|Dazzling Gleam|p2a: Miraidon|[spread] p2a,p2b\n|-supereffective|p2b: Iron Hands\n|-damage|p2a: Miraidon|9/100\n|-damage|p2b: Iron Hands|54/100\n|move|p2a: Miraidon|Electro Drift|p1a: Flutter Mane\n|-damage|p1a: Flutter Mane|54/100\n|move|p2b: Iron Hands|Low Kick|p1b: Miraidon\n|-damage|p1b: Miraidon|0 fnt\n|faint|p1b: Miraidon\n|\n|upkeep\n|\n|t:|1745982986\n|switch|p1b: Lunala|Lunala, L50, shiny|100/100\n|turn|6\n|inactive|arespatatero51 has 30 seconds left.\n|inactive|TellAll has 30 seconds left.\n|inactive|arespatatero51 has 20 seconds left.\n|\n|t:|1745983022\n|move|p1a: Flutter Mane|Moonblast|p2a: Miraidon\n|-damage|p2a: Miraidon|0 fnt\n|faint|p2a: Miraidon\n|move|p1b: Lunala|Meteor Beam||[still]\n|-prepare|p1b: Lunala|Meteor Beam\n|-boost|p1b: Lunala|spa|1\n|-enditem|p1b: Lunala|Power Herb\n|-anim|p1b: Lunala|Meteor Beam|p2b: Iron Hands\n|-resisted|p2b: Iron Hands\n|-damage|p2b: Iron Hands|35/100\n|move|p2b: Iron Hands|Wild Charge|p1a: Flutter Mane\n|-damage|p1a: Flutter Mane|0 fnt\n|faint|p1a: Flutter Mane\n|-end|p1a: Flutter Mane|Protosynthesis|[silent]\n|-damage|p2b: Iron Hands|28/100|[from] Recoil\n|\n|upkeep\n|\n|t:|1745983045\n|switch|p2a: Whimsicott|Whimsicott, L50, M|64/100\n|turn|7\n|inactive|TellAll has 30 seconds left.\n|inactive|TellAll has 20 seconds left.\n|\n|t:|1745983083\n|move|p2a: Whimsicott|Encore|p1b: Lunala\n|-start|p1b: Lunala|Encore\n|move|p1b: Lunala|Meteor Beam||[still]\n|-prepare|p1b: Lunala|Meteor Beam\n|-boost|p1b: Lunala|spa|1\n|move|p2b: Iron Hands|Wild Charge|p1b: Lunala\n|-damage|p1b: Lunala|61/100\n|-damage|p2b: Iron Hands|19/100|[from] Recoil\n|\n|-fieldend|move: Electric Terrain\n|-end|p2b: Iron Hands|Quark Drive\n|upkeep\n|turn|8\n|inactive|TellAll has 30 seconds left.\n|\n|t:|1745983109\n|-end|p2b: Iron Hands|Quark Drive|[silent]\n|switch|p2b: Calyrex|Calyrex-Shadow, L50|1/100\n|-ability|p2b: Calyrex|As One\n|-ability|p2b: Calyrex|Unnerve\n|move|p2a: Whimsicott|Moonblast|p1b: Lunala\n|-damage|p1b: Lunala|45/100\n|-unboost|p1b: Lunala|spa|1\n|move|p1b: Lunala|Meteor Beam|p2b: Calyrex|[from] lockedmove\n|-damage|p2b: Calyrex|0 fnt\n|faint|p2b: Calyrex\n|\n|upkeep\n|\n|t:|1745983122\n|switch|p2b: Iron Hands|Iron Hands, L50|19/100\n|turn|9\n|-message|arespatatero51 forfeited.\n|\n|win|TellAll\n||arespatatero51 is ready for game 2.\n||TellAll is ready for game 2.\n|uhtml|next|Next: <a href=\"/battle-gen9vgc2025regibo3-2353683297\"><strong>Game 2 of 3</strong></a>\n", "uploadtime": 1745983489, "views": 7, "formatid": "gen9vgc2025regibo3", "rating": null, "private": 0, "password": null}