{"id": "gen9vgc2025regibo3-2353885623", "format": "[Gen 9] VGC 2025 Reg I (Bo3)", "players": ["Pacca100", "palle synchro"], "log": "|j|\u2606Pacca100\n|j|\u2606palle synchro\n|html|<table width=\"100%\"><tr><td align=\"left\">Pacca100</td><td align=\"right\">palle synchro</tr><tr><td align=\"left\"><i class=\"fa fa-circle\"></i> <i class=\"fa fa-circle-o\"></i> </td><td align=\"right\"><i class=\"fa fa-circle-o\"></i> <i class=\"fa fa-circle\"></i> </tr></table>\n|uhtml|bestof|<h2><strong>Game 3</strong> of <a href=\"/game-bestof3-gen9vgc2025regibo3-2353881725\">a best-of-3</a></h2>\n|t:|1746014923\n|gametype|doubles\n|player|p1|Pacca100|102|1327\n|player|p2|palle synchro|volkner|1325\n|teamsize|p1|6\n|teamsize|p2|6\n|gen|9\n|tier|[Gen 9] VGC 2025 Reg I (Bo3)\n|rated|\n|rule|Species Clause: Limit one of each Pok\u00e9mon\n|rule|Item Clause: Limit 1 of each item\n|clearpoke\n|poke|p1|Koraidon, L50|\n|poke|p1|Calyrex-Shadow, L50|\n|poke|p1|Weezing-Galar, L50, M|\n|poke|p1|Iron Hands, L50|\n|poke|p1|Ogerpon-Cornerstone, L50, F|\n|poke|p1|Chi-Yu, L50|\n|poke|p2|Ho-Oh, L50|\n|poke|p2|Miraidon, L50|\n|poke|p2|Iron Hands, L50|\n|poke|p2|Farigiraf, L50, F|\n|poke|p2|Iron Valiant, L50|\n|poke|p2|Urshifu-*, L50, F|\n|teampreview|4\n|showteam|p1|Koraidon||AbilityShield|OrichalcumPulse|CloseCombat,FlareBlitz,FlameCharge,Protect||||||50|,,,,,Fire]Calyrex-Shadow||FocusSash|AsOneSpectrier|AstralBarrage,Psychic,Encore,Protect||||||50|,,,,,Ghost]Weezing-Galar||CovertCloak|NeutralizingGas|StrangeSteam,ToxicSpikes,Taunt,Protect|||M|||50|,,,,,Water]Iron Hands||AssaultVest|QuarkDrive|FakeOut,LowKick,WildCharge,HeavySlam||||||50|,,,,,Water]Ogerpon-Cornerstone||CornerstoneMask|Sturdy|FollowMe,IvyCudgel,PowerWhip,SpikyShield|||F|||50|,,,,,Rock]Chi-Yu||ChoiceScarf|BeadsofRuin|HeatWave,Overheat,DarkPulse,Snarl||||||50|,,,,,Ghost\n|showteam|p2|Ho-Oh||ClearAmulet|Regenerator|SacredFire,BraveBird,Tailwind,Protect||||||50|,,,,,Grass]Miraidon||ChoiceSpecs|HadronEngine|DazzlingGleam,VoltSwitch,ElectroDrift,DracoMeteor||||||50|,,,,,Fairy]Iron Hands||AssaultVest|QuarkDrive|DrainPunch,WildCharge,LowKick,FakeOut||||||50|,,,,,Water]Farigiraf||ElectricSeed|ArmorTail|Psychic,FoulPlay,HelpingHand,TrickRoom|||F|||50|,,,,,Water]Iron Valiant||FocusSash|QuarkDrive|SpiritBreak,Coaching,ThunderWave,WideGuard||||||50|,,,,,Ghost]Urshifu-Rapid-Strike||MysticWater|UnseenFist|SurgingStrikes,CloseCombat,AquaJet,Protect|||F|||50|,,,,,Water\n|inactive|Battle timer is ON: inactive players will automatically lose when time's up. (requested by Pacca100)\n|c|\u2606palle synchro|scusa capo sono nuovo\n|c|\u2606Pacca100|Ahahah dai scherzooo\n|c|\u2606palle synchro|tranquillo ahahah\n|inactive|palle synchro has 60 seconds left.\n|\n|t:|1746014961\n|start\n|switch|p1a: Calyrex|Calyrex-Shadow, L50|100/100\n|switch|p1b: Weezing|Weezing-Galar, L50, M|100/100\n|switch|p2a: Ho-Oh|Ho-Oh, L50|100/100\n|switch|p2b: Miraidon|Miraidon, L50|100/100\n|-ability|p1b: Weezing|Neutralizing Gas\n|-ability|p1a: Calyrex|As One\n|-ability|p1a: Calyrex|Unnerve\n|turn|1\n|c|\u2606Pacca100|ho visto il nome ita e quindi bisognava scherzare\n|inactive|Pacca100 has 30 seconds left.\n|\n|t:|1746014990\n|-terastallize|p1a: Calyrex|Ghost\n|move|p1a: Calyrex|Astral Barrage|p2b: Miraidon|[spread] p2a,p2b\n|-damage|p2a: Ho-Oh|56/100\n|-damage|p2b: Miraidon|35/100\n|move|p2b: Miraidon|Volt Switch|p1a: Calyrex\n|-damage|p1a: Calyrex|44/100\n|\n|t:|1746015004\n|switch|p2b: Iron Valiant|Iron Valiant, L50|100/100|[from] Volt Switch\n|move|p2a: Ho-Oh|Tailwind|p2a: Ho-Oh\n|-sidestart|p2: palle synchro|move: Tailwind\n|move|p1b: Weezing|Toxic Spikes|p2a: Ho-Oh\n|-sidestart|p2: palle synchro|move: Toxic Spikes\n|\n|upkeep\n|turn|2\n|inactive|Pacca100 has 30 seconds left.\n|inactive|palle synchro has 30 seconds left.\n|\n|t:|1746015035\n|move|p1a: Calyrex|Protect|p1a: Calyrex\n|-singleturn|p1a: Calyrex|Protect\n|move|p2b: Iron Valiant|Spirit Break|p1a: Calyrex\n|-activate|p1a: Calyrex|move: Protect\n|move|p2a: Ho-Oh|Sacred Fire|p1b: Weezing\n|-damage|p1b: Weezing|50/100\n|move|p1b: Weezing|Strange Steam|p2b: Iron Valiant|[miss]\n|-miss|p1b: Weezing|p2b: Iron Valiant\n|\n|upkeep\n|turn|3\n|\n|t:|1746015056\n|switch|p1a: Iron Hands|Iron Hands, L50|100/100\n|move|p1b: Weezing|Protect|p1b: Weezing\n|-singleturn|p1b: Weezing|Protect\n|move|p2b: Iron Valiant|Spirit Break|p1a: Iron Hands\n|-supereffective|p1a: Iron Hands\n|-crit|p1a: Iron Hands\n|-damage|p1a: Iron Hands|19/100\n|-unboost|p1a: Iron Hands|spa|1\n|move|p2a: Ho-Oh|Brave Bird|p1b: Weezing\n|-activate|p1b: Weezing|move: Protect\n|\n|upkeep\n|turn|4\n|\n|t:|1746015077\n|-terastallize|p2b: Iron Valiant|Ghost\n|move|p2a: Ho-Oh|Protect|p2a: Ho-Oh\n|-singleturn|p2a: Ho-Oh|Protect\n|move|p1a: Iron Hands|Fake Out|p2b: Iron Valiant\n|-immune|p2b: Iron Valiant\n|move|p2b: Iron Valiant|Coaching|p2a: Ho-Oh\n|-boost|p2a: Ho-Oh|atk|1\n|-boost|p2a: Ho-Oh|def|1\n|move|p1b: Weezing|Strange Steam|p2b: Iron Valiant\n|-damage|p2b: Iron Valiant|50/100\n|\n|-sideend|p2: palle synchro|move: Tailwind\n|upkeep\n|turn|5\n|inactive|Pacca100 has 30 seconds left.\n|inactive|Pacca100 has 20 seconds left.\n|\n|t:|1746015114\n|move|p2b: Iron Valiant|Spirit Break|p1a: Iron Hands\n|-supereffective|p1a: Iron Hands\n|-damage|p1a: Iron Hands|0 fnt\n|faint|p1a: Iron Hands\n|-end|p1a: Iron Hands|Quark Drive|[silent]\n|move|p2a: Ho-Oh|Tailwind|p2a: Ho-Oh\n|-sidestart|p2: palle synchro|move: Tailwind\n|move|p1b: Weezing|Strange Steam|p2b: Iron Valiant\n|-damage|p2b: Iron Valiant|0 fnt\n|faint|p2b: Iron Valiant\n|-end|p2b: Iron Valiant|Quark Drive|[silent]\n|\n|upkeep\n|\n|t:|1746015126\n|switch|p2b: Miraidon|Miraidon, L50|35/100\n|switch|p1a: Speedrun|Koraidon, L50|100/100\n|-status|p2b: Miraidon|psn\n|-weather|SunnyDay|[from] ability: Orichalcum Pulse|[of] p1a: Speedrun\n|-activate|p1a: Speedrun|Orichalcum Pulse|[source]\n|turn|6\n|\n|t:|1746015133\n|move|p1a: Speedrun|Protect|p1a: Speedrun\n|-singleturn|p1a: Speedrun|Protect\n|move|p1b: Weezing|Protect|p1b: Weezing\n|-singleturn|p1b: Weezing|Protect\n|move|p2b: Miraidon|Dazzling Gleam|p1a: Speedrun|[spread] \n|-activate|p1a: Speedrun|move: Protect\n|-activate|p1b: Weezing|move: Protect\n|move|p2a: Ho-Oh|Brave Bird|p1b: Weezing\n|-activate|p1b: Weezing|move: Protect\n|\n|-weather|SunnyDay|[upkeep]\n|-damage|p2b: Miraidon|22/100 psn|[from] psn\n|upkeep\n|turn|7\n|inactive|Pacca100 has 30 seconds left.\n|\n|t:|1746015164\n|move|p1a: Speedrun|Protect||[still]\n|-fail|p1a: Speedrun\n|move|p1b: Weezing|Protect||[still]\n|-fail|p1b: Weezing\n|move|p2b: Miraidon|Dazzling Gleam|p1a: Speedrun|[spread] p1a,p1b\n|-supereffective|p1a: Speedrun\n|-resisted|p1b: Weezing\n|-damage|p1a: Speedrun|0 fnt\n|-damage|p1b: Weezing|35/100\n|faint|p1a: Speedrun\n|move|p2a: Ho-Oh|Brave Bird|p1b: Weezing\n|-damage|p1b: Weezing|0 fnt\n|faint|p1b: Weezing\n|-end|p1b: Weezing|ability: Neutralizing Gas\n|-fieldstart|move: Electric Terrain|[from] ability: Hadron Engine|[of] p2b: Miraidon\n|-damage|p2a: Ho-Oh|46/100|[from] Recoil\n|\n|-weather|SunnyDay|[upkeep]\n|-damage|p2b: Miraidon|10/100 psn|[from] psn\n|upkeep\n|\n|t:|1746015174\n|switch|p1b: Calyrex|Calyrex-Shadow, L50, tera:Ghost|44/100\n|-ability|p1b: Calyrex|As One\n|-ability|p1b: Calyrex|Unnerve\n|turn|8\n|\n|t:|1746015181\n|switch|p2b: Iron Hands|Iron Hands, L50|100/100\n|-status|p2b: Iron Hands|psn\n|-activate|p2b: Iron Hands|ability: Quark Drive\n|-start|p2b: Iron Hands|quarkdriveatk\n|move|p1b: Calyrex|Protect|p1b: Calyrex\n|-singleturn|p1b: Calyrex|Protect\n|move|p2a: Ho-Oh|Brave Bird|p1b: Calyrex\n|-activate|p1b: Calyrex|move: Protect\n|\n|-weather|SunnyDay|[upkeep]\n|-damage|p2b: Iron Hands|88/100 psn|[from] psn\n|-sideend|p2: palle synchro|move: Tailwind\n|upkeep\n|turn|9\n|\n|t:|1746015191\n|move|p1b: Calyrex|Psychic|p2b: Iron Hands\n|-supereffective|p2b: Iron Hands\n|-damage|p2b: Iron Hands|25/100 psn\n|move|p2a: Ho-Oh|Brave Bird|p1b: Calyrex\n|-damage|p1b: Calyrex|0 fnt\n|faint|p1b: Calyrex\n|-damage|p2a: Ho-Oh|33/100|[from] Recoil\n|\n|win|palle synchro\n|raw|Pacca100's rating: 1327 &rarr; <strong>1307</strong><br />(-20 for losing)\n|raw|palle synchro's rating: 1325 &rarr; <strong>1345</strong><br />(+20 for winning)\n|l|\u2606Pacca100\n|player|p1|\n|c|\u2606palle synchro|gg\n|l|\u2606palle synchro\n|player|p2|\n", "uploadtime": 1746015498, "views": 11, "formatid": "gen9vgc2025regibo3", "rating": 1307, "private": 0, "password": null}