{"id": "gen9vgc2025regibo3-2354530378", "format": "[Gen 9] VGC 2025 Reg I (Bo3)", "players": ["jegabuagdy", "Sky dragon guy!"], "log": "|j|\u2606jegabuagdy\n|j|\u2606Sky dragon guy!\n|html|<table width=\"100%\"><tr><td align=\"left\">jegabuagdy</td><td align=\"right\">Sky dragon guy!</tr><tr><td align=\"left\"><i class=\"fa fa-circle-o\"></i> <i class=\"fa fa-circle-o\"></i> </td><td align=\"right\"><i class=\"fa fa-circle-o\"></i> <i class=\"fa fa-circle-o\"></i> </tr></table>\n|uhtml|bestof|<h2><strong>Game 1</strong> of <a href=\"/game-bestof3-gen9vgc2025regibo3-2354530377\">a best-of-3</a></h2>\n|t:|1746088786\n|gametype|doubles\n|player|p1|jegabuagdy|skier|1041\n|player|p2|Sky dragon guy!|red|1011\n|teamsize|p1|6\n|teamsize|p2|6\n|gen|9\n|tier|[Gen 9] VGC 2025 Reg I (Bo3)\n|rated|\n|rule|Species Clause: Limit one of each Pok\u00e9mon\n|rule|Item Clause: Limit 1 of each item\n|clearpoke\n|poke|p1|Ho-Oh, L50|\n|poke|p1|Zacian-*, L50|\n|poke|p1|Gastrodon, L50, M|\n|poke|p1|Mienshao, L50, F|\n|poke|p1|Raging Bolt, L50|\n|poke|p1|Ogerpon-Cornerstone, L50, F|\n|poke|p2|Krookodile, L50, M|\n|poke|p2|Meowscarada, L50, F|\n|poke|p2|Urshifu-*, L50, F|\n|poke|p2|Flamigo, L50, F|\n|poke|p2|Zamazenta-*, L50|\n|poke|p2|Calyrex-Ice, L50|\n|teampreview|4\n|showteam|p1|Ho-Oh||ClearAmulet|Regenerator|BraveBird,SacredFire,Tailwind,Protect||||||50|,,,,,Grass]Zacian-Crowned||RustedSword|IntrepidSword|behemothblade,PlayRough,Substitute,Protect||||||50|,,,,,Fairy]Gastrodon||Leftovers|StormDrain|EarthPower,IcyWind,Yawn,Protect|||M|||50|,,,,,Fire]Mienshao||FocusSash|InnerFocus|CloseCombat,WideGuard,Coaching,FakeOut|||F|||50|,,,,,Fighting]Raging Bolt||AssaultVest|Protosynthesis|Thunderclap,DracoMeteor,Thunderbolt,Electroweb||||||50|,,,,,Flying]Ogerpon-Cornerstone||CornerstoneMask|Sturdy|IvyCudgel,PowerWhip,FollowMe,SpikyShield|||F|||50|,,,,,Rock\n|showteam|p2|Krookodile||RawstBerry|AngerPoint|Earthquake,PowerTrip,RockSlide,Protect|||M|||50|,,,,,Dark]Meowscarada||SitrusBerry|Protean|FlowerTrick,KnockOff,Uturn,Protect|||F|||50|,,,,,Water]Urshifu||FocusSash|UnseenFist|WickedBlow,SuckerPunch,CloseCombat,Coaching|||F|||50|,,,,,Dark]Flamigo||WhiteHerb|Costar|CloseCombat,BraveBird,Acrobatics,Protect|||F|||50|,,,,,Fighting]Zamazenta-Crowned||RustedShield|DauntlessShield|BodyPress,HeavySlam,WideGuard,IronDefense||||||50|,,,,,Grass]Calyrex-Ice||RockyHelmet|AsOneGlastrier|GlacialLance,HighHorsepower,HeavySlam,Protect||||||50|,,,,,Water\n|inactive|Battle timer is ON: inactive players will automatically lose when time's up. (requested by Sky dragon guy!)\n|inactive|jegabuagdy also wants the timer to be on.\n|inactive|jegabuagdy has 60 seconds left.\n|\n|t:|1746088823\n|start\n|switch|p1a: Ho-Oh|Ho-Oh, L50|100/100\n|switch|p1b: Gastrodon|Gastrodon, L50, M|100/100\n|switch|p2a: Krookodile|Krookodile, L50, M, shiny|100/100\n|switch|p2b: Meowscarada|Meowscarada, L50, F, shiny|100/100\n|turn|1\n|inactive|jegabuagdy has 30 seconds left.\n|\n|t:|1746088856\n|-terastallize|p2a: Krookodile|Dark\n|move|p2b: Meowscarada|Flower Trick|p2a: Krookodile\n|-start|p2b: Meowscarada|typechange|Grass|[from] ability: Protean\n|-crit|p2a: Krookodile\n|-damage|p2a: Krookodile|57/100\n|-setboost|p2a: Krookodile|atk|6|[from] ability: Anger Point\n|move|p2a: Krookodile|Power Trip|p1a: Ho-Oh\n|-damage|p1a: Ho-Oh|0 fnt\n|faint|p1a: Ho-Oh\n|move|p1b: Gastrodon|Yawn|p2a: Krookodile\n|-start|p2a: Krookodile|move: Yawn|[of] p1b: Gastrodon\n|\n|upkeep\n|\n|t:|1746088872\n|switch|p1a: Mienshao|Mienshao, L50, F|100/100\n|turn|2\n|\n|t:|1746088883\n|move|p1a: Mienshao|Fake Out|p2a: Krookodile\n|-damage|p2a: Krookodile|36/100\n|move|p2b: Meowscarada|Flower Trick|p1b: Gastrodon\n|-supereffective|p1b: Gastrodon\n|-crit|p1b: Gastrodon\n|-damage|p1b: Gastrodon|0 fnt\n|faint|p1b: Gastrodon\n|cant|p2a: Krookodile|flinch\n|\n|-end|p2a: Krookodile|move: Yawn|[silent]\n|-status|p2a: Krookodile|slp\n|upkeep\n|\n|t:|1746088892\n|switch|p1b: Zacian|Zacian-Crowned, L50|100/100\n|-ability|p1b: Zacian|Intrepid Sword|boost\n|-boost|p1b: Zacian|atk|1\n|turn|3\n|\n|t:|1746088903\n|switch|p2b: Flamigo|Flamigo, L50, F, shiny|100/100\n|-copyboost|p2b: Flamigo|p2a: Krookodile|[from] ability: Costar\n|move|p1b: Zacian|Play Rough|p2a: Krookodile|[miss]\n|-miss|p1b: Zacian|p2a: Krookodile\n|move|p1a: Mienshao|Coaching|p1b: Zacian\n|-boost|p1b: Zacian|atk|1\n|-boost|p1b: Zacian|def|1\n|cant|p2a: Krookodile|slp\n|\n|upkeep\n|turn|4\n|\n|t:|1746088925\n|-terastallize|p1b: Zacian|Fairy\n|move|p1b: Zacian|Play Rough|p2a: Krookodile\n|-supereffective|p2a: Krookodile\n|-damage|p2a: Krookodile|0 fnt\n|faint|p2a: Krookodile\n|move|p1a: Mienshao|Coaching|p1b: Zacian\n|-boost|p1b: Zacian|atk|1\n|-boost|p1b: Zacian|def|1\n|move|p2b: Flamigo|Close Combat|p1b: Zacian\n|-resisted|p1b: Zacian\n|-damage|p1b: Zacian|48/100\n|-unboost|p2b: Flamigo|def|1\n|-unboost|p2b: Flamigo|spd|1\n|-enditem|p2b: Flamigo|White Herb\n|-clearnegativeboost|p2b: Flamigo|[silent]\n|\n|upkeep\n|\n|t:|1746088940\n|switch|p2a: Meowscarada|Meowscarada, L50, F, shiny|100/100\n|turn|5\n|inactive|Sky dragon guy! has 30 seconds left.\n|\n|t:|1746088966\n|move|p1b: Zacian|Protect|p1b: Zacian\n|-singleturn|p1b: Zacian|Protect\n|move|p2a: Meowscarada|U-turn|p1b: Zacian\n|-start|p2a: Meowscarada|typechange|Bug|[from] ability: Protean\n|-activate|p1b: Zacian|move: Protect\n|move|p1a: Mienshao|Coaching|p1b: Zacian\n|-boost|p1b: Zacian|atk|1\n|-boost|p1b: Zacian|def|1\n|move|p2b: Flamigo|Acrobatics|p1a: Mienshao\n|-supereffective|p1a: Mienshao\n|-enditem|p1a: Mienshao|Focus Sash\n|-damage|p1a: Mienshao|1/100\n|\n|upkeep\n|turn|6\n|\n|t:|1746088989\n|move|p2b: Flamigo|Protect|p2b: Flamigo\n|-singleturn|p2b: Flamigo|Protect\n|move|p2a: Meowscarada|U-turn|p1b: Zacian\n|-resisted|p1b: Zacian\n|-damage|p1b: Zacian|44/100\n|\n|t:|1746088997\n|switch|p2a: Zamazenta|Zamazenta-Crowned, L50|100/100|[from] U-turn\n|-ability|p2a: Zamazenta|Dauntless Shield|boost\n|-boost|p2a: Zamazenta|def|1\n|move|p1b: Zacian|Play Rough|p2a: Zamazenta\n|-damage|p2a: Zamazenta|22/100\n|move|p1a: Mienshao|Close Combat|p2a: Zamazenta\n|-supereffective|p2a: Zamazenta\n|-damage|p2a: Zamazenta|0 fnt\n|-unboost|p1a: Mienshao|def|1\n|-unboost|p1a: Mienshao|spd|1\n|faint|p2a: Zamazenta\n|\n|upkeep\n|\n|t:|1746089009\n|switch|p2a: Meowscarada|Meowscarada, L50, F, shiny|100/100\n|turn|7\n|\n|t:|1746089016\n|move|p2a: Meowscarada|Knock Off|p1a: Mienshao\n|-start|p2a: Meowscarada|typechange|Dark|[from] ability: Protean\n|-resisted|p1a: Mienshao\n|-crit|p1a: Mienshao\n|-damage|p1a: Mienshao|0 fnt\n|faint|p1a: Mienshao\n|move|p1b: Zacian|Play Rough|p2a: Meowscarada\n|-supereffective|p2a: Meowscarada\n|-damage|p2a: Meowscarada|0 fnt\n|faint|p2a: Meowscarada\n|move|p2b: Flamigo|Acrobatics|p1b: Zacian\n|-damage|p1b: Zacian|0 fnt\n|faint|p1b: Zacian\n|\n|win|Sky dragon guy!\n|inactive|jegabuagdy has 30 seconds to confirm battle start!\n|inactive|Sky dragon guy! has 30 seconds to confirm battle start!\n||jegabuagdy is ready for game 2.\n||Sky dragon guy! is ready for game 2.\n|uhtml|next|Next: <a href=\"/battle-gen9vgc2025regibo3-2354531584\"><strong>Game 2 of 3</strong></a>\n", "uploadtime": 1746089335, "views": 12, "formatid": "gen9vgc2025regibo3", "rating": null, "private": 0, "password": null}