{"id": "gen9vgc2025regibo3-2354489479", "format": "[Gen 9] VGC 2025 Reg I (Bo3)", "players": ["YoungSinatra44", "Gworf"], "log": "|j|\u2606YoungSinatra44\n|j|\u2606Gworf\n|html|<table width=\"100%\"><tr><td align=\"left\">YoungSinatra44</td><td align=\"right\">Gworf</tr><tr><td align=\"left\"><i class=\"fa fa-circle\"></i> <i class=\"fa fa-circle-o\"></i> </td><td align=\"right\"><i class=\"fa fa-circle-o\"></i> <i class=\"fa fa-circle-o\"></i> </tr></table>\n|uhtml|bestof|<h2><strong>Game 2</strong> of <a href=\"/game-bestof3-gen9vgc2025regibo3-2354488097\">a best-of-3</a></h2>\n|t:|1746080392\n|gametype|doubles\n|player|p1|YoungSinatra44|169|1379\n|player|p2|Gworf|acetrainer-gen4dp|1183\n|teamsize|p1|6\n|teamsize|p2|6\n|gen|9\n|tier|[Gen 9] VGC 2025 Reg I (Bo3)\n|rated|\n|rule|Species Clause: Limit one of each Pok\u00e9mon\n|rule|Item Clause: Limit 1 of each item\n|clearpoke\n|poke|p1|Calyrex-Shadow, L50|\n|poke|p1|Iron Treads, L50|\n|poke|p1|Tyranitar, L50, F|\n|poke|p1|Raging Bolt, L50|\n|poke|p1|Ho-Oh, L50|\n|poke|p1|Urshifu-*, L50, M|\n|poke|p2|Zamazenta-*, L50|\n|poke|p2|Calyrex-Shadow, L50|\n|poke|p2|Rillaboom, L50, M|\n|poke|p2|Ogerpon-Cornerstone, L50, F|\n|poke|p2|Tornadus, L50, M|\n|poke|p2|Ninetales, L50, F|\n|teampreview|4\n|showteam|p1|Calyrex-Shadow||CovertCloak|AsOneSpectrier|AstralBarrage,Psychic,NastyPlot,Protect||||||50|,,,,,Dark]Iron Treads||LifeOrb|QuarkDrive|HighHorsepower,IronHead,KnockOff,Protect||||||50|,,,,,Ghost]Tyranitar||SafetyGoggles|SandStream|RockSlide,KnockOff,LowKick,Protect|||F|||50|,,,,,Flying]Raging Bolt||AssaultVest|Protosynthesis|Thunderclap,DragonPulse,Thunderbolt,Snarl||||||50|,,,,,Fairy]Ho-Oh||SitrusBerry|Regenerator|BraveBird,SacredFire,Tailwind,Protect||||||50|,,,,,Grass]Urshifu-Rapid-Strike||ChoiceScarf|UnseenFist|SurgingStrikes,CloseCombat,AquaJet,Uturn|||M|||50|,,,,,Water\n|showteam|p2|Zamazenta-Crowned||RustedShield|DauntlessShield|behemothbash,BodyPress,WideGuard,Protect||||||50|,,,,,Water]Calyrex-Shadow||FocusSash|AsOneSpectrier|AstralBarrage,Disable,Encore,Protect||||||50|,,,,,Ghost]Rillaboom||AssaultVest|GrassySurge|FakeOut,GrassyGlide,WoodHammer,Uturn|||M|||50|,,,,,Grass]Ogerpon-Cornerstone||CornerstoneMask|Sturdy|IvyCudgel,GrassyGlide,FollowMe,SpikyShield|||F|||50|,,,,,Rock]Tornadus||MentalHerb|Prankster|Tailwind,BleakwindStorm,Taunt,Substitute|||M|||50|,,,,,Ghost]Ninetales||LifeOrb|Drought|HeatWave,FireBlast,HelpingHand,Protect|||F|||50|,,,,,Fire\n|inactive|Battle timer is ON: inactive players will automatically lose when time's up. (requested by Gworf)\n|\n|t:|1746080416\n|start\n|switch|p1a: Calyrex|Calyrex-Shadow, L50|100/100\n|switch|p1b: Ho-Oh|Ho-Oh, L50, shiny|100/100\n|switch|p2a: Zamazenta|Zamazenta-Crowned, L50|100/100\n|switch|p2b: Calyrex|Calyrex-Shadow, L50|100/100\n|-ability|p2b: Calyrex|As One\n|-ability|p2b: Calyrex|Unnerve\n|-ability|p1a: Calyrex|As One\n|-ability|p1a: Calyrex|Unnerve\n|-ability|p2a: Zamazenta|Dauntless Shield|boost\n|-boost|p2a: Zamazenta|def|1\n|turn|1\n|inactive|YoungSinatra44 has 30 seconds left.\n|\n|t:|1746080443\n|-terastallize|p2a: Zamazenta|Water\n|move|p2a: Zamazenta|Wide Guard|p2a: Zamazenta\n|-singleturn|p2a: Zamazenta|Wide Guard\n|move|p1a: Calyrex|Psychic|p2a: Zamazenta\n|-damage|p2a: Zamazenta|54/100\n|move|p2b: Calyrex|Astral Barrage|p1b: Ho-Oh|[spread] p1a,p1b\n|-supereffective|p1a: Calyrex\n|-damage|p1a: Calyrex|0 fnt\n|-damage|p1b: Ho-Oh|67/100\n|faint|p1a: Calyrex\n|-ability|p2b: Calyrex|Grim Neigh|boost\n|-boost|p2b: Calyrex|spa|1\n|move|p1b: Ho-Oh|Sacred Fire|p2a: Zamazenta\n|-resisted|p2a: Zamazenta\n|-damage|p2a: Zamazenta|43/100\n|\n|upkeep\n|\n|t:|1746080459\n|switch|p1a: Urshifu|Urshifu-Rapid-Strike, L50, M|100/100\n|turn|2\n|\n|t:|1746080469\n|switch|p2a: Ninetales|Ninetales, L50, F|100/100\n|-weather|SunnyDay|[from] ability: Drought|[of] p2a: Ninetales\n|-terastallize|p1a: Urshifu|Water\n|move|p1a: Urshifu|Surging Strikes|p2b: Calyrex\n|-crit|p2b: Calyrex\n|-damage|p2b: Calyrex|84/100\n|-crit|p2b: Calyrex\n|-damage|p2b: Calyrex|67/100\n|-crit|p2b: Calyrex\n|-damage|p2b: Calyrex|52/100\n|-hitcount|p2b: Calyrex|3\n|move|p2b: Calyrex|Astral Barrage|p1a: Urshifu|[spread] p1a,p1b\n|-damage|p1a: Urshifu|0 fnt\n|-damage|p1b: Ho-Oh|20/100\n|faint|p1a: Urshifu\n|-ability|p2b: Calyrex|Grim Neigh|boost\n|-boost|p2b: Calyrex|spa|1\n|move|p1b: Ho-Oh|Sacred Fire|p2b: Calyrex\n|-damage|p2b: Calyrex|0 fnt\n|-enditem|p1b: Ho-Oh|Sitrus Berry|[eat]\n|-heal|p1b: Ho-Oh|45/100|[from] item: Sitrus Berry\n|faint|p2b: Calyrex\n|\n|-weather|SunnyDay|[upkeep]\n|upkeep\n|inactive|Gworf has 30 seconds left.\n|\n|t:|1746080499\n|switch|p2b: Zamazenta|Zamazenta-Crowned, L50, tera:Water|43/100\n|switch|p1a: Tyranitar|Tyranitar, L50, F|100/100\n|-weather|Sandstorm|[from] ability: Sand Stream|[of] p1a: Tyranitar\n|turn|3\n|\n|t:|1746080517\n|move|p2b: Zamazenta|Protect|p2b: Zamazenta\n|-singleturn|p2b: Zamazenta|Protect\n|move|p1a: Tyranitar|Protect|p1a: Tyranitar\n|-singleturn|p1a: Tyranitar|Protect\n|move|p2a: Ninetales|Fire Blast|p1b: Ho-Oh|[miss]\n|-miss|p2a: Ninetales|p1b: Ho-Oh\n|move|p1b: Ho-Oh|Sacred Fire|p2b: Zamazenta\n|-activate|p2b: Zamazenta|move: Protect\n|\n|-weather|Sandstorm|[upkeep]\n|-damage|p2b: Zamazenta|37/100|[from] Sandstorm\n|-damage|p2a: Ninetales|95/100|[from] Sandstorm\n|-damage|p1b: Ho-Oh|39/100|[from] Sandstorm\n|upkeep\n|turn|4\n|\n|t:|1746080539\n|move|p1a: Tyranitar|Protect|p1a: Tyranitar\n|-singleturn|p1a: Tyranitar|Protect\n|move|p2b: Zamazenta|Body Press|p1a: Tyranitar\n|-activate|p1a: Tyranitar|move: Protect\n|move|p2a: Ninetales|Fire Blast|p1b: Ho-Oh\n|-resisted|p1b: Ho-Oh\n|-damage|p1b: Ho-Oh|22/100\n|-damage|p2a: Ninetales|85/100|[from] item: Life Orb\n|move|p1b: Ho-Oh|Brave Bird|p2b: Zamazenta\n|-damage|p2b: Zamazenta|3/100\n|-damage|p1b: Ho-Oh|13/100|[from] Recoil\n|\n|-weather|Sandstorm|[upkeep]\n|-damage|p2b: Zamazenta|0 fnt|[from] Sandstorm\n|-damage|p2a: Ninetales|79/100|[from] Sandstorm\n|-damage|p1b: Ho-Oh|7/100|[from] Sandstorm\n|faint|p2b: Zamazenta\n|upkeep\n|\n|t:|1746080552\n|switch|p2b: Ogerpon|Ogerpon-Cornerstone, L50, F|100/100\n|turn|5\n|\n|t:|1746080568\n|move|p2b: Ogerpon|Spiky Shield|p2b: Ogerpon\n|-singleturn|p2b: Ogerpon|move: Protect\n|move|p2a: Ninetales|Protect|p2a: Ninetales\n|-singleturn|p2a: Ninetales|Protect\n|move|p1b: Ho-Oh|Sacred Fire|p2b: Ogerpon\n|-activate|p2b: Ogerpon|move: Protect\n|move|p1a: Tyranitar|Rock Slide|p2b: Ogerpon|[spread] \n|-activate|p2a: Ninetales|move: Protect\n|-activate|p2b: Ogerpon|move: Protect\n|\n|-weather|Sandstorm|[upkeep]\n|-damage|p2a: Ninetales|73/100|[from] Sandstorm\n|-damage|p1b: Ho-Oh|1/100|[from] Sandstorm\n|upkeep\n|turn|6\n|\n|t:|1746080591\n|move|p2b: Ogerpon|Grassy Glide|p1a: Tyranitar\n|-supereffective|p1a: Tyranitar\n|-damage|p1a: Tyranitar|54/100\n|move|p2a: Ninetales|Heat Wave|p1b: Ho-Oh|[spread] p1a,p1b\n|-resisted|p1a: Tyranitar\n|-resisted|p1b: Ho-Oh\n|-damage|p1a: Tyranitar|42/100\n|-damage|p1b: Ho-Oh|0 fnt\n|faint|p1b: Ho-Oh\n|-damage|p2a: Ninetales|63/100|[from] item: Life Orb\n|move|p1a: Tyranitar|Rock Slide|p2a: Ninetales|[spread] p2a,p2b\n|-supereffective|p2a: Ninetales\n|-damage|p2a: Ninetales|0 fnt\n|-damage|p2b: Ogerpon|65/100\n|faint|p2a: Ninetales\n|\n|-weather|Sandstorm|[upkeep]\n|upkeep\n|turn|7\n|\n|t:|1746080610\n|move|p2b: Ogerpon|Grassy Glide|p1a: Tyranitar\n|-supereffective|p1a: Tyranitar\n|-crit|p1a: Tyranitar\n|-damage|p1a: Tyranitar|0 fnt\n|faint|p1a: Tyranitar\n|\n|win|Gworf\n||YoungSinatra44 is ready for game 3.\n||Gworf is ready for game 3.\n|uhtml|next|Next: <a href=\"/battle-gen9vgc2025regibo3-2354490653\"><strong>Game 3 of 3</strong></a>\n|l|\u2606YoungSinatra44\n|player|p1|\n|l|\u2606Gworf\n|player|p2|\n", "uploadtime": 1746080935, "views": 23, "formatid": "gen9vgc2025regibo3", "rating": null, "private": 0, "password": null}