{"id": "gen9vgc2025regibo3-2355016179", "format": "[Gen 9] VGC 2025 Reg I (Bo3)", "players": ["BisceglieVG", "Lacossg"], "log": "|j|\u2606BisceglieVG\n|j|\u2606Lacossg\n|html|<table width=\"100%\"><tr><td align=\"left\">BisceglieVG</td><td align=\"right\">Lacossg</tr><tr><td align=\"left\"><i class=\"fa fa-circle-o\"></i> <i class=\"fa fa-circle-o\"></i> </td><td align=\"right\"><i class=\"fa fa-circle-o\"></i> <i class=\"fa fa-circle\"></i> </tr></table>\n|uhtml|bestof|<h2><strong>Game 2</strong> of <a href=\"/game-bestof3-gen9vgc2025regibo3-2355014246\">a best-of-3</a></h2>\n|t:|1746142372\n|gametype|doubles\n|player|p1|BisceglieVG|elesa|1516\n|player|p2|Lacossg|265|1360\n|teamsize|p1|6\n|teamsize|p2|6\n|gen|9\n|tier|[Gen 9] VGC 2025 Reg I (Bo3)\n|rated|\n|rule|Species Clause: Limit one of each Pok\u00e9mon\n|rule|Item Clause: Limit 1 of each item\n|clearpoke\n|poke|p1|Calyrex-Shadow, L50|\n|poke|p1|Zamazenta-*, L50|\n|poke|p1|Smeargle, L50, M|\n|poke|p1|Incineroar, L50, F|\n|poke|p1|Rillaboom, L50, F|\n|poke|p1|Ogerpon-Hearthflame, L50, F|\n|poke|p2|Calyrex-Shadow, L50|\n|poke|p2|Tyranitar, L50, M|\n|poke|p2|Excadrill, L50, F|\n|poke|p2|Indeedee-F, L50, F|\n|poke|p2|Raging Bolt, L50|\n|poke|p2|Ho-Oh, L50|\n|teampreview|4\n|showteam|p1|Calyrex-Shadow||LifeOrb|AsOneSpectrier|AstralBarrage,GigaDrain,NastyPlot,Protect||||||50|,,,,,Grass]Zamazenta-Crowned||RustedShield|DauntlessShield|BodyPress,behemothbash,WideGuard,Protect||||||50|,,,,,Water]Smeargle||FocusSash|Moody|FakeOut,Spore,FollowMe,WideGuard|||M|||50|,,,,,Ghost]Incineroar||RockyHelmet|Intimidate|KnockOff,Taunt,PartingShot,FakeOut|||F|||50|,,,,,Water]Rillaboom||AssaultVest|GrassySurge|WoodHammer,GrassyGlide,Uturn,FakeOut|||F|||50|,,,,,Fire]Ogerpon-Hearthflame||HearthflameMask|MoldBreaker|IvyCudgel,GrassyGlide,FollowMe,SpikyShield|||F|||50|,,,,,Fire\n|showteam|p2|Calyrex-Shadow||LifeOrb|AsOneSpectrier|AstralBarrage,ExpandingForce,Encore,Protect||||||50|,,,,,Normal]Tyranitar||FocusSash|SandStream|KnockOff,RockSlide,Taunt,Protect|||M|||50|,,,,,Grass]Excadrill||ClearAmulet|SandRush|HighHorsepower,Earthquake,IronHead,Protect|||F|||50|,,,,,Ground]Indeedee-F||RockyHelmet|PsychicSurge|Imprison,Psychic,TrickRoom,FollowMe|||F|||50|,,,,,Water]Raging Bolt||AssaultVest|Protosynthesis|Thunderclap,Electroweb,DracoMeteor,Snarl||||||50|,,,,,Fairy]Ho-Oh||SafetyGoggles|Regenerator|BraveBird,SacredFire,Tailwind,Protect||||||50|,,,,,Water\n|\n|t:|1746142414\n|start\n|switch|p1a: Calyrex|Calyrex-Shadow, L50|100/100\n|switch|p1b: Smeargle|Smeargle, L50, M|100/100\n|switch|p2a: Ho-Oh|Ho-Oh, L50|100/100\n|switch|p2b: Calyrex|Calyrex-Shadow, L50|100/100\n|-ability|p2b: Calyrex|As One\n|-ability|p2b: Calyrex|Unnerve\n|-ability|p1a: Calyrex|As One\n|-ability|p1a: Calyrex|Unnerve\n|turn|1\n|\n|t:|1746142442\n|-terastallize|p2b: Calyrex|Normal\n|-terastallize|p1a: Calyrex|Grass\n|move|p1b: Smeargle|Fake Out|p2a: Ho-Oh\n|-damage|p2a: Ho-Oh|95/100\n|move|p1a: Calyrex|Nasty Plot|p1a: Calyrex\n|-boost|p1a: Calyrex|spa|2\n|move|p2b: Calyrex|Astral Barrage|p1a: Calyrex|[spread] p1a\n|-immune|p1b: Smeargle\n|-damage|p1a: Calyrex|44/100\n|-damage|p2b: Calyrex|91/100|[from] item: Life Orb\n|cant|p2a: Ho-Oh|flinch\n|\n|-ability|p1b: Smeargle|Moody|boost\n|-boost|p1b: Smeargle|spd|2\n|-unboost|p1b: Smeargle|def|1\n|upkeep\n|turn|2\n|\n|t:|1746142474\n|switch|p1b: Incineroar|Incineroar, L50, F|100/100\n|-ability|p1b: Incineroar|Intimidate|boost\n|-unboost|p2a: Ho-Oh|atk|1\n|-unboost|p2b: Calyrex|atk|1\n|move|p1a: Calyrex|Giga Drain|p2b: Calyrex\n|-damage|p2b: Calyrex|0 fnt\n|-heal|p1a: Calyrex|89/100|[from] drain|[of] p2b: Calyrex\n|faint|p2b: Calyrex\n|-ability|p1a: Calyrex|Grim Neigh|boost\n|-boost|p1a: Calyrex|spa|1\n|-damage|p1a: Calyrex|80/100|[from] item: Life Orb\n|move|p2a: Ho-Oh|Brave Bird|p1b: Incineroar\n|-damage|p1b: Incineroar|65/100\n|-damage|p2a: Ho-Oh|79/100|[from] item: Rocky Helmet|[of] p1b: Incineroar\n|-damage|p2a: Ho-Oh|66/100|[from] Recoil\n|\n|upkeep\n|\n|t:|1746142485\n|switch|p2b: Tyranitar|Tyranitar, L50, M|100/100\n|-weather|Sandstorm|[from] ability: Sand Stream|[of] p2b: Tyranitar\n|turn|3\n|\n|t:|1746142491\n|move|p2a: Ho-Oh|Protect|p2a: Ho-Oh\n|-singleturn|p2a: Ho-Oh|Protect\n|move|p2b: Tyranitar|Protect|p2b: Tyranitar\n|-singleturn|p2b: Tyranitar|Protect\n|move|p1b: Incineroar|Fake Out|p2b: Tyranitar\n|-activate|p2b: Tyranitar|move: Protect\n|move|p1a: Calyrex|Astral Barrage|p2a: Ho-Oh|[spread] \n|-activate|p2a: Ho-Oh|move: Protect\n|-activate|p2b: Tyranitar|move: Protect\n|\n|-weather|Sandstorm|[upkeep]\n|-damage|p1a: Calyrex|74/100|[from] Sandstorm\n|-damage|p1b: Incineroar|59/100|[from] Sandstorm\n|upkeep\n|turn|4\n|\n|t:|1746142510\n|switch|p2a: Raging Bolt|Raging Bolt, L50|100/100\n|move|p1a: Calyrex|Astral Barrage|p2a: Raging Bolt|[spread] p2a,p2b\n|-resisted|p2b: Tyranitar\n|-crit|p2b: Tyranitar\n|-damage|p2a: Raging Bolt|5/100\n|-damage|p2b: Tyranitar|23/100\n|-damage|p1a: Calyrex|65/100|[from] item: Life Orb\n|move|p2b: Tyranitar|Rock Slide|p1a: Calyrex|[spread] p1a,p1b\n|-supereffective|p1b: Incineroar\n|-damage|p1a: Calyrex|33/100\n|-damage|p1b: Incineroar|17/100\n|cant|p1b: Incineroar|flinch\n|\n|-weather|Sandstorm|[upkeep]\n|-damage|p1a: Calyrex|27/100|[from] Sandstorm\n|-damage|p2a: Raging Bolt|0 fnt|[from] Sandstorm\n|-damage|p1b: Incineroar|11/100|[from] Sandstorm\n|faint|p2a: Raging Bolt\n|-end|p2a: Raging Bolt|Protosynthesis|[silent]\n|upkeep\n|\n|t:|1746142525\n|switch|p2a: Ho-Oh|Ho-Oh, L50|99/100\n|turn|5\n|\n|t:|1746142530\n|move|p2b: Tyranitar|Protect|p2b: Tyranitar\n|-singleturn|p2b: Tyranitar|Protect\n|move|p1a: Calyrex|Astral Barrage|p2b: Tyranitar|[spread] p2a\n|-activate|p2b: Tyranitar|move: Protect\n|-damage|p2a: Ho-Oh|0 fnt\n|faint|p2a: Ho-Oh\n|-ability|p1a: Calyrex|Grim Neigh|boost\n|-boost|p1a: Calyrex|spa|1\n|-damage|p1a: Calyrex|17/100|[from] item: Life Orb\n|move|p1b: Incineroar|Knock Off|p2b: Tyranitar\n|-activate|p2b: Tyranitar|move: Protect\n|\n|-weather|Sandstorm|[upkeep]\n|-damage|p1a: Calyrex|12/100|[from] Sandstorm\n|-damage|p1b: Incineroar|5/100|[from] Sandstorm\n|upkeep\n|turn|6\n|\n|t:|1746142542\n|move|p1a: Calyrex|Giga Drain|p2b: Tyranitar\n|-supereffective|p2b: Tyranitar\n|-damage|p2b: Tyranitar|0 fnt\n|-heal|p1a: Calyrex|22/100|[from] drain|[of] p2b: Tyranitar\n|faint|p2b: Tyranitar\n|-damage|p1a: Calyrex|13/100|[from] item: Life Orb\n|\n|win|BisceglieVG\n||Lacossg is ready for game 3.\n||BisceglieVG is ready for game 3.\n|uhtml|next|Next: <a href=\"/battle-gen9vgc2025regibo3-2355017648\"><strong>Game 3 of 3</strong></a>\n", "uploadtime": 1746142824, "views": 3, "formatid": "gen9vgc2025regibo3", "rating": null, "private": 0, "password": null}