{"id": "gen9vgc2025regibo3-2353753822", "format": "[Gen 9] VGC 2025 Reg I (Bo3)", "players": ["recnacboi", "nissan rogue 2012"], "log": "|j|\u2606recnacboi\n|j|\u2606nissan rogue 2012\n|html|<table width=\"100%\"><tr><td align=\"left\">recnacboi</td><td align=\"right\">nissan rogue 2012</tr><tr><td align=\"left\"><i class=\"fa fa-circle\"></i> <i class=\"fa fa-circle-o\"></i> </td><td align=\"right\"><i class=\"fa fa-circle-o\"></i> <i class=\"fa fa-circle-o\"></i> </tr></table>\n|uhtml|bestof|<h2><strong>Game 2</strong> of <a href=\"/game-bestof3-gen9vgc2025regibo3-2353752689\">a best-of-3</a></h2>\n|t:|1745994240\n|gametype|doubles\n|player|p1|recnacboi|2|1452\n|player|p2|nissan rogue 2012|miku-flying|1436\n|teamsize|p1|6\n|teamsize|p2|6\n|gen|9\n|tier|[Gen 9] VGC 2025 Reg I (Bo3)\n|rated|\n|rule|Species Clause: Limit one of each Pok\u00e9mon\n|rule|Item Clause: Limit 1 of each item\n|clearpoke\n|poke|p1|Calyrex-Shadow, L50|\n|poke|p1|Terapagos, L50, M|\n|poke|p1|Rillaboom, L50, M|\n|poke|p1|Incineroar, L50, F|\n|poke|p1|Urshifu-*, L50, M|\n|poke|p1|Ogerpon-Hearthflame, L50, F|\n|poke|p2|Terapagos, L50, M|\n|poke|p2|Incineroar, L50, M|\n|poke|p2|Rillaboom, L50, M|\n|poke|p2|Calyrex-Shadow, L50|\n|poke|p2|Ogerpon-Cornerstone, L50, F|\n|poke|p2|Flutter Mane, L50|\n|teampreview|4\n|showteam|p1|Calyrex-Shadow||FocusSash|AsOneSpectrier|AstralBarrage,Disable,WillOWisp,Protect||||||50|,,,,,Ghost]Terapagos||Leftovers|TeraShift|TeraStarstorm,EarthPower,CalmMind,Protect|||M|||50|,,,,,Stellar]Rillaboom||AssaultVest|GrassySurge|WoodHammer,GrassyGlide,FakeOut,Uturn|||M|||50|,,,,,Fire]Incineroar||RockyHelmet|Intimidate|KnockOff,HelpingHand,FakeOut,PartingShot|||F|||50|,,,,,Bug]Urshifu-Rapid-Strike||ChoiceScarf|UnseenFist|CloseCombat,SurgingStrikes,Uturn,AquaJet|||M|||50|,,,,,Water]Ogerpon-Hearthflame||HearthflameMask|MoldBreaker|IvyCudgel,GrassyGlide,FollowMe,SpikyShield|||F|||50|,,,,,Fire\n|showteam|p2|Terapagos||Leftovers|TeraShift|TeraStarstorm,EarthPower,CalmMind,Protect|||M|||50|,,,,,Stellar]Incineroar||RockyHelmet|Intimidate|FakeOut,WillOWisp,KnockOff,PartingShot|||M|||50|,,,,,Bug]Rillaboom||AssaultVest|GrassySurge|FakeOut,WoodHammer,GrassyGlide,Uturn|||M|||50|,,,,,Grass]Calyrex-Shadow||FocusSash|AsOneSpectrier|AstralBarrage,WillOWisp,PollenPuff,Protect||||||50|,,,,,Ghost]Ogerpon-Cornerstone||CornerstoneMask|Sturdy|IvyCudgel,PowerWhip,FollowMe,SpikyShield|||F|||50|,,,,,Rock]Flutter Mane||BoosterEnergy|Protosynthesis|Moonblast,Taunt,ThunderWave,Protect||||||50|,,,,,Normal\n|\n|t:|1745994264\n|start\n|switch|p1a: Terapagos|Terapagos, L50, M|100/100\n|switch|p1b: Incineroar|Incineroar, L50, F|100/100\n|switch|p2a: Terapagos|Terapagos, L50, M|100/100\n|switch|p2b: Incineroar|Incineroar, L50, M|100/100\n|-activate|p1a: Terapagos|ability: Tera Shift\n|detailschange|p1a: Terapagos|Terapagos-Terastal, L50, M\n|-heal|p1a: Terapagos|100/100|[silent]\n|-activate|p2a: Terapagos|ability: Tera Shift\n|detailschange|p2a: Terapagos|Terapagos-Terastal, L50, M\n|-heal|p2a: Terapagos|100/100|[silent]\n|-ability|p1b: Incineroar|Intimidate|boost\n|-unboost|p2a: Terapagos|atk|1\n|-unboost|p2b: Incineroar|atk|1\n|-ability|p2b: Incineroar|Intimidate|boost\n|-unboost|p1a: Terapagos|atk|1\n|-unboost|p1b: Incineroar|atk|1\n|turn|1\n|\n|t:|1745994287\n|move|p2b: Incineroar|Fake Out|p1a: Terapagos\n|-activate|p1a: Terapagos|ability: Tera Shell\n|-resisted|p1a: Terapagos\n|-damage|p1a: Terapagos|98/100\n|cant|p1a: Terapagos|flinch\n|move|p2a: Terapagos|Calm Mind|p2a: Terapagos\n|-boost|p2a: Terapagos|spa|1\n|-boost|p2a: Terapagos|spd|1\n|move|p1b: Incineroar|Knock Off|p2a: Terapagos\n|-activate|p2a: Terapagos|ability: Tera Shell\n|-resisted|p2a: Terapagos\n|-damage|p2a: Terapagos|93/100\n|-enditem|p2a: Terapagos|Leftovers|[from] move: Knock Off|[of] p1b: Incineroar\n|\n|-heal|p1a: Terapagos|100/100|[from] item: Leftovers\n|upkeep\n|turn|2\n|\n|t:|1745994293\n|move|p1a: Terapagos|Calm Mind|p1a: Terapagos\n|-boost|p1a: Terapagos|spa|1\n|-boost|p1a: Terapagos|spd|1\n|move|p2a: Terapagos|Calm Mind|p2a: Terapagos\n|-boost|p2a: Terapagos|spa|1\n|-boost|p2a: Terapagos|spd|1\n|move|p1b: Incineroar|Parting Shot|p2a: Terapagos\n|-unboost|p2a: Terapagos|atk|1\n|-unboost|p2a: Terapagos|spa|1\n|\n|t:|1745994300\n|switch|p1b: Ogerpon|Ogerpon-Hearthflame, L50, F|100/100|[from] Parting Shot\n|-ability|p1b: Ogerpon|Mold Breaker\n|move|p2b: Incineroar|Knock Off|p1a: Terapagos\n|-activate|p1a: Terapagos|ability: Tera Shell\n|-resisted|p1a: Terapagos\n|-damage|p1a: Terapagos|91/100\n|-enditem|p1a: Terapagos|Leftovers|[from] move: Knock Off|[of] p2b: Incineroar\n|\n|upkeep\n|turn|3\n|\n|t:|1745994332\n|-terastallize|p2a: Terapagos|Stellar\n|detailschange|p2a: Terapagos|Terapagos-Stellar, L50, M, tera:Stellar\n|-heal|p2a: Terapagos|95/100|[silent]\n|move|p1b: Ogerpon|Ivy Cudgel|p2b: Incineroar|[anim] Ivy Cudgel Fire\n|-resisted|p2b: Incineroar\n|-damage|p2b: Incineroar|83/100\n|move|p1a: Terapagos|Earth Power|p2b: Incineroar\n|-supereffective|p2b: Incineroar\n|-damage|p2b: Incineroar|21/100\n|move|p2a: Terapagos|Tera Starstorm|p1b: Ogerpon|[spread] p1a,p1b\n|-damage|p1a: Terapagos|61/100\n|-damage|p1b: Ogerpon|50/100\n|move|p2b: Incineroar|Parting Shot|p1a: Terapagos\n|-unboost|p1a: Terapagos|atk|1\n|-unboost|p1a: Terapagos|spa|1\n|\n|t:|1745994367\n|switch|p2b: Flutter Mane|Flutter Mane, L50|100/100|[from] Parting Shot\n|-enditem|p2b: Flutter Mane|Booster Energy\n|-activate|p2b: Flutter Mane|ability: Protosynthesis|[fromitem]\n|-start|p2b: Flutter Mane|protosynthesisspe\n|\n|upkeep\n|turn|4\n|\n|t:|1745994377\n|move|p1b: Ogerpon|Follow Me|p1b: Ogerpon\n|-singleturn|p1b: Ogerpon|move: Follow Me\n|move|p2b: Flutter Mane|Thunder Wave|p1b: Ogerpon\n|-status|p1b: Ogerpon|par\n|move|p1a: Terapagos|Calm Mind|p1a: Terapagos\n|-boost|p1a: Terapagos|spa|1\n|-boost|p1a: Terapagos|spd|1\n|move|p2a: Terapagos|Tera Starstorm|p1b: Ogerpon|[spread] p1a,p1b\n|-damage|p1a: Terapagos|38/100\n|-damage|p1b: Ogerpon|0 fnt\n|faint|p1b: Ogerpon\n|\n|upkeep\n|\n|t:|1745994382\n|switch|p1b: Incineroar|Incineroar, L50, F|100/100\n|-ability|p1b: Incineroar|Intimidate|boost\n|-unboost|p2a: Terapagos|atk|1\n|-unboost|p2b: Flutter Mane|atk|1\n|turn|5\n|\n|t:|1745994395\n|move|p1a: Terapagos|Protect|p1a: Terapagos\n|-singleturn|p1a: Terapagos|Protect\n|move|p2b: Flutter Mane|Thunder Wave|p1a: Terapagos\n|-activate|p1a: Terapagos|move: Protect\n|move|p2a: Terapagos|Tera Starstorm|p1a: Terapagos|[spread] p1b\n|-activate|p1a: Terapagos|move: Protect\n|-damage|p1b: Incineroar|56/100\n|move|p1b: Incineroar|Parting Shot|p2b: Flutter Mane\n|-unboost|p2b: Flutter Mane|atk|1\n|-unboost|p2b: Flutter Mane|spa|1\n|\n|t:|1745994399\n|switch|p1b: Calyrex|Calyrex-Shadow, L50|100/100|[from] Parting Shot\n|-ability|p1b: Calyrex|As One\n|-ability|p1b: Calyrex|Unnerve\n|\n|upkeep\n|turn|6\n|\n|t:|1745994422\n|-terastallize|p1a: Terapagos|Stellar\n|detailschange|p1a: Terapagos|Terapagos-Stellar, L50, M, tera:Stellar\n|-heal|p1a: Terapagos|54/100|[silent]\n|move|p2a: Terapagos|Protect|p2a: Terapagos\n|-singleturn|p2a: Terapagos|Protect\n|move|p2b: Flutter Mane|Taunt|p1a: Terapagos\n|-start|p1a: Terapagos|move: Taunt\n|move|p1b: Calyrex|Disable|p2a: Terapagos\n|-activate|p2a: Terapagos|move: Protect\n|move|p1a: Terapagos|Tera Starstorm|p2a: Terapagos|[spread] p2b\n|-activate|p2a: Terapagos|move: Protect\n|-crit|p2b: Flutter Mane\n|-damage|p2b: Flutter Mane|25/100\n|\n|upkeep\n|turn|7\n|\n|t:|1745994443\n|move|p2b: Flutter Mane|Thunder Wave|p1a: Terapagos\n|-status|p1a: Terapagos|par\n|move|p1b: Calyrex|Astral Barrage|p2a: Terapagos|[spread] p2b\n|-immune|p2a: Terapagos\n|-supereffective|p2b: Flutter Mane\n|-damage|p2b: Flutter Mane|0 fnt\n|faint|p2b: Flutter Mane\n|-end|p2b: Flutter Mane|Protosynthesis|[silent]\n|-ability|p1b: Calyrex|Grim Neigh|boost\n|-boost|p1b: Calyrex|spa|1\n|move|p2a: Terapagos|Tera Starstorm|p1b: Calyrex|[spread] p1a,p1b\n|-supereffective|p1a: Terapagos\n|-damage|p1a: Terapagos|21/100 par\n|-damage|p1b: Calyrex|49/100\n|move|p1a: Terapagos|Tera Starstorm|p2a: Terapagos\n|-supereffective|p2a: Terapagos\n|-damage|p2a: Terapagos|52/100\n|\n|upkeep\n|\n|t:|1745994454\n|switch|p2b: Incineroar|Incineroar, L50, M|21/100\n|-ability|p2b: Incineroar|Intimidate|boost\n|-unboost|p1a: Terapagos|atk|1\n|-unboost|p1b: Calyrex|atk|1\n|turn|8\n|\n|t:|1745994462\n|move|p2b: Incineroar|Fake Out|p1a: Terapagos\n|-damage|p1a: Terapagos|16/100 par\n|move|p1b: Calyrex|Disable|p2a: Terapagos\n|-start|p2a: Terapagos|Disable|Tera Starstorm\n|cant|p2a: Terapagos|Disable|Tera Starstorm\n|cant|p1a: Terapagos|flinch\n|\n|-end|p1a: Terapagos|move: Taunt\n|upkeep\n|turn|9\n|\n|t:|1745994486\n|move|p1b: Calyrex|Will-O-Wisp|p2a: Terapagos\n|-status|p2a: Terapagos|brn\n|move|p2a: Terapagos|Earth Power|p1b: Calyrex\n|-damage|p1b: Calyrex|0 fnt\n|faint|p1b: Calyrex\n|move|p2b: Incineroar|Knock Off|p1a: Terapagos\n|-damage|p1a: Terapagos|2/100 par\n|move|p1a: Terapagos|Tera Starstorm|p2a: Terapagos|[spread] p2a,p2b\n|-supereffective|p2a: Terapagos\n|-damage|p2a: Terapagos|23/100 brn\n|-damage|p2b: Incineroar|0 fnt\n|faint|p2b: Incineroar\n|\n|-damage|p2a: Terapagos|17/100 brn|[from] brn\n|upkeep\n|\n|t:|1745994494\n|switch|p1b: Incineroar|Incineroar, L50, F|56/100\n|switch|p2b: Ogerpon|Ogerpon-Cornerstone, L50, F|100/100\n|-ability|p1b: Incineroar|Intimidate|boost\n|-unboost|p2a: Terapagos|atk|1\n|-unboost|p2b: Ogerpon|atk|1\n|turn|10\n|\n|t:|1745994530\n|move|p2b: Ogerpon|Spiky Shield|p2b: Ogerpon\n|-singleturn|p2b: Ogerpon|move: Protect\n|move|p2a: Terapagos|Protect|p2a: Terapagos\n|-singleturn|p2a: Terapagos|Protect\n|move|p1a: Terapagos|Protect|p1a: Terapagos\n|-singleturn|p1a: Terapagos|Protect\n|move|p1b: Incineroar|Fake Out|p2a: Terapagos\n|-activate|p2a: Terapagos|move: Protect\n|\n|-damage|p2a: Terapagos|11/100 brn|[from] brn\n|upkeep\n|turn|11\n|\n|t:|1745994541\n|move|p1a: Terapagos|Protect|p1a: Terapagos\n|-singleturn|p1a: Terapagos|Protect\n|move|p2b: Ogerpon|Ivy Cudgel|p1b: Incineroar|[anim] Ivy Cudgel Rock\n|-supereffective|p1b: Incineroar\n|-damage|p1b: Incineroar|0 fnt\n|faint|p1b: Incineroar\n|move|p2a: Terapagos|Earth Power|p1a: Terapagos\n|-activate|p1a: Terapagos|move: Protect\n|\n|-damage|p2a: Terapagos|4/100 brn|[from] brn\n|-end|p2a: Terapagos|Disable\n|upkeep\n|turn|12\n|-message|recnacboi forfeited.\n|\n|win|nissan rogue 2012\n||recnacboi is ready for game 3.\n||nissan rogue 2012 is ready for game 3.\n|uhtml|next|Next: <a href=\"/battle-gen9vgc2025regibo3-2353755613\"><strong>Game 3 of 3</strong></a>\n|l|\u2606recnacboi\n|player|p1|\n|l|\u2606nissan rogue 2012\n|player|p2|\n", "uploadtime": 1745994922, "views": 6, "formatid": "gen9vgc2025regibo3", "rating": null, "private": 0, "password": null}