{"id": "gen9vgc2025regibo3-2354554210", "format": "[Gen 9] VGC 2025 Reg I (Bo3)", "players": ["burino494", "Paldeawaiter"], "log": "|j|\u2606burino494\n|j|\u2606Paldeawaiter\n|html|<table width=\"100%\"><tr><td align=\"left\">burino494</td><td align=\"right\">Paldeawaiter</tr><tr><td align=\"left\"><i class=\"fa fa-circle-o\"></i> <i class=\"fa fa-circle-o\"></i> </td><td align=\"right\"><i class=\"fa fa-circle-o\"></i> <i class=\"fa fa-circle-o\"></i> </tr></table>\n|uhtml|bestof|<h2><strong>Game 1</strong> of <a href=\"/game-bestof3-gen9vgc2025regibo3-2354554209\">a best-of-3</a></h2>\n|t:|1746093391\n|gametype|doubles\n|player|p1|burino494|pokemonbreeder-gen4|1388\n|player|p2|Paldeawaiter|colress|1340\n|teamsize|p1|6\n|teamsize|p2|6\n|gen|9\n|tier|[Gen 9] VGC 2025 Reg I (Bo3)\n|rated|\n|rule|Species Clause: Limit one of each Pok\u00e9mon\n|rule|Item Clause: Limit 1 of each item\n|clearpoke\n|poke|p1|Calyrex-Shadow, L50|\n|poke|p1|Zamazenta-*, L50|\n|poke|p1|Rillaboom, L50, M|\n|poke|p1|Urshifu-*, L50, M|\n|poke|p1|Incineroar, L50, F|\n|poke|p1|Tornadus, L50, M|\n|poke|p2|Calyrex-Ice, L50|\n|poke|p2|Miraidon, L50|\n|poke|p2|Lilligant-Hisui, L50, F|\n|poke|p2|Torkoal, L50, F|\n|poke|p2|Indeedee-F, L50, F|\n|poke|p2|Grimmsnarl, L50, M|\n|teampreview|4\n|showteam|p1|Calyrex-Shadow||FocusSash|AsOneSpectrier|AstralBarrage,Psychic,NastyPlot,Protect||||||50|,,,,,Ghost]Zamazenta-Crowned||RustedShield|DauntlessShield|BodyPress,HeavySlam,WideGuard,Protect||||||50|,,,,,Grass]Rillaboom||AssaultVest|GrassySurge|WoodHammer,GrassyGlide,Uturn,FakeOut|||M|||50|,,,,,Fire]Urshifu-Rapid-Strike||ChoiceScarf|UnseenFist|SurgingStrikes,CloseCombat,AquaJet,Uturn|||M|||50|,,,,,Water]Incineroar||SafetyGoggles|Intimidate|KnockOff,FakeOut,Taunt,PartingShot|||F|||50|,,,,,Bug]Tornadus||CovertCloak|Prankster|BleakwindStorm,Tailwind,RainDance,Taunt|||M|||50|,,,,,Dark\n|showteam|p2|Calyrex-Ice||ClearAmulet|AsOneGlastrier|GlacialLance,HighHorsepower,Protect,TrickRoom||||||50|,,,,,Water]Miraidon||Leftovers|HadronEngine|ElectroDrift,DragonPulse,Protect,CalmMind||||||50|,,,,,Fairy]Lilligant-Hisui||FocusSash|Chlorophyll|Coaching,Encore,SleepPowder,CloseCombat|||F|||50|,,,,,Ghost]Torkoal||Charcoal|Drought|Eruption,Flamethrower,Protect,StealthRock|||F|||50|,,,,,Fire]Indeedee-F||SafetyGoggles|PsychicSurge|TrickRoom,Psychic,FollowMe,HealPulse|||F|||50|,,,,,Fairy]Grimmsnarl||LightClay|Prankster|LightScreen,Reflect,SpiritBreak,Taunt|||M|||50|,,,,,Ghost\n|inactive|Battle timer is ON: inactive players will automatically lose when time's up. (requested by burino494)\n|inactive|burino494 has 60 seconds left.\n|inactive|Paldeawaiter has 60 seconds left.\n|\n|t:|1746093448\n|start\n|switch|p1a: Zamazenta|Zamazenta-Crowned, L50|100/100\n|switch|p1b: Incineroar|Incineroar, L50, F|100/100\n|switch|p2a: Calyrex|Calyrex-Ice, L50|100/100\n|switch|p2b: Lilligant|Lilligant-Hisui, L50, F, shiny|100/100\n|-ability|p2a: Calyrex|As One\n|-ability|p2a: Calyrex|Unnerve\n|-ability|p1a: Zamazenta|Dauntless Shield|boost\n|-boost|p1a: Zamazenta|def|1\n|-ability|p1b: Incineroar|Intimidate|boost\n|-fail|p2a: Calyrex|unboost|[from] item: Clear Amulet|[of] p2a: Calyrex\n|-unboost|p2b: Lilligant|atk|1\n|turn|1\n|inactive|burino494 has 30 seconds left.\n|inactive|Paldeawaiter has 30 seconds left.\n|inactive|burino494 has 20 seconds left.\n|inactive|burino494 has 15 seconds left.\n|inactive|burino494 has 10 seconds left.\n|\n|t:|1746093495\n|-terastallize|p1a: Zamazenta|Grass\n|move|p1b: Incineroar|Fake Out|p2b: Lilligant\n|-damage|p2b: Lilligant|83/100\n|move|p1a: Zamazenta|Body Press|p2a: Calyrex\n|-damage|p2a: Calyrex|58/100\n|cant|p2b: Lilligant|flinch\n|move|p2a: Calyrex|High Horsepower|p1b: Incineroar\n|-supereffective|p1b: Incineroar\n|-damage|p1b: Incineroar|46/100\n|\n|upkeep\n|turn|2\n|\n|t:|1746093515\n|move|p1a: Zamazenta|Body Press|p2a: Calyrex\n|-damage|p2a: Calyrex|14/100\n|move|p2b: Lilligant|Encore|p1b: Incineroar\n|-start|p1b: Incineroar|Encore\n|move|p1b: Incineroar|Fake Out||[still]\n|-hint|Fake Out only works on your first turn out.\n|-fail|p1b: Incineroar\n|move|p2a: Calyrex|Glacial Lance|p1b: Incineroar|[spread] p1a,p1b\n|-supereffective|p1a: Zamazenta\n|-resisted|p1b: Incineroar\n|-damage|p1a: Zamazenta|58/100\n|-damage|p1b: Incineroar|27/100\n|\n|upkeep\n|turn|3\n|\n|t:|1746093539\n|switch|p1b: Rillaboom|Rillaboom, L50, M|100/100\n|-fieldstart|move: Grassy Terrain|[from] ability: Grassy Surge|[of] p1b: Rillaboom\n|move|p1a: Zamazenta|Wide Guard|p1a: Zamazenta\n|-singleturn|p1a: Zamazenta|Wide Guard\n|move|p2b: Lilligant|Close Combat|p1a: Zamazenta\n|-damage|p1a: Zamazenta|43/100\n|-unboost|p2b: Lilligant|def|1\n|-unboost|p2b: Lilligant|spd|1\n|move|p2a: Calyrex|Glacial Lance|p1a: Zamazenta|[spread] \n|-activate|p1a: Zamazenta|move: Wide Guard\n|-activate|p1b: Rillaboom|move: Wide Guard\n|\n|-heal|p1a: Zamazenta|49/100|[from] Grassy Terrain\n|-heal|p2b: Lilligant|89/100|[from] Grassy Terrain\n|-heal|p2a: Calyrex|20/100|[from] Grassy Terrain\n|upkeep\n|turn|4\n|\n|t:|1746093563\n|switch|p1a: Calyrex|Calyrex-Shadow, L50|100/100\n|-ability|p1a: Calyrex|As One\n|-ability|p1a: Calyrex|Unnerve\n|move|p2a: Calyrex|Protect|p2a: Calyrex\n|-singleturn|p2a: Calyrex|Protect\n|move|p1b: Rillaboom|Fake Out|p2a: Calyrex\n|-activate|p2a: Calyrex|move: Protect\n|move|p2b: Lilligant|Coaching|p2a: Calyrex\n|-boost|p2a: Calyrex|atk|1\n|-boost|p2a: Calyrex|def|1\n|\n|-heal|p2b: Lilligant|95/100|[from] Grassy Terrain\n|-heal|p2a: Calyrex|26/100|[from] Grassy Terrain\n|upkeep\n|turn|5\n|\n|t:|1746093582\n|switch|p2b: Grimmsnarl|Grimmsnarl, L50, M|100/100\n|move|p1a: Calyrex|Astral Barrage|p2a: Calyrex|[spread] p2a,p2b\n|-supereffective|p2a: Calyrex\n|-resisted|p2b: Grimmsnarl\n|-damage|p2a: Calyrex|0 fnt\n|-damage|p2b: Grimmsnarl|74/100\n|faint|p2a: Calyrex\n|-ability|p1a: Calyrex|Grim Neigh|boost\n|-boost|p1a: Calyrex|spa|1\n|move|p1b: Rillaboom|U-turn|p2b: Grimmsnarl\n|-damage|p2b: Grimmsnarl|51/100\n|\n|t:|1746093587\n|switch|p1b: Incineroar|Incineroar, L50, F|27/100|[from] U-turn\n|-ability|p1b: Incineroar|Intimidate|boost\n|-unboost|p2b: Grimmsnarl|atk|1\n|\n|-heal|p1b: Incineroar|33/100|[from] Grassy Terrain\n|-heal|p2b: Grimmsnarl|57/100|[from] Grassy Terrain\n|upkeep\n|\n|t:|1746093592\n|switch|p2a: Lilligant|Lilligant-Hisui, L50, F, shiny|95/100\n|turn|6\n|\n|t:|1746093606\n|-terastallize|p2a: Lilligant|Ghost\n|move|p1b: Incineroar|Fake Out|p2b: Grimmsnarl\n|-damage|p2b: Grimmsnarl|47/100\n|cant|p2b: Grimmsnarl|flinch\n|move|p1a: Calyrex|Astral Barrage|p2b: Grimmsnarl|[spread] p2a,p2b\n|-supereffective|p2a: Lilligant\n|-resisted|p2b: Grimmsnarl\n|-damage|p2a: Lilligant|0 fnt\n|-damage|p2b: Grimmsnarl|6/100\n|faint|p2a: Lilligant\n|-ability|p1a: Calyrex|Grim Neigh|boost\n|-boost|p1a: Calyrex|spa|1\n|\n|-heal|p1b: Incineroar|39/100|[from] Grassy Terrain\n|-heal|p2b: Grimmsnarl|12/100|[from] Grassy Terrain\n|upkeep\n|-message|Paldeawaiter forfeited.\n|\n|win|burino494\n|l|\u2606Paldeawaiter\n|player|p2|\n||burino494 is ready for game 2.\n||Paldeawaiter is ready for game 2.\n|uhtml|next|Next: <a href=\"/battle-gen9vgc2025regibo3-2354555397\"><strong>Game 2 of 3</strong></a>\n|l|\u2606burino494\n|player|p1|\n", "uploadtime": 1746093886, "views": 12, "formatid": "gen9vgc2025regibo3", "rating": null, "private": 0, "password": null}