{"id": "gen9vgc2025regibo3-2353644500", "format": "[Gen 9] VGC 2025 Reg I (Bo3)", "players": ["ejb14q", "CityPopThatThang"], "log": "|j|\u2606ejb14q\n|j|\u2606CityPopThatThang\n|html|<table width=\"100%\"><tr><td align=\"left\">ejb14q</td><td align=\"right\">CityPopThatThang</tr><tr><td align=\"left\"><i class=\"fa fa-circle-o\"></i> <i class=\"fa fa-circle-o\"></i> </td><td align=\"right\"><i class=\"fa fa-circle-o\"></i> <i class=\"fa fa-circle-o\"></i> </tr></table>\n|uhtml|bestof|<h2><strong>Game 1</strong> of <a href=\"/game-bestof3-gen9vgc2025regibo3-2353644499\">a best-of-3</a></h2>\n|t:|1745978317\n|gametype|doubles\n|player|p1|ejb14q|iris|1050\n|player|p2|CityPopThatThang|guzma|1077\n|teamsize|p1|6\n|teamsize|p2|6\n|gen|9\n|tier|[Gen 9] VGC 2025 Reg I (Bo3)\n|rated|\n|rule|Species Clause: Limit one of each Pok\u00e9mon\n|rule|Item Clause: Limit 1 of each item\n|clearpoke\n|poke|p1|Terapagos, L50, M|\n|poke|p1|Lunala, L50|\n|poke|p1|Incineroar, L50, F|\n|poke|p1|Gothitelle, L50, F|\n|poke|p1|Rillaboom, L50, F|\n|poke|p1|Tornadus, L50, M|\n|poke|p2|Calyrex-Ice, L50|\n|poke|p2|Lunala, L50|\n|poke|p2|Indeedee-F, L50, F|\n|poke|p2|Ursaluna-Bloodmoon, L50, M|\n|poke|p2|Urshifu-*, L50, M|\n|poke|p2|Smeargle, L50, M|\n|teampreview|4\n|showteam|p1|Terapagos||ChestoBerry|TeraShift|TeraStarstorm,CalmMind,Rest,Protect|||M|||50|,,,,,Stellar]Lunala||PowerHerb|ShadowShield|MoongeistBeam,WideGuard,MeteorBeam,TrickRoom||||||50|,,,,,Dark]Incineroar||SafetyGoggles|Intimidate|FakeOut,PartingShot,FlareBlitz,Protect|||F|||50|,,,,,Bug]Gothitelle||Leftovers|ShadowTag|Protect,Psychic,FakeOut,Taunt|||F|||50|,,,,,Water]Rillaboom||AssaultVest|GrassySurge|FakeOut,WoodHammer,GrassyGlide,Uturn|||F|||50|,,,,,Grass]Tornadus||CovertCloak|Prankster|BleakwindStorm,Taunt,Tailwind,RainDance|||M|||50|,,,,,Dark\n|showteam|p2|Calyrex-Ice||NeverMeltIce|AsOneGlastrier|GlacialLance,HighHorsepower,TrickRoom,Protect||||||50|,,,,,Fire]Lunala||PowerHerb|ShadowShield|MoongeistBeam,ExpandingForce,MeteorBeam,TrickRoom||||||50|,,,,,Water]Indeedee-F||PsychicSeed|PsychicSurge|AlluringVoice,TrickRoom,FollowMe,HealPulse|||F|||50|,,,,,Fairy]Ursaluna-Bloodmoon||LifeOrb|MindsEye|HyperVoice,EarthPower,BloodMoon,Protect|||M|||50|,,,,,Poison]Urshifu||ChoiceBand|UnseenFist|WickedBlow,CloseCombat,SuckerPunch,IronHead|||M|||50|,,,,,Grass]Smeargle||FocusSash|OwnTempo|FollowMe,FakeOut,Spore,Decorate|||M|||50|,,,,,Grass\n|\n|t:|1745978389\n|start\n|switch|p1a: Incineroar|Incineroar, L50, F|100/100\n|switch|p1b: Gothitelle|Gothitelle, L50, F|100/100\n|switch|p2a: Calyrex|Calyrex-Ice, L50|100/100\n|switch|p2b: Smeargle|Smeargle, L50, M|100/100\n|-ability|p2a: Calyrex|As One\n|-ability|p2a: Calyrex|Unnerve\n|-ability|p1a: Incineroar|Intimidate|boost\n|-unboost|p2a: Calyrex|atk|1\n|-fail|p2b: Smeargle|unboost|Attack|[from] ability: Own Tempo|[of] p2b: Smeargle\n|turn|1\n|\n|t:|1745978418\n|move|p2a: Calyrex|Protect|p2a: Calyrex\n|-singleturn|p2a: Calyrex|Protect\n|move|p1b: Gothitelle|Fake Out|p2b: Smeargle\n|-damage|p2b: Smeargle|91/100\n|cant|p2b: Smeargle|flinch\n|move|p1a: Incineroar|Parting Shot|p2a: Calyrex\n|-activate|p2a: Calyrex|move: Protect\n|\n|upkeep\n|turn|2\n|\n|t:|1745978437\n|move|p2b: Smeargle|Spore|p1b: Gothitelle\n|-status|p1b: Gothitelle|slp|[from] move: Spore\n|move|p1a: Incineroar|Parting Shot|p2a: Calyrex\n|-unboost|p2a: Calyrex|atk|1\n|-unboost|p2a: Calyrex|spa|1\n|\n|t:|1745978446\n|switch|p1a: Rillaboom|Rillaboom, L50, F|100/100|[from] Parting Shot\n|-fieldstart|move: Grassy Terrain|[from] ability: Grassy Surge|[of] p1a: Rillaboom\n|cant|p1b: Gothitelle|slp\n|move|p2a: Calyrex|Trick Room|p2a: Calyrex\n|-fieldstart|move: Trick Room|[of] p2a: Calyrex\n|\n|-heal|p2b: Smeargle|97/100|[from] Grassy Terrain\n|upkeep\n|turn|3\n|\n|t:|1745978466\n|cant|p1b: Gothitelle|slp\n|move|p1a: Rillaboom|Fake Out|p2a: Calyrex\n|-damage|p2a: Calyrex|91/100\n|cant|p2a: Calyrex|flinch\n|move|p2b: Smeargle|Decorate|p2a: Calyrex\n|-boost|p2a: Calyrex|atk|2\n|-boost|p2a: Calyrex|spa|2\n|\n|-heal|p2a: Calyrex|97/100|[from] Grassy Terrain\n|-heal|p2b: Smeargle|100/100|[from] Grassy Terrain\n|upkeep\n|turn|4\n|\n|t:|1745978488\n|cant|p1b: Gothitelle|slp\n|move|p1a: Rillaboom|Grassy Glide|p2b: Smeargle\n|-damage|p2b: Smeargle|37/100\n|move|p2a: Calyrex|Glacial Lance|p1b: Gothitelle|[spread] p1a,p1b\n|-supereffective|p1a: Rillaboom\n|-damage|p1a: Rillaboom|0 fnt\n|-damage|p1b: Gothitelle|37/100 slp\n|faint|p1a: Rillaboom\n|-ability|p2a: Calyrex|Chilling Neigh|boost\n|-boost|p2a: Calyrex|atk|1\n|move|p2b: Smeargle|Decorate|p2a: Calyrex\n|-boost|p2a: Calyrex|atk|2\n|-boost|p2a: Calyrex|spa|2\n|\n|-heal|p2a: Calyrex|100/100|[from] Grassy Terrain\n|-heal|p1b: Gothitelle|43/100 slp|[from] Grassy Terrain\n|-heal|p1b: Gothitelle|50/100 slp|[from] item: Leftovers\n|-heal|p2b: Smeargle|43/100|[from] Grassy Terrain\n|upkeep\n|\n|t:|1745978507\n|switch|p1a: Incineroar|Incineroar, L50, F|100/100\n|-ability|p1a: Incineroar|Intimidate|boost\n|-unboost|p2a: Calyrex|atk|1\n|-fail|p2b: Smeargle|unboost|Attack|[from] ability: Own Tempo|[of] p2b: Smeargle\n|turn|5\n|\n|t:|1745978527\n|move|p2a: Calyrex|Protect|p2a: Calyrex\n|-singleturn|p2a: Calyrex|Protect\n|move|p1a: Incineroar|Fake Out|p2a: Calyrex\n|-activate|p2a: Calyrex|move: Protect\n|-curestatus|p1b: Gothitelle|slp|[msg]\n|move|p1b: Gothitelle|Psychic|p2b: Smeargle\n|-damage|p2b: Smeargle|0 fnt\n|faint|p2b: Smeargle\n|\n|-heal|p1b: Gothitelle|56/100|[from] Grassy Terrain\n|-heal|p1b: Gothitelle|62/100|[from] item: Leftovers\n|upkeep\n|\n|t:|1745978539\n|switch|p2b: Ursaluna|Ursaluna-Bloodmoon, L50, M|100/100\n|turn|6\n|\n|t:|1745978556\n|switch|p1b: Terapagos|Terapagos, L50, M|100/100\n|-activate|p1b: Terapagos|ability: Tera Shift\n|detailschange|p1b: Terapagos|Terapagos-Terastal, L50, M\n|-heal|p1b: Terapagos|100/100|[silent]\n|move|p2a: Calyrex|Glacial Lance|p1b: Terapagos|[spread] p1a,p1b\n|-resisted|p1a: Incineroar\n|-activate|p1b: Terapagos|ability: Tera Shell\n|-resisted|p1b: Terapagos\n|-damage|p1a: Incineroar|46/100\n|-damage|p1b: Terapagos|35/100\n|move|p2b: Ursaluna|Hyper Voice|p1b: Terapagos|[spread] p1a,p1b\n|-damage|p1a: Incineroar|5/100\n|-damage|p1b: Terapagos|0 fnt\n|faint|p1b: Terapagos\n|-damage|p2b: Ursaluna|91/100|[from] item: Life Orb\n|move|p1a: Incineroar|Parting Shot|p2a: Calyrex\n|-unboost|p2a: Calyrex|atk|1\n|-unboost|p2a: Calyrex|spa|1\n|\n|t:|1745978573\n|switch|p1a: Gothitelle|Gothitelle, L50, F|62/100|[from] Parting Shot\n|\n|-heal|p2b: Ursaluna|97/100|[from] Grassy Terrain\n|-heal|p1a: Gothitelle|68/100|[from] Grassy Terrain\n|-heal|p1a: Gothitelle|75/100|[from] item: Leftovers\n|-fieldend|move: Trick Room\n|-fieldend|move: Grassy Terrain\n|upkeep\n|\n|t:|1745978580\n|switch|p1b: Incineroar|Incineroar, L50, F|5/100\n|-ability|p1b: Incineroar|Intimidate|boost\n|-unboost|p2a: Calyrex|atk|1\n|-unboost|p2b: Ursaluna|atk|1\n|turn|7\n|\n|t:|1745978589\n|move|p2b: Ursaluna|Protect|p2b: Ursaluna\n|-singleturn|p2b: Ursaluna|Protect\n|move|p2a: Calyrex|Protect|p2a: Calyrex\n|-singleturn|p2a: Calyrex|Protect\n|move|p1a: Gothitelle|Fake Out|p2b: Ursaluna\n|-activate|p2b: Ursaluna|move: Protect\n|move|p1b: Incineroar|Flare Blitz|p2a: Calyrex\n|-activate|p2a: Calyrex|move: Protect\n|\n|-heal|p1a: Gothitelle|81/100|[from] item: Leftovers\n|upkeep\n|turn|8\n|\n|t:|1745978605\n|-terastallize|p2a: Calyrex|Fire\n|move|p1b: Incineroar|Flare Blitz|p2a: Calyrex\n|-resisted|p2a: Calyrex\n|-damage|p2a: Calyrex|87/100\n|-damage|p1b: Incineroar|0 fnt|[from] Recoil\n|faint|p1b: Incineroar\n|move|p1a: Gothitelle|Psychic|p2b: Ursaluna\n|-damage|p2b: Ursaluna|63/100\n|move|p2b: Ursaluna|Blood Moon|p1a: Gothitelle\n|-damage|p1a: Gothitelle|8/100\n|-damage|p2b: Ursaluna|53/100|[from] item: Life Orb\n|move|p2a: Calyrex|Glacial Lance|p1a: Gothitelle\n|-damage|p1a: Gothitelle|0 fnt\n|faint|p1a: Gothitelle\n|\n|win|CityPopThatThang\n|inactive|ejb14q has 30 seconds to confirm battle start!\n|inactive|CityPopThatThang has 30 seconds to confirm battle start!\n||CityPopThatThang is ready for game 2.\n|inactive|ejb14q has 20 seconds to confirm battle start!\n||ejb14q is ready for game 2.\n|uhtml|next|Next: <a href=\"/battle-gen9vgc2025regibo3-2353647009\"><strong>Game 2 of 3</strong></a>\n", "uploadtime": 1745979023, "views": 14, "formatid": "gen9vgc2025regibo3", "rating": null, "private": 0, "password": null}