{"id": "gen9vgc2025regibo3-2354330252", "format": "[Gen 9] VGC 2025 Reg I (Bo3)", "players": ["JLUKES", "pashmak"], "log": "|j|\u2606JLUKES\n|j|\u2606pashmak\n|html|<table width=\"100%\"><tr><td align=\"left\">JLUKES</td><td align=\"right\">pashmak</tr><tr><td align=\"left\"><i class=\"fa fa-circle\"></i> <i class=\"fa fa-circle-o\"></i> </td><td align=\"right\"><i class=\"fa fa-circle-o\"></i> <i class=\"fa fa-circle-o\"></i> </tr></table>\n|uhtml|bestof|<h2><strong>Game 2</strong> of <a href=\"/game-bestof3-gen9vgc2025regibo3-2354326145\">a best-of-3</a></h2>\n|t:|1746058151\n|gametype|doubles\n|player|p1|JLUKES|169|1242\n|player|p2|pashmak|waiter|1282\n|teamsize|p1|6\n|teamsize|p2|6\n|gen|9\n|tier|[Gen 9] VGC 2025 Reg I (Bo3)\n|rated|\n|rule|Species Clause: Limit one of each Pok\u00e9mon\n|rule|Item Clause: Limit 1 of each item\n|clearpoke\n|poke|p1|Koraidon, L50|\n|poke|p1|Zacian-*, L50|\n|poke|p1|Tornadus, L50, M|\n|poke|p1|Indeedee-F, L50, F|\n|poke|p1|Chien-Pao, L50|\n|poke|p1|Iron Moth, L50|\n|poke|p2|Zamazenta-*, L50|\n|poke|p2|Calyrex-Shadow, L50|\n|poke|p2|Tornadus, L50, M|\n|poke|p2|Urshifu-*, L50, F|\n|poke|p2|Rillaboom, L50, M|\n|poke|p2|Chien-Pao, L50|\n|teampreview|4\n|showteam|p1|Koraidon||AssaultVest|OrichalcumPulse|FlameCharge,FlareBlitz,Uturn,CloseCombat||||||50|,,,,,Fire]Zacian-Crowned||RustedSword|IntrepidSword|Protect,behemothblade,PlayRough,SacredSword||||||50|,,,,,Dragon]Tornadus||CovertCloak|Prankster|BleakwindStorm,SunnyDay,Tailwind,Protect|||M|||50|,,,,,Dark]Indeedee-F||RockyHelmet|PsychicSurge|TrickRoom,Imprison,FollowMe,AlluringVoice|||F|||50|,,,,,Water]Chien-Pao||LifeOrb|SwordofRuin|SuckerPunch,IcicleCrash,ThroatChop,IceShard||||||50|,,,,,Stellar]Iron Moth||PowerHerb|QuarkDrive|Protect,HeatWave,MeteorBeam,BugBuzz||||||50|,,,,,Bug\n|showteam|p2|Zamazenta-Crowned||RustedShield|DauntlessShield|BodyPress,HeavySlam,WideGuard,Protect||||||50|,,,,,Ghost]Calyrex-Shadow||FocusSash|AsOneSpectrier|AstralBarrage,Psychic,Encore,Protect||||||50|,,,,,Ghost]Tornadus||RockyHelmet|Prankster|BleakwindStorm,Protect,Tailwind,RainDance|||M|||50|,,,,,Steel]Urshifu-Rapid-Strike||MysticWater|UnseenFist|SurgingStrikes,CloseCombat,AquaJet,Detect|||F|||50|,,,,,Water]Rillaboom||AssaultVest|GrassySurge|WoodHammer,GrassyGlide,Uturn,FakeOut|||M|||50|,,,,,Fire]Chien-Pao||LifeOrb|SwordofRuin|SuckerPunch,IcicleCrash,IceShard,Protect||||||50|,,,,,Stellar\n|inactive|Battle timer is ON: inactive players will automatically lose when time's up. (requested by JLUKES)\n|j| bl4ze4444\n|inactive|JLUKES has 60 seconds left.\n|\n|t:|1746058193\n|start\n|switch|p1a: Chien-Pao|Chien-Pao, L50|100/100\n|switch|p1b: Tornadus|Tornadus, L50, M|100/100\n|switch|p2a: Tornadus|Tornadus, L50, M|100/100\n|switch|p2b: Zamazenta|Zamazenta-Crowned, L50|100/100\n|-ability|p1a: Chien-Pao|Sword of Ruin\n|-ability|p2b: Zamazenta|Dauntless Shield|boost\n|-boost|p2b: Zamazenta|def|1\n|turn|1\n|\n|t:|1746058217\n|move|p2a: Tornadus|Protect|p2a: Tornadus\n|-singleturn|p2a: Tornadus|Protect\n|move|p1a: Chien-Pao|Ice Shard|p2a: Tornadus\n|-activate|p2a: Tornadus|move: Protect\n|move|p1b: Tornadus|Tailwind|p1b: Tornadus\n|-sidestart|p1: JLUKES|move: Tailwind\n|move|p2b: Zamazenta|Body Press|p1a: Chien-Pao\n|-supereffective|p1a: Chien-Pao\n|-damage|p1a: Chien-Pao|0 fnt\n|faint|p1a: Chien-Pao\n|\n|upkeep\n|\n|t:|1746058232\n|switch|p1a: Koraidon|Koraidon, L50|100/100\n|-weather|SunnyDay|[from] ability: Orichalcum Pulse|[of] p1a: Koraidon\n|-activate|p1a: Koraidon|Orichalcum Pulse|[source]\n|turn|2\n|\n|t:|1746058244\n|-terastallize|p1a: Koraidon|Fire\n|-terastallize|p2b: Zamazenta|Ghost\n|move|p2a: Tornadus|Rain Dance|p2a: Tornadus\n|-weather|RainDance\n|move|p1a: Koraidon|Flame Charge|p2b: Zamazenta\n|-damage|p2b: Zamazenta|95/100\n|-boost|p1a: Koraidon|spe|1\n|move|p1b: Tornadus|Bleakwind Storm|p2b: Zamazenta|[spread] p2a,p2b\n|-damage|p2a: Tornadus|68/100\n|-damage|p2b: Zamazenta|71/100\n|move|p2b: Zamazenta|Body Press|p1a: Koraidon\n|-damage|p1a: Koraidon|37/100\n|\n|-weather|RainDance|[upkeep]\n|upkeep\n|turn|3\n|inactive|JLUKES has 30 seconds left.\n|\n|t:|1746058276\n|move|p2a: Tornadus|Rain Dance||[still]\n|-fail|p2a: Tornadus\n|move|p1a: Koraidon|U-turn|p2b: Zamazenta\n|-resisted|p2b: Zamazenta\n|-damage|p2b: Zamazenta|66/100\n|\n|t:|1746058281\n|switch|p1a: Zacian|Zacian-Crowned, L50|100/100|[from] U-turn\n|-ability|p1a: Zacian|Intrepid Sword|boost\n|-boost|p1a: Zacian|atk|1\n|move|p1b: Tornadus|Bleakwind Storm|p2b: Zamazenta|[spread] p2a,p2b\n|-damage|p2a: Tornadus|35/100\n|-damage|p2b: Zamazenta|44/100\n|move|p2b: Zamazenta|Body Press|p1a: Zacian\n|-damage|p1a: Zacian|28/100\n|\n|-weather|RainDance|[upkeep]\n|upkeep\n|turn|4\n|\n|t:|1746058306\n|move|p2a: Tornadus|Protect|p2a: Tornadus\n|-singleturn|p2a: Tornadus|Protect\n|move|p1a: Zacian|Behemoth Blade|p2b: Zamazenta\n|-damage|p2b: Zamazenta|10/100\n|move|p1b: Tornadus|Bleakwind Storm|p2b: Zamazenta|[spread] p2b\n|-activate|p2a: Tornadus|move: Protect\n|-damage|p2b: Zamazenta|0 fnt\n|faint|p2b: Zamazenta\n|\n|-weather|RainDance|[upkeep]\n|-sideend|p1: JLUKES|move: Tailwind\n|upkeep\n|\n|t:|1746058317\n|switch|p2b: Calyrex|Calyrex-Shadow, L50|100/100\n|-ability|p2b: Calyrex|As One\n|-ability|p2b: Calyrex|Unnerve\n|turn|5\n|\n|t:|1746058338\n|move|p1a: Zacian|Protect|p1a: Zacian\n|-singleturn|p1a: Zacian|Protect\n|move|p2a: Tornadus|Tailwind|p2a: Tornadus\n|-sidestart|p2: pashmak|move: Tailwind\n|move|p2b: Calyrex|Astral Barrage|p1a: Zacian|[spread] p1b\n|-activate|p1a: Zacian|move: Protect\n|-damage|p1b: Tornadus|42/100\n|move|p1b: Tornadus|Bleakwind Storm|p2b: Calyrex|[spread] p2a,p2b\n|-damage|p2a: Tornadus|0 fnt\n|-damage|p2b: Calyrex|71/100\n|faint|p2a: Tornadus\n|\n|-weather|RainDance|[upkeep]\n|upkeep\n|\n|t:|1746058342\n|switch|p2a: Urshifu|Urshifu-Rapid-Strike, L50, F|100/100\n|turn|6\n|inactive|JLUKES has 30 seconds left.\n|\n|t:|1746058374\n|move|p2a: Urshifu|Aqua Jet|p1b: Tornadus\n|-damage|p1b: Tornadus|5/100\n|move|p1b: Tornadus|Tailwind|p1b: Tornadus\n|-sidestart|p1: JLUKES|move: Tailwind\n|move|p2b: Calyrex|Astral Barrage|p1b: Tornadus|[spread] p1a,p1b\n|-damage|p1a: Zacian|0 fnt\n|-damage|p1b: Tornadus|0 fnt\n|faint|p1a: Zacian\n|faint|p1b: Tornadus\n|-ability|p2b: Calyrex|Grim Neigh|boost\n|-boost|p2b: Calyrex|spa|2\n|\n|-weather|none\n|upkeep\n|\n|t:|1746058381\n|switch|p1a: Koraidon|Koraidon, L50, tera:Fire|37/100\n|-weather|SunnyDay|[from] ability: Orichalcum Pulse|[of] p1a: Koraidon\n|-activate|p1a: Koraidon|Orichalcum Pulse|[source]\n|turn|7\n|\n|t:|1746058387\n|move|p2b: Calyrex|Astral Barrage|p1a: Koraidon\n|-damage|p1a: Koraidon|0 fnt\n|faint|p1a: Koraidon\n|\n|win|pashmak\n||pashmak is ready for game 3.\n|l|\u2606pashmak\n|player|p2|\n||JLUKES is ready for game 3.\n|uhtml|next|Next: <a href=\"/battle-gen9vgc2025regibo3-2354332295\"><strong>Game 3 of 3</strong></a>\n|l| bl4ze4444\n", "uploadtime": 1746058763, "views": 7, "formatid": "gen9vgc2025regibo3", "rating": null, "private": 0, "password": null}