{"id": "gen9vgc2025regibo3-2353641803", "format": "[Gen 9] VGC 2025 Reg I (Bo3)", "players": ["tatsur0u", "d_malicious"], "log": "|j|\u2606tatsur0u\n|j|\u2606d_malicious\n|html|<table width=\"100%\"><tr><td align=\"left\">tatsur0u</td><td align=\"right\">d_malicious</tr><tr><td align=\"left\"><i class=\"fa fa-circle\"></i> <i class=\"fa fa-circle-o\"></i> </td><td align=\"right\"><i class=\"fa fa-circle-o\"></i> <i class=\"fa fa-circle-o\"></i> </tr></table>\n|uhtml|bestof|<h2><strong>Game 2</strong> of <a href=\"/game-bestof3-gen9vgc2025regibo3-2353640156\">a best-of-3</a></h2>\n|t:|1745977994\n|gametype|doubles\n|player|p1|tatsur0u|266|1309\n|player|p2|d_malicious|170|1211\n|teamsize|p1|6\n|teamsize|p2|6\n|gen|9\n|tier|[Gen 9] VGC 2025 Reg I (Bo3)\n|rated|\n|rule|Species Clause: Limit one of each Pok\u00e9mon\n|rule|Item Clause: Limit 1 of each item\n|clearpoke\n|poke|p1|Calyrex-Shadow, L50|\n|poke|p1|Zamazenta-*, L50|\n|poke|p1|Ogerpon-Hearthflame, L50, F|\n|poke|p1|Raging Bolt, L50|\n|poke|p1|Ting-Lu, L50|\n|poke|p1|Dondozo, L50, M|\n|poke|p2|Koraidon, L50|\n|poke|p2|Flutter Mane, L50|\n|poke|p2|Brute Bonnet, L50|\n|poke|p2|Chi-Yu, L50|\n|poke|p2|Ogerpon-Cornerstone, L50, F|\n|poke|p2|Lunala, L50|\n|teampreview|4\n|showteam|p1|Calyrex-Shadow||FocusSash|AsOneSpectrier|AstralBarrage,Psychic,PollenPuff,Protect||||||50|,,,,,Ghost]Zamazenta-Crowned||RustedShield|DauntlessShield|BodyPress,behemothbash,WideGuard,Protect||||||50|,,,,,Dragon]Ogerpon-Hearthflame||HearthflameMask|MoldBreaker|IvyCudgel,WoodHammer,FollowMe,SpikyShield|||F|||50|,,,,,Fire]Raging Bolt||AssaultVest|Protosynthesis|Thunderclap,Thunderbolt,Electroweb,DracoMeteor||||||50|,,,,,Fairy]Ting-Lu||FigyBerry|VesselofRuin|Ruination,ThroatChop,SandTomb,Protect||||||50|,,,,,Water]Dondozo||Leftovers|Unaware|WaveCrash,Yawn,Protect,Fissure|||M|||50|,,,,,Poison\n|showteam|p2|Koraidon||LifeOrb|OrichalcumPulse|CloseCombat,FlareBlitz,FlameCharge,Protect||||||50|,,,,,Fire]Flutter Mane||FocusSash|Protosynthesis|Moonblast,ShadowBall,IcyWind,Protect||||||50|,,,,,Normal]Brute Bonnet||CovertCloak|Protosynthesis|SeedBomb,SuckerPunch,Spore,RagePowder||||||50|,,,,,Water]Chi-Yu||ChoiceScarf|BeadsofRuin|HeatWave,Flamethrower,DarkPulse,Snarl||||||50|,,,,,Ghost]Ogerpon-Cornerstone||CornerstoneMask|Sturdy|SpikyShield,IvyCudgel,Taunt,FollowMe|||F|||50|,,,,,Rock]Lunala||PowerHerb|ShadowShield|MoongeistBeam,MeteorBeam,WideGuard,TrickRoom||||||50|,,,,,Water\n|inactive|Battle timer is ON: inactive players will automatically lose when time's up. (requested by tatsur0u)\n|\n|t:|1745978009\n|start\n|switch|p1a: Ogerpon|Ogerpon-Hearthflame, L50, F|100/100\n|switch|p1b: Ting-Lu|Ting-Lu, L50|100/100\n|switch|p2a: Brute Bonnet|Brute Bonnet, L50|100/100\n|switch|p2b: Lunala|Lunala, L50|100/100\n|-ability|p1a: Ogerpon|Mold Breaker\n|-ability|p1b: Ting-Lu|Vessel of Ruin\n|turn|1\n|\n|t:|1745978019\n|move|p2b: Lunala|Meteor Beam||[still]\n|-prepare|p2b: Lunala|Meteor Beam\n|-boost|p2b: Lunala|spa|1\n|-enditem|p2b: Lunala|Power Herb\n|-anim|p2b: Lunala|Meteor Beam|p1a: Ogerpon\n|-supereffective|p1a: Ogerpon\n|-damage|p1a: Ogerpon|10/100\n|move|p1a: Ogerpon|Ivy Cudgel|p2a: Brute Bonnet|[anim] Ivy Cudgel Fire\n|-supereffective|p2a: Brute Bonnet\n|-damage|p2a: Brute Bonnet|9/100\n|move|p2a: Brute Bonnet|Seed Bomb|p1b: Ting-Lu\n|-supereffective|p1b: Ting-Lu\n|-crit|p1b: Ting-Lu\n|-damage|p1b: Ting-Lu|43/100\n|move|p1b: Ting-Lu|Throat Chop|p2b: Lunala\n|-supereffective|p2b: Lunala\n|-crit|p2b: Lunala\n|-damage|p2b: Lunala|25/100\n|-start|p2b: Lunala|Throat Chop|[silent]\n|\n|upkeep\n|turn|2\n|\n|t:|1745978042\n|move|p1a: Ogerpon|Spiky Shield|p1a: Ogerpon\n|-singleturn|p1a: Ogerpon|move: Protect\n|move|p2b: Lunala|Moongeist Beam|p1a: Ogerpon\n|-activate|p1a: Ogerpon|move: Protect\n|move|p2a: Brute Bonnet|Seed Bomb|p1b: Ting-Lu\n|-supereffective|p1b: Ting-Lu\n|-damage|p1b: Ting-Lu|4/100\n|-enditem|p1b: Ting-Lu|Figy Berry|[eat]\n|-heal|p1b: Ting-Lu|37/100|[from] item: Figy Berry\n|move|p1b: Ting-Lu|Sand Tomb|p2a: Brute Bonnet\n|-resisted|p2a: Brute Bonnet\n|-damage|p2a: Brute Bonnet|4/100\n|-activate|p2a: Brute Bonnet|move: Sand Tomb|[of] p1b: Ting-Lu\n|\n|-damage|p2a: Brute Bonnet|0 fnt|[from] move: Sand Tomb|[partiallytrapped]\n|faint|p2a: Brute Bonnet\n|-end|p2a: Brute Bonnet|Protosynthesis|[silent]\n|-end|p2b: Lunala|Throat Chop|[silent]\n|upkeep\n|\n|t:|1745978052\n|switch|p2a: Chi-Yu|Chi-Yu, L50|100/100\n|-ability|p2a: Chi-Yu|Beads of Ruin\n|turn|3\n|\n|t:|1745978065\n|move|p2a: Chi-Yu|Heat Wave|p1a: Ogerpon|[spread] p1a,p1b\n|-damage|p1a: Ogerpon|0 fnt\n|-damage|p1b: Ting-Lu|18/100\n|faint|p1a: Ogerpon\n|move|p2b: Lunala|Moongeist Beam|p1b: Ting-Lu\n|-resisted|p1b: Ting-Lu\n|-damage|p1b: Ting-Lu|0 fnt\n|faint|p1b: Ting-Lu\n|\n|upkeep\n|\n|t:|1745978069\n|switch|p1a: Raging Bolt|Raging Bolt, L50|100/100\n|switch|p1b: Calyrex|Calyrex-Shadow, L50|100/100\n|-ability|p1b: Calyrex|As One\n|-ability|p1b: Calyrex|Unnerve\n|turn|4\n|\n|t:|1745978083\n|move|p1b: Calyrex|Protect|p1b: Calyrex\n|-singleturn|p1b: Calyrex|Protect\n|move|p2b: Lunala|Wide Guard|p2b: Lunala\n|-singleturn|p2b: Lunala|Wide Guard\n|move|p2a: Chi-Yu|Heat Wave|p1a: Raging Bolt|[spread] p1a\n|-activate|p1b: Calyrex|move: Protect\n|-resisted|p1a: Raging Bolt\n|-damage|p1a: Raging Bolt|85/100\n|move|p1a: Raging Bolt|Thunderbolt|p2b: Lunala\n|-damage|p2b: Lunala|0 fnt\n|faint|p2b: Lunala\n|\n|upkeep\n|\n|t:|1745978094\n|switch|p2b: Koraidon|Koraidon, L50|100/100\n|-weather|SunnyDay|[from] ability: Orichalcum Pulse|[of] p2b: Koraidon\n|-activate|p1a: Raging Bolt|ability: Protosynthesis\n|-start|p1a: Raging Bolt|protosynthesisspa\n|-activate|p2b: Koraidon|Orichalcum Pulse|[source]\n|turn|5\n|\n|t:|1745978110\n|-terastallize|p1b: Calyrex|Ghost\n|move|p2b: Koraidon|Protect|p2b: Koraidon\n|-singleturn|p2b: Koraidon|Protect\n|move|p2a: Chi-Yu|Heat Wave|p1a: Raging Bolt|[spread] p1a,p1b\n|-resisted|p1a: Raging Bolt\n|-damage|p1a: Raging Bolt|65/100\n|-damage|p1b: Calyrex|24/100\n|move|p1b: Calyrex|Astral Barrage|p2a: Chi-Yu|[spread] p2a\n|-activate|p2b: Koraidon|move: Protect\n|-resisted|p2a: Chi-Yu\n|-damage|p2a: Chi-Yu|56/100\n|move|p1a: Raging Bolt|Electroweb|p2a: Chi-Yu|[spread] p2a\n|-activate|p2b: Koraidon|move: Protect\n|-crit|p2a: Chi-Yu\n|-damage|p2a: Chi-Yu|3/100\n|-unboost|p2a: Chi-Yu|spe|1\n|\n|-weather|SunnyDay|[upkeep]\n|upkeep\n|turn|6\n|\n|t:|1745978129\n|-terastallize|p2b: Koraidon|Fire\n|move|p1b: Calyrex|Protect|p1b: Calyrex\n|-singleturn|p1b: Calyrex|Protect\n|move|p2b: Koraidon|Flame Charge|p1b: Calyrex\n|-activate|p1b: Calyrex|move: Protect\n|move|p2a: Chi-Yu|Heat Wave|p1b: Calyrex|[spread] \n|-activate|p1b: Calyrex|move: Protect\n|-miss|p2a: Chi-Yu|p1a: Raging Bolt\n|move|p1a: Raging Bolt|Electroweb|p2b: Koraidon|[spread] p2a,p2b\n|-damage|p2a: Chi-Yu|0 fnt\n|-damage|p2b: Koraidon|66/100\n|-unboost|p2b: Koraidon|spe|1\n|faint|p2a: Chi-Yu\n|\n|-weather|SunnyDay|[upkeep]\n|upkeep\n|turn|7\n|l|\u2606d_malicious\n|inactive|d_malicious disconnected and has a minute to reconnect!\n|player|p2|\n|j|\u2606d_malicious\n|inactive|d_malicious reconnected and has 50 seconds left.\n|player|p2|d_malicious|170|\n|-message|d_malicious forfeited.\n|\n|win|tatsur0u\n|raw|tatsur0u's rating: 1309 &rarr; <strong>1324</strong><br />(+15 for winning)\n|raw|d_malicious's rating: 1211 &rarr; <strong>1193</strong><br />(-18 for losing)\n|l|\u2606d_malicious\n|player|p2|\n|j|\u2606d_malicious\n|player|p2|d_malicious|170|\n", "uploadtime": 1745978148, "views": 11, "formatid": "gen9vgc2025regibo3", "rating": 1193, "private": 0, "password": null}