{"id": "gen9vgc2025regibo3-2354630396", "format": "[Gen 9] VGC 2025 Reg I (Bo3)", "players": ["Czacho", "NoBody56"], "log": "|j|\u2606Czacho\n|j|\u2606NoBody56\n|html|<table width=\"100%\"><tr><td align=\"left\">Czacho</td><td align=\"right\">NoBody56</tr><tr><td align=\"left\"><i class=\"fa fa-circle-o\"></i> <i class=\"fa fa-circle-o\"></i> </td><td align=\"right\"><i class=\"fa fa-circle-o\"></i> <i class=\"fa fa-circle-o\"></i> </tr></table>\n|uhtml|bestof|<h2><strong>Game 1</strong> of <a href=\"/game-bestof3-gen9vgc2025regibo3-2354630395\">a best-of-3</a></h2>\n|t:|1746104949\n|gametype|doubles\n|player|p1|Czacho|102|1011\n|player|p2|NoBody56|1|1061\n|teamsize|p1|6\n|teamsize|p2|6\n|gen|9\n|tier|[Gen 9] VGC 2025 Reg I (Bo3)\n|rated|\n|rule|Species Clause: Limit one of each Pok\u00e9mon\n|rule|Item Clause: Limit 1 of each item\n|clearpoke\n|poke|p1|Eternatus, L50|\n|poke|p1|Calyrex-Shadow, L50|\n|poke|p1|Tatsugiri-Stretchy, L50, F|\n|poke|p1|Dondozo, L50, F|\n|poke|p1|Weezing-Galar, L50, M|\n|poke|p1|Tornadus, L50, M|\n|poke|p2|Calyrex-Ice, L50|\n|poke|p2|Farigiraf, L50, M|\n|poke|p2|Ursaluna, L50, F|\n|poke|p2|Flamigo, L50, M|\n|poke|p2|Primarina, L50, F|\n|poke|p2|Skeledirge, L50, F|\n|teampreview|4\n|showteam|p1|Eternatus||PowerHerb|Pressure|DynamaxCannon,Venoshock,Protect,MeteorBeam||||||50|,,,,,Fairy]Calyrex-Shadow||LifeOrb|AsOneSpectrier|TeraBlast,AstralBarrage,Protect,NastyPlot||||||50|,,,,,Fighting]Tatsugiri-Stretchy||ChoiceScarf|Commander|HelpingHand,DracoMeteor,IcyWind,Surf|||F|||50|,,,,,Normal]Dondozo||Leftovers|Unaware|Earthquake,SleepTalk,OrderUp,WaveCrash|||F|||50|,,,,,Grass]Weezing-Galar||CovertCloak|NeutralizingGas|Protect,Flamethrower,ToxicSpikes,PoisonGas|||M|||50|,,,,,Fire]Tornadus||AbilityShield|Prankster|Tailwind,Taunt,Protect,BleakwindStorm|||M|||50|,,,,,Dark\n|showteam|p2|Calyrex-Ice||ClearAmulet|AsOneGlastrier|TrickRoom,GlacialLance,ZenHeadbutt,Protect||||||50|,,,,,Fire]Farigiraf||Leftovers|ArmorTail|TrickRoom,Reflect,LightScreen,Protect|||M|||50|,,,,,Dark]Ursaluna||FlameOrb|Guts|Facade,BrickBreak,HighHorsepower,Protect|||F|||50|,,,,,Ghost]Flamigo||FocusSash|Scrappy|Tailwind,BraveBird,CloseCombat,Detect|||M|||50|,,,,,Flying]Primarina||LifeOrb|Torrent|Moonblast,SparklingAria,CalmMind,Protect|||F|||50|,,,,,Water]Skeledirge||SafetyGoggles|Unaware|EarthPower,TorchSong,ShadowBall,Protect|||F|||50|,,,,,Grass\n|\n|t:|1746105021\n|start\n|switch|p1a: Weezing|Weezing-Galar, L50, M|100/100\n|switch|p1b: Calyrex|Calyrex-Shadow, L50|100/100\n|switch|p2a: Farigiraf|Farigiraf, L50, M|100/100\n|switch|p2b: Calyrex|Calyrex-Ice, L50|100/100\n|-ability|p1a: Weezing|Neutralizing Gas\n|-ability|p1b: Calyrex|As One\n|-ability|p1b: Calyrex|Unnerve\n|-ability|p2b: Calyrex|As One\n|-ability|p2b: Calyrex|Unnerve\n|turn|1\n|\n|t:|1746105054\n|-terastallize|p1b: Calyrex|Fighting\n|move|p2b: Calyrex|Protect|p2b: Calyrex\n|-singleturn|p2b: Calyrex|Protect\n|move|p1b: Calyrex|Tera Blast|p2a: Farigiraf|[anim] Tera Blast Fighting\n|-damage|p2a: Farigiraf|56/100\n|-damage|p1b: Calyrex|91/100|[from] item: Life Orb\n|move|p1a: Weezing|Poison Gas|p2b: Calyrex|[spread] p2a\n|-activate|p2b: Calyrex|move: Protect\n|-status|p2a: Farigiraf|psn\n|move|p2a: Farigiraf|Trick Room|p2a: Farigiraf\n|-fieldstart|move: Trick Room|[of] p2a: Farigiraf\n|\n|-heal|p2a: Farigiraf|62/100 psn|[from] item: Leftovers\n|-damage|p2a: Farigiraf|50/100 psn|[from] psn\n|upkeep\n|turn|2\n|\n|t:|1746105089\n|move|p1b: Calyrex|Protect|p1b: Calyrex\n|-singleturn|p1b: Calyrex|Protect\n|move|p2b: Calyrex|Zen Headbutt|p1b: Calyrex\n|-activate|p1b: Calyrex|move: Protect\n|move|p2a: Farigiraf|Light Screen|p2a: Farigiraf\n|-sidestart|p2: NoBody56|move: Light Screen\n|move|p1a: Weezing|Poison Gas|p2a: Farigiraf|[spread] p2a,p2b\n|-fail|p2a: Farigiraf|psn\n|-status|p2b: Calyrex|psn\n|\n|-heal|p2a: Farigiraf|56/100 psn|[from] item: Leftovers\n|-damage|p2b: Calyrex|88/100 psn|[from] psn\n|-damage|p2a: Farigiraf|44/100 psn|[from] psn\n|upkeep\n|turn|3\n|\n|t:|1746105111\n|move|p2b: Calyrex|Zen Headbutt|p1b: Calyrex|[miss]\n|-miss|p2b: Calyrex|p1b: Calyrex\n|move|p2a: Farigiraf|Reflect|p2a: Farigiraf\n|-sidestart|p2: NoBody56|Reflect\n|move|p1a: Weezing|Toxic Spikes|p2a: Farigiraf\n|-sidestart|p2: NoBody56|move: Toxic Spikes\n|move|p1b: Calyrex|Tera Blast|p2a: Farigiraf|[anim] Tera Blast Fighting\n|-damage|p2a: Farigiraf|17/100 psn\n|-damage|p1b: Calyrex|82/100|[from] item: Life Orb\n|\n|-heal|p2a: Farigiraf|23/100 psn|[from] item: Leftovers\n|-damage|p2b: Calyrex|76/100 psn|[from] psn\n|-damage|p2a: Farigiraf|11/100 psn|[from] psn\n|upkeep\n|turn|4\n|\n|t:|1746105134\n|switch|p2a: Ursaluna|Ursaluna, L50, F|100/100\n|-status|p2a: Ursaluna|psn\n|move|p1b: Calyrex|Protect|p1b: Calyrex\n|-singleturn|p1b: Calyrex|Protect\n|move|p2b: Calyrex|Zen Headbutt|p1b: Calyrex\n|-activate|p1b: Calyrex|move: Protect\n|move|p1a: Weezing|Toxic Spikes|p2b: Calyrex\n|-sidestart|p2: NoBody56|move: Toxic Spikes\n|\n|-damage|p2b: Calyrex|64/100 psn|[from] psn\n|-damage|p2a: Ursaluna|88/100 psn|[from] psn\n|upkeep\n|turn|5\n|\n|t:|1746105181\n|move|p2b: Calyrex|Zen Headbutt|p1b: Calyrex\n|-supereffective|p1b: Calyrex\n|-damage|p1b: Calyrex|0 fnt\n|faint|p1b: Calyrex\n|-ability|p2b: Calyrex|Chilling Neigh|boost\n|-boost|p2b: Calyrex|atk|1\n|move|p2a: Ursaluna|High Horsepower|p1a: Weezing\n|-supereffective|p1a: Weezing\n|-damage|p1a: Weezing|6/100\n|move|p1a: Weezing|Flamethrower|p2b: Calyrex\n|-supereffective|p2b: Calyrex\n|-damage|p2b: Calyrex|47/100 psn\n|\n|-damage|p2b: Calyrex|35/100 psn|[from] psn\n|-damage|p2a: Ursaluna|76/100 psn|[from] psn\n|-fieldend|move: Trick Room\n|upkeep\n|\n|t:|1746105197\n|switch|p1b: Dondozo|Dondozo, L50, F|100/100\n|turn|6\n|\n|t:|1746105228\n|-end|p1a: Weezing|ability: Neutralizing Gas\n|switch|p1a: Tatsugiri|Tatsugiri-Stretchy, L50, F, shiny|100/100\n|-activate|p1a: Tatsugiri|ability: Commander|[of] p1b: Dondozo\n|-boost|p1b: Dondozo|atk|2\n|-boost|p1b: Dondozo|spa|2\n|-boost|p1b: Dondozo|spe|2\n|-boost|p1b: Dondozo|def|2\n|-boost|p1b: Dondozo|spd|2\n|move|p1b: Dondozo|Earthquake|p2b: Calyrex|[spread] p2a,p2b\n|-miss|p1b: Dondozo|p1a: Tatsugiri\n|-damage|p2a: Ursaluna|54/100 psn\n|-damage|p2b: Calyrex|21/100 psn\n|move|p2a: Ursaluna|Facade|p1b: Dondozo\n|-damage|p1b: Dondozo|62/100\n|move|p2b: Calyrex|Trick Room|p2b: Calyrex\n|-fieldstart|move: Trick Room|[of] p2b: Calyrex\n|\n|-heal|p1b: Dondozo|68/100|[from] item: Leftovers\n|-damage|p2b: Calyrex|9/100 psn|[from] psn\n|-damage|p2a: Ursaluna|41/100 psn|[from] psn\n|-sideend|p2: NoBody56|move: Light Screen\n|upkeep\n|turn|7\n|\n|t:|1746105265\n|move|p2b: Calyrex|Zen Headbutt|p1b: Dondozo\n|-damage|p1b: Dondozo|55/100\n|move|p2a: Ursaluna|Facade|p1b: Dondozo\n|-damage|p1b: Dondozo|11/100\n|move|p1b: Dondozo|Order Up|p2a: Ursaluna\n|-damage|p2a: Ursaluna|18/100 psn\n|-boost|p1b: Dondozo|spe|1\n|\n|-heal|p1b: Dondozo|17/100|[from] item: Leftovers\n|-damage|p2b: Calyrex|0 fnt|[from] psn\n|faint|p2b: Calyrex\n|-damage|p2a: Ursaluna|6/100 psn|[from] psn\n|-sideend|p2: NoBody56|Reflect\n|upkeep\n|\n|t:|1746105283\n|switch|p2b: Flamigo|Flamigo, L50, M|100/100\n|turn|8\n|\n|t:|1746105308\n|move|p2b: Flamigo|Detect|p2b: Flamigo\n|-singleturn|p2b: Flamigo|Protect\n|move|p2a: Ursaluna|Facade|p1b: Dondozo\n|-damage|p1b: Dondozo|0 fnt\n|faint|p1b: Dondozo\n|\n|-damage|p2a: Ursaluna|0 fnt|[from] psn\n|faint|p2a: Ursaluna\n|upkeep\n|\n|t:|1746105322\n|switch|p1b: Weezing|Weezing-Galar, L50, M|6/100\n|switch|p2a: Farigiraf|Farigiraf, L50, M|11/100 psn\n|-ability|p1b: Weezing|Neutralizing Gas\n|turn|9\n|\n|t:|1746105358\n|-terastallize|p2b: Flamigo|Flying\n|move|p1b: Weezing|Poison Gas|p2a: Farigiraf|[spread] p2a,p2b\n|-fail|p2a: Farigiraf|psn\n|-status|p2b: Flamigo|psn\n|move|p2b: Flamigo|Brave Bird|p1a: Tatsugiri\n|-damage|p1a: Tatsugiri|0 fnt\n|faint|p1a: Tatsugiri\n|-damage|p2b: Flamigo|71/100 psn|[from] Recoil\n|move|p2a: Farigiraf|Trick Room|p2a: Farigiraf\n|-fieldend|move: Trick Room\n|\n|-heal|p2a: Farigiraf|17/100 psn|[from] item: Leftovers\n|-damage|p2b: Flamigo|58/100 psn|[from] psn\n|-damage|p2a: Farigiraf|5/100 psn|[from] psn\n|upkeep\n|turn|10\n|\n|t:|1746105383\n|move|p1b: Weezing|Protect|p1b: Weezing\n|-singleturn|p1b: Weezing|Protect\n|move|p2b: Flamigo|Brave Bird|p1b: Weezing\n|-activate|p1b: Weezing|move: Protect\n|move|p2a: Farigiraf|Light Screen|p2a: Farigiraf\n|-sidestart|p2: NoBody56|move: Light Screen\n|\n|-heal|p2a: Farigiraf|11/100 psn|[from] item: Leftovers\n|-damage|p2b: Flamigo|46/100 psn|[from] psn\n|-damage|p2a: Farigiraf|0 fnt|[from] psn\n|faint|p2a: Farigiraf\n|upkeep\n|turn|11\n|\n|t:|1746105397\n|move|p1b: Weezing|Protect||[still]\n|-fail|p1b: Weezing\n|move|p2b: Flamigo|Brave Bird|p1b: Weezing\n|-damage|p1b: Weezing|0 fnt\n|faint|p1b: Weezing\n|-end|p1b: Weezing|ability: Neutralizing Gas\n|-damage|p2b: Flamigo|44/100 psn|[from] Recoil\n|\n|win|NoBody56\n||Czacho is ready for game 2.\n|inactive|NoBody56 has 30 seconds to confirm battle start!\n|inactive|NoBody56 has 20 seconds to confirm battle start!\n|inactive|NoBody56 has 10 seconds to confirm battle start!\n|l|\u2606NoBody56\n|player|p2|\n|uhtml|next|Next: <a href=\"/battle-gen9vgc2025regibo3-2354634734\"><strong>Game 2 of 3</strong></a>\n|l|\u2606Czacho\n|player|p1|\n", "uploadtime": 1746105767, "views": 6, "formatid": "gen9vgc2025regibo3", "rating": null, "private": 0, "password": null}