{"id": "gen9vgc2025regibo3-2354456005", "format": "[Gen 9] VGC 2025 Reg I (Bo3)", "players": ["bigj009", "TheParasectKing"], "log": "|j|\u2606bigj009\n|j|\u2606TheParasectKing\n|html|<table width=\"100%\"><tr><td align=\"left\">bigj009</td><td align=\"right\">TheParasectKing</tr><tr><td align=\"left\"><i class=\"fa fa-circle-o\"></i> <i class=\"fa fa-circle-o\"></i> </td><td align=\"right\"><i class=\"fa fa-circle-o\"></i> <i class=\"fa fa-circle\"></i> </tr></table>\n|uhtml|bestof|<h2><strong>Game 2</strong> of <a href=\"/game-bestof3-gen9vgc2025regibo3-2354455083\">a best-of-3</a></h2>\n|t:|1746074304\n|gametype|doubles\n|player|p1|bigj009|lucas|1105\n|player|p2|TheParasectKing|acetrainer-gen4dp|1128\n|teamsize|p1|6\n|teamsize|p2|6\n|gen|9\n|tier|[Gen 9] VGC 2025 Reg I (Bo3)\n|rated|\n|rule|Species Clause: Limit one of each Pok\u00e9mon\n|rule|Item Clause: Limit 1 of each item\n|clearpoke\n|poke|p1|Calyrex-Ice, L50|\n|poke|p1|Kyogre, L50|\n|poke|p1|Smeargle, L50, M|\n|poke|p1|Whimsicott, L50, M|\n|poke|p1|Indeedee-F, L50, F|\n|poke|p1|Iron Treads, L50|\n|poke|p2|Koraidon, L50|\n|poke|p2|Tornadus, L50, M|\n|poke|p2|Flutter Mane, L50|\n|poke|p2|Zacian-*, L50|\n|poke|p2|Chi-Yu, L50|\n|poke|p2|Walking Wake, L50|\n|teampreview|4\n|showteam|p1|Calyrex-Ice||LifeOrb|AsOneGlastrier|GlacialLance,HighHorsepower,Protect,TrickRoom||||||50|,,,,,Water]Kyogre||ChoiceScarf|Drizzle|WaterSpout,TeraBlast,IceBeam,Thunder||||||50|,,,,,Water]Smeargle||FocusSash|OwnTempo|FakeOut,Spore,Feint,FollowMe|||M|||50|,,,,,Ghost]Whimsicott||CovertCloak|Prankster|Tailwind,Moonblast,Encore,CottonSpore|||M|||50|,,,,,Dark]Indeedee-F||SafetyGoggles|PsychicSurge|FollowMe,TrickRoom,HelpingHand,Psychic|||F|||50|,,,,,Water]Iron Treads||BoosterEnergy|QuarkDrive|HighHorsepower,MetalSound,ScaryFace,IronHead||||||50|,,,,,Fire\n|showteam|p2|Koraidon||ClearAmulet|OrichalcumPulse|CloseCombat,FlareBlitz,FlameCharge,Protect||||||50|,,,,,Fire]Tornadus||CovertCloak|Prankster|Tailwind,BleakwindStorm,SunnyDay,Protect|||M|||50|,,,,,Dark]Flutter Mane||ChoiceSpecs|Protosynthesis|Moonblast,ShadowBall,DazzlingGleam,Thunderbolt||||||50|,,,,,Dark]Zacian-Crowned||RustedSword|IntrepidSword|behemothblade,PlayRough,SacredSword,Protect||||||50|,,,,,Water]Chi-Yu||FocusSash|BeadsofRuin|HeatWave,DarkPulse,Taunt,Protect||||||50|,,,,,Ghost]Walking Wake||ChoiceScarf|Protosynthesis|HydroSteam,DragonPulse,Snarl,FlipTurn||||||50|,,,,,Grass\n|inactive|Battle timer is ON: inactive players will automatically lose when time's up. (requested by TheParasectKing)\n|inactive|TheParasectKing has 60 seconds left.\n|\n|t:|1746074339\n|start\n|switch|p1a: Smeargle|Smeargle, L50, M|100/100\n|switch|p1b: Kyogre|Kyogre, L50|100/100\n|switch|p2a: Flutter Mane|Flutter Mane, L50|100/100\n|switch|p2b: Chi-Yu|Chi-Yu, L50|100/100\n|-weather|RainDance|[from] ability: Drizzle|[of] p1b: Kyogre\n|-ability|p2b: Chi-Yu|Beads of Ruin\n|turn|1\n|inactive|bigj009 has 30 seconds left.\n|inactive|bigj009 has 20 seconds left.\n|inactive|bigj009 has 15 seconds left.\n|inactive|bigj009 has 10 seconds left.\n|inactive|bigj009 has 5 seconds left.\n|\n|t:|1746074389\n|switch|p2b: Koraidon|Koraidon, L50|100/100\n|-weather|SunnyDay|[from] ability: Orichalcum Pulse|[of] p2b: Koraidon\n|-activate|p2a: Flutter Mane|ability: Protosynthesis\n|-start|p2a: Flutter Mane|protosynthesisspe\n|-activate|p2b: Koraidon|Orichalcum Pulse|[source]\n|-terastallize|p1b: Kyogre|Water\n|move|p1a: Smeargle|Fake Out|p2b: Koraidon\n|-damage|p2b: Koraidon|95/100\n|move|p2a: Flutter Mane|Dazzling Gleam|p1b: Kyogre|[spread] p1a,p1b\n|-damage|p1a: Smeargle|17/100\n|-damage|p1b: Kyogre|67/100\n|move|p1b: Kyogre|Water Spout|p2a: Flutter Mane|[spread] p2a,p2b\n|-resisted|p2b: Koraidon\n|-damage|p2a: Flutter Mane|71/100\n|-damage|p2b: Koraidon|82/100\n|\n|-weather|SunnyDay|[upkeep]\n|upkeep\n|turn|2\n|inactive|TheParasectKing has 30 seconds left.\n|\n|t:|1746074415\n|switch|p1b: Indeedee|Indeedee-F, L50, F|100/100\n|-fieldstart|move: Psychic Terrain|[from] ability: Psychic Surge|[of] p1b: Indeedee\n|move|p1a: Smeargle|Follow Me|p1a: Smeargle\n|-singleturn|p1a: Smeargle|move: Follow Me\n|move|p2a: Flutter Mane|Dazzling Gleam|p1b: Indeedee|[spread] p1a,p1b\n|-damage|p1a: Smeargle|0 fnt\n|-damage|p1b: Indeedee|56/100\n|faint|p1a: Smeargle\n|move|p2b: Koraidon|Flame Charge|p1b: Indeedee\n|-damage|p1b: Indeedee|2/100\n|-boost|p2b: Koraidon|spe|1\n|\n|-weather|SunnyDay|[upkeep]\n|upkeep\n|\n|t:|1746074420\n|switch|p1a: Calyrex|Calyrex-Ice, L50|100/100\n|-ability|p1a: Calyrex|As One\n|-ability|p1a: Calyrex|Unnerve\n|turn|3\n|\n|t:|1746074430\n|switch|p1b: Kyogre|Kyogre, L50, tera:Water|67/100\n|-weather|RainDance|[from] ability: Drizzle|[of] p1b: Kyogre\n|-end|p2a: Flutter Mane|Protosynthesis\n|-terastallize|p2b: Koraidon|Fire\n|move|p2b: Koraidon|Flare Blitz|p1a: Calyrex\n|-supereffective|p1a: Calyrex\n|-damage|p1a: Calyrex|62/100\n|-damage|p2b: Koraidon|67/100|[from] Recoil\n|move|p2a: Flutter Mane|Dazzling Gleam|p1a: Calyrex|[spread] p1a,p1b\n|-damage|p1a: Calyrex|33/100\n|-damage|p1b: Kyogre|30/100\n|move|p1a: Calyrex|Trick Room|p1a: Calyrex\n|-fieldstart|move: Trick Room|[of] p1a: Calyrex\n|\n|-weather|RainDance|[upkeep]\n|upkeep\n|turn|4\n|inactive|bigj009 has 30 seconds left.\n|\n|t:|1746074456\n|switch|p1b: Indeedee|Indeedee-F, L50, F|2/100\n|move|p2b: Koraidon|Protect|p2b: Koraidon\n|-singleturn|p2b: Koraidon|Protect\n|move|p1a: Calyrex|High Horsepower|p2b: Koraidon\n|-activate|p2b: Koraidon|move: Protect\n|move|p2a: Flutter Mane|Dazzling Gleam|p1a: Calyrex|[spread] p1a,p1b\n|-damage|p1a: Calyrex|2/100\n|-damage|p1b: Indeedee|0 fnt\n|faint|p1b: Indeedee\n|\n|-weather|RainDance|[upkeep]\n|upkeep\n|\n|t:|1746074461\n|switch|p1b: Kyogre|Kyogre, L50, tera:Water|30/100\n|turn|5\n|\n|t:|1746074466\n|switch|p2b: Walking Wake|Walking Wake, L50|100/100\n|move|p1a: Calyrex|Glacial Lance|p2a: Flutter Mane|[spread] p2a,p2b\n|-damage|p2a: Flutter Mane|0 fnt\n|-damage|p2b: Walking Wake|20/100\n|faint|p2a: Flutter Mane\n|-end|p2a: Flutter Mane|Protosynthesis|[silent]\n|-ability|p1a: Calyrex|Chilling Neigh|boost\n|-boost|p1a: Calyrex|atk|1\n|-damage|p1a: Calyrex|0 fnt|[from] item: Life Orb\n|faint|p1a: Calyrex\n|move|p1b: Kyogre|Tera Blast|p2b: Walking Wake|[anim] Tera Blast Water\n|-resisted|p2b: Walking Wake\n|-damage|p2b: Walking Wake|0 fnt\n|faint|p2b: Walking Wake\n|-end|p2b: Walking Wake|Protosynthesis|[silent]\n|\n|-weather|RainDance|[upkeep]\n|upkeep\n|\n|t:|1746074469\n|switch|p2b: Koraidon|Koraidon, L50, tera:Fire|67/100\n|switch|p2a: Chi-Yu|Chi-Yu, L50|100/100\n|-ability|p2a: Chi-Yu|Beads of Ruin\n|-weather|SunnyDay|[from] ability: Orichalcum Pulse|[of] p2b: Koraidon\n|-activate|p2b: Koraidon|Orichalcum Pulse|[source]\n|turn|6\n|-message|bigj009 forfeited.\n|\n|win|TheParasectKing\n|raw|bigj009's rating: 1105 &rarr; <strong>1082</strong><br />(-23 for losing)\n|raw|TheParasectKing's rating: 1128 &rarr; <strong>1151</strong><br />(+23 for winning)\n|l|\u2606bigj009\n|player|p1|\n", "uploadtime": 1746074481, "views": 14, "formatid": "gen9vgc2025regibo3", "rating": 1082, "private": 0, "password": null}