{"id": "gen9vgc2025regibo3-2354877128", "format": "[Gen 9] VGC 2025 Reg I (Bo3)", "players": ["zzzaap", "SunnySleepy"], "log": "|j|\u2606zzzaap\n|j|\u2606SunnySleepy\n|html|<table width=\"100%\"><tr><td align=\"left\">zzzaap</td><td align=\"right\">SunnySleepy</tr><tr><td align=\"left\"><i class=\"fa fa-circle-o\"></i> <i class=\"fa fa-circle-o\"></i> </td><td align=\"right\"><i class=\"fa fa-circle-o\"></i> <i class=\"fa fa-circle-o\"></i> </tr></table>\n|uhtml|bestof|<h2><strong>Game 1</strong> of <a href=\"/game-bestof3-gen9vgc2025regibo3-2354877127\">a best-of-3</a></h2>\n|t:|1746127671\n|gametype|doubles\n|player|p1|zzzaap|sailor|1078\n|player|p2|SunnySleepy|102|1096\n|teamsize|p1|6\n|teamsize|p2|6\n|gen|9\n|tier|[Gen 9] VGC 2025 Reg I (Bo3)\n|rated|\n|rule|Species Clause: Limit one of each Pok\u00e9mon\n|rule|Item Clause: Limit 1 of each item\n|clearpoke\n|poke|p1|Landorus, L50, M|\n|poke|p1|Terapagos, L50, M|\n|poke|p1|Ogerpon-Hearthflame, L50, F|\n|poke|p1|Calyrex-Shadow, L50|\n|poke|p1|Rillaboom, L50, F|\n|poke|p1|Incineroar, L50, F|\n|poke|p2|Necrozma-Dawn-Wings, L50|\n|poke|p2|Calyrex-Ice, L50|\n|poke|p2|Ursaluna, L50, M|\n|poke|p2|Torkoal, L50, M|\n|poke|p2|Clefairy, L50, F|\n|poke|p2|Iron Hands, L50|\n|teampreview|4\n|showteam|p1|Landorus||ChoiceScarf|SheerForce|EarthPower,SludgeBomb,SandsearStorm,Uturn|||M|||50|,,,,,Poison]Terapagos||LifeOrb|TeraShift|TeraStarstorm,DazzlingGleam,EarthPower,Protect|||M|||50|,,,,,Stellar]Ogerpon-Hearthflame||HearthflameMask|MoldBreaker|FollowMe,SpikyShield,IvyCudgel,StompingTantrum|||F|||50|,,,,,Fire]Calyrex-Shadow||GrassySeed|AsOneSpectrier|GigaDrain,AstralBarrage,Protect,Encore||||||50|,,,,,Grass]Rillaboom||AssaultVest|GrassySurge|FakeOut,WoodHammer,GrassyGlide,Uturn|||F|||50|,,,,,Fire]Incineroar||SafetyGoggles|Intimidate|FakeOut,FlareBlitz,KnockOff,PartingShot|||F|||50|,,,,,Ghost\n|showteam|p2|Necrozma-Dawn-Wings||PowerHerb|PrismArmor|MoongeistBeam,MeteorBeam,TrickRoom,Protect||||||50|,,,,,Water]Calyrex-Ice||ClearAmulet|AsOneGlastrier|GlacialLance,HighHorsepower,TrickRoom,Protect||||||50|,,,,,Fire]Ursaluna||FlameOrb|Guts|Facade,Protect,HighHorsepower,Earthquake|||M|||50|,,,,,Normal]Torkoal||Charcoal|Drought|Eruption,EarthPower,Protect,HelpingHand|||M|||50|,,,,,Fire]Clefairy||Eviolite|FriendGuard|HealPulse,AlluringVoice,FollowMe,HelpingHand|||F|||50|,,,,,Grass]Iron Hands||AssaultVest|QuarkDrive|FakeOut,DrainPunch,WildCharge,HeavySlam||||||50|,,,,,Fighting\n|inactive|Battle timer is ON: inactive players will automatically lose when time's up. (requested by SunnySleepy)\n|\n|t:|1746127710\n|start\n|switch|p1a: Landorus|Landorus, L50, M|100/100\n|switch|p1b: Incineroar|Incineroar, L50, F|100/100\n|switch|p2a: Necrozma|Necrozma-Dawn-Wings, L50|100/100\n|switch|p2b: Calyrex|Calyrex-Ice, L50|100/100\n|-ability|p2b: Calyrex|As One\n|-ability|p2b: Calyrex|Unnerve\n|-ability|p1b: Incineroar|Intimidate|boost\n|-unboost|p2a: Necrozma|atk|1\n|-fail|p2b: Calyrex|unboost|[from] item: Clear Amulet|[of] p2b: Calyrex\n|turn|1\n|inactive|zzzaap has 30 seconds left.\n|inactive|zzzaap has 20 seconds left.\n|\n|t:|1746127750\n|-terastallize|p1a: Landorus|Poison\n|move|p2b: Calyrex|Protect|p2b: Calyrex\n|-singleturn|p2b: Calyrex|Protect\n|move|p1a: Landorus|Sandsear Storm|p2b: Calyrex|[spread] p2a\n|-activate|p2b: Calyrex|move: Protect\n|-damage|p2a: Necrozma|70/100\n|move|p2a: Necrozma|Meteor Beam||[still]\n|-prepare|p2a: Necrozma|Meteor Beam\n|-boost|p2a: Necrozma|spa|1\n|-enditem|p2a: Necrozma|Power Herb\n|-anim|p2a: Necrozma|Meteor Beam|p1b: Incineroar\n|-supereffective|p1b: Incineroar\n|-damage|p1b: Incineroar|0 fnt\n|faint|p1b: Incineroar\n|\n|upkeep\n|inactive|zzzaap has 30 seconds left.\n|\n|t:|1746127780\n|switch|p1b: Calyrex|Calyrex-Shadow, L50|100/100\n|-ability|p1b: Calyrex|As One\n|-ability|p1b: Calyrex|Unnerve\n|turn|2\n|\n|t:|1746127802\n|switch|p2b: Ursaluna|Ursaluna, L50, M|100/100\n|-terastallize|p2a: Necrozma|Water\n|move|p1a: Landorus|Sandsear Storm|p2b: Ursaluna|[spread] p2a,p2b\n|-damage|p2a: Necrozma|40/100\n|-damage|p2b: Ursaluna|63/100\n|move|p1b: Calyrex|Astral Barrage|p2a: Necrozma|[spread] p2a\n|-immune|p2b: Ursaluna\n|-damage|p2a: Necrozma|5/100\n|move|p2a: Necrozma|Trick Room|p2a: Necrozma\n|-fieldstart|move: Trick Room|[of] p2a: Necrozma\n|\n|-status|p2b: Ursaluna|brn|[from] item: Flame Orb\n|upkeep\n|turn|3\n|inactive|zzzaap has 30 seconds left.\n|inactive|SunnySleepy has 30 seconds left.\n|inactive|zzzaap has 20 seconds left.\n|\n|t:|1746127839\n|switch|p1a: Terapagos|Terapagos, L50, M|100/100\n|-activate|p1a: Terapagos|ability: Tera Shift\n|detailschange|p1a: Terapagos|Terapagos-Terastal, L50, M\n|-heal|p1a: Terapagos|100/100|[silent]\n|move|p2b: Ursaluna|Facade|p1a: Terapagos\n|-activate|p1a: Terapagos|ability: Tera Shell\n|-resisted|p1a: Terapagos\n|-damage|p1a: Terapagos|50/100\n|move|p2a: Necrozma|Meteor Beam||[still]\n|-prepare|p2a: Necrozma|Meteor Beam\n|-boost|p2a: Necrozma|spa|1\n|move|p1b: Calyrex|Giga Drain|p2b: Ursaluna\n|-supereffective|p2b: Ursaluna\n|-damage|p2b: Ursaluna|14/100 brn\n|\n|-damage|p2b: Ursaluna|9/100 brn|[from] brn\n|upkeep\n|turn|4\n|inactive|SunnySleepy has 30 seconds left.\n|\n|t:|1746127868\n|move|p1a: Terapagos|Protect|p1a: Terapagos\n|-singleturn|p1a: Terapagos|Protect\n|move|p1b: Calyrex|Protect|p1b: Calyrex\n|-singleturn|p1b: Calyrex|Protect\n|move|p2b: Ursaluna|Facade|p1a: Terapagos\n|-activate|p1a: Terapagos|move: Protect\n|move|p2a: Necrozma|Meteor Beam|p1a: Terapagos|[from] lockedmove\n|-activate|p1a: Terapagos|move: Protect\n|\n|-damage|p2b: Ursaluna|3/100 brn|[from] brn\n|upkeep\n|turn|5\n|\n|t:|1746127885\n|switch|p1b: Landorus|Landorus, L50, M, tera:Poison|100/100\n|move|p2b: Ursaluna|Facade|p1a: Terapagos\n|-damage|p1a: Terapagos|0 fnt\n|faint|p1a: Terapagos\n|move|p2a: Necrozma|Moongeist Beam|p1b: Landorus\n|-damage|p1b: Landorus|0 fnt\n|faint|p1b: Landorus\n|\n|-damage|p2b: Ursaluna|0 fnt|[from] brn\n|faint|p2b: Ursaluna\n|upkeep\n|\n|t:|1746127898\n|switch|p2b: Calyrex|Calyrex-Ice, L50|100/100\n|switch|p1b: Calyrex|Calyrex-Shadow, L50|100/100\n|-ability|p2b: Calyrex|As One\n|-ability|p2b: Calyrex|Unnerve\n|-ability|p1b: Calyrex|As One\n|-ability|p1b: Calyrex|Unnerve\n|turn|6\n|\n|t:|1746127909\n|move|p1b: Calyrex|Protect|p1b: Calyrex\n|-singleturn|p1b: Calyrex|Protect\n|move|p2b: Calyrex|Trick Room|p2b: Calyrex\n|-fieldend|move: Trick Room\n|move|p2a: Necrozma|Trick Room|p2a: Necrozma\n|-fieldstart|move: Trick Room|[of] p2a: Necrozma\n|\n|upkeep\n|turn|7\n|\n|t:|1746127934\n|move|p2b: Calyrex|Glacial Lance|p1b: Calyrex\n|-damage|p1b: Calyrex|29/100\n|move|p2a: Necrozma|Moongeist Beam|p1b: Calyrex\n|-supereffective|p1b: Calyrex\n|-damage|p1b: Calyrex|0 fnt\n|faint|p1b: Calyrex\n|\n|win|SunnySleepy\n||zzzaap is ready for game 2.\n|inactive|SunnySleepy has 30 seconds to confirm battle start!\n||SunnySleepy is ready for game 2.\n|uhtml|next|Next: <a href=\"/battle-gen9vgc2025regibo3-2354880005\"><strong>Game 2 of 3</strong></a>\n|l|\u2606zzzaap\n|player|p1|\n", "uploadtime": 1746127942, "views": 12, "formatid": "gen9vgc2025regibo3", "rating": null, "private": 0, "password": null}