{"id": "gen9vgc2025regibo3-2353598093", "format": "[Gen 9] VGC 2025 Reg I (Bo3)", "players": ["haxtreeme", "d_malicious"], "log": "|j|\u2606haxtreeme\n|j|\u2606d_malicious\n|html|<table width=\"100%\"><tr><td align=\"left\">haxtreeme</td><td align=\"right\">d_malicious</tr><tr><td align=\"left\"><i class=\"fa fa-circle-o\"></i> <i class=\"fa fa-circle-o\"></i> </td><td align=\"right\"><i class=\"fa fa-circle-o\"></i> <i class=\"fa fa-circle-o\"></i> </tr></table>\n|uhtml|bestof|<h2><strong>Game 1</strong> of <a href=\"/game-bestof3-gen9vgc2025regibo3-2353598092\">a best-of-3</a></h2>\n|t:|1745972786\n|gametype|doubles\n|player|p1|haxtreeme|169|1215\n|player|p2|d_malicious|170|1196\n|teamsize|p1|6\n|teamsize|p2|6\n|gen|9\n|tier|[Gen 9] VGC 2025 Reg I (Bo3)\n|rated|\n|rule|Species Clause: Limit one of each Pok\u00e9mon\n|rule|Item Clause: Limit 1 of each item\n|clearpoke\n|poke|p1|Miraidon, L50|\n|poke|p1|Whimsicott, L50, M|\n|poke|p1|Ogerpon-Hearthflame, L50, F|\n|poke|p1|Zamazenta-*, L50|\n|poke|p1|Chien-Pao, L50|\n|poke|p1|Urshifu-*, L50, F|\n|poke|p2|Koraidon, L50|\n|poke|p2|Flutter Mane, L50|\n|poke|p2|Brute Bonnet, L50|\n|poke|p2|Chi-Yu, L50|\n|poke|p2|Ogerpon-Cornerstone, L50, F|\n|poke|p2|Lunala, L50|\n|teampreview|4\n|showteam|p1|Miraidon||ChoiceSpecs|HadronEngine|ElectroDrift,VoltSwitch,DracoMeteor,DazzlingGleam||||||50|,,,,,Fairy]Whimsicott||CovertCloak|Prankster|Tailwind,Moonblast,Encore,LightScreen|||M|||50|,,,,,Normal]Ogerpon-Hearthflame||HearthflameMask|MoldBreaker|IvyCudgel,FocusEnergy,SpikyShield,FollowMe|||F|||50|,,,,,Fire]Zamazenta-Crowned||RustedShield|DauntlessShield|BodyPress,behemothbash,WideGuard,Protect||||||50|,,,,,Dragon]Chien-Pao||FocusSash|SwordofRuin|IcicleCrash,SuckerPunch,Protect,ThroatChop||||||50|,,,,,Ghost]Urshifu-Rapid-Strike||MysticWater|UnseenFist|SurgingStrikes,CloseCombat,Detect,AquaJet|||F|||50|,,,,,Stellar\n|showteam|p2|Koraidon||LifeOrb|OrichalcumPulse|CloseCombat,FlareBlitz,FlameCharge,Protect||||||50|,,,,,Fire]Flutter Mane||FocusSash|Protosynthesis|Moonblast,ShadowBall,IcyWind,Protect||||||50|,,,,,Normal]Brute Bonnet||CovertCloak|Protosynthesis|SeedBomb,SuckerPunch,Spore,RagePowder||||||50|,,,,,Water]Chi-Yu||ChoiceScarf|BeadsofRuin|HeatWave,Flamethrower,DarkPulse,Snarl||||||50|,,,,,Ghost]Ogerpon-Cornerstone||CornerstoneMask|Sturdy|SpikyShield,IvyCudgel,Taunt,FollowMe|||F|||50|,,,,,Rock]Lunala||PowerHerb|ShadowShield|MoongeistBeam,MeteorBeam,WideGuard,TrickRoom||||||50|,,,,,Water\n|inactive|Battle timer is ON: inactive players will automatically lose when time's up. (requested by haxtreeme)\n|inactive|d_malicious has 60 seconds left.\n|\n|t:|1745972835\n|start\n|switch|p1a: Miraidon|Miraidon, L50|100/100\n|switch|p1b: Whimsicott|Whimsicott, L50, M|100/100\n|switch|p2a: Lunala|Lunala, L50|100/100\n|switch|p2b: Koraidon|Koraidon, L50|100/100\n|-fieldstart|move: Electric Terrain|[from] ability: Hadron Engine|[of] p1a: Miraidon\n|-weather|SunnyDay|[from] ability: Orichalcum Pulse|[of] p2b: Koraidon\n|-activate|p2b: Koraidon|Orichalcum Pulse|[source]\n|turn|1\n|\n|t:|1745972853\n|move|p2b: Koraidon|Protect|p2b: Koraidon\n|-singleturn|p2b: Koraidon|Protect\n|move|p1b: Whimsicott|Light Screen|p1b: Whimsicott\n|-sidestart|p1: haxtreeme|move: Light Screen\n|move|p1a: Miraidon|Draco Meteor|p2b: Koraidon\n|-activate|p2b: Koraidon|move: Protect\n|move|p2a: Lunala|Trick Room|p2a: Lunala\n|-fieldstart|move: Trick Room|[of] p2a: Lunala\n|\n|-weather|SunnyDay|[upkeep]\n|upkeep\n|turn|2\n|inactive|d_malicious has 30 seconds left.\n|\n|t:|1745972881\n|switch|p2a: Chi-Yu|Chi-Yu, L50|100/100\n|-ability|p2a: Chi-Yu|Beads of Ruin\n|move|p1b: Whimsicott|Encore|p2b: Koraidon\n|-start|p2b: Koraidon|Encore\n|move|p2b: Koraidon|Protect||[still]\n|-fail|p2b: Koraidon\n|move|p1a: Miraidon|Draco Meteor|p2a: Chi-Yu\n|-damage|p2a: Chi-Yu|0 fnt\n|-unboost|p1a: Miraidon|spa|2\n|faint|p2a: Chi-Yu\n|\n|-weather|SunnyDay|[upkeep]\n|upkeep\n|\n|t:|1745972891\n|switch|p2a: Lunala|Lunala, L50|100/100\n|turn|3\n|\n|t:|1745972907\n|switch|p1a: Zamazenta|Zamazenta-Crowned, L50|100/100\n|-ability|p1a: Zamazenta|Dauntless Shield|boost\n|-boost|p1a: Zamazenta|def|1\n|move|p2b: Koraidon|Protect|p2b: Koraidon\n|-singleturn|p2b: Koraidon|Protect\n|move|p2a: Lunala|Meteor Beam||[still]\n|-prepare|p2a: Lunala|Meteor Beam\n|-boost|p2a: Lunala|spa|1\n|-enditem|p2a: Lunala|Power Herb\n|-anim|p2a: Lunala|Meteor Beam|p1a: Zamazenta\n|-resisted|p1a: Zamazenta\n|-damage|p1a: Zamazenta|94/100\n|move|p1b: Whimsicott|Moonblast|p2a: Lunala\n|-damage|p2a: Lunala|89/100\n|\n|-weather|SunnyDay|[upkeep]\n|upkeep\n|turn|4\n|\n|t:|1745972929\n|switch|p2b: Flutter Mane|Flutter Mane, L50|100/100\n|-activate|p2b: Flutter Mane|ability: Protosynthesis\n|-start|p2b: Flutter Mane|protosynthesisspe\n|move|p1b: Whimsicott|Encore|p2a: Lunala\n|-start|p2a: Lunala|Encore\n|move|p2a: Lunala|Meteor Beam||[still]\n|-prepare|p2a: Lunala|Meteor Beam\n|-boost|p2a: Lunala|spa|1\n|move|p1a: Zamazenta|Behemoth Bash|p2a: Lunala\n|-damage|p2a: Lunala|53/100\n|\n|-weather|SunnyDay|[upkeep]\n|upkeep\n|turn|5\n|\n|t:|1745972952\n|-end|p2b: Flutter Mane|Protosynthesis|[silent]\n|switch|p2b: Koraidon|Koraidon, L50|100/100\n|-activate|p2b: Koraidon|ability: Orichalcum Pulse\n|move|p2a: Lunala|Meteor Beam|p1a: Zamazenta|[from] lockedmove\n|-resisted|p1a: Zamazenta\n|-damage|p1a: Zamazenta|85/100\n|move|p1a: Zamazenta|Behemoth Bash|p2a: Lunala\n|-damage|p2a: Lunala|19/100\n|move|p1b: Whimsicott|Moonblast|p2a: Lunala\n|-damage|p2a: Lunala|0 fnt\n|faint|p2a: Lunala\n|\n|-weather|none\n|-sideend|p1: haxtreeme|move: Light Screen\n|-fieldend|move: Trick Room\n|-fieldend|move: Electric Terrain\n|upkeep\n|\n|t:|1745972964\n|switch|p2a: Flutter Mane|Flutter Mane, L50|100/100\n|turn|6\n|\n|t:|1745972974\n|move|p1a: Zamazenta|Protect|p1a: Zamazenta\n|-singleturn|p1a: Zamazenta|Protect\n|move|p1b: Whimsicott|Light Screen|p1b: Whimsicott\n|-sidestart|p1: haxtreeme|move: Light Screen\n|move|p2a: Flutter Mane|Icy Wind|p1b: Whimsicott|[spread] p1b\n|-activate|p1a: Zamazenta|move: Protect\n|-supereffective|p1b: Whimsicott\n|-damage|p1b: Whimsicott|65/100\n|move|p2b: Koraidon|Flame Charge|p1b: Whimsicott\n|-supereffective|p1b: Whimsicott\n|-damage|p1b: Whimsicott|0 fnt\n|-boost|p2b: Koraidon|spe|1\n|faint|p1b: Whimsicott\n|-damage|p2b: Koraidon|91/100|[from] item: Life Orb\n|\n|upkeep\n|\n|t:|1745972979\n|switch|p1b: Miraidon|Miraidon, L50|100/100\n|-fieldstart|move: Electric Terrain|[from] ability: Hadron Engine|[of] p1b: Miraidon\n|turn|7\n|\n|t:|1745973002\n|-terastallize|p1b: Miraidon|Fairy\n|move|p2b: Koraidon|Flare Blitz|p1b: Miraidon\n|-damage|p1b: Miraidon|39/100\n|-damage|p2b: Koraidon|71/100|[from] Recoil\n|-damage|p2b: Koraidon|61/100|[from] item: Life Orb\n|move|p2a: Flutter Mane|Moonblast|p1b: Miraidon\n|-damage|p1b: Miraidon|7/100\n|move|p1b: Miraidon|Draco Meteor|p2b: Koraidon\n|-supereffective|p2b: Koraidon\n|-damage|p2b: Koraidon|0 fnt\n|-unboost|p1b: Miraidon|spa|2\n|faint|p2b: Koraidon\n|move|p1a: Zamazenta|Behemoth Bash|p2a: Flutter Mane\n|-supereffective|p2a: Flutter Mane\n|-enditem|p2a: Flutter Mane|Focus Sash\n|-damage|p2a: Flutter Mane|1/100\n|\n|upkeep\n|turn|8\n|\n|t:|1745973017\n|move|p2a: Flutter Mane|Icy Wind|p1a: Zamazenta|[spread] p1a\n|-miss|p2a: Flutter Mane|p1b: Miraidon\n|-resisted|p1a: Zamazenta\n|-damage|p1a: Zamazenta|82/100\n|-unboost|p1a: Zamazenta|spe|1\n|move|p1b: Miraidon|Draco Meteor|p2a: Flutter Mane\n|-immune|p2a: Flutter Mane\n|move|p1a: Zamazenta|Behemoth Bash|p2a: Flutter Mane\n|-supereffective|p2a: Flutter Mane\n|-damage|p2a: Flutter Mane|0 fnt\n|faint|p2a: Flutter Mane\n|-end|p2a: Flutter Mane|Protosynthesis|[silent]\n|\n|win|haxtreeme\n||d_malicious is ready for game 2.\n|inactive|haxtreeme has 30 seconds to confirm battle start!\n", "uploadtime": 1745973031, "views": 7, "formatid": "gen9vgc2025regibo3", "rating": null, "private": 0, "password": null}