{"id": "gen9vgc2025regibo3-2355115448", "format": "[Gen 9] VGC 2025 Reg I (Bo3)", "players": ["Fubuu", "omrifyar"], "log": "|j|\u2606Fubuu\n|j|\u2606omrifyar\n|html|<table width=\"100%\"><tr><td align=\"left\">Fubuu</td><td align=\"right\">omrifyar</tr><tr><td align=\"left\"><i class=\"fa fa-circle-o\"></i> <i class=\"fa fa-circle-o\"></i> </td><td align=\"right\"><i class=\"fa fa-circle-o\"></i> <i class=\"fa fa-circle-o\"></i> </tr></table>\n|uhtml|bestof|<h2><strong>Game 1</strong> of <a href=\"/game-bestof3-gen9vgc2025regibo3-2355115447\">a best-of-3</a></h2>\n|t:|1746154411\n|gametype|doubles\n|player|p1|Fubuu|169|1173\n|player|p2|omrifyar|102|1116\n|teamsize|p1|6\n|teamsize|p2|6\n|gen|9\n|tier|[Gen 9] VGC 2025 Reg I (Bo3)\n|rated|\n|rule|Species Clause: Limit one of each Pok\u00e9mon\n|rule|Item Clause: Limit 1 of each item\n|clearpoke\n|poke|p1|Eternatus, L50|\n|poke|p1|Terapagos, L50, M|\n|poke|p1|Riolu, L50, M|\n|poke|p1|Flutter Mane, L50|\n|poke|p1|Incineroar, L50, F|\n|poke|p1|Amoonguss, L50, M|\n|poke|p2|Zamazenta-*, L50|\n|poke|p2|Calyrex-Shadow, L50|\n|poke|p2|Tornadus, L50, M|\n|poke|p2|Urshifu-*, L50, F|\n|poke|p2|Rillaboom, L50, M|\n|poke|p2|Chien-Pao, L50|\n|teampreview|4\n|showteam|p1|Eternatus||AirBalloon|Pressure|DynamaxCannon,Flamethrower,SludgeBomb,Protect||||||50|,,,,,Steel]Terapagos||PowerHerb|TeraShift|TeraStarstorm,MeteorBeam,Roar,Protect|||M|||50|,,,,,Stellar]Riolu||FocusSash|Prankster|HelpingHand,SunnyDay,Copycat,RainDance|||M|||50|,,,,,Fighting]Flutter Mane||BoosterEnergy|Protosynthesis|DazzlingGleam,ShadowBall,Moonblast,Protect||||||50|,,,,,Fairy]Incineroar||SafetyGoggles|Intimidate|FlareBlitz,KnockOff,PartingShot,FakeOut|||F|||50|,,,,,Ghost]Amoonguss||MentalHerb|Regenerator|PollenPuff,RagePowder,Spore,Protect|||M|||50|,,,,,Dark\n|showteam|p2|Zamazenta-Crowned||RustedShield|DauntlessShield|BodyPress,HeavySlam,WideGuard,Protect||||||50|,,,,,Ghost]Calyrex-Shadow||FocusSash|AsOneSpectrier|AstralBarrage,Psychic,Encore,Protect||||||50|,,,,,Ghost]Tornadus||RockyHelmet|Prankster|BleakwindStorm,Tailwind,RainDance,Protect|||M|||50|,,,,,Dark]Urshifu-Rapid-Strike||MysticWater|UnseenFist|SurgingStrikes,CloseCombat,AquaJet,Detect|||F|||50|,,,,,Water]Rillaboom||AssaultVest|GrassySurge|WoodHammer,GrassyGlide,Uturn,FakeOut|||M|||50|,,,,,Fire]Chien-Pao||LifeOrb|SwordofRuin|SuckerPunch,IcicleCrash,IceShard,Protect||||||50|,,,,,Stellar\n|inactive|Battle timer is ON: inactive players will automatically lose when time's up. (requested by omrifyar)\n|inactive|omrifyar has 60 seconds left.\n|\n|t:|1746154458\n|start\n|switch|p1a: Terapagos|Terapagos, L50, M|100/100\n|switch|p1b: Incineroar|Incineroar, L50, F|100/100\n|switch|p2a: Zamazenta|Zamazenta-Crowned, L50|100/100\n|switch|p2b: Calyrex|Calyrex-Shadow, L50|100/100\n|-activate|p1a: Terapagos|ability: Tera Shift\n|detailschange|p1a: Terapagos|Terapagos-Terastal, L50, M\n|-heal|p1a: Terapagos|100/100|[silent]\n|-ability|p2b: Calyrex|As One\n|-ability|p2b: Calyrex|Unnerve\n|-ability|p2a: Zamazenta|Dauntless Shield|boost\n|-boost|p2a: Zamazenta|def|1\n|-ability|p1b: Incineroar|Intimidate|boost\n|-unboost|p2a: Zamazenta|atk|1\n|-unboost|p2b: Calyrex|atk|1\n|turn|1\n|inactive|omrifyar has 30 seconds left.\n|\n|t:|1746154484\n|-terastallize|p2a: Zamazenta|Ghost\n|move|p1b: Incineroar|Fake Out|p2a: Zamazenta\n|-immune|p2a: Zamazenta\n|move|p2b: Calyrex|Psychic|p1a: Terapagos\n|-activate|p1a: Terapagos|ability: Tera Shell\n|-resisted|p1a: Terapagos\n|-damage|p1a: Terapagos|77/100\n|move|p2a: Zamazenta|Body Press|p1b: Incineroar\n|-supereffective|p1b: Incineroar\n|-damage|p1b: Incineroar|0 fnt\n|faint|p1b: Incineroar\n|move|p1a: Terapagos|Roar|p2a: Zamazenta\n|drag|p2a: Rillaboom|Rillaboom, L50, M|100/100\n|-fieldstart|move: Grassy Terrain|[from] ability: Grassy Surge|[of] p2a: Rillaboom\n|\n|-heal|p1a: Terapagos|83/100|[from] Grassy Terrain\n|upkeep\n|\n|t:|1746154507\n|switch|p1b: Amoonguss|Amoonguss, L50, M|100/100\n|turn|2\n|\n|t:|1746154521\n|move|p1a: Terapagos|Protect|p1a: Terapagos\n|-singleturn|p1a: Terapagos|Protect\n|move|p1b: Amoonguss|Protect|p1b: Amoonguss\n|-singleturn|p1b: Amoonguss|Protect\n|move|p2a: Rillaboom|Fake Out|p1b: Amoonguss\n|-activate|p1b: Amoonguss|move: Protect\n|move|p2b: Calyrex|Psychic|p1b: Amoonguss\n|-activate|p1b: Amoonguss|move: Protect\n|\n|-heal|p1a: Terapagos|90/100|[from] Grassy Terrain\n|upkeep\n|turn|3\n|\n|t:|1746154536\n|-terastallize|p1a: Terapagos|Stellar\n|detailschange|p1a: Terapagos|Terapagos-Stellar, L50, M, tera:Stellar\n|-heal|p1a: Terapagos|92/100|[silent]\n|-ability|p1a: Terapagos|Teraform Zero\n|-fieldend|move: Grassy Terrain\n|move|p2b: Calyrex|Astral Barrage|p1b: Amoonguss|[spread] p1b\n|-immune|p1a: Terapagos\n|-damage|p1b: Amoonguss|55/100\n|move|p2a: Rillaboom|U-turn|p1b: Amoonguss\n|-damage|p1b: Amoonguss|36/100\n|\n|t:|1746154548\n|switch|p2a: Zamazenta|Zamazenta-Crowned, L50, tera:Ghost|100/100|[from] U-turn\n|move|p1a: Terapagos|Tera Starstorm|p2a: Zamazenta|[spread] p2a,p2b\n|-supereffective|p2a: Zamazenta\n|-damage|p2a: Zamazenta|32/100\n|-damage|p2b: Calyrex|62/100\n|move|p1b: Amoonguss|Spore|p2b: Calyrex\n|-status|p2b: Calyrex|slp|[from] move: Spore\n|\n|upkeep\n|turn|4\n|\n|t:|1746154559\n|switch|p1b: Eternatus|Eternatus, L50|100/100\n|-ability|p1b: Eternatus|Pressure\n|-item|p1b: Eternatus|Air Balloon\n|cant|p2b: Calyrex|slp\n|move|p2a: Zamazenta|Body Press|p1a: Terapagos\n|-supereffective|p1a: Terapagos\n|-damage|p1a: Terapagos|32/100\n|move|p1a: Terapagos|Tera Starstorm|p2b: Calyrex|[spread] p2a,p2b\n|-supereffective|p2a: Zamazenta\n|-damage|p2a: Zamazenta|0 fnt\n|-damage|p2b: Calyrex|21/100 slp\n|faint|p2a: Zamazenta\n|\n|upkeep\n|\n|t:|1746154572\n|switch|p2a: Rillaboom|Rillaboom, L50, M|100/100\n|-fieldstart|move: Grassy Terrain|[from] ability: Grassy Surge|[of] p2a: Rillaboom\n|turn|5\n|\n|t:|1746154581\n|move|p2a: Rillaboom|Fake Out|p1b: Eternatus\n|-damage|p1b: Eternatus|90/100\n|-enditem|p1b: Eternatus|Air Balloon\n|cant|p2b: Calyrex|slp\n|cant|p1b: Eternatus|flinch\n|move|p1a: Terapagos|Tera Starstorm|p2a: Rillaboom|[spread] p2a,p2b\n|-damage|p2a: Rillaboom|74/100\n|-damage|p2b: Calyrex|0 fnt\n|faint|p2b: Calyrex\n|\n|-heal|p1b: Eternatus|96/100|[from] Grassy Terrain\n|-heal|p1a: Terapagos|38/100|[from] Grassy Terrain\n|-heal|p2a: Rillaboom|80/100|[from] Grassy Terrain\n|upkeep\n|\n|t:|1746154589\n|switch|p2b: Urshifu|Urshifu-Rapid-Strike, L50, F|100/100\n|turn|6\n|inactive|omrifyar has 30 seconds left.\n|\n|t:|1746154615\n|move|p1b: Eternatus|Dynamax Cannon|p2b: Urshifu\n|-damage|p2b: Urshifu|32/100\n|move|p2b: Urshifu|Close Combat|p1b: Eternatus\n|-resisted|p1b: Eternatus\n|-damage|p1b: Eternatus|69/100\n|-unboost|p2b: Urshifu|def|1\n|-unboost|p2b: Urshifu|spd|1\n|move|p2a: Rillaboom|Wood Hammer|p1a: Terapagos\n|-damage|p1a: Terapagos|0 fnt\n|faint|p1a: Terapagos\n|-damage|p2a: Rillaboom|64/100|[from] Recoil\n|\n|-heal|p1b: Eternatus|75/100|[from] Grassy Terrain\n|-heal|p2b: Urshifu|38/100|[from] Grassy Terrain\n|-heal|p2a: Rillaboom|70/100|[from] Grassy Terrain\n|upkeep\n|\n|t:|1746154628\n|switch|p1a: Amoonguss|Amoonguss, L50, M|69/100\n|turn|7\n|\n|t:|1746154639\n|move|p1b: Eternatus|Flamethrower|p2a: Rillaboom\n|-supereffective|p2a: Rillaboom\n|-damage|p2a: Rillaboom|31/100\n|move|p2b: Urshifu|Surging Strikes|p1b: Eternatus\n|-resisted|p1b: Eternatus\n|-crit|p1b: Eternatus\n|-damage|p1b: Eternatus|65/100\n|-resisted|p1b: Eternatus\n|-crit|p1b: Eternatus\n|-damage|p1b: Eternatus|56/100\n|-resisted|p1b: Eternatus\n|-crit|p1b: Eternatus\n|-damage|p1b: Eternatus|46/100\n|-hitcount|p1b: Eternatus|3\n|move|p2a: Rillaboom|Wood Hammer|p1b: Eternatus\n|-resisted|p1b: Eternatus\n|-damage|p1b: Eternatus|32/100\n|-damage|p2a: Rillaboom|26/100|[from] Recoil\n|move|p1a: Amoonguss|Spore|p2b: Urshifu\n|-status|p2b: Urshifu|slp|[from] move: Spore\n|\n|-heal|p1b: Eternatus|38/100|[from] Grassy Terrain\n|-heal|p2b: Urshifu|44/100 slp|[from] Grassy Terrain\n|-heal|p2a: Rillaboom|32/100|[from] Grassy Terrain\n|-heal|p1a: Amoonguss|75/100|[from] Grassy Terrain\n|upkeep\n|turn|8\n|\n|t:|1746154660\n|cant|p2b: Urshifu|slp\n|move|p1b: Eternatus|Flamethrower|p2a: Rillaboom\n|-supereffective|p2a: Rillaboom\n|-damage|p2a: Rillaboom|0 fnt\n|faint|p2a: Rillaboom\n|move|p1a: Amoonguss|Pollen Puff|p1b: Eternatus\n|-heal|p1b: Eternatus|87/100\n|\n|-heal|p1b: Eternatus|93/100|[from] Grassy Terrain\n|-heal|p2b: Urshifu|50/100 slp|[from] Grassy Terrain\n|-heal|p1a: Amoonguss|81/100|[from] Grassy Terrain\n|upkeep\n|turn|9\n|-message|omrifyar forfeited.\n|\n|win|Fubuu\n||omrifyar is ready for game 2.\n||Fubuu is ready for game 2.\n|uhtml|next|Next: <a href=\"/battle-gen9vgc2025regibo3-2355117522\"><strong>Game 2 of 3</strong></a>\n|l|\u2606omrifyar\n|player|p2|\n|l|\u2606Fubuu\n|player|p1|\n", "uploadtime": 1746154981, "views": 3, "formatid": "gen9vgc2025regibo3", "rating": null, "private": 0, "password": null}