{"id": "gen9vgc2025regibo3-2354965469", "format": "[Gen 9] VGC 2025 Reg I (Bo3)", "players": ["ivanthesaxophonist", "KLOEEE"], "log": "|j|\u2606ivanthesaxophonist\n|j|\u2606KLOEEE\n|html|<table width=\"100%\"><tr><td align=\"left\">ivanthesaxophonist</td><td align=\"right\">KLOEEE</tr><tr><td align=\"left\"><i class=\"fa fa-circle-o\"></i> <i class=\"fa fa-circle-o\"></i> </td><td align=\"right\"><i class=\"fa fa-circle-o\"></i> <i class=\"fa fa-circle-o\"></i> </tr></table>\n|uhtml|bestof|<h2><strong>Game 1</strong> of <a href=\"/game-bestof3-gen9vgc2025regibo3-2354965468\">a best-of-3</a></h2>\n|t:|1746136545\n|gametype|doubles\n|player|p1|ivanthesaxophonist|acetrainer-gen4dp|1166\n|player|p2|KLOEEE|caitlin-masters|1171\n|teamsize|p1|6\n|teamsize|p2|6\n|gen|9\n|tier|[Gen 9] VGC 2025 Reg I (Bo3)\n|rated|\n|rule|Species Clause: Limit one of each Pok\u00e9mon\n|rule|Item Clause: Limit 1 of each item\n|clearpoke\n|poke|p1|Zamazenta-*, L50|\n|poke|p1|Tyranitar, L50, F|\n|poke|p1|Incineroar, L50, M|\n|poke|p1|Chien-Pao, L50|\n|poke|p1|Whimsicott, L50, M|\n|poke|p1|Calyrex-Shadow, L50|\n|poke|p2|Miraidon, L50|\n|poke|p2|Zamazenta-*, L50|\n|poke|p2|Grimmsnarl, L50, M|\n|poke|p2|Smeargle, L50, F|\n|poke|p2|Iron Hands, L50|\n|poke|p2|Ditto, L50|\n|teampreview|4\n|showteam|p1|Zamazenta-Crowned||RustedShield|DauntlessShield|BodyPress,IronDefense,WideGuard,HeavySlam||||||50|,,,,,Ghost]Tyranitar||AssaultVest|SandStream|KnockOff,RockSlide,Earthquake,Bulldoze|||F|||50|,,,,,Fairy]Incineroar||SafetyGoggles|Intimidate|FakeOut,KnockOff,PartingShot,FlareBlitz|||M|||50|,,,,,Grass]Chien-Pao||ClearAmulet|SwordofRuin|SuckerPunch,IceSpinner,SacredSword,Protect||||||50|,,,,,Ghost]Whimsicott||CovertCloak|Prankster|Encore,Moonblast,LightScreen,Tailwind|||M|||50|,,,,,Dark]Calyrex-Shadow||ChoiceSpecs|AsOneSpectrier|AstralBarrage,PollenPuff,Trick,GigaDrain||||||50|,,,,,Fairy\n|showteam|p2|Miraidon||ChoiceSpecs|HadronEngine|ElectroDrift,DracoMeteor,VoltSwitch,DazzlingGleam||||||50|,,,,,Fairy]Zamazenta-Crowned||RustedShield|DauntlessShield|BodyPress,HeavySlam,WideGuard,Protect||||||50|,,,,,Dragon]Grimmsnarl||LightClay|Prankster|Reflect,LightScreen,FoulPlay,ThunderWave|||M|||50|,,,,,Ghost]Smeargle||ChoiceScarf|OwnTempo|Decorate,Transform,DestinyBond,Switcheroo|||F|||50|,,,,,Ghost]Iron Hands||AssaultVest|QuarkDrive|DrainPunch,VoltSwitch,WildCharge,FakeOut||||||50|,,,,,Water]Ditto||FocusSash|Imposter|Transform||||||50|,,,,,Dark\n|inactive|Battle timer is ON: inactive players will automatically lose when time's up. (requested by KLOEEE)\n|inactive|ivanthesaxophonist has 60 seconds left.\n|\n|t:|1746136660\n|start\n|switch|p1a: Whimsicott|Whimsicott, L50, M|100/100\n|switch|p1b: Calyrex|Calyrex-Shadow, L50|100/100\n|switch|p2a: Barbecue Dad|Zamazenta-Crowned, L50|100/100\n|switch|p2b: Venusshells|Smeargle, L50, F, shiny|100/100\n|-ability|p1b: Calyrex|As One\n|-ability|p1b: Calyrex|Unnerve\n|-ability|p2a: Barbecue Dad|Dauntless Shield|boost\n|-boost|p2a: Barbecue Dad|def|1\n|turn|1\n|inactive|KLOEEE has 30 seconds left.\n|inactive|KLOEEE has 20 seconds left.\n|inactive|KLOEEE has 15 seconds left.\n|\n|t:|1746136701\n|move|p1a: Whimsicott|Tailwind|p1a: Whimsicott\n|-sidestart|p1: ivanthesaxophonist|move: Tailwind\n|move|p1b: Calyrex|Astral Barrage|p2a: Barbecue Dad|[spread] p2a\n|-immune|p2b: Venusshells\n|-damage|p2a: Barbecue Dad|47/100\n|move|p2b: Venusshells|Transform|p2a: Barbecue Dad\n|-transform|p2b: Venusshells|p2a: Barbecue Dad\n|-ability|p2b: Venusshells|Dauntless Shield|boost\n|-boost|p2b: Venusshells|def|1\n|move|p2a: Barbecue Dad|Heavy Slam|p1a: Whimsicott\n|-supereffective|p1a: Whimsicott\n|-damage|p1a: Whimsicott|0 fnt\n|faint|p1a: Whimsicott\n|\n|upkeep\n|\n|t:|1746136716\n|switch|p1a: Zamazenta|Zamazenta-Crowned, L50|100/100\n|-ability|p1a: Zamazenta|Dauntless Shield|boost\n|-boost|p1a: Zamazenta|def|1\n|turn|2\n|inactive|KLOEEE has 30 seconds left.\n|inactive|KLOEEE has 20 seconds left.\n|inactive|KLOEEE has 15 seconds left.\n|\n|t:|1746136760\n|move|p2a: Barbecue Dad|Wide Guard|p2a: Barbecue Dad\n|-singleturn|p2a: Barbecue Dad|Wide Guard\n|move|p1b: Calyrex|Astral Barrage|p2a: Barbecue Dad|[spread] \n|-activate|p2a: Barbecue Dad|move: Wide Guard\n|-activate|p2b: Venusshells|move: Wide Guard\n|move|p1a: Zamazenta|Body Press|p2a: Barbecue Dad\n|-supereffective|p2a: Barbecue Dad\n|-damage|p2a: Barbecue Dad|0 fnt\n|faint|p2a: Barbecue Dad\n|move|p2b: Venusshells|Heavy Slam|p1b: Calyrex\n|-damage|p1b: Calyrex|54/100\n|\n|upkeep\n|\n|t:|1746136775\n|switch|p2a: Mr.You|Ditto, L50, shiny|100/100\n|-transform|p2a: Mr.You|p1b: Calyrex|[from] ability: Imposter\n|-ability|p2a: Mr.You|As One\n|-ability|p2a: Mr.You|Unnerve\n|turn|3\n|\n|t:|1746136791\n|switch|p1b: Tyranitar|Tyranitar, L50, F|100/100\n|-weather|Sandstorm|[from] ability: Sand Stream|[of] p1b: Tyranitar\n|-terastallize|p2a: Mr.You|Dark\n|move|p1a: Zamazenta|Body Press|p2b: Venusshells\n|-supereffective|p2b: Venusshells\n|-damage|p2b: Venusshells|52/100\n|move|p2b: Venusshells|Heavy Slam|p1b: Tyranitar\n|-supereffective|p1b: Tyranitar\n|-damage|p1b: Tyranitar|36/100\n|move|p2a: Mr.You|Astral Barrage|p1b: Tyranitar|[spread] p1a,p1b\n|-resisted|p1b: Tyranitar\n|-damage|p1a: Zamazenta|71/100\n|-damage|p1b: Tyranitar|28/100\n|\n|-weather|Sandstorm|[upkeep]\n|-damage|p2a: Mr.You|95/100|[from] Sandstorm\n|upkeep\n|turn|4\n|inactive|KLOEEE has 30 seconds left.\n|inactive|KLOEEE has 20 seconds left.\n|inactive|KLOEEE has 15 seconds left.\n|inactive|KLOEEE has 10 seconds left.\n|inactive|KLOEEE has 5 seconds left.\n|\n|t:|1746136842\n|move|p1a: Zamazenta|Body Press|p2a: Mr.You\n|-supereffective|p2a: Mr.You\n|-damage|p2a: Mr.You|0 fnt\n|faint|p2a: Mr.You\n|move|p2b: Venusshells|Heavy Slam|p1a: Zamazenta\n|-resisted|p1a: Zamazenta\n|-damage|p1a: Zamazenta|68/100\n|move|p1b: Tyranitar|Rock Slide|p2b: Venusshells\n|-resisted|p2b: Venusshells\n|-damage|p2b: Venusshells|49/100\n|\n|-weather|Sandstorm|[upkeep]\n|-sideend|p1: ivanthesaxophonist|move: Tailwind\n|upkeep\n|\n|t:|1746136847\n|switch|p2a: Charjabike|Miraidon, L50|100/100\n|-fieldstart|move: Electric Terrain|[from] ability: Hadron Engine|[of] p2a: Charjabike\n|turn|5\n|\n|t:|1746136863\n|move|p2b: Venusshells|Heavy Slam|p1b: Tyranitar\n|-supereffective|p1b: Tyranitar\n|-damage|p1b: Tyranitar|0 fnt\n|faint|p1b: Tyranitar\n|move|p2a: Charjabike|Electro Drift|p1a: Zamazenta\n|-damage|p1a: Zamazenta|0 fnt\n|faint|p1a: Zamazenta\n|\n|-weather|Sandstorm|[upkeep]\n|-damage|p2a: Charjabike|94/100|[from] Sandstorm\n|upkeep\n|\n|t:|1746136873\n|switch|p1b: Calyrex|Calyrex-Shadow, L50|54/100\n|-ability|p1b: Calyrex|As One\n|-ability|p1b: Calyrex|Unnerve\n|turn|6\n|\n|t:|1746136882\n|move|p2b: Venusshells|Heavy Slam|p1b: Calyrex\n|-damage|p1b: Calyrex|0 fnt\n|faint|p1b: Calyrex\n|\n|win|KLOEEE\n", "uploadtime": 1746136887, "views": 13, "formatid": "gen9vgc2025regibo3", "rating": null, "private": 0, "password": null}