{"id": "gen9vgc2025regibo3-2353389116", "format": "[Gen 9] VGC 2025 Reg I (Bo3)", "players": ["Monsteralover", "NoMoreRegG"], "log": "|j|\u2606Monsteralover\n|j|\u2606NoMoreRegG\n|html|<table width=\"100%\"><tr><td align=\"left\">Monsteralover</td><td align=\"right\">NoMoreRegG</tr><tr><td align=\"left\"><i class=\"fa fa-circle-o\"></i> <i class=\"fa fa-circle-o\"></i> </td><td align=\"right\"><i class=\"fa fa-circle-o\"></i> <i class=\"fa fa-circle-o\"></i> </tr></table>\n|uhtml|bestof|<h2><strong>Game 1</strong> of <a href=\"/game-bestof3-gen9vgc2025regibo3-2353389115\">a best-of-3</a></h2>\n|t:|1745951696\n|gametype|doubles\n|player|p1|Monsteralover|170|1229\n|player|p2|NoMoreRegG|scientist-gen4dp|1160\n|teamsize|p1|6\n|teamsize|p2|6\n|gen|9\n|tier|[Gen 9] VGC 2025 Reg I (Bo3)\n|rated|\n|rule|Species Clause: Limit one of each Pok\u00e9mon\n|rule|Item Clause: Limit 1 of each item\n|clearpoke\n|poke|p1|Lunala, L50|\n|poke|p1|Rillaboom, L50, M|\n|poke|p1|Urshifu-*, L50, M|\n|poke|p1|Miraidon, L50|\n|poke|p1|Grimmsnarl, L50, M|\n|poke|p1|Ogerpon-Hearthflame, L50, F|\n|poke|p2|Ho-Oh, L50|\n|poke|p2|Miraidon, L50|\n|poke|p2|Iron Hands, L50|\n|poke|p2|Iron Treads, L50|\n|poke|p2|Farigiraf, L50, M|\n|poke|p2|Ogerpon, L50, F|\n|teampreview|4\n|showteam|p1|Lunala||Leftovers|ShadowShield|CalmMind,MoongeistBeam,DazzlingGleam,Protect||||||50|,,,,,Fairy]Rillaboom||AssaultVest|GrassySurge|WoodHammer,GrassyGlide,KnockOff,FakeOut|||M|||50|,,,,,Fire]Urshifu-Rapid-Strike||ChoiceScarf|UnseenFist|SurgingStrikes,CloseCombat,AquaJet,Uturn|||M|||50|,,,,,Water]Miraidon||ChoiceSpecs|HadronEngine|ElectroDrift,DracoMeteor,DazzlingGleam,VoltSwitch||||||50|,,,,,Fairy]Grimmsnarl||LightClay|Prankster|FoulPlay,Reflect,ThunderWave,LightScreen|||M|||50|,,,,,Ghost]Ogerpon-Hearthflame||HearthflameMask|MoldBreaker|IvyCudgel,GrassyGlide,FollowMe,SpikyShield|||F|||50|,,,,,Fire\n|showteam|p2|Ho-Oh||ClearAmulet|Regenerator|SacredFire,BraveBird,Tailwind,Protect||||||50|,,,,,Grass]Miraidon||ChoiceSpecs|HadronEngine|ElectroDrift,DracoMeteor,VoltSwitch,DazzlingGleam||||||50|,,,,,Fairy]Iron Hands||AssaultVest|QuarkDrive|DrainPunch,LowKick,WildCharge,FakeOut||||||50|,,,,,Water]Iron Treads||ChoiceBand|QuarkDrive|HighHorsepower,IronHead,Earthquake,VoltSwitch||||||50|,,,,,Normal]Farigiraf||ElectricSeed|ArmorTail|Psychic,Roar,HelpingHand,TrickRoom|||M|||50|,,,,,Water]Ogerpon||LoadedDice|Defiant|BulletSeed,KnockOff,FollowMe,SpikyShield|||F|||50|,,,,,Grass\n|\n|t:|1745951738\n|start\n|switch|p1a: Lunala|Lunala, L50|100/100\n|switch|p1b: Grimmsnarl|Grimmsnarl, L50, M|100/100\n|switch|p2a: Ho-Oh|Ho-Oh, L50|100/100\n|switch|p2b: Iron Hands|Iron Hands, L50|100/100\n|turn|1\n|\n|t:|1745951763\n|move|p2b: Iron Hands|Fake Out|p1b: Grimmsnarl\n|-damage|p1b: Grimmsnarl|85/100\n|cant|p1b: Grimmsnarl|flinch\n|move|p2a: Ho-Oh|Sacred Fire|p1a: Lunala\n|-damage|p1a: Lunala|78/100\n|move|p1a: Lunala|Calm Mind|p1a: Lunala\n|-boost|p1a: Lunala|spa|1\n|-boost|p1a: Lunala|spd|1\n|\n|-heal|p1a: Lunala|84/100|[from] item: Leftovers\n|upkeep\n|turn|2\n|\n|t:|1745951781\n|move|p1a: Lunala|Protect|p1a: Lunala\n|-singleturn|p1a: Lunala|Protect\n|move|p1b: Grimmsnarl|Reflect|p1b: Grimmsnarl\n|-sidestart|p1: Monsteralover|Reflect\n|move|p2a: Ho-Oh|Sacred Fire|p1a: Lunala\n|-activate|p1a: Lunala|move: Protect\n|move|p2b: Iron Hands|Wild Charge|p1a: Lunala\n|-activate|p1a: Lunala|move: Protect\n|\n|-heal|p1a: Lunala|90/100|[from] item: Leftovers\n|upkeep\n|turn|3\n|\n|t:|1745951800\n|move|p1b: Grimmsnarl|Thunder Wave|p2a: Ho-Oh\n|-status|p2a: Ho-Oh|par\n|move|p1a: Lunala|Moongeist Beam|p2a: Ho-Oh\n|-damage|p2a: Ho-Oh|51/100 par\n|move|p2b: Iron Hands|Wild Charge|p1a: Lunala\n|-damage|p1a: Lunala|62/100\n|-damage|p2b: Iron Hands|94/100|[from] Recoil\n|move|p2a: Ho-Oh|Tailwind|p2a: Ho-Oh\n|-sidestart|p2: NoMoreRegG|move: Tailwind\n|\n|-heal|p1a: Lunala|68/100|[from] item: Leftovers\n|upkeep\n|turn|4\n|\n|t:|1745951831\n|-terastallize|p1a: Lunala|Fairy\n|move|p2b: Iron Hands|Drain Punch|p1b: Grimmsnarl\n|-damage|p1b: Grimmsnarl|59/100\n|-heal|p2b: Iron Hands|100/100|[from] drain|[of] p1b: Grimmsnarl\n|move|p2a: Ho-Oh|Sacred Fire|p1b: Grimmsnarl\n|-damage|p1b: Grimmsnarl|23/100\n|-status|p1b: Grimmsnarl|brn\n|move|p1a: Lunala|Dazzling Gleam|p2b: Iron Hands|[spread] p2a,p2b\n|-resisted|p2a: Ho-Oh\n|-supereffective|p2b: Iron Hands\n|-damage|p2a: Ho-Oh|37/100 par\n|-damage|p2b: Iron Hands|40/100\n|move|p1b: Grimmsnarl|Foul Play|p2a: Ho-Oh\n|-damage|p2a: Ho-Oh|12/100 par\n|\n|-heal|p1a: Lunala|74/100|[from] item: Leftovers\n|-damage|p1b: Grimmsnarl|17/100 brn|[from] brn\n|upkeep\n|turn|5\n|\n|t:|1745951853\n|switch|p2a: Iron Treads|Iron Treads, L50|100/100\n|move|p1b: Grimmsnarl|Light Screen|p1b: Grimmsnarl\n|-sidestart|p1: Monsteralover|move: Light Screen\n|move|p2b: Iron Hands|Drain Punch|p1b: Grimmsnarl\n|-damage|p1b: Grimmsnarl|0 fnt\n|-heal|p2b: Iron Hands|47/100|[from] drain|[of] p1b: Grimmsnarl\n|faint|p1b: Grimmsnarl\n|move|p1a: Lunala|Dazzling Gleam|p2b: Iron Hands|[spread] p2a,p2b\n|-resisted|p2a: Iron Treads\n|-supereffective|p2b: Iron Hands\n|-damage|p2a: Iron Treads|72/100\n|-damage|p2b: Iron Hands|0 fnt\n|faint|p2b: Iron Hands\n|-end|p2b: Iron Hands|Quark Drive|[silent]\n|\n|-heal|p1a: Lunala|80/100|[from] item: Leftovers\n|upkeep\n|\n|t:|1745951871\n|switch|p2b: Ho-Oh|Ho-Oh, L50|45/100 par\n|switch|p1b: Ogerpon|Ogerpon-Hearthflame, L50, F|100/100\n|-ability|p1b: Ogerpon|Mold Breaker\n|turn|6\n|\n|t:|1745951897\n|switch|p2b: Miraidon|Miraidon, L50|100/100\n|-fieldstart|move: Electric Terrain|[from] ability: Hadron Engine|[of] p2b: Miraidon\n|-activate|p2a: Iron Treads|ability: Quark Drive\n|-start|p2a: Iron Treads|quarkdrivespe\n|move|p1a: Lunala|Protect|p1a: Lunala\n|-singleturn|p1a: Lunala|Protect\n|move|p2a: Iron Treads|Iron Head|p1a: Lunala\n|-activate|p1a: Lunala|move: Protect\n|move|p1b: Ogerpon|Ivy Cudgel|p2a: Iron Treads|[anim] Ivy Cudgel Fire\n|-supereffective|p2a: Iron Treads\n|-damage|p2a: Iron Treads|0 fnt\n|faint|p2a: Iron Treads\n|-end|p2a: Iron Treads|Quark Drive|[silent]\n|\n|-heal|p1a: Lunala|87/100|[from] item: Leftovers\n|-sideend|p2: NoMoreRegG|move: Tailwind\n|upkeep\n|\n|t:|1745951927\n|switch|p2a: Ho-Oh|Ho-Oh, L50|79/100 par\n|turn|7\n|\n|t:|1745951946\n|-terastallize|p2b: Miraidon|Fairy\n|move|p2b: Miraidon|Electro Drift|p1a: Lunala\n|-damage|p1a: Lunala|39/100\n|move|p1b: Ogerpon|Ivy Cudgel|p2b: Miraidon|[anim] Ivy Cudgel Fire\n|-damage|p2b: Miraidon|56/100\n|move|p1a: Lunala|Dazzling Gleam|p2a: Ho-Oh|[spread] p2a,p2b\n|-resisted|p2a: Ho-Oh\n|-damage|p2a: Ho-Oh|64/100 par\n|-damage|p2b: Miraidon|19/100\n|move|p2a: Ho-Oh|Sacred Fire|p1a: Lunala\n|-damage|p1a: Lunala|8/100\n|-status|p1a: Lunala|brn\n|\n|-heal|p1a: Lunala|15/100 brn|[from] item: Leftovers\n|-damage|p1a: Lunala|8/100 brn|[from] brn\n|upkeep\n|turn|8\n|\n|t:|1745951977\n|move|p1b: Ogerpon|Follow Me|p1b: Ogerpon\n|-singleturn|p1b: Ogerpon|move: Follow Me\n|move|p2b: Miraidon|Electro Drift|p1b: Ogerpon\n|-resisted|p1b: Ogerpon\n|-crit|p1b: Ogerpon\n|-damage|p1b: Ogerpon|0 fnt\n|faint|p1b: Ogerpon\n|move|p1a: Lunala|Dazzling Gleam|p2b: Miraidon|[spread] p2a,p2b\n|-resisted|p2a: Ho-Oh\n|-damage|p2a: Ho-Oh|50/100 par\n|-damage|p2b: Miraidon|0 fnt\n|faint|p2b: Miraidon\n|cant|p2a: Ho-Oh|par\n|\n|-heal|p1a: Lunala|15/100 brn|[from] item: Leftovers\n|-damage|p1a: Lunala|8/100 brn|[from] brn\n|upkeep\n|-message|NoMoreRegG forfeited.\n|\n|win|Monsteralover\n||NoMoreRegG is ready for game 2.\n||Monsteralover is ready for game 2.\n|uhtml|next|Next: <a href=\"/battle-gen9vgc2025regibo3-2353392741\"><strong>Game 2 of 3</strong></a>\n|l|\u2606NoMoreRegG\n|player|p2|\n|l|\u2606Monsteralover\n|player|p1|\n|j|\u2606Monsteralover\n|player|p1|Monsteralover|170|\n", "uploadtime": 1745952192, "views": 15, "formatid": "gen9vgc2025regibo3", "rating": null, "private": 0, "password": null}