{"id": "gen9vgc2025regibo3-2354566298", "format": "[Gen 9] VGC 2025 Reg I (Bo3)", "players": ["waz00", "onda apan"], "log": "|j|\u2606waz00\n|j|\u2606onda apan\n|html|<table width=\"100%\"><tr><td align=\"left\">waz00</td><td align=\"right\">onda apan</tr><tr><td align=\"left\"><i class=\"fa fa-circle-o\"></i> <i class=\"fa fa-circle-o\"></i> </td><td align=\"right\"><i class=\"fa fa-circle-o\"></i> <i class=\"fa fa-circle\"></i> </tr></table>\n|uhtml|bestof|<h2><strong>Game 2</strong> of <a href=\"/game-bestof3-gen9vgc2025regibo3-2354564474\">a best-of-3</a></h2>\n|t:|1746095607\n|gametype|doubles\n|player|p1|waz00|nate|1030\n|player|p2|onda apan|170|1074\n|teamsize|p1|6\n|teamsize|p2|6\n|gen|9\n|tier|[Gen 9] VGC 2025 Reg I (Bo3)\n|rated|\n|rule|Species Clause: Limit one of each Pok\u00e9mon\n|rule|Item Clause: Limit 1 of each item\n|clearpoke\n|poke|p1|Miraidon, L50|\n|poke|p1|Lunala, L50|\n|poke|p1|Whimsicott, L50, F|\n|poke|p1|Chi-Yu, L50|\n|poke|p1|Urshifu-*, L50, M|\n|poke|p1|Iron Hands, L50|\n|poke|p2|Koraidon, L50|\n|poke|p2|Ho-Oh, L50|\n|poke|p2|Ting-Lu, L50|\n|poke|p2|Brute Bonnet, L50|\n|poke|p2|Flutter Mane, L50|\n|poke|p2|Hitmontop, L50, M|\n|teampreview|4\n|showteam|p1|Miraidon||ChoiceSpecs|HadronEngine|ElectroDrift,VoltSwitch,DazzlingGleam,DracoMeteor||||||50|,,,,,Fairy]Lunala||PowerHerb|ShadowShield|MoongeistBeam,Moonblast,WideGuard,TrickRoom||||||50|,,,,,Fairy]Whimsicott||CovertCloak|Prankster|Moonblast,Tailwind,LightScreen,Encore|||F|||50|,,,,,Dark]Chi-Yu||ChoiceScarf|BeadsofRuin|Snarl,Overheat,DarkPulse,HeatWave||||||50|,,,,,Ghost]Urshifu-Rapid-Strike||FocusSash|UnseenFist|SurgingStrikes,CloseCombat,AquaJet,Protect|||M|||50|,,,,,Stellar]Iron Hands||AssaultVest|QuarkDrive|FakeOut,DrainPunch,LowKick,WildCharge||||||50|,,,,,Water\n|showteam|p2|Koraidon||LifeOrb|OrichalcumPulse|CloseCombat,FlameCharge,FlareBlitz,Protect||||||50|,,,,,Fire]Ho-Oh||ClearAmulet|Regenerator|SacredFire,Tailwind,Protect,BraveBird||||||50|,,,,,Grass]Ting-Lu||AssaultVest|VesselofRuin|SandTomb,Ruination,StompingTantrum,ThroatChop||||||50|,,,,,Poison]Brute Bonnet||CovertCloak|Protosynthesis|Spore,RagePowder,SuckerPunch,SeedBomb||||||50|,,,,,Water]Flutter Mane||BoosterEnergy|Protosynthesis|IcyWind,Moonblast,ShadowBall,Protect||||||50|,,,,,Fairy]Hitmontop||EjectPack|Intimidate|Coaching,CloseCombat,FakeOut,WideGuard|||M|||50|,,,,,Steel\n|\n|t:|1746095629\n|start\n|switch|p1a: AfreakingFox|Miraidon, L50|100/100\n|switch|p1b: Whimsicott|Whimsicott, L50, F|100/100\n|switch|p2a: Koraidon|Koraidon, L50|100/100\n|switch|p2b: Flutter Mane|Flutter Mane, L50|100/100\n|-fieldstart|move: Electric Terrain|[from] ability: Hadron Engine|[of] p1a: AfreakingFox\n|-weather|SunnyDay|[from] ability: Orichalcum Pulse|[of] p2a: Koraidon\n|-activate|p2b: Flutter Mane|ability: Protosynthesis\n|-start|p2b: Flutter Mane|protosynthesisspe\n|-activate|p2a: Koraidon|Orichalcum Pulse|[source]\n|turn|1\n|\n|t:|1746095672\n|switch|p2a: Hitmontop|Hitmontop, L50, M|100/100\n|-ability|p2a: Hitmontop|Intimidate|boost\n|-unboost|p1a: AfreakingFox|atk|1\n|-unboost|p1b: Whimsicott|atk|1\n|-terastallize|p2b: Flutter Mane|Fairy\n|-terastallize|p1a: AfreakingFox|Fairy\n|move|p1b: Whimsicott|Tailwind|p1b: Whimsicott\n|-sidestart|p1: waz00|move: Tailwind\n|move|p1a: AfreakingFox|Dazzling Gleam|p2b: Flutter Mane|[spread] p2a,p2b\n|-supereffective|p2a: Hitmontop\n|-damage|p2a: Hitmontop|0 fnt\n|-damage|p2b: Flutter Mane|40/100\n|faint|p2a: Hitmontop\n|move|p2b: Flutter Mane|Moonblast|p1a: AfreakingFox\n|-damage|p1a: AfreakingFox|40/100\n|\n|-weather|SunnyDay|[upkeep]\n|upkeep\n|\n|t:|1746095689\n|switch|p2a: Ho-Oh|Ho-Oh, L50|100/100\n|turn|2\n|inactive|Battle timer is ON: inactive players will automatically lose when time's up. (requested by onda apan)\n|\n|t:|1746095708\n|switch|p1a: Urshifu|Urshifu-Rapid-Strike, L50, M|100/100\n|move|p1b: Whimsicott|Light Screen|p1b: Whimsicott\n|-sidestart|p1: waz00|move: Light Screen\n|move|p2b: Flutter Mane|Moonblast|p1a: Urshifu\n|-supereffective|p1a: Urshifu\n|-enditem|p1a: Urshifu|Focus Sash\n|-damage|p1a: Urshifu|1/100\n|-unboost|p1a: Urshifu|spa|1\n|move|p2a: Ho-Oh|Sacred Fire|p1b: Whimsicott\n|-supereffective|p1b: Whimsicott\n|-damage|p1b: Whimsicott|0 fnt\n|faint|p1b: Whimsicott\n|\n|-weather|SunnyDay|[upkeep]\n|upkeep\n|\n|t:|1746095721\n|switch|p1b: AfreakingFox|Miraidon, L50, tera:Fairy|40/100\n|-activate|p1b: AfreakingFox|ability: Hadron Engine\n|turn|3\n|\n|t:|1746095738\n|-end|p2b: Flutter Mane|Protosynthesis|[silent]\n|switch|p2b: Koraidon|Koraidon, L50|100/100\n|-activate|p2b: Koraidon|ability: Orichalcum Pulse\n|move|p2a: Ho-Oh|Protect|p2a: Ho-Oh\n|-singleturn|p2a: Ho-Oh|Protect\n|move|p1b: AfreakingFox|Electro Drift|p2a: Ho-Oh\n|-activate|p2a: Ho-Oh|move: Protect\n|move|p1a: Urshifu|Surging Strikes|p2b: Koraidon\n|-resisted|p2b: Koraidon\n|-crit|p2b: Koraidon\n|-damage|p2b: Koraidon|96/100\n|-resisted|p2b: Koraidon\n|-crit|p2b: Koraidon\n|-damage|p2b: Koraidon|91/100\n|-resisted|p2b: Koraidon\n|-crit|p2b: Koraidon\n|-damage|p2b: Koraidon|87/100\n|-hitcount|p2b: Koraidon|3\n|\n|-weather|SunnyDay|[upkeep]\n|upkeep\n|turn|4\n|\n|t:|1746095762\n|switch|p2a: Flutter Mane|Flutter Mane, L50, tera:Fairy|40/100\n|-activate|p2a: Flutter Mane|ability: Protosynthesis\n|-start|p2a: Flutter Mane|protosynthesisspe\n|move|p1b: AfreakingFox|Electro Drift|p2a: Flutter Mane\n|-damage|p2a: Flutter Mane|0 fnt\n|faint|p2a: Flutter Mane\n|-end|p2a: Flutter Mane|Protosynthesis|[silent]\n|move|p1a: Urshifu|Close Combat|p2b: Koraidon\n|-damage|p2b: Koraidon|31/100\n|-unboost|p1a: Urshifu|def|1\n|-unboost|p1a: Urshifu|spd|1\n|move|p2b: Koraidon|Flame Charge|p1a: Urshifu\n|-resisted|p1a: Urshifu\n|-damage|p1a: Urshifu|0 fnt\n|-boost|p2b: Koraidon|spe|1\n|faint|p1a: Urshifu\n|-damage|p2b: Koraidon|21/100|[from] item: Life Orb\n|\n|-weather|SunnyDay|[upkeep]\n|-sideend|p1: waz00|move: Tailwind\n|upkeep\n|\n|t:|1746095781\n|switch|p2a: Ho-Oh|Ho-Oh, L50|100/100\n|switch|p1a: Chi-Yu|Chi-Yu, L50|100/100\n|-ability|p1a: Chi-Yu|Beads of Ruin\n|turn|5\n|inactive|waz00 has 30 seconds left.\n|inactive|onda apan has 30 seconds left.\n|inactive|onda apan has 20 seconds left.\n|inactive|onda apan has 15 seconds left.\n|\n|t:|1746095825\n|move|p2b: Koraidon|Flare Blitz|p1b: AfreakingFox\n|-crit|p1b: AfreakingFox\n|-damage|p1b: AfreakingFox|0 fnt\n|faint|p1b: AfreakingFox\n|-damage|p2b: Koraidon|7/100|[from] Recoil\n|-damage|p2b: Koraidon|0 fnt|[from] item: Life Orb\n|faint|p2b: Koraidon\n|move|p1a: Chi-Yu|Heat Wave|p2a: Ho-Oh\n|-resisted|p2a: Ho-Oh\n|-damage|p2a: Ho-Oh|65/100\n|move|p2a: Ho-Oh|Brave Bird|p1a: Chi-Yu\n|-damage|p1a: Chi-Yu|0 fnt\n|faint|p1a: Chi-Yu\n|-damage|p2a: Ho-Oh|45/100|[from] Recoil\n|\n|win|onda apan\n|raw|waz00's rating: 1030 &rarr; <strong>1017</strong><br />(-13 for losing)\n|raw|onda apan's rating: 1074 &rarr; <strong>1099</strong><br />(+25 for winning)\n|l|\u2606waz00\n|player|p1|\n|j|\u2606waz00\n|player|p1|waz00|nate|\n", "uploadtime": 1746096774, "views": 9, "formatid": "gen9vgc2025regibo3", "rating": 1017, "private": 0, "password": null}