{"id": "gen9vgc2025regibo3-2353848388", "format": "[Gen 9] VGC 2025 Reg I (Bo3)", "players": ["Fenozi", "ted31625"], "log": "|j|\u2606Fenozi\n|j|\u2606ted31625\n|html|<table width=\"100%\"><tr><td align=\"left\">Fenozi</td><td align=\"right\">ted31625</tr><tr><td align=\"left\"><i class=\"fa fa-circle\"></i> <i class=\"fa fa-circle-o\"></i> </td><td align=\"right\"><i class=\"fa fa-circle-o\"></i> <i class=\"fa fa-circle-o\"></i> </tr></table>\n|uhtml|bestof|<h2><strong>Game 2</strong> of <a href=\"/game-bestof3-gen9vgc2025regibo3-2353846904\">a best-of-3</a></h2>\n|t:|1746009841\n|gametype|doubles\n|player|p1|Fenozi|veteran|1210\n|player|p2|ted31625|102|1222\n|teamsize|p1|6\n|teamsize|p2|6\n|gen|9\n|tier|[Gen 9] VGC 2025 Reg I (Bo3)\n|rated|\n|rule|Species Clause: Limit one of each Pok\u00e9mon\n|rule|Item Clause: Limit 1 of each item\n|clearpoke\n|poke|p1|Koraidon, L50|\n|poke|p1|Lunala, L50|\n|poke|p1|Chi-Yu, L50|\n|poke|p1|Ursaluna, L50, M|\n|poke|p1|Brute Bonnet, L50|\n|poke|p1|Flutter Mane, L50|\n|poke|p2|Miraidon, L50|\n|poke|p2|Grimmsnarl, L50, M|\n|poke|p2|Volcarona, L50, F|\n|poke|p2|Zamazenta-*, L50|\n|poke|p2|Ditto, L50|\n|poke|p2|Iron Hands, L50|\n|teampreview|4\n|showteam|p1|Koraidon||LifeOrb|OrichalcumPulse|FlareBlitz,FlameCharge,CloseCombat,Protect||||||50|,,,,,Fire]Lunala||PowerHerb|ShadowShield|MoongeistBeam,MeteorBeam,WideGuard,TrickRoom||||||50|,,,,,Water]Chi-Yu||ChoiceScarf|BeadsofRuin|Overheat,HeatWave,DarkPulse,Snarl||||||50|,,,,,Fire]Ursaluna||FlameOrb|Guts|Facade,Earthquake,HeadlongRush,Protect|||M|||50|,,,,,Ghost]Brute Bonnet||CovertCloak|Protosynthesis|SeedBomb,SuckerPunch,Spore,RagePowder||||||50|,,,,,Water]Flutter Mane||FocusSash|Protosynthesis|Moonblast,IcyWind,PowerGem,Protect||||||50|,,,,,Normal\n|showteam|p2|Miraidon||ChoiceSpecs|HadronEngine|ElectroDrift,DracoMeteor,DazzlingGleam,VoltSwitch||||||50|,,,,,Fairy]Grimmsnarl||LightClay|Prankster|ThunderWave,Reflect,LightScreen,FoulPlay|||M|||50|,,,,,Ghost]Volcarona||Leftovers|FlameBody|FieryDance,StruggleBug,QuiverDance,Protect|||F|||50|,,,,,Grass]Zamazenta-Crowned||RustedShield|DauntlessShield|behemothbash,BodyPress,WideGuard,Protect||||||50|,,,,,Dragon]Ditto||FocusSash|Imposter|Transform||||||50|,,,,,Ghost]Iron Hands||AssaultVest|QuarkDrive|DrainPunch,WildCharge,FakeOut,VoltSwitch||||||50|,,,,,Water\n|inactive|Battle timer is ON: inactive players will automatically lose when time's up. (requested by ted31625)\n|inactive|Fenozi also wants the timer to be on.\n|inactive|Fenozi has 60 seconds left.\n|\n|t:|1746009873\n|start\n|switch|p1a: Flutter Mane|Flutter Mane, L50|100/100\n|switch|p1b: Chi-Yu|Chi-Yu, L50|100/100\n|switch|p2a: Grimmsnarl|Grimmsnarl, L50, M|100/100\n|switch|p2b: Miraidon|Miraidon, L50|100/100\n|-ability|p1b: Chi-Yu|Beads of Ruin\n|-fieldstart|move: Electric Terrain|[from] ability: Hadron Engine|[of] p2b: Miraidon\n|turn|1\n|inactive|Fenozi has 30 seconds left.\n|inactive|ted31625 has 30 seconds left.\n|\n|t:|1746009906\n|-terastallize|p2b: Miraidon|Fairy\n|move|p2a: Grimmsnarl|Light Screen|p2a: Grimmsnarl\n|-sidestart|p2: ted31625|move: Light Screen\n|move|p1b: Chi-Yu|Overheat|p2b: Miraidon\n|-damage|p2b: Miraidon|47/100\n|-unboost|p1b: Chi-Yu|spa|2\n|move|p1a: Flutter Mane|Moonblast|p2b: Miraidon\n|-crit|p2b: Miraidon\n|-damage|p2b: Miraidon|0 fnt\n|faint|p2b: Miraidon\n|\n|upkeep\n|\n|t:|1746009919\n|switch|p2b: Ditto|Ditto, L50|100/100\n|-transform|p2b: Ditto|p1a: Flutter Mane|[from] ability: Imposter\n|turn|2\n|\n|t:|1746009942\n|move|p1b: Chi-Yu|Overheat|p2b: Ditto\n|-damage|p2b: Ditto|73/100\n|-unboost|p1b: Chi-Yu|spa|2\n|move|p1a: Flutter Mane|Moonblast|p2b: Ditto\n|-damage|p2b: Ditto|30/100\n|move|p2b: Ditto|Moonblast|p1a: Flutter Mane\n|-damage|p1a: Flutter Mane|25/100\n|-unboost|p1a: Flutter Mane|spa|1\n|move|p2a: Grimmsnarl|Foul Play|p1a: Flutter Mane\n|-damage|p1a: Flutter Mane|0 fnt\n|faint|p1a: Flutter Mane\n|-end|p1a: Flutter Mane|Protosynthesis|[silent]\n|\n|upkeep\n|\n|t:|1746009963\n|switch|p1a: Lunala|Lunala, L50|100/100\n|turn|3\n|\n|t:|1746009994\n|switch|p1b: Koraidon|Koraidon, L50|100/100\n|-weather|SunnyDay|[from] ability: Orichalcum Pulse|[of] p1b: Koraidon\n|-activate|p1b: Koraidon|Orichalcum Pulse|[source]\n|move|p2b: Ditto|Protect|p2b: Ditto\n|-singleturn|p2b: Ditto|Protect\n|move|p1a: Lunala|Moongeist Beam|p2b: Ditto\n|-activate|p2b: Ditto|move: Protect\n|move|p2a: Grimmsnarl|Foul Play|p1a: Lunala\n|-supereffective|p1a: Lunala\n|-damage|p1a: Lunala|51/100\n|\n|-weather|SunnyDay|[upkeep]\n|upkeep\n|turn|4\n|inactive|Fenozi has 30 seconds left.\n|inactive|ted31625 has 30 seconds left.\n|\n|t:|1746010022\n|-end|p2b: Ditto|Protosynthesis|[silent]\n|switch|p2b: Zamazenta|Zamazenta-Crowned, L50|100/100\n|-ability|p2b: Zamazenta|Dauntless Shield|boost\n|-boost|p2b: Zamazenta|def|1\n|-terastallize|p1a: Lunala|Water\n|move|p1b: Koraidon|Protect|p1b: Koraidon\n|-singleturn|p1b: Koraidon|Protect\n|move|p2a: Grimmsnarl|Reflect|p2a: Grimmsnarl\n|-sidestart|p2: ted31625|Reflect\n|move|p1a: Lunala|Moongeist Beam|p2b: Zamazenta\n|-damage|p2b: Zamazenta|72/100\n|\n|-weather|SunnyDay|[upkeep]\n|upkeep\n|turn|5\n|inactive|Fenozi has 30 seconds left.\n|inactive|Fenozi has 20 seconds left.\n|inactive|Fenozi has 15 seconds left.\n|inactive|Fenozi has 10 seconds left.\n|inactive|Fenozi has 5 seconds left.\n|\n|t:|1746010075\n|move|p2a: Grimmsnarl|Thunder Wave|p1b: Koraidon\n|-status|p1b: Koraidon|par\n|move|p2b: Zamazenta|Body Press|p1b: Koraidon\n|-damage|p1b: Koraidon|37/100 par\n|move|p1a: Lunala|Moongeist Beam|p2b: Zamazenta\n|-damage|p2b: Zamazenta|44/100\n|move|p1b: Koraidon|Flare Blitz|p2b: Zamazenta\n|-supereffective|p2b: Zamazenta\n|-damage|p2b: Zamazenta|0 fnt\n|faint|p2b: Zamazenta\n|-damage|p1b: Koraidon|23/100 par|[from] Recoil\n|-damage|p1b: Koraidon|14/100 par|[from] item: Life Orb\n|\n|-weather|SunnyDay|[upkeep]\n|-fieldend|move: Electric Terrain\n|upkeep\n|\n|t:|1746010091\n|switch|p2b: Ditto|Ditto, L50|30/100\n|-transform|p2b: Ditto|p1a: Lunala|[from] ability: Imposter\n|-start|p2b: Ditto|typechange|Psychic/Ghost|[silent]\n|turn|6\n|\n|t:|1746010105\n|move|p2b: Ditto|Moongeist Beam|p1a: Lunala\n|-damage|p1a: Lunala|5/100\n|move|p1a: Lunala|Moongeist Beam|p2b: Ditto\n|-supereffective|p2b: Ditto\n|-damage|p2b: Ditto|0 fnt\n|faint|p2b: Ditto\n|move|p1b: Koraidon|Flare Blitz|p2a: Grimmsnarl\n|-damage|p2a: Grimmsnarl|22/100\n|-damage|p1b: Koraidon|0 fnt|[from] Recoil\n|faint|p1b: Koraidon\n|move|p2a: Grimmsnarl|Foul Play|p1a: Lunala\n|-damage|p1a: Lunala|0 fnt\n|faint|p1a: Lunala\n|\n|-weather|SunnyDay|[upkeep]\n|upkeep\n|\n|t:|1746010130\n|switch|p1b: Chi-Yu|Chi-Yu, L50|100/100\n|-ability|p1b: Chi-Yu|Beads of Ruin\n|turn|7\n|c|\u2606Fenozi|https://pokepast.es/74aa4a5a07229fc3\n|c|\u2606ted31625|TKS\n|c|\u2606Fenozi|here is the paste\n|\n|t:|1746010149\n|move|p1b: Chi-Yu|Overheat|p2a: Grimmsnarl\n|-damage|p2a: Grimmsnarl|0 fnt\n|-unboost|p1b: Chi-Yu|spa|2\n|faint|p2a: Grimmsnarl\n|\n|win|Fenozi\n|raw|Fenozi's rating: 1210 &rarr; <strong>1236</strong><br />(+26 for winning)\n|raw|ted31625's rating: 1222 &rarr; <strong>1196</strong><br />(-26 for losing)\n|c|\u2606Fenozi|gg\n", "uploadtime": 1746010190, "views": 8, "formatid": "gen9vgc2025regibo3", "rating": 1196, "private": 0, "password": null}