{"id": "gen9vgc2025regibo3-2353456178", "format": "[Gen 9] VGC 2025 Reg I (Bo3)", "players": ["cafeycigarro", "fifthtimesthecharm"], "log": "|j|\u2606cafeycigarro\n|j|\u2606fifthtimesthecharm\n|html|<table width=\"100%\"><tr><td align=\"left\">cafeycigarro</td><td align=\"right\">fifthtimesthecharm</tr><tr><td align=\"left\"><i class=\"fa fa-circle-o\"></i> <i class=\"fa fa-circle-o\"></i> </td><td align=\"right\"><i class=\"fa fa-circle-o\"></i> <i class=\"fa fa-circle\"></i> </tr></table>\n|uhtml|bestof|<h2><strong>Game 2</strong> of <a href=\"/game-bestof3-gen9vgc2025regibo3-2353454251\">a best-of-3</a></h2>\n|t:|1745957579\n|gametype|doubles\n|player|p1|cafeycigarro|youngn|1250\n|player|p2|fifthtimesthecharm|caitlin-masters|1275\n|teamsize|p1|6\n|teamsize|p2|6\n|gen|9\n|tier|[Gen 9] VGC 2025 Reg I (Bo3)\n|rated|\n|rule|Species Clause: Limit one of each Pok\u00e9mon\n|rule|Item Clause: Limit 1 of each item\n|clearpoke\n|poke|p1|Koraidon, L50|\n|poke|p1|Calyrex-Shadow, L50|\n|poke|p1|Indeedee-F, L50, F|\n|poke|p1|Brute Bonnet, L50|\n|poke|p1|Flutter Mane, L50|\n|poke|p1|Chi-Yu, L50|\n|poke|p2|Tornadus, L50, M|\n|poke|p2|Calyrex-Shadow, L50|\n|poke|p2|Miraidon, L50|\n|poke|p2|Urshifu-*, L50, F|\n|poke|p2|Iron Hands, L50|\n|poke|p2|Grimmsnarl, L50, M|\n|teampreview|4\n|showteam|p1|Koraidon||ClearAmulet|OrichalcumPulse|FlareBlitz,CollisionCourse,FlameCharge,Protect||||||50|,,,,,Fire]Calyrex-Shadow||LifeOrb|AsOneSpectrier|AstralBarrage,ExpandingForce,NastyPlot,Protect||||||50|,,,,,Normal]Indeedee-F||PsychicSeed|PsychicSurge|Psychic,FollowMe,HelpingHand,TrickRoom|||F|||50|,,,,,Fairy]Brute Bonnet||CovertCloak|Protosynthesis|SeedBomb,SuckerPunch,Spore,RagePowder||||||50|,,,,,Water]Flutter Mane||FocusSash|Protosynthesis|Moonblast,ShadowBall,IcyWind,Protect||||||50|,,,,,Stellar]Chi-Yu||ChoiceScarf|BeadsofRuin|HeatWave,DarkPulse,Overheat,Snarl||||||50|,,,,,Fire\n|showteam|p2|Tornadus||CovertCloak|Prankster|Tailwind,BleakwindStorm,Taunt,RainDance|||M|||50|,,,,,Dark]Calyrex-Shadow||FocusSash|AsOneSpectrier|Psyshock,AstralBarrage,Protect,NastyPlot||||||50|,,,,,Dark]Miraidon||ChoiceSpecs|HadronEngine|DazzlingGleam,VoltSwitch,ElectroDrift,DracoMeteor||||||50|,,,,,Fairy]Urshifu-Rapid-Strike||MysticWater|UnseenFist|Detect,SurgingStrikes,CloseCombat,AquaJet|||F|||50|,,,,,Water]Iron Hands||AssaultVest|QuarkDrive|FakeOut,WildCharge,LowKick,DrainPunch||||||50|,,,,,Water]Grimmsnarl||LightClay|Prankster|LightScreen,Reflect,ThunderWave,FoulPlay|||M|||50|,,,,,Ghost\n|inactive|Battle timer is ON: inactive players will automatically lose when time's up. (requested by cafeycigarro)\n|inactive|fifthtimesthecharm also wants the timer to be on.\n|\n|t:|1745957596\n|start\n|switch|p1a: Calyrex|Calyrex-Shadow, L50|100/100\n|switch|p1b: Indeedee|Indeedee-F, L50, F|100/100\n|switch|p2a: mello|Tornadus, L50, M|100/100\n|switch|p2b: yo gurt|Calyrex-Shadow, L50|100/100\n|-ability|p2b: yo gurt|As One\n|-ability|p2b: yo gurt|Unnerve\n|-ability|p1a: Calyrex|As One\n|-ability|p1a: Calyrex|Unnerve\n|-fieldstart|move: Psychic Terrain|[from] ability: Psychic Surge|[of] p1b: Indeedee\n|-enditem|p1b: Indeedee|Psychic Seed\n|-boost|p1b: Indeedee|spd|1|[from] item: Psychic Seed\n|turn|1\n|\n|t:|1745957617\n|switch|p2b: CyclistFault|Miraidon, L50|100/100\n|-fieldstart|move: Electric Terrain|[from] ability: Hadron Engine|[of] p2b: CyclistFault\n|-terastallize|p1a: Calyrex|Normal\n|-terastallize|p2a: mello|Dark\n|move|p1b: Indeedee|Follow Me|p1b: Indeedee\n|-singleturn|p1b: Indeedee|move: Follow Me\n|move|p2a: mello|Taunt|p1b: Indeedee\n|-start|p1b: Indeedee|move: Taunt\n|move|p1a: Calyrex|Astral Barrage|p2b: CyclistFault|[spread] p2a,p2b\n|-resisted|p2a: mello\n|-damage|p2a: mello|63/100\n|-damage|p2b: CyclistFault|35/100\n|-damage|p1a: Calyrex|91/100|[from] item: Life Orb\n|\n|upkeep\n|turn|2\n|\n|t:|1745957642\n|switch|p1b: Brute Bonnet|Brute Bonnet, L50|100/100\n|move|p1a: Calyrex|Protect|p1a: Calyrex\n|-singleturn|p1a: Calyrex|Protect\n|move|p2a: mello|Tailwind|p2a: mello\n|-sidestart|p2: fifthtimesthecharm|move: Tailwind\n|move|p2b: CyclistFault|Volt Switch|p1a: Calyrex\n|-activate|p1a: Calyrex|move: Protect\n|\n|upkeep\n|turn|3\n|\n|t:|1745957654\n|move|p1b: Brute Bonnet|Rage Powder|p1b: Brute Bonnet\n|-singleturn|p1b: Brute Bonnet|move: Rage Powder\n|move|p2b: CyclistFault|Volt Switch|p1b: Brute Bonnet\n|-resisted|p1b: Brute Bonnet\n|-damage|p1b: Brute Bonnet|53/100\n|\n|t:|1745957658\n|switch|p2b: chopped chin|Grimmsnarl, L50, M|100/100|[from] Volt Switch\n|move|p2a: mello|Bleakwind Storm|p1b: Brute Bonnet|[spread] p1a\n|-miss|p2a: mello|p1b: Brute Bonnet\n|-damage|p1a: Calyrex|61/100\n|-unboost|p1a: Calyrex|spe|1\n|move|p1a: Calyrex|Astral Barrage|p2a: mello|[spread] p2a,p2b\n|-resisted|p2a: mello\n|-resisted|p2b: chopped chin\n|-damage|p2a: mello|26/100\n|-damage|p2b: chopped chin|67/100\n|-damage|p1a: Calyrex|51/100|[from] item: Life Orb\n|\n|upkeep\n|turn|4\n|\n|t:|1745957679\n|move|p1b: Brute Bonnet|Rage Powder|p1b: Brute Bonnet\n|-singleturn|p1b: Brute Bonnet|move: Rage Powder\n|move|p2b: chopped chin|Light Screen|p2b: chopped chin\n|-sidestart|p2: fifthtimesthecharm|move: Light Screen\n|move|p2a: mello|Bleakwind Storm|p1a: Calyrex|[spread] p1a,p1b\n|-supereffective|p1b: Brute Bonnet\n|-damage|p1a: Calyrex|19/100\n|-damage|p1b: Brute Bonnet|3/100\n|-unboost|p1a: Calyrex|spe|1\n|move|p1a: Calyrex|Astral Barrage|p2a: mello|[spread] p2a,p2b\n|-resisted|p2a: mello\n|-resisted|p2b: chopped chin\n|-damage|p2a: mello|0 fnt\n|-damage|p2b: chopped chin|45/100\n|faint|p2a: mello\n|-ability|p1a: Calyrex|Grim Neigh|boost\n|-boost|p1a: Calyrex|spa|1\n|-damage|p1a: Calyrex|10/100|[from] item: Life Orb\n|\n|upkeep\n|\n|t:|1745957688\n|switch|p2a: yo gurt|Calyrex-Shadow, L50|100/100\n|-ability|p2a: yo gurt|As One\n|-ability|p2a: yo gurt|Unnerve\n|turn|5\n|\n|t:|1745957707\n|move|p2a: yo gurt|Protect|p2a: yo gurt\n|-singleturn|p2a: yo gurt|Protect\n|move|p1b: Brute Bonnet|Rage Powder|p1b: Brute Bonnet\n|-singleturn|p1b: Brute Bonnet|move: Rage Powder\n|move|p2b: chopped chin|Foul Play|p1b: Brute Bonnet\n|-resisted|p1b: Brute Bonnet\n|-damage|p1b: Brute Bonnet|0 fnt\n|faint|p1b: Brute Bonnet\n|-end|p1b: Brute Bonnet|Protosynthesis|[silent]\n|move|p1a: Calyrex|Astral Barrage|p2a: yo gurt|[spread] p2b\n|-activate|p2a: yo gurt|move: Protect\n|-resisted|p2b: chopped chin\n|-damage|p2b: chopped chin|11/100\n|-damage|p1a: Calyrex|0 fnt|[from] item: Life Orb\n|faint|p1a: Calyrex\n|\n|-sideend|p2: fifthtimesthecharm|move: Tailwind\n|-fieldend|move: Electric Terrain\n|upkeep\n|\n|t:|1745957713\n|switch|p1a: Indeedee|Indeedee-F, L50, F|100/100\n|switch|p1b: Koraidon|Koraidon, L50|100/100\n|-weather|SunnyDay|[from] ability: Orichalcum Pulse|[of] p1b: Koraidon\n|-activate|p1b: Koraidon|Orichalcum Pulse|[source]\n|-fieldstart|move: Psychic Terrain|[from] ability: Psychic Surge|[of] p1a: Indeedee\n|turn|6\n|\n|t:|1745957736\n|switch|p2a: CyclistFault|Miraidon, L50|35/100\n|-fieldstart|move: Electric Terrain|[from] ability: Hadron Engine|[of] p2a: CyclistFault\n|move|p1a: Indeedee|Follow Me|p1a: Indeedee\n|-singleturn|p1a: Indeedee|move: Follow Me\n|move|p2b: chopped chin|Thunder Wave|p1a: Indeedee\n|-status|p1a: Indeedee|par\n|move|p1b: Koraidon|Flame Charge|p2a: CyclistFault\n|-resisted|p2a: CyclistFault\n|-damage|p2a: CyclistFault|14/100\n|-boost|p1b: Koraidon|spe|1\n|\n|-weather|SunnyDay|[upkeep]\n|upkeep\n|turn|7\n|\n|t:|1745957758\n|move|p1a: Indeedee|Follow Me|p1a: Indeedee\n|-singleturn|p1a: Indeedee|move: Follow Me\n|move|p1b: Koraidon|Flame Charge|p2a: CyclistFault\n|-resisted|p2a: CyclistFault\n|-damage|p2a: CyclistFault|0 fnt\n|-boost|p1b: Koraidon|spe|1\n|faint|p2a: CyclistFault\n|move|p2b: chopped chin|Foul Play|p1a: Indeedee\n|-supereffective|p1a: Indeedee\n|-damage|p1a: Indeedee|73/100 par\n|\n|-weather|SunnyDay|[upkeep]\n|upkeep\n|\n|t:|1745957762\n|switch|p2a: yo gurt|Calyrex-Shadow, L50|100/100\n|-ability|p2a: yo gurt|As One\n|-ability|p2a: yo gurt|Unnerve\n|turn|8\n|\n|t:|1745957778\n|move|p2a: yo gurt|Protect|p2a: yo gurt\n|-singleturn|p2a: yo gurt|Protect\n|move|p1a: Indeedee|Follow Me|p1a: Indeedee\n|-singleturn|p1a: Indeedee|move: Follow Me\n|move|p1b: Koraidon|Flame Charge|p2a: yo gurt\n|-activate|p2a: yo gurt|move: Protect\n|move|p2b: chopped chin|Foul Play|p1a: Indeedee\n|-supereffective|p1a: Indeedee\n|-damage|p1a: Indeedee|46/100 par\n|\n|-weather|SunnyDay|[upkeep]\n|upkeep\n|turn|9\n|\n|t:|1745957800\n|move|p2b: chopped chin|Thunder Wave|p1b: Koraidon\n|-status|p1b: Koraidon|par\n|move|p2a: yo gurt|Psyshock|p1b: Koraidon\n|-supereffective|p1b: Koraidon\n|-damage|p1b: Koraidon|16/100 par\n|move|p1b: Koraidon|Flame Charge|p2b: chopped chin\n|-damage|p2b: chopped chin|0 fnt\n|-boost|p1b: Koraidon|spe|1\n|faint|p2b: chopped chin\n|move|p1a: Indeedee|Trick Room|p1a: Indeedee\n|-fieldstart|move: Trick Room|[of] p1a: Indeedee\n|\n|-weather|SunnyDay|[upkeep]\n|upkeep\n|turn|10\n|inactive|cafeycigarro has 30 seconds left.\n|\n|t:|1745957833\n|move|p1a: Indeedee|Psychic|p2a: yo gurt\n|-resisted|p2a: yo gurt\n|-damage|p2a: yo gurt|91/100\n|move|p2a: yo gurt|Astral Barrage|p1b: Koraidon|[spread] p1b\n|-immune|p1a: Indeedee\n|-damage|p1b: Koraidon|0 fnt\n|faint|p1b: Koraidon\n|-ability|p2a: yo gurt|Grim Neigh|boost\n|-boost|p2a: yo gurt|spa|1\n|\n|-weather|none\n|-fieldend|move: Electric Terrain\n|upkeep\n|turn|11\n|\n|t:|1745957841\n|move|p1a: Indeedee|Psychic|p2a: yo gurt\n|-resisted|p2a: yo gurt\n|-damage|p2a: yo gurt|81/100\n|move|p2a: yo gurt|Psyshock|p1a: Indeedee\n|-resisted|p1a: Indeedee\n|-damage|p1a: Indeedee|13/100 par\n|\n|-sideend|p2: fifthtimesthecharm|move: Light Screen\n|upkeep\n|turn|12\n|c|\u2606fifthtimesthecharm|gg\n|-message|cafeycigarro forfeited.\n|\n|win|fifthtimesthecharm\n|raw|cafeycigarro's rating: 1250 &rarr; <strong>1227</strong><br />(-23 for losing)\n|raw|fifthtimesthecharm's rating: 1275 &rarr; <strong>1298</strong><br />(+23 for winning)\n|l|\u2606cafeycigarro\n|player|p1|\n", "uploadtime": 1745957858, "views": 15, "formatid": "gen9vgc2025regibo3", "rating": 1227, "private": 0, "password": null}