{"id": "gen9vgc2025regibo3-2353841291", "format": "[Gen 9] VGC 2025 Reg I (Bo3)", "players": ["clearmomdotcom", "el wey mamon"], "log": "|j|\u2606clearmomdotcom\n|j|\u2606el wey mamon\n|html|<table width=\"100%\"><tr><td align=\"left\">clearmomdotcom</td><td align=\"right\">el wey mamon</tr><tr><td align=\"left\"><i class=\"fa fa-circle-o\"></i> <i class=\"fa fa-circle-o\"></i> </td><td align=\"right\"><i class=\"fa fa-circle-o\"></i> <i class=\"fa fa-circle\"></i> </tr></table>\n|uhtml|bestof|<h2><strong>Game 2</strong> of <a href=\"/game-bestof3-gen9vgc2025regibo3-2353839271\">a best-of-3</a></h2>\n|t:|1746008748\n|gametype|doubles\n|player|p1|clearmomdotcom|waitress|1279\n|player|p2|el wey mamon|1|1200\n|teamsize|p1|6\n|teamsize|p2|6\n|gen|9\n|tier|[Gen 9] VGC 2025 Reg I (Bo3)\n|rated|\n|rule|Species Clause: Limit one of each Pok\u00e9mon\n|rule|Item Clause: Limit 1 of each item\n|clearpoke\n|poke|p1|Zamazenta-*, L50|\n|poke|p1|Urshifu-*, L50, M|\n|poke|p1|Chien-Pao, L50|\n|poke|p1|Dragonite, L50, M|\n|poke|p1|Rillaboom, L50, M|\n|poke|p1|Giratina-Origin, L50|\n|poke|p2|Calyrex-Shadow, L50|\n|poke|p2|Terapagos, L50, M|\n|poke|p2|Rillaboom, L50, F|\n|poke|p2|Incineroar, L50, M|\n|poke|p2|Urshifu-*, L50, F|\n|poke|p2|Amoonguss, L50, M|\n|teampreview|4\n|showteam|p1|Zamazenta-Crowned||RustedShield|DauntlessShield|BodyPress,HeavySlam,WideGuard,Protect||||||50|,,,,,Ghost]Urshifu-Rapid-Strike||ChoiceScarf|UnseenFist|SurgingStrikes,CloseCombat,Uturn,AquaJet|||M|||50|,,,,,Water]Chien-Pao||FocusSash|SwordofRuin|IcicleCrash,Crunch,SuckerPunch,Protect||||||50|,,,,,Ghost]Dragonite||ChoiceBand|InnerFocus|ExtremeSpeed,Outrage,AerialAce,StompingTantrum|||M|||50|,,,,,Normal]Rillaboom||AssaultVest|GrassySurge|FakeOut,GrassyGlide,WoodHammer,Uturn|||M|||50|,,,,,Water]Giratina-Origin||GriseousCore|Levitate|ShadowSneak,DracoMeteor,Poltergeist,Protect||||||50|,,,,,Steel\n|showteam|p2|Calyrex-Shadow||FocusSash|AsOneSpectrier|AstralBarrage,Encore,Disable,Protect||||||50|,,,,,Ghost]Terapagos||Leftovers|TeraShift|TeraStarstorm,EarthPower,CalmMind,Protect|||M|||50|,,,,,Stellar]Rillaboom||AssaultVest|GrassySurge|WoodHammer,GrassyGlide,FakeOut,Uturn|||F|||50|,,,,,Fire]Incineroar||SafetyGoggles|Intimidate|KnockOff,WillOWisp,FakeOut,PartingShot|||M|||50|,,,,,Water]Urshifu-Rapid-Strike||ChoiceScarf|UnseenFist|CloseCombat,SurgingStrikes,Uturn,AquaJet|||F|||50|,,,,,Water]Amoonguss||RockyHelmet|Regenerator|SludgeBomb,RagePowder,Spore,Protect|||M|||50|,,,,,Water\n|inactive|Battle timer is ON: inactive players will automatically lose when time's up. (requested by el wey mamon)\n|\n|t:|1746008782\n|start\n|switch|p1a: Dragonite|Dragonite, L50, M|100/100\n|switch|p1b: Chien-Pao|Chien-Pao, L50|100/100\n|switch|p2a: Urshifu|Urshifu-Rapid-Strike, L50, F|100/100\n|switch|p2b: Incineroar|Incineroar, L50, M|100/100\n|-ability|p1b: Chien-Pao|Sword of Ruin\n|-ability|p2b: Incineroar|Intimidate|boost\n|-fail|p1a: Dragonite|unboost|Attack|[from] ability: Inner Focus|[of] p1a: Dragonite\n|-unboost|p1b: Chien-Pao|atk|1\n|turn|1\n|\n|t:|1746008803\n|switch|p2a: Calyrex|Calyrex-Shadow, L50|100/100\n|-ability|p2a: Calyrex|As One\n|-ability|p2a: Calyrex|Unnerve\n|-terastallize|p1a: Dragonite|Normal\n|move|p1a: Dragonite|Extreme Speed|p2a: Calyrex\n|-immune|p2a: Calyrex\n|move|p1b: Chien-Pao|Sucker Punch||[still]\n|-fail|p1b: Chien-Pao\n|move|p2b: Incineroar|Will-O-Wisp|p1a: Dragonite|[miss]\n|-miss|p2b: Incineroar|p1a: Dragonite\n|\n|upkeep\n|turn|2\n|\n|t:|1746008828\n|move|p1a: Dragonite|Extreme Speed|p2b: Incineroar\n|-damage|p2b: Incineroar|30/100\n|move|p2a: Calyrex|Encore|p1b: Chien-Pao\n|-start|p1b: Chien-Pao|Encore\n|move|p1b: Chien-Pao|Sucker Punch||[still]\n|-fail|p1b: Chien-Pao\n|move|p2b: Incineroar|Will-O-Wisp|p1a: Dragonite\n|-status|p1a: Dragonite|brn\n|\n|-damage|p1a: Dragonite|94/100 brn|[from] brn\n|upkeep\n|turn|3\n|\n|t:|1746008843\n|switch|p2b: Amoonguss|Amoonguss, L50, M|100/100\n|move|p1a: Dragonite|Extreme Speed|p2b: Amoonguss\n|-damage|p2b: Amoonguss|64/100\n|-damage|p1a: Dragonite|78/100 brn|[from] item: Rocky Helmet|[of] p2b: Amoonguss\n|move|p1b: Chien-Pao|Sucker Punch||[still]\n|-fail|p1b: Chien-Pao\n|move|p2a: Calyrex|Disable|p1b: Chien-Pao\n|-start|p1b: Chien-Pao|Disable|Sucker Punch\n|\n|-damage|p1a: Dragonite|72/100 brn|[from] brn\n|upkeep\n|turn|4\n|\n|t:|1746008859\n|switch|p1b: Zamazenta|Zamazenta-Crowned, L50|100/100\n|-ability|p1b: Zamazenta|Dauntless Shield|boost\n|-boost|p1b: Zamazenta|def|1\n|move|p1a: Dragonite|Extreme Speed|p2b: Amoonguss\n|-damage|p2b: Amoonguss|33/100\n|-damage|p1a: Dragonite|55/100 brn|[from] item: Rocky Helmet|[of] p2b: Amoonguss\n|move|p2b: Amoonguss|Rage Powder|p2b: Amoonguss\n|-singleturn|p2b: Amoonguss|move: Rage Powder\n|move|p2a: Calyrex|Astral Barrage|p1a: Dragonite|[spread] p1b\n|-immune|p1a: Dragonite\n|-damage|p1b: Zamazenta|55/100\n|\n|-damage|p1a: Dragonite|49/100 brn|[from] brn\n|upkeep\n|turn|5\n|inactive|clearmomdotcom has 30 seconds left.\n|inactive|el wey mamon has 30 seconds left.\n|inactive|clearmomdotcom has 20 seconds left.\n|\n|t:|1746008895\n|move|p2b: Amoonguss|Protect|p2b: Amoonguss\n|-singleturn|p2b: Amoonguss|Protect\n|move|p1a: Dragonite|Extreme Speed|p2b: Amoonguss\n|-activate|p2b: Amoonguss|move: Protect\n|move|p2a: Calyrex|Disable|p1a: Dragonite\n|-start|p1a: Dragonite|Disable|Extreme Speed\n|move|p1b: Zamazenta|Heavy Slam|p2a: Calyrex\n|-damage|p2a: Calyrex|44/100\n|\n|-damage|p1a: Dragonite|43/100 brn|[from] brn\n|upkeep\n|turn|6\n|\n|t:|1746008922\n|switch|p1a: Chien-Pao|Chien-Pao, L50|100/100\n|-ability|p1a: Chien-Pao|Sword of Ruin\n|switch|p2b: Incineroar|Incineroar, L50, M|30/100\n|-ability|p2b: Incineroar|Intimidate|boost\n|-unboost|p1a: Chien-Pao|atk|1\n|-unboost|p1b: Zamazenta|atk|1\n|move|p2a: Calyrex|Protect|p2a: Calyrex\n|-singleturn|p2a: Calyrex|Protect\n|move|p1b: Zamazenta|Body Press|p2b: Incineroar\n|-supereffective|p2b: Incineroar\n|-damage|p2b: Incineroar|0 fnt\n|faint|p2b: Incineroar\n|\n|upkeep\n|\n|t:|1746008929\n|switch|p2b: Urshifu|Urshifu-Rapid-Strike, L50, F|100/100\n|turn|7\n|\n|t:|1746008949\n|-terastallize|p2b: Urshifu|Water\n|move|p1a: Chien-Pao|Sucker Punch||[still]\n|-fail|p1a: Chien-Pao\n|move|p2b: Urshifu|Surging Strikes|p1a: Chien-Pao\n|-crit|p1a: Chien-Pao\n|-damage|p1a: Chien-Pao|58/100\n|-crit|p1a: Chien-Pao\n|-damage|p1a: Chien-Pao|19/100\n|-crit|p1a: Chien-Pao\n|-damage|p1a: Chien-Pao|0 fnt\n|faint|p1a: Chien-Pao\n|-hitcount|p1: Chien-Pao|3\n|move|p2a: Calyrex|Encore|p1b: Zamazenta\n|-start|p1b: Zamazenta|Encore\n|move|p1b: Zamazenta|Body Press|p2b: Urshifu\n|-damage|p2b: Urshifu|22/100\n|\n|upkeep\n|\n|t:|1746008964\n|switch|p1a: Giratina|Giratina-Origin, L50|100/100\n|turn|8\n|\n|t:|1746008987\n|switch|p2b: Amoonguss|Amoonguss, L50, M|67/100\n|move|p2a: Calyrex|Protect|p2a: Calyrex\n|-singleturn|p2a: Calyrex|Protect\n|move|p1a: Giratina|Shadow Sneak|p2a: Calyrex\n|-activate|p2a: Calyrex|move: Protect\n|move|p1b: Zamazenta|Body Press|p2b: Amoonguss\n|-resisted|p2b: Amoonguss\n|-damage|p2b: Amoonguss|40/100\n|-damage|p1b: Zamazenta|38/100|[from] item: Rocky Helmet|[of] p2b: Amoonguss\n|\n|upkeep\n|turn|9\n|inactive|clearmomdotcom has 30 seconds left.\n|inactive|clearmomdotcom has 20 seconds left.\n|\n|t:|1746009026\n|switch|p1b: Dragonite|Dragonite, L50, M, tera:Normal|43/100 brn\n|move|p2b: Amoonguss|Rage Powder|p2b: Amoonguss\n|-singleturn|p2b: Amoonguss|move: Rage Powder\n|move|p2a: Calyrex|Astral Barrage|p1a: Giratina|[spread] p1a\n|-immune|p1b: Dragonite\n|-supereffective|p1a: Giratina\n|-damage|p1a: Giratina|19/100\n|move|p1a: Giratina|Draco Meteor|p2b: Amoonguss\n|-damage|p2b: Amoonguss|0 fnt\n|-unboost|p1a: Giratina|spa|2\n|faint|p2b: Amoonguss\n|\n|-damage|p1b: Dragonite|37/100 brn|[from] brn\n|upkeep\n|\n|t:|1746009037\n|switch|p2b: Urshifu|Urshifu-Rapid-Strike, L50, F, tera:Water|22/100\n|turn|10\n|\n|t:|1746009056\n|move|p2a: Calyrex|Protect|p2a: Calyrex\n|-singleturn|p2a: Calyrex|Protect\n|move|p1b: Dragonite|Extreme Speed|p2b: Urshifu\n|-damage|p2b: Urshifu|0 fnt\n|faint|p2b: Urshifu\n|move|p1a: Giratina|Shadow Sneak|p2a: Calyrex\n|-activate|p2a: Calyrex|move: Protect\n|\n|-damage|p1b: Dragonite|31/100 brn|[from] brn\n|upkeep\n|turn|11\n|-message|el wey mamon forfeited.\n|\n|win|clearmomdotcom\n||el wey mamon is ready for game 3.\n||clearmomdotcom is ready for game 3.\n|uhtml|next|Next: <a href=\"/battle-gen9vgc2025regibo3-2353843313\"><strong>Game 3 of 3</strong></a>\n|l|\u2606clearmomdotcom\n|player|p1|\n|l|\u2606el wey mamon\n|player|p2|\n", "uploadtime": 1746009447, "views": 7, "formatid": "gen9vgc2025regibo3", "rating": null, "private": 0, "password": null}