{"id": "gen9vgc2025regibo3-2353726400", "format": "[Gen 9] VGC 2025 Reg I (Bo3)", "players": ["Johto Fresh", "anino23"], "log": "|j|\u2606Johto Fresh\n|j|\u2606anino23\n|html|<table width=\"100%\"><tr><td align=\"left\">Johto Fresh</td><td align=\"right\">anino23</tr><tr><td align=\"left\"><i class=\"fa fa-circle-o\"></i> <i class=\"fa fa-circle-o\"></i> </td><td align=\"right\"><i class=\"fa fa-circle-o\"></i> <i class=\"fa fa-circle-o\"></i> </tr></table>\n|uhtml|bestof|<h2><strong>Game 1</strong> of <a href=\"/game-bestof3-gen9vgc2025regibo3-2353726399\">a best-of-3</a></h2>\n|t:|1745989438\n|gametype|doubles\n|player|p1|Johto Fresh|cameraman|1040\n|player|p2|anino23|102|1075\n|teamsize|p1|6\n|teamsize|p2|6\n|gen|9\n|tier|[Gen 9] VGC 2025 Reg I (Bo3)\n|rated|\n|rule|Species Clause: Limit one of each Pok\u00e9mon\n|rule|Item Clause: Limit 1 of each item\n|clearpoke\n|poke|p1|Tyranitar, L50, F|\n|poke|p1|Entei, L50|\n|poke|p1|Raikou, L50|\n|poke|p1|Ho-Oh, L50|\n|poke|p1|Lugia, L50|\n|poke|p1|Suicune, L50|\n|poke|p2|Zamazenta-*, L50|\n|poke|p2|Calyrex-Shadow, L50|\n|poke|p2|Incineroar, L50, F|\n|poke|p2|Urshifu-*, L50, F|\n|poke|p2|Indeedee-F, L50, F|\n|poke|p2|Iron Hands, L50|\n|teampreview|4\n|showteam|p1|Tyranitar||AssaultVest|SandStream|RockSlide,KnockOff,TeraBlast,LowKick|||F|||50|,,,,,Flying]Entei||LifeOrb|InnerFocus|ExtremeSpeed,SacredFire,StompingTantrum,Protect||||||50|,,,,,Normal]Raikou||ChoiceScarf|InnerFocus|Discharge,ShadowBall,Scald,VoltSwitch||||||50|,,,,,Electric]Ho-Oh||CovertCloak|Regenerator|SacredFire,BraveBird,Tailwind,Protect||||||50|,,,,,Ground]Lugia||RockyHelmet|Multiscale|Aeroblast,PsychUp,Reflect,Recover||||||50|,,,,,Ground]Suicune||SafetyGoggles|InnerFocus|Scald,Snarl,CalmMind,Protect||||||50|,,,,,Dark\n|showteam|p2|Zamazenta-Crowned||RustedShield|DauntlessShield|BodyPress,WideGuard,behemothbash,Protect||||||50|,,,,,Dragon]Calyrex-Shadow||LifeOrb|AsOneSpectrier|AstralBarrage,Psychic,NastyPlot,Protect||||||50|,,,,,Dark]Incineroar||RockyHelmet|Intimidate|FakeOut,KnockOff,PartingShot,FlareBlitz|||F|||50|,,,,,Grass]Urshifu-Rapid-Strike||ChoiceScarf|UnseenFist|SurgingStrikes,CloseCombat,Uturn,AquaJet|||F|||50|,,,,,Water]Indeedee-F||PsychicSeed|PsychicSurge|FollowMe,TrickRoom,Psychic,Protect|||F|||50|,,,,,Steel]Iron Hands||AssaultVest|QuarkDrive|VoltSwitch,FakeOut,WildCharge,DrainPunch||||||50|,,,,,Grass\n|c|\u2606Johto Fresh|NAw homiy\n|c|\u2606Johto Fresh|Im the real homey\n|inactive|Battle timer is ON: inactive players will automatically lose when time's up. (requested by Johto Fresh)\n|c|\u2606Johto Fresh|Stop tryna eat shit homi\n|c|\u2606Johto Fresh|its not flavorable\n|inactive|anino23 has 60 seconds left.\n|\n|t:|1745989542\n|start\n|switch|p1a: Lugia|Lugia, L50|100/100\n|switch|p1b: Suicune|Suicune, L50|100/100\n|switch|p2a: Urshifu|Urshifu-Rapid-Strike, L50, F|100/100\n|switch|p2b: Iron Hands|Iron Hands, L50|100/100\n|turn|1\n|inactive|anino23 has 30 seconds left.\n|c|\u2606Johto Fresh|Im the real homi\n|inactive|anino23 has 20 seconds left.\n|inactive|Johto Fresh has 30 seconds left.\n|inactive|anino23 has 15 seconds left.\n|inactive|anino23 has 10 seconds left.\n|\n|t:|1745989589\n|-terastallize|p1a: Lugia|Ground\n|move|p2b: Iron Hands|Fake Out|p1a: Lugia\n|-damage|p1a: Lugia|96/100\n|-damage|p2b: Iron Hands|84/100|[from] item: Rocky Helmet|[of] p1a: Lugia\n|move|p2a: Urshifu|U-turn|p1b: Suicune\n|-damage|p1b: Suicune|79/100\n|\n|t:|1745989605\n|switch|p2a: Incineroar|Incineroar, L50, F|100/100|[from] U-turn\n|-ability|p2a: Incineroar|Intimidate|boost\n|-unboost|p1a: Lugia|atk|1\n|-fail|p1b: Suicune|unboost|Attack|[from] ability: Inner Focus|[of] p1b: Suicune\n|cant|p1a: Lugia|flinch\n|move|p1b: Suicune|Calm Mind|p1b: Suicune\n|-boost|p1b: Suicune|spa|1\n|-boost|p1b: Suicune|spd|1\n|\n|upkeep\n|turn|2\n|inactive|anino23 has 30 seconds left.\n|inactive|anino23 has 20 seconds left.\n|inactive|anino23 has 15 seconds left.\n|\n|t:|1745989649\n|move|p1b: Suicune|Protect|p1b: Suicune\n|-singleturn|p1b: Suicune|Protect\n|move|p2a: Incineroar|Fake Out|p1a: Lugia\n|-damage|p1a: Lugia|90/100\n|-damage|p2a: Incineroar|84/100|[from] item: Rocky Helmet|[of] p1a: Lugia\n|cant|p1a: Lugia|flinch\n|move|p2b: Iron Hands|Drain Punch|p1a: Lugia\n|-damage|p1a: Lugia|67/100\n|-heal|p2b: Iron Hands|94/100|[from] drain|[of] p1a: Lugia\n|-damage|p2b: Iron Hands|77/100|[from] item: Rocky Helmet|[of] p1a: Lugia\n|\n|upkeep\n|turn|3\n|inactive|anino23 has 30 seconds left.\n|inactive|anino23 has 20 seconds left.\n|inactive|anino23 has 15 seconds left.\n|\n|t:|1745989694\n|move|p1a: Lugia|Reflect|p1a: Lugia\n|-sidestart|p1: Johto Fresh|Reflect\n|move|p1b: Suicune|Scald|p2a: Incineroar\n|-supereffective|p2a: Incineroar\n|-damage|p2a: Incineroar|27/100\n|move|p2a: Incineroar|Parting Shot|p1a: Lugia\n|-unboost|p1a: Lugia|atk|1\n|-unboost|p1a: Lugia|spa|1\n|\n|t:|1745989710\n|switch|p2a: Calyrex|Calyrex-Shadow, L50|100/100|[from] Parting Shot\n|-ability|p2a: Calyrex|As One\n|-ability|p2a: Calyrex|Unnerve\n|move|p2b: Iron Hands|Wild Charge|p1b: Suicune\n|-supereffective|p1b: Suicune\n|-damage|p1b: Suicune|16/100\n|-damage|p2b: Iron Hands|65/100|[from] Recoil\n|\n|upkeep\n|turn|4\n|inactive|anino23 has 30 seconds left.\n|inactive|anino23 has 20 seconds left.\n|\n|t:|1745989746\n|move|p1b: Suicune|Protect|p1b: Suicune\n|-singleturn|p1b: Suicune|Protect\n|move|p2a: Calyrex|Astral Barrage|p1b: Suicune|[spread] p1a\n|-activate|p1b: Suicune|move: Protect\n|-damage|p1a: Lugia|24/100\n|-damage|p2a: Calyrex|91/100|[from] item: Life Orb\n|move|p1a: Lugia|Psych Up|p1b: Suicune\n|-copyboost|p1a: Lugia|p1b: Suicune|[from] move: Psych Up\n|move|p2b: Iron Hands|Drain Punch|p1a: Lugia\n|-crit|p1a: Lugia\n|-damage|p1a: Lugia|0 fnt\n|-heal|p2b: Iron Hands|75/100|[from] drain|[of] p1a: Lugia\n|-damage|p2b: Iron Hands|59/100|[from] item: Rocky Helmet|[of] p1a: Lugia\n|faint|p1a: Lugia\n|\n|upkeep\n|\n|t:|1745989762\n|switch|p1a: Tyranitar|Tyranitar, L50, F, shiny|100/100\n|-weather|Sandstorm|[from] ability: Sand Stream|[of] p1a: Tyranitar\n|turn|5\n|inactive|anino23 has 30 seconds left.\n|\n|t:|1745989790\n|move|p2a: Calyrex|Astral Barrage|p1b: Suicune|[spread] p1a,p1b\n|-resisted|p1a: Tyranitar\n|-damage|p1a: Tyranitar|88/100\n|-damage|p1b: Suicune|0 fnt\n|faint|p1b: Suicune\n|-ability|p2a: Calyrex|Grim Neigh|boost\n|-boost|p2a: Calyrex|spa|1\n|-damage|p2a: Calyrex|81/100|[from] item: Life Orb\n|move|p1a: Tyranitar|Knock Off|p2a: Calyrex\n|-supereffective|p2a: Calyrex\n|-damage|p2a: Calyrex|0 fnt\n|-enditem|p2a: Calyrex|Life Orb|[from] move: Knock Off|[of] p1a: Tyranitar\n|faint|p2a: Calyrex\n|move|p2b: Iron Hands|Drain Punch|p1a: Tyranitar\n|-supereffective|p1a: Tyranitar\n|-crit|p1a: Tyranitar\n|-damage|p1a: Tyranitar|0 fnt\n|-heal|p2b: Iron Hands|93/100|[from] drain|[of] p1a: Tyranitar\n|faint|p1a: Tyranitar\n|\n|-weather|Sandstorm|[upkeep]\n|-damage|p2b: Iron Hands|87/100|[from] Sandstorm\n|upkeep\n|inactive|anino23 has 30 seconds left.\n|inactive|anino23 has 20 seconds left.\n|inactive|anino23 has 15 seconds left.\n|\n|t:|1745989833\n|switch|p2a: Urshifu|Urshifu-Rapid-Strike, L50, F|100/100\n|switch|p1b: Raikou|Raikou, L50|100/100\n|turn|6\n|\n|t:|1745989853\n|move|p1b: Raikou|Discharge|p2a: Urshifu|[spread] p2a,p2b\n|-supereffective|p2a: Urshifu\n|-resisted|p2b: Iron Hands\n|-damage|p2a: Urshifu|4/100\n|-damage|p2b: Iron Hands|77/100\n|-status|p2a: Urshifu|par\n|cant|p2a: Urshifu|par\n|move|p2b: Iron Hands|Drain Punch|p1b: Raikou\n|-damage|p1b: Raikou|58/100\n|-heal|p2b: Iron Hands|91/100|[from] drain|[of] p1b: Raikou\n|\n|-weather|Sandstorm|[upkeep]\n|-damage|p1b: Raikou|52/100|[from] Sandstorm\n|-damage|p2a: Urshifu|0 fnt|[from] Sandstorm\n|-damage|p2b: Iron Hands|84/100|[from] Sandstorm\n|faint|p2a: Urshifu\n|upkeep\n|\n|t:|1745989868\n|switch|p2a: Incineroar|Incineroar, L50, F|27/100\n|-ability|p2a: Incineroar|Intimidate|boost\n|-fail|p1b: Raikou|unboost|Attack|[from] ability: Inner Focus|[of] p1b: Raikou\n|turn|7\n|inactive|anino23 has 30 seconds left.\n|\n|t:|1745989896\n|-terastallize|p2a: Incineroar|Grass\n|move|p1b: Raikou|Discharge|p2a: Incineroar|[spread] p2a,p2b\n|-resisted|p2a: Incineroar\n|-resisted|p2b: Iron Hands\n|-damage|p2a: Incineroar|16/100\n|-damage|p2b: Iron Hands|74/100\n|move|p2a: Incineroar|Flare Blitz|p1b: Raikou\n|-damage|p1b: Raikou|8/100\n|-damage|p2a: Incineroar|4/100|[from] Recoil\n|move|p2b: Iron Hands|Drain Punch|p1b: Raikou\n|-damage|p1b: Raikou|0 fnt\n|-heal|p2b: Iron Hands|76/100|[from] drain|[of] p1b: Raikou\n|faint|p1b: Raikou\n|\n|win|anino23\n|inactive|Johto Fresh has 30 seconds to confirm battle start!\n|inactive|anino23 has 30 seconds to confirm battle start!\n||anino23 is ready for game 2.\n||Johto Fresh is ready for game 2.\n|uhtml|next|Next: <a href=\"/battle-gen9vgc2025regibo3-2353729244\"><strong>Game 2 of 3</strong></a>\n", "uploadtime": 1745990197, "views": 6, "formatid": "gen9vgc2025regibo3", "rating": null, "private": 0, "password": null}