{"id": "gen9vgc2025regibo3-2354386821", "format": "[Gen 9] VGC 2025 Reg I (Bo3)", "players": ["Buaazin", "raylof"], "log": "|j|\u2606Buaazin\n|j|\u2606raylof\n|html|<table width=\"100%\"><tr><td align=\"left\">Buaazin</td><td align=\"right\">raylof</tr><tr><td align=\"left\"><i class=\"fa fa-circle-o\"></i> <i class=\"fa fa-circle-o\"></i> </td><td align=\"right\"><i class=\"fa fa-circle-o\"></i> <i class=\"fa fa-circle-o\"></i> </tr></table>\n|uhtml|bestof|<h2><strong>Game 1</strong> of <a href=\"/game-bestof3-gen9vgc2025regibo3-2354386819\">a best-of-3</a></h2>\n|t:|1746065045\n|gametype|doubles\n|player|p1|Buaazin|101|1264\n|player|p2|raylof|169|1388\n|teamsize|p1|6\n|teamsize|p2|6\n|gen|9\n|tier|[Gen 9] VGC 2025 Reg I (Bo3)\n|rated|\n|rule|Species Clause: Limit one of each Pok\u00e9mon\n|rule|Item Clause: Limit 1 of each item\n|clearpoke\n|poke|p1|Kyogre, L50|\n|poke|p1|Zamazenta-*, L50|\n|poke|p1|Rillaboom, L50, F|\n|poke|p1|Farigiraf, L50, M|\n|poke|p1|Landorus, L50, M|\n|poke|p1|Golduck, L50, M|\n|poke|p2|Miraidon, L50|\n|poke|p2|Calyrex-Ice, L50|\n|poke|p2|Iron Hands, L50|\n|poke|p2|Farigiraf, L50, F|\n|poke|p2|Whimsicott, L50, F|\n|poke|p2|Ogerpon-Hearthflame, L50, F|\n|teampreview|4\n|showteam|p1|Kyogre||LifeOrb|Drizzle|OriginPulse,Thunder,IceBeam,Protect||||||50|,,,,,Grass]Zamazenta-Crowned||RustedShield|DauntlessShield|BodyPress,HeavySlam,WideGuard,Protect||||||50|,,,,,Dragon]Rillaboom||AssaultVest|GrassySurge|FakeOut,WoodHammer,GrassyGlide,Uturn|||F|||50|,,,,,Fire]Farigiraf||SafetyGoggles|ArmorTail|FoulPlay,Psychic,HelpingHand,TrickRoom|||M|||50|,,,,,Water]Landorus||ChoiceScarf|SheerForce|SandsearStorm,EarthPower,Uturn,Psychic|||M|||50|,,,,,Ghost]Golduck||FocusSash|SwiftSwim|MuddyWater,Protect,IcyWind,Encore|||M|||50|,,,,,Water\n|showteam|p2|Miraidon||ChoiceSpecs|HadronEngine|ElectroDrift,DracoMeteor,VoltSwitch,DazzlingGleam||||||50|,,,,,Fairy]Calyrex-Ice||ClearAmulet|AsOneGlastrier|GlacialLance,HighHorsepower,TrickRoom,Protect||||||50|,,,,,Fire]Iron Hands||AssaultVest|QuarkDrive|FakeOut,LowKick,DrainPunch,WildCharge||||||50|,,,,,Bug]Farigiraf||ElectricSeed|ArmorTail|FoulPlay,PsychicNoise,TrickRoom,HelpingHand|||F|||50|,,,,,Water]Whimsicott||CovertCloak|Prankster|Moonblast,Tailwind,LightScreen,Encore|||F|||50|,,,,,Dark]Ogerpon-Hearthflame||HearthflameMask|MoldBreaker|IvyCudgel,WoodHammer,FollowMe,SpikyShield|||F|||50|,,,,,Fire\n|\n|t:|1746065092\n|start\n|switch|p1a: Landorus|Landorus, L50, M|100/100\n|switch|p1b: Rillaboom|Rillaboom, L50, F|100/100\n|switch|p2a: Whimsicott|Whimsicott, L50, F|100/100\n|switch|p2b: Calyrex|Calyrex-Ice, L50|100/100\n|-ability|p2b: Calyrex|As One\n|-ability|p2b: Calyrex|Unnerve\n|-fieldstart|move: Grassy Terrain|[from] ability: Grassy Surge|[of] p1b: Rillaboom\n|turn|1\n|\n|t:|1746065154\n|move|p2b: Calyrex|Protect|p2b: Calyrex\n|-singleturn|p2b: Calyrex|Protect\n|move|p1b: Rillaboom|Fake Out|p2b: Calyrex\n|-activate|p2b: Calyrex|move: Protect\n|move|p2a: Whimsicott|Tailwind|p2a: Whimsicott\n|-sidestart|p2: raylof|move: Tailwind\n|move|p1a: Landorus|U-turn|p2b: Calyrex\n|-activate|p2b: Calyrex|move: Protect\n|\n|upkeep\n|turn|2\n|\n|t:|1746065179\n|switch|p2a: Miraidon|Miraidon, L50|100/100\n|-fieldstart|move: Electric Terrain|[from] ability: Hadron Engine|[of] p2a: Miraidon\n|switch|p1a: Zamazenta|Zamazenta-Crowned, L50|100/100\n|-ability|p1a: Zamazenta|Dauntless Shield|boost\n|-boost|p1a: Zamazenta|def|1\n|move|p2b: Calyrex|Glacial Lance|p1b: Rillaboom|[spread] p1a,p1b\n|-resisted|p1a: Zamazenta\n|-supereffective|p1b: Rillaboom\n|-damage|p1a: Zamazenta|90/100\n|-damage|p1b: Rillaboom|2/100\n|move|p1b: Rillaboom|U-turn|p2b: Calyrex\n|-supereffective|p2b: Calyrex\n|-damage|p2b: Calyrex|73/100\n|\n|t:|1746065194\n|switch|p1b: Kyogre|Kyogre, L50|100/100|[from] U-turn\n|-weather|RainDance|[from] ability: Drizzle|[of] p1b: Kyogre\n|\n|-weather|RainDance|[upkeep]\n|upkeep\n|turn|3\n|\n|t:|1746065239\n|move|p1a: Zamazenta|Protect|p1a: Zamazenta\n|-singleturn|p1a: Zamazenta|Protect\n|move|p1b: Kyogre|Protect|p1b: Kyogre\n|-singleturn|p1b: Kyogre|Protect\n|move|p2a: Miraidon|Volt Switch|p1b: Kyogre\n|-activate|p1b: Kyogre|move: Protect\n|move|p2b: Calyrex|High Horsepower|p1a: Zamazenta\n|-activate|p1a: Zamazenta|move: Protect\n|\n|-weather|RainDance|[upkeep]\n|upkeep\n|turn|4\n|\n|t:|1746065279\n|-terastallize|p1b: Kyogre|Grass\n|move|p1a: Zamazenta|Wide Guard|p1a: Zamazenta\n|-singleturn|p1a: Zamazenta|Wide Guard\n|move|p2a: Miraidon|Volt Switch|p1a: Zamazenta\n|-damage|p1a: Zamazenta|29/100\n|\n|t:|1746065286\n|switch|p2a: Iron Hands|Iron Hands, L50|100/100|[from] Volt Switch\n|-activate|p2a: Iron Hands|ability: Quark Drive\n|-start|p2a: Iron Hands|quarkdriveatk\n|move|p1b: Kyogre|Origin Pulse|p2a: Iron Hands|[spread] p2a,p2b\n|-damage|p2a: Iron Hands|52/100\n|-damage|p2b: Calyrex|13/100\n|-damage|p1b: Kyogre|91/100|[from] item: Life Orb\n|move|p2b: Calyrex|Trick Room|p2b: Calyrex\n|-fieldstart|move: Trick Room|[of] p2b: Calyrex\n|\n|-weather|RainDance|[upkeep]\n|-sideend|p2: raylof|move: Tailwind\n|upkeep\n|turn|5\n|\n|t:|1746065342\n|switch|p1a: Landorus|Landorus, L50, M|100/100\n|move|p1b: Kyogre|Protect|p1b: Kyogre\n|-singleturn|p1b: Kyogre|Protect\n|move|p2a: Iron Hands|Fake Out|p1b: Kyogre\n|-activate|p1b: Kyogre|move: Protect\n|move|p2b: Calyrex|High Horsepower|p1a: Landorus\n|-immune|p1a: Landorus\n|\n|-weather|RainDance|[upkeep]\n|upkeep\n|turn|6\n|\n|t:|1746065388\n|switch|p1b: Rillaboom|Rillaboom, L50, F|2/100\n|-fieldstart|move: Grassy Terrain|[from] ability: Grassy Surge|[of] p1b: Rillaboom\n|-end|p2a: Iron Hands|Quark Drive\n|switch|p1a: Zamazenta|Zamazenta-Crowned, L50|29/100\n|move|p2a: Iron Hands|Low Kick|p1b: Rillaboom\n|-damage|p1b: Rillaboom|0 fnt\n|faint|p1b: Rillaboom\n|move|p2b: Calyrex|Glacial Lance|p1a: Zamazenta\n|-resisted|p1a: Zamazenta\n|-damage|p1a: Zamazenta|8/100\n|\n|-weather|none\n|-heal|p2a: Iron Hands|58/100|[from] Grassy Terrain\n|-heal|p2b: Calyrex|19/100|[from] Grassy Terrain\n|-heal|p1a: Zamazenta|14/100|[from] Grassy Terrain\n|upkeep\n|\n|t:|1746065403\n|switch|p1b: Kyogre|Kyogre, L50, tera:Grass|91/100\n|-weather|RainDance|[from] ability: Drizzle|[of] p1b: Kyogre\n|turn|7\n|\n|t:|1746065430\n|move|p1a: Zamazenta|Wide Guard|p1a: Zamazenta\n|-singleturn|p1a: Zamazenta|Wide Guard\n|move|p2a: Iron Hands|Low Kick|p1b: Kyogre\n|-damage|p1b: Kyogre|31/100\n|move|p2b: Calyrex|Glacial Lance|p1b: Kyogre|[spread] \n|-activate|p1a: Zamazenta|move: Wide Guard\n|-activate|p1b: Kyogre|move: Wide Guard\n|move|p1b: Kyogre|Origin Pulse|p2a: Iron Hands|[spread] p2a,p2b\n|-damage|p2a: Iron Hands|12/100\n|-damage|p2b: Calyrex|0 fnt\n|faint|p2b: Calyrex\n|-damage|p1b: Kyogre|21/100|[from] item: Life Orb\n|\n|-weather|RainDance|[upkeep]\n|-heal|p2a: Iron Hands|18/100|[from] Grassy Terrain\n|-heal|p1b: Kyogre|27/100|[from] Grassy Terrain\n|-heal|p1a: Zamazenta|20/100|[from] Grassy Terrain\n|upkeep\n|\n|t:|1746065446\n|switch|p2b: Whimsicott|Whimsicott, L50, F|100/100\n|turn|8\n|\n|t:|1746065518\n|switch|p1b: Landorus|Landorus, L50, M|100/100\n|-terastallize|p2a: Iron Hands|Bug\n|move|p2b: Whimsicott|Light Screen|p2b: Whimsicott\n|-sidestart|p2: raylof|move: Light Screen\n|move|p2a: Iron Hands|Drain Punch|p1b: Landorus\n|-resisted|p1b: Landorus\n|-damage|p1b: Landorus|77/100\n|-heal|p2a: Iron Hands|27/100|[from] drain|[of] p1b: Landorus\n|move|p1a: Zamazenta|Heavy Slam|p2b: Whimsicott\n|-supereffective|p2b: Whimsicott\n|-damage|p2b: Whimsicott|0 fnt\n|faint|p2b: Whimsicott\n|\n|-weather|RainDance|[upkeep]\n|-heal|p2a: Iron Hands|33/100|[from] Grassy Terrain\n|-heal|p1a: Zamazenta|26/100|[from] Grassy Terrain\n|-fieldend|move: Trick Room\n|upkeep\n|\n|t:|1746065532\n|switch|p2b: Miraidon|Miraidon, L50|100/100\n|-fieldstart|move: Electric Terrain|[from] ability: Hadron Engine|[of] p2b: Miraidon\n|-activate|p2a: Iron Hands|ability: Quark Drive\n|-start|p2a: Iron Hands|quarkdriveatk\n|turn|9\n|\n|t:|1746065586\n|move|p1b: Landorus|Sandsear Storm|p2b: Miraidon|[spread] p2a,p2b\n|-resisted|p2a: Iron Hands\n|-supereffective|p2b: Miraidon\n|-damage|p2a: Iron Hands|24/100\n|-damage|p2b: Miraidon|40/100\n|move|p2b: Miraidon|Draco Meteor|p1b: Landorus\n|-damage|p1b: Landorus|0 fnt\n|-unboost|p2b: Miraidon|spa|2\n|faint|p1b: Landorus\n|move|p1a: Zamazenta|Body Press|p2a: Iron Hands\n|-resisted|p2a: Iron Hands\n|-damage|p2a: Iron Hands|9/100\n|move|p2a: Iron Hands|Drain Punch|p1a: Zamazenta\n|-supereffective|p1a: Zamazenta\n|-damage|p1a: Zamazenta|0 fnt\n|-heal|p2a: Iron Hands|20/100|[from] drain|[of] p1a: Zamazenta\n|faint|p1a: Zamazenta\n|\n|-weather|RainDance|[upkeep]\n|upkeep\n|\n|t:|1746065598\n|switch|p1b: Kyogre|Kyogre, L50, tera:Grass|27/100\n|turn|10\n|\n|t:|1746065607\n|move|p2b: Miraidon|Draco Meteor|p1b: Kyogre|[miss]\n|-miss|p2b: Miraidon|p1b: Kyogre\n|move|p1b: Kyogre|Origin Pulse|p2b: Miraidon|[spread] p2a,p2b\n|-resisted|p2b: Miraidon\n|-damage|p2a: Iron Hands|0 fnt\n|-damage|p2b: Miraidon|11/100\n|faint|p2a: Iron Hands\n|-end|p2a: Iron Hands|Quark Drive|[silent]\n|-damage|p1b: Kyogre|17/100|[from] item: Life Orb\n|\n|-weather|RainDance|[upkeep]\n|upkeep\n|turn|11\n|\n|t:|1746065629\n|move|p2b: Miraidon|Draco Meteor|p1b: Kyogre\n|-damage|p1b: Kyogre|0 fnt\n|-unboost|p2b: Miraidon|spa|2\n|faint|p1b: Kyogre\n|\n|win|raylof\n||Buaazin is ready for game 2.\n|inactive|raylof has 30 seconds to confirm battle start!\n||raylof is ready for game 2.\n|uhtml|next|Next: <a href=\"/battle-gen9vgc2025regibo3-2354391686\"><strong>Game 2 of 3</strong></a>\n|l|\u2606Buaazin\n|player|p1|\n", "uploadtime": 1746066019, "views": 7, "formatid": "gen9vgc2025regibo3", "rating": null, "private": 0, "password": null}