{"id": "gen9vgc2025regibo3-2354199957", "format": "[Gen 9] VGC 2025 Reg I (Bo3)", "players": ["GenericWolfeLover8", "MidoMidori"], "log": "|j|\u2606GenericWolfeLover8\n|j|\u2606MidoMidori\n|html|<table width=\"100%\"><tr><td align=\"left\">GenericWolfeLover8</td><td align=\"right\">MidoMidori</tr><tr><td align=\"left\"><i class=\"fa fa-circle\"></i> <i class=\"fa fa-circle-o\"></i> </td><td align=\"right\"><i class=\"fa fa-circle-o\"></i> <i class=\"fa fa-circle-o\"></i> </tr></table>\n|uhtml|bestof|<h2><strong>Game 2</strong> of <a href=\"/game-bestof3-gen9vgc2025regibo3-2354198207\">a best-of-3</a></h2>\n|t:|1746043941\n|gametype|doubles\n|player|p1|GenericWolfeLover8|102|1248\n|player|p2|MidoMidori|roxanne-gen6|1224\n|teamsize|p1|6\n|teamsize|p2|6\n|gen|9\n|tier|[Gen 9] VGC 2025 Reg I (Bo3)\n|rated|\n|rule|Species Clause: Limit one of each Pok\u00e9mon\n|rule|Item Clause: Limit 1 of each item\n|clearpoke\n|poke|p1|Calyrex-Shadow, L50|\n|poke|p1|Koraidon, L50|\n|poke|p1|Indeedee-F, L50, F|\n|poke|p1|Moltres-Galar, L50|\n|poke|p1|Flutter Mane, L50|\n|poke|p1|Walking Wake, L50|\n|poke|p2|Koraidon, L50|\n|poke|p2|Ho-Oh, L50|\n|poke|p2|Incineroar, L50, F|\n|poke|p2|Flutter Mane, L50|\n|poke|p2|Raging Bolt, L50|\n|poke|p2|Iron Treads, L50|\n|teampreview|4\n|showteam|p1|Calyrex-Shadow||LifeOrb|AsOneSpectrier|GigaDrain,AstralBarrage,Psychic,Protect||||||50|,,,,,Grass]Koraidon||ClearAmulet|OrichalcumPulse|Protect,CollisionCourse,FlareBlitz,DragonClaw||||||50|,,,,,Fire]Indeedee-F||PsychicSeed|PsychicSurge|Protect,TeraBlast,FollowMe,TrickRoom|||F|||50|,,,,,Fairy]Moltres-Galar||SitrusBerry|Berserk|FieryWrath,Tailwind,AirSlash,Protect||||||50|,,,,,Poison]Flutter Mane||FocusSash|Protosynthesis|Moonblast,Protect,IcyWind,Taunt||||||50|,,,,,Fairy]Walking Wake||AssaultVest|Protosynthesis|HydroSteam,WeatherBall,TeraBlast,DragonPulse||||||50|,,,,,Fairy\n|showteam|p2|Koraidon||LoadedDice|OrichalcumPulse|CollisionCourse,FlareBlitz,ScaleShot,Protect||||||50|,,,,,Fire]Ho-Oh||ClearAmulet|Regenerator|SacredFire,BraveBird,Tailwind,Protect||||||50|,,,,,Grass]Incineroar||RockyHelmet|Intimidate|FakeOut,FlareBlitz,KnockOff,PartingShot|||F|||50|,,,,,Ghost]Flutter Mane||FocusSash|Protosynthesis|Moonblast,ShadowBall,IcyWind,Protect||||||50|,,,,,Stellar]Raging Bolt||AssaultVest|Protosynthesis|Thunderclap,DracoMeteor,VoltSwitch,Snarl||||||50|,,,,,Electric]Iron Treads||LifeOrb|QuarkDrive|IronHead,HighHorsepower,KnockOff,Protect||||||50|,,,,,Ghost\n|inactive|Battle timer is ON: inactive players will automatically lose when time's up. (requested by GenericWolfeLover8)\n|\n|t:|1746043970\n|start\n|switch|p1a: Flutter Mane|Flutter Mane, L50|100/100\n|switch|p1b: Calyrex|Calyrex-Shadow, L50|100/100\n|switch|p2a: Koraidon|Koraidon, L50|100/100\n|switch|p2b: Flutter Mane|Flutter Mane, L50|100/100\n|-ability|p1b: Calyrex|As One\n|-ability|p1b: Calyrex|Unnerve\n|-weather|SunnyDay|[from] ability: Orichalcum Pulse|[of] p2a: Koraidon\n|-activate|p2b: Flutter Mane|ability: Protosynthesis\n|-start|p2b: Flutter Mane|protosynthesisspe\n|-activate|p1a: Flutter Mane|ability: Protosynthesis\n|-start|p1a: Flutter Mane|protosynthesisspe\n|-activate|p2a: Koraidon|Orichalcum Pulse|[source]\n|turn|1\n|\n|t:|1746043994\n|-terastallize|p2a: Koraidon|Fire\n|move|p2b: Flutter Mane|Protect|p2b: Flutter Mane\n|-singleturn|p2b: Flutter Mane|Protect\n|move|p1b: Calyrex|Protect|p1b: Calyrex\n|-singleturn|p1b: Calyrex|Protect\n|move|p1a: Flutter Mane|Icy Wind|p2a: Koraidon|[spread] \n|-activate|p2b: Flutter Mane|move: Protect\n|-miss|p1a: Flutter Mane|p2a: Koraidon\n|move|p2a: Koraidon|Scale Shot|p1b: Calyrex\n|-activate|p1b: Calyrex|move: Protect\n|\n|-weather|SunnyDay|[upkeep]\n|upkeep\n|turn|2\n|\n|t:|1746044008\n|move|p1a: Flutter Mane|Icy Wind|p2b: Flutter Mane|[spread] p2a,p2b\n|-resisted|p2a: Koraidon\n|-damage|p2a: Koraidon|93/100\n|-damage|p2b: Flutter Mane|85/100\n|-unboost|p2a: Koraidon|spe|1\n|-unboost|p2b: Flutter Mane|spe|1\n|move|p1b: Calyrex|Astral Barrage|p2b: Flutter Mane|[spread] p2a,p2b\n|-supereffective|p2b: Flutter Mane\n|-damage|p2a: Koraidon|24/100\n|-damage|p2b: Flutter Mane|0 fnt\n|faint|p2b: Flutter Mane\n|-end|p2b: Flutter Mane|Protosynthesis|[silent]\n|-ability|p1b: Calyrex|Grim Neigh|boost\n|-boost|p1b: Calyrex|spa|1\n|-damage|p1b: Calyrex|91/100|[from] item: Life Orb\n|move|p2a: Koraidon|Scale Shot|p1b: Calyrex\n|-damage|p1b: Calyrex|69/100\n|-damage|p1b: Calyrex|46/100\n|-damage|p1b: Calyrex|25/100\n|-damage|p1b: Calyrex|2/100\n|-damage|p1b: Calyrex|0 fnt\n|faint|p1b: Calyrex\n|-hitcount|p1: Calyrex|5\n|-unboost|p2a: Koraidon|def|1\n|-boost|p2a: Koraidon|spe|1\n|\n|-weather|SunnyDay|[upkeep]\n|upkeep\n|inactive|GenericWolfeLover8 has 30 seconds left.\n|\n|t:|1746044036\n|switch|p1b: Walking Wake|Walking Wake, L50|100/100\n|switch|p2b: Ho-Oh|Ho-Oh, L50|100/100\n|-activate|p1b: Walking Wake|ability: Protosynthesis\n|-start|p1b: Walking Wake|protosynthesisspa\n|turn|3\n|inactive|MidoMidori has 30 seconds left.\n|\n|t:|1746044066\n|-terastallize|p1b: Walking Wake|Fairy\n|move|p2a: Koraidon|Protect|p2a: Koraidon\n|-singleturn|p2a: Koraidon|Protect\n|move|p1a: Flutter Mane|Moonblast|p2a: Koraidon\n|-activate|p2a: Koraidon|move: Protect\n|move|p1b: Walking Wake|Hydro Steam|p2b: Ho-Oh\n|-supereffective|p2b: Ho-Oh\n|-damage|p2b: Ho-Oh|10/100\n|move|p2b: Ho-Oh|Tailwind|p2b: Ho-Oh\n|-sidestart|p2: MidoMidori|move: Tailwind\n|\n|-weather|SunnyDay|[upkeep]\n|upkeep\n|turn|4\n|\n|t:|1746044085\n|switch|p2b: Raging Bolt|Raging Bolt, L50|100/100\n|-activate|p2b: Raging Bolt|ability: Protosynthesis\n|-start|p2b: Raging Bolt|protosynthesisspa\n|-end|p1b: Walking Wake|Protosynthesis|[silent]\n|switch|p1b: Koraidon|Koraidon, L50|100/100\n|-activate|p1b: Koraidon|ability: Orichalcum Pulse\n|move|p2a: Koraidon|Flare Blitz|p1b: Koraidon\n|-resisted|p1b: Koraidon\n|-damage|p1b: Koraidon|48/100\n|-damage|p2a: Koraidon|6/100|[from] Recoil\n|move|p1a: Flutter Mane|Moonblast|p2a: Koraidon\n|-resisted|p2a: Koraidon\n|-damage|p2a: Koraidon|0 fnt\n|faint|p2a: Koraidon\n|\n|-weather|SunnyDay|[upkeep]\n|upkeep\n|\n|t:|1746044088\n|switch|p2a: Ho-Oh|Ho-Oh, L50|44/100\n|turn|5\n|\n|t:|1746044108\n|move|p1a: Flutter Mane|Protect|p1a: Flutter Mane\n|-singleturn|p1a: Flutter Mane|Protect\n|move|p1b: Koraidon|Protect|p1b: Koraidon\n|-singleturn|p1b: Koraidon|Protect\n|move|p2a: Ho-Oh|Brave Bird|p1b: Koraidon\n|-activate|p1b: Koraidon|move: Protect\n|move|p2b: Raging Bolt|Volt Switch|p1a: Flutter Mane\n|-activate|p1a: Flutter Mane|move: Protect\n|\n|-weather|none\n|-end|p1a: Flutter Mane|Protosynthesis\n|-end|p2b: Raging Bolt|Protosynthesis\n|upkeep\n|turn|6\n|\n|t:|1746044130\n|switch|p1b: Walking Wake|Walking Wake, L50, tera:Fairy|100/100\n|move|p2a: Ho-Oh|Sacred Fire|p1a: Flutter Mane\n|-enditem|p1a: Flutter Mane|Focus Sash\n|-damage|p1a: Flutter Mane|1/100\n|-status|p1a: Flutter Mane|brn\n|move|p1a: Flutter Mane|Moonblast|p2b: Raging Bolt\n|-supereffective|p2b: Raging Bolt\n|-damage|p2b: Raging Bolt|48/100\n|-unboost|p2b: Raging Bolt|spa|1\n|move|p2b: Raging Bolt|Volt Switch|p1a: Flutter Mane\n|-damage|p1a: Flutter Mane|0 fnt\n|faint|p1a: Flutter Mane\n|-end|p1a: Flutter Mane|Protosynthesis|[silent]\n|\n|-sideend|p2: MidoMidori|move: Tailwind\n|upkeep\n|\n|t:|1746044143\n|switch|p1a: Koraidon|Koraidon, L50|48/100\n|-weather|SunnyDay|[from] ability: Orichalcum Pulse|[of] p1a: Koraidon\n|-activate|p1b: Walking Wake|ability: Protosynthesis\n|-start|p1b: Walking Wake|protosynthesisspa\n|-activate|p2b: Raging Bolt|ability: Protosynthesis\n|-start|p2b: Raging Bolt|protosynthesisspa\n|-activate|p1a: Koraidon|Orichalcum Pulse|[source]\n|turn|7\n|\n|t:|1746044159\n|move|p2a: Ho-Oh|Protect|p2a: Ho-Oh\n|-singleturn|p2a: Ho-Oh|Protect\n|move|p2b: Raging Bolt|Thunderclap|p1a: Koraidon\n|-resisted|p1a: Koraidon\n|-damage|p1a: Koraidon|32/100\n|move|p1a: Koraidon|Dragon Claw|p2b: Raging Bolt\n|-supereffective|p2b: Raging Bolt\n|-damage|p2b: Raging Bolt|0 fnt\n|faint|p2b: Raging Bolt\n|-end|p2b: Raging Bolt|Protosynthesis|[silent]\n|move|p1b: Walking Wake|Hydro Steam|p2a: Ho-Oh\n|-activate|p2a: Ho-Oh|move: Protect\n|\n|-weather|SunnyDay|[upkeep]\n|upkeep\n|turn|8\n|c|\u2606MidoMidori|Gg\n|-message|MidoMidori forfeited.\n|\n|win|GenericWolfeLover8\n|raw|GenericWolfeLover8's rating: 1248 &rarr; <strong>1271</strong><br />(+23 for winning)\n|raw|MidoMidori's rating: 1224 &rarr; <strong>1201</strong><br />(-23 for losing)\n|l|\u2606GenericWolfeLover8\n|player|p1|\n|l|\u2606MidoMidori\n|player|p2|\n", "uploadtime": 1746044181, "views": 8, "formatid": "gen9vgc2025regibo3", "rating": 1201, "private": 0, "password": null}