{"id": "gen9vgc2025regibo3-2354098890", "format": "[Gen 9] VGC 2025 Reg I (Bo3)", "players": ["mavvyvgc", "Minustrian"], "log": "|j|\u2606mavvyvgc\n|j|\u2606Minustrian\n|html|<table width=\"100%\"><tr><td align=\"left\">mavvyvgc</td><td align=\"right\">Minustrian</tr><tr><td align=\"left\"><i class=\"fa fa-circle\"></i> <i class=\"fa fa-circle-o\"></i> </td><td align=\"right\"><i class=\"fa fa-circle-o\"></i> <i class=\"fa fa-circle-o\"></i> </tr></table>\n|uhtml|bestof|<h2><strong>Game 2</strong> of <a href=\"/game-bestof3-gen9vgc2025regibo3-2354093012\">a best-of-3</a></h2>\n|t:|1746034728\n|gametype|doubles\n|player|p1|mavvyvgc|riley|1041\n|player|p2|Minustrian|candice|1000\n|teamsize|p1|6\n|teamsize|p2|6\n|gen|9\n|tier|[Gen 9] VGC 2025 Reg I (Bo3)\n|rated|\n|rule|Species Clause: Limit one of each Pok\u00e9mon\n|rule|Item Clause: Limit 1 of each item\n|clearpoke\n|poke|p1|Calyrex-Shadow, L50|\n|poke|p1|Kyurem, L50|\n|poke|p1|Slowking, L50, M|\n|poke|p1|Ninetales-Alola, L50, M|\n|poke|p1|Tornadus, L50, M|\n|poke|p1|Incineroar, L50, M|\n|poke|p2|Kyogre, L50|\n|poke|p2|Zacian-*, L50|\n|poke|p2|Incineroar, L50, M|\n|poke|p2|Indeedee-F, L50, F|\n|poke|p2|Tornadus, L50, M|\n|poke|p2|Landorus, L50, M|\n|teampreview|4\n|showteam|p1|Calyrex-Shadow||FocusSash|AsOneSpectrier|DarkPulse,AstralBarrage,NastyPlot,Protect||||||50|,,,,,Dark]Kyurem||NeverMeltIce|Pressure|DracoMeteor,Protect,Glaciate,Blizzard||||||50|,,,,,Fire]Slowking||RockyHelmet|Oblivious|Psychic,TrickRoom,ChillyReception,HydroPump|||M|||50|,,,,,Water]Ninetales-Alola||LifeOrb|SnowWarning|Moonblast,FreezeDry,Blizzard,Protect|||M|||50|,,,,,Electric]Tornadus||CovertCloak|Prankster|Tailwind,WeatherBall,Protect,Snowscape|||M|||50|,,,,,Dark]Incineroar||AssaultVest|Intimidate|FakeOut,KnockOff,FlareBlitz,Uturn|||M|||50|,,,,,Fire\n|showteam|p2|Kyogre||ChoiceScarf|Drizzle|WaterSpout,OriginPulse,IceBeam,Thunder||||||50|,,,,,Water]Zacian-Crowned||RustedSword|IntrepidSword|behemothblade,PlayRough,SacredSword,Protect||||||50|,,,,,Fairy]Incineroar||RockyHelmet|Intimidate|FakeOut,PartingShot,WillOWisp,KnockOff|||M|||50|,,,,,Ghost]Indeedee-F||SafetyGoggles|PsychicSurge|FollowMe,TrickRoom,HelpingHand,Psychic|||F|||50|,,,,,Steel]Tornadus||CovertCloak|Prankster|BleakwindStorm,RainDance,Tailwind,Taunt|||M|||50|,,,,,Dark]Landorus||LifeOrb|SheerForce|EarthPower,SludgeBomb,SandsearStorm,Protect|||M|||50|,,,,,Poison\n|inactive|Battle timer is ON: inactive players will automatically lose when time's up. (requested by Minustrian)\n|inactive|Minustrian has 60 seconds left.\n|\n|t:|1746034782\n|start\n|switch|p1a: Slowking|Slowking, L50, M|100/100\n|switch|p1b: Incineroar|Incineroar, L50, M|100/100\n|switch|p2a: Mafuyu|Kyogre, L50|100/100\n|switch|p2b: kuru kuru|Indeedee-F, L50, F|100/100\n|-weather|RainDance|[from] ability: Drizzle|[of] p2a: Mafuyu\n|-fieldstart|move: Psychic Terrain|[from] ability: Psychic Surge|[of] p2b: kuru kuru\n|-ability|p1b: Incineroar|Intimidate|boost\n|-unboost|p2a: Mafuyu|atk|1\n|-unboost|p2b: kuru kuru|atk|1\n|turn|1\n|inactive|Minustrian has 30 seconds left.\n|inactive|Minustrian has 20 seconds left.\n|inactive|Minustrian has 15 seconds left.\n|inactive|Minustrian has 10 seconds left.\n|\n|t:|1746034828\n|move|p2b: kuru kuru|Helping Hand|p2a: Mafuyu\n|-singleturn|p2a: Mafuyu|Helping Hand|[of] p2b: kuru kuru\n|move|p2a: Mafuyu|Water Spout|p1b: Incineroar|[spread] p1a,p1b\n|-resisted|p1a: Slowking\n|-supereffective|p1b: Incineroar\n|-damage|p1a: Slowking|40/100\n|-damage|p1b: Incineroar|0 fnt\n|faint|p1b: Incineroar\n|move|p1a: Slowking|Trick Room|p1a: Slowking\n|-fieldstart|move: Trick Room|[of] p1a: Slowking\n|\n|-weather|RainDance|[upkeep]\n|upkeep\n|\n|t:|1746034839\n|switch|p1b: Kyurem|Kyurem, L50|100/100\n|-ability|p1b: Kyurem|Pressure\n|turn|2\n|\n|t:|1746034859\n|switch|p2a: Ruru|Zacian-Crowned, L50|100/100\n|-ability|p2a: Ruru|Intrepid Sword|boost\n|-boost|p2a: Ruru|atk|1\n|move|p1a: Slowking|Psychic|p2a: Ruru\n|-resisted|p2a: Ruru\n|-damage|p2a: Ruru|81/100\n|move|p1b: Kyurem|Draco Meteor|p2a: Ruru\n|-immune|p2a: Ruru\n|move|p2b: kuru kuru|Trick Room|p2b: kuru kuru\n|-fieldend|move: Trick Room\n|\n|-weather|RainDance|[upkeep]\n|upkeep\n|turn|3\n|inactive|Minustrian has 30 seconds left.\n|inactive|mavvyvgc has 30 seconds left.\n|inactive|Minustrian has 20 seconds left.\n|inactive|mavvyvgc has 20 seconds left.\n|inactive|Minustrian has 15 seconds left.\n|inactive|mavvyvgc has 15 seconds left.\n|\n|t:|1746034904\n|move|p2a: Ruru|Play Rough|p1a: Slowking\n|-crit|p1a: Slowking\n|-damage|p1a: Slowking|0 fnt\n|-damage|p2a: Ruru|64/100|[from] item: Rocky Helmet|[of] p1a: Slowking\n|faint|p1a: Slowking\n|move|p1b: Kyurem|Glaciate|p2b: kuru kuru|[spread] p2a,p2b\n|-resisted|p2a: Ruru\n|-damage|p2a: Ruru|53/100\n|-damage|p2b: kuru kuru|72/100\n|-unboost|p2a: Ruru|spe|1\n|-unboost|p2b: kuru kuru|spe|1\n|move|p2b: kuru kuru|Psychic|p1b: Kyurem\n|-damage|p1b: Kyurem|71/100\n|\n|-weather|RainDance|[upkeep]\n|upkeep\n|\n|t:|1746034916\n|switch|p1a: Calyrex|Calyrex-Shadow, L50|100/100\n|-ability|p1a: Calyrex|As One\n|-ability|p1a: Calyrex|Unnerve\n|turn|4\n|\n|t:|1746034938\n|-terastallize|p1a: Calyrex|Dark\n|move|p2a: Ruru|Protect|p2a: Ruru\n|-singleturn|p2a: Ruru|Protect\n|move|p1a: Calyrex|Astral Barrage|p2b: kuru kuru|[spread] \n|-activate|p2a: Ruru|move: Protect\n|-immune|p2b: kuru kuru\n|move|p1b: Kyurem|Glaciate|p2b: kuru kuru|[spread] p2b\n|-activate|p2a: Ruru|move: Protect\n|-damage|p2b: kuru kuru|44/100\n|-unboost|p2b: kuru kuru|spe|1\n|move|p2b: kuru kuru|Trick Room|p2b: kuru kuru\n|-fieldstart|move: Trick Room|[of] p2b: kuru kuru\n|\n|-weather|RainDance|[upkeep]\n|upkeep\n|turn|5\n|inactive|mavvyvgc has 30 seconds left.\n|inactive|Minustrian has 30 seconds left.\n|inactive|mavvyvgc has 20 seconds left.\n|inactive|Minustrian has 20 seconds left.\n|inactive|mavvyvgc has 15 seconds left.\n|inactive|Minustrian has 15 seconds left.\n|\n|t:|1746034982\n|move|p2b: kuru kuru|Follow Me|p2b: kuru kuru\n|-singleturn|p2b: kuru kuru|move: Follow Me\n|move|p1b: Kyurem|Glaciate|p2b: kuru kuru|[spread] p2a,p2b\n|-resisted|p2a: Ruru\n|-damage|p2a: Ruru|41/100\n|-damage|p2b: kuru kuru|16/100\n|-unboost|p2a: Ruru|spe|1\n|-unboost|p2b: kuru kuru|spe|1\n|move|p2a: Ruru|Sacred Sword|p1a: Calyrex\n|-supereffective|p1a: Calyrex\n|-enditem|p1a: Calyrex|Focus Sash\n|-damage|p1a: Calyrex|1/100\n|move|p1a: Calyrex|Astral Barrage|p2a: Ruru|[spread] p2a\n|-immune|p2b: kuru kuru\n|-damage|p2a: Ruru|0 fnt\n|faint|p2a: Ruru\n|-ability|p1a: Calyrex|Grim Neigh|boost\n|-boost|p1a: Calyrex|spa|1\n|\n|-weather|none\n|-fieldend|move: Psychic Terrain\n|upkeep\n|\n|t:|1746035001\n|switch|p2a: Liam|Incineroar, L50, M|100/100\n|-ability|p2a: Liam|Intimidate|boost\n|-unboost|p1a: Calyrex|atk|1\n|-unboost|p1b: Kyurem|atk|1\n|turn|6\n|inactive|mavvyvgc has 30 seconds left.\n|\n|t:|1746035026\n|move|p1a: Calyrex|Protect|p1a: Calyrex\n|-singleturn|p1a: Calyrex|Protect\n|move|p2a: Liam|Fake Out|p1a: Calyrex\n|-activate|p1a: Calyrex|move: Protect\n|move|p2b: kuru kuru|Psychic|p1b: Kyurem\n|-damage|p1b: Kyurem|46/100\n|move|p1b: Kyurem|Blizzard|p2a: Liam|[spread] p2b\n|-miss|p1b: Kyurem|p2a: Liam\n|-damage|p2b: kuru kuru|0 fnt\n|faint|p2b: kuru kuru\n|\n|upkeep\n|\n|t:|1746035038\n|switch|p2b: Mafuyu|Kyogre, L50|100/100\n|-weather|RainDance|[from] ability: Drizzle|[of] p2b: Mafuyu\n|turn|7\n|inactive|mavvyvgc has 30 seconds left.\n|inactive|Minustrian has 30 seconds left.\n|inactive|Minustrian has 20 seconds left.\n|\n|t:|1746035077\n|-terastallize|p2b: Mafuyu|Water\n|move|p1a: Calyrex|Protect||[still]\n|-fail|p1a: Calyrex\n|move|p2a: Liam|Knock Off|p1a: Calyrex\n|-resisted|p1a: Calyrex\n|-damage|p1a: Calyrex|0 fnt\n|faint|p1a: Calyrex\n|move|p1b: Kyurem|Draco Meteor|p2b: Mafuyu\n|-damage|p2b: Mafuyu|45/100\n|-unboost|p1b: Kyurem|spa|2\n|move|p2b: Mafuyu|Origin Pulse|p1b: Kyurem|[miss]\n|-miss|p2b: Mafuyu|p1b: Kyurem\n|\n|-weather|RainDance|[upkeep]\n|upkeep\n|turn|8\n|inactive|mavvyvgc has 30 seconds left.\n|\n|t:|1746035111\n|move|p2a: Liam|Knock Off|p1b: Kyurem\n|-damage|p1b: Kyurem|17/100\n|-enditem|p1b: Kyurem|Never-Melt Ice|[from] move: Knock Off|[of] p2a: Liam\n|move|p1b: Kyurem|Draco Meteor|p2b: Mafuyu\n|-damage|p2b: Mafuyu|19/100\n|-unboost|p1b: Kyurem|spa|2\n|move|p2b: Mafuyu|Origin Pulse|p1b: Kyurem\n|-resisted|p1b: Kyurem\n|-crit|p1b: Kyurem\n|-damage|p1b: Kyurem|0 fnt\n|faint|p1b: Kyurem\n|\n|win|Minustrian\n|inactive|mavvyvgc has 30 seconds to confirm battle start!\n|inactive|Minustrian has 30 seconds to confirm battle start!\n||Minustrian is ready for game 3.\n", "uploadtime": 1746035127, "views": 14, "formatid": "gen9vgc2025regibo3", "rating": null, "private": 0, "password": null}