{"id": "gen9vgc2025regibo3-2354180533", "format": "[Gen 9] VGC 2025 Reg I (Bo3)", "players": ["Taijem", "aC0ldTurkey"], "log": "|j|\u2606Taijem\n|j|\u2606aC0ldTurkey\n|html|<table width=\"100%\"><tr><td align=\"left\">Taijem</td><td align=\"right\">aC0ldTurkey</tr><tr><td align=\"left\"><i class=\"fa fa-circle-o\"></i> <i class=\"fa fa-circle-o\"></i> </td><td align=\"right\"><i class=\"fa fa-circle-o\"></i> <i class=\"fa fa-circle-o\"></i> </tr></table>\n|uhtml|bestof|<h2><strong>Game 1</strong> of <a href=\"/game-bestof3-gen9vgc2025regibo3-2354180532\">a best-of-3</a></h2>\n|t:|1746042065\n|gametype|doubles\n|player|p1|Taijem|1|1098\n|player|p2|aC0ldTurkey|1|1136\n|teamsize|p1|6\n|teamsize|p2|6\n|gen|9\n|tier|[Gen 9] VGC 2025 Reg I (Bo3)\n|rated|\n|rule|Species Clause: Limit one of each Pok\u00e9mon\n|rule|Item Clause: Limit 1 of each item\n|clearpoke\n|poke|p1|Kyogre, L50|\n|poke|p1|Zacian-*, L50|\n|poke|p1|Tornadus, L50, M|\n|poke|p1|Urshifu-*, L50, M|\n|poke|p1|Chien-Pao, L50|\n|poke|p1|Amoonguss, L50, M|\n|poke|p2|Zamazenta-*, L50|\n|poke|p2|Calyrex-Shadow, L50|\n|poke|p2|Tornadus, L50, M|\n|poke|p2|Urshifu-*, L50, M|\n|poke|p2|Rillaboom, L50, M|\n|poke|p2|Chien-Pao, L50|\n|teampreview|4\n|showteam|p1|Kyogre||MysticWater|Drizzle|WaterSpout,OriginPulse,IceBeam,Protect||||||50|,,,,,Grass]Zacian-Crowned||RustedSword|IntrepidSword|behemothblade,PlayRough,SacredSword,Protect||||||50|,,,,,Fairy]Tornadus||CovertCloak|Prankster|Tailwind,BleakwindStorm,RainDance,Taunt|||M|||50|,,,,,Dark]Urshifu-Rapid-Strike||ChoiceScarf|UnseenFist|SurgingStrikes,CloseCombat,AquaJet,Uturn|||M|||50|,,,,,Ghost]Chien-Pao||FocusSash|SwordofRuin|IceSpinner,SuckerPunch,SacredSword,Protect||||||50|,,,,,Ghost]Amoonguss||RockyHelmet|Regenerator|RagePowder,Spore,PollenPuff,Protect|||M|||50|,,,,,Water\n|showteam|p2|Zamazenta-Crowned||RustedShield|DauntlessShield|BodyPress,HeavySlam,WideGuard,Protect||||||50|,,,,,Ghost]Calyrex-Shadow||FocusSash|AsOneSpectrier|AstralBarrage,Psychic,Encore,Protect||||||50|,,,,,Ghost]Tornadus||RockyHelmet|Prankster|BleakwindStorm,Tailwind,RainDance,Protect|||M|||50|,,,,,Dark]Urshifu-Rapid-Strike||MysticWater|UnseenFist|SurgingStrikes,CloseCombat,AquaJet,Detect|||M|||50|,,,,,Water]Rillaboom||AssaultVest|GrassySurge|FakeOut,GrassyGlide,WoodHammer,Uturn|||M|||50|,,,,,Fire]Chien-Pao||LifeOrb|SwordofRuin|SuckerPunch,IcicleCrash,IceShard,Protect||||||50|,,,,,Stellar\n|inactive|Battle timer is ON: inactive players will automatically lose when time's up. (requested by aC0ldTurkey)\n|\n|t:|1746042117\n|start\n|switch|p1a: Urshifu|Urshifu-Rapid-Strike, L50, M|100/100\n|switch|p1b: Chien-Pao|Chien-Pao, L50|100/100\n|switch|p2a: Rillaboom|Rillaboom, L50, M|100/100\n|switch|p2b: Calyrex|Calyrex-Shadow, L50|100/100\n|-ability|p2b: Calyrex|As One\n|-ability|p2b: Calyrex|Unnerve\n|-ability|p1b: Chien-Pao|Sword of Ruin\n|-fieldstart|move: Grassy Terrain|[from] ability: Grassy Surge|[of] p2a: Rillaboom\n|turn|1\n|inactive|Taijem has 30 seconds left.\n|inactive|aC0ldTurkey has 30 seconds left.\n|\n|t:|1746042148\n|-terastallize|p1a: Urshifu|Ghost\n|move|p2a: Rillaboom|Fake Out|p1b: Chien-Pao\n|-damage|p1b: Chien-Pao|81/100\n|move|p1a: Urshifu|Surging Strikes|p2b: Calyrex\n|-crit|p2b: Calyrex\n|-damage|p2b: Calyrex|66/100\n|-crit|p2b: Calyrex\n|-damage|p2b: Calyrex|32/100\n|-crit|p2b: Calyrex\n|-damage|p2b: Calyrex|0 fnt\n|faint|p2b: Calyrex\n|-hitcount|p2: Calyrex|3\n|cant|p1b: Chien-Pao|flinch\n|\n|-heal|p1b: Chien-Pao|87/100|[from] Grassy Terrain\n|upkeep\n|\n|t:|1746042164\n|switch|p2b: Urshifu|Urshifu-Rapid-Strike, L50, M|100/100\n|turn|2\n|inactive|aC0ldTurkey has 30 seconds left.\n|inactive|Taijem has 30 seconds left.\n|\n|t:|1746042202\n|switch|p1a: Kyogre|Kyogre, L50|100/100\n|-weather|RainDance|[from] ability: Drizzle|[of] p1a: Kyogre\n|-terastallize|p2a: Rillaboom|Fire\n|move|p1b: Chien-Pao|Ice Spinner|p2a: Rillaboom\n|-resisted|p2a: Rillaboom\n|-damage|p2a: Rillaboom|78/100\n|-fieldend|move: Grassy Terrain\n|move|p2b: Urshifu|Surging Strikes|p1b: Chien-Pao\n|-crit|p1b: Chien-Pao\n|-damage|p1b: Chien-Pao|32/100\n|-crit|p1b: Chien-Pao\n|-damage|p1b: Chien-Pao|0 fnt\n|faint|p1b: Chien-Pao\n|-hitcount|p1: Chien-Pao|2\n|move|p2a: Rillaboom|U-turn|p1a: Kyogre\n|-damage|p1a: Kyogre|75/100\n|\n|t:|1746042217\n|switch|p2a: Zamazenta|Zamazenta-Crowned, L50|100/100|[from] U-turn\n|-ability|p2a: Zamazenta|Dauntless Shield|boost\n|-boost|p2a: Zamazenta|def|1\n|\n|-weather|RainDance|[upkeep]\n|upkeep\n|\n|t:|1746042224\n|switch|p1b: Tornadus|Tornadus, L50, M|100/100\n|turn|3\n|\n|t:|1746042247\n|move|p2a: Zamazenta|Wide Guard|p2a: Zamazenta\n|-singleturn|p2a: Zamazenta|Wide Guard\n|move|p1b: Tornadus|Taunt|p2a: Zamazenta\n|-start|p2a: Zamazenta|move: Taunt\n|move|p1a: Kyogre|Origin Pulse|p2b: Urshifu|[spread] \n|-activate|p2a: Zamazenta|move: Wide Guard\n|-activate|p2b: Urshifu|move: Wide Guard\n|move|p2b: Urshifu|Surging Strikes|p1a: Kyogre\n|-resisted|p1a: Kyogre\n|-crit|p1a: Kyogre\n|-damage|p1a: Kyogre|52/100\n|-resisted|p1a: Kyogre\n|-crit|p1a: Kyogre\n|-damage|p1a: Kyogre|28/100\n|-resisted|p1a: Kyogre\n|-crit|p1a: Kyogre\n|-damage|p1a: Kyogre|6/100\n|-hitcount|p1a: Kyogre|3\n|\n|-weather|RainDance|[upkeep]\n|upkeep\n|turn|4\n|inactive|Taijem has 30 seconds left.\n|inactive|Taijem has 20 seconds left.\n|inactive|Taijem has 15 seconds left.\n|\n|t:|1746042291\n|switch|p1a: Urshifu|Urshifu-Rapid-Strike, L50, M, tera:Ghost|100/100\n|move|p1b: Tornadus|Tailwind|p1b: Tornadus\n|-sidestart|p1: Taijem|move: Tailwind\n|move|p2b: Urshifu|Aqua Jet|p1a: Urshifu\n|-damage|p1a: Urshifu|60/100\n|move|p2a: Zamazenta|Heavy Slam|p1b: Tornadus\n|-damage|p1b: Tornadus|53/100\n|\n|-weather|RainDance|[upkeep]\n|upkeep\n|turn|5\n|inactive|aC0ldTurkey has 30 seconds left.\n|\n|t:|1746042323\n|move|p1a: Urshifu|Surging Strikes|p2a: Zamazenta\n|-crit|p2a: Zamazenta\n|-damage|p2a: Zamazenta|81/100\n|-crit|p2a: Zamazenta\n|-damage|p2a: Zamazenta|63/100\n|-crit|p2a: Zamazenta\n|-damage|p2a: Zamazenta|46/100\n|-hitcount|p2a: Zamazenta|3\n|move|p1b: Tornadus|Bleakwind Storm|p2b: Urshifu|[spread] p2a,p2b\n|-supereffective|p2b: Urshifu\n|-crit|p2b: Urshifu\n|-damage|p2a: Zamazenta|28/100\n|-damage|p2b: Urshifu|0 fnt\n|-unboost|p2a: Zamazenta|spe|1\n|faint|p2b: Urshifu\n|move|p2a: Zamazenta|Heavy Slam|p1a: Urshifu\n|-damage|p1a: Urshifu|12/100\n|\n|-weather|RainDance|[upkeep]\n|upkeep\n|\n|t:|1746042338\n|switch|p2b: Rillaboom|Rillaboom, L50, M, tera:Fire|78/100\n|-fieldstart|move: Grassy Terrain|[from] ability: Grassy Surge|[of] p2b: Rillaboom\n|turn|6\n|\n|t:|1746042357\n|switch|p1a: Kyogre|Kyogre, L50|6/100\n|move|p2b: Rillaboom|Grassy Glide|p1a: Kyogre\n|-supereffective|p1a: Kyogre\n|-damage|p1a: Kyogre|0 fnt\n|faint|p1a: Kyogre\n|move|p1b: Tornadus|Bleakwind Storm|p2a: Zamazenta|[spread] p2a,p2b\n|-damage|p2a: Zamazenta|7/100\n|-damage|p2b: Rillaboom|56/100\n|-unboost|p2b: Rillaboom|spe|1\n|move|p2a: Zamazenta|Heavy Slam|p1b: Tornadus\n|-damage|p1b: Tornadus|2/100\n|\n|-weather|none\n|-heal|p2a: Zamazenta|13/100|[from] Grassy Terrain\n|-heal|p2b: Rillaboom|62/100|[from] Grassy Terrain\n|-end|p2a: Zamazenta|move: Taunt\n|upkeep\n|\n|t:|1746042366\n|switch|p1a: Urshifu|Urshifu-Rapid-Strike, L50, M, tera:Ghost|12/100\n|turn|7\n|\n|t:|1746042385\n|move|p1a: Urshifu|Aqua Jet|p2b: Rillaboom\n|-supereffective|p2b: Rillaboom\n|-damage|p2b: Rillaboom|15/100\n|move|p2b: Rillaboom|Grassy Glide|p1a: Urshifu\n|-damage|p1a: Urshifu|0 fnt\n|faint|p1a: Urshifu\n|move|p1b: Tornadus|Bleakwind Storm|p2b: Rillaboom|[spread] p2a,p2b\n|-damage|p2a: Zamazenta|0 fnt\n|-damage|p2b: Rillaboom|0 fnt\n|faint|p2a: Zamazenta\n|faint|p2b: Rillaboom\n|\n|win|Taijem\n|inactive|Taijem has 30 seconds to confirm battle start!\n|inactive|aC0ldTurkey has 30 seconds to confirm battle start!\n||Taijem is ready for game 2.\n||aC0ldTurkey is ready for game 2.\n|uhtml|next|Next: <a href=\"/battle-gen9vgc2025regibo3-2354183926\"><strong>Game 2 of 3</strong></a>\n", "uploadtime": 1746042708, "views": 15, "formatid": "gen9vgc2025regibo3", "rating": null, "private": 0, "password": null}