{"id": "gen9vgc2025regibo3-2353663934", "format": "[Gen 9] VGC 2025 Reg I (Bo3)", "players": ["mil0battles", "nukan up"], "log": "|j|\u2606mil0battles\n|j|\u2606nukan up\n|html|<table width=\"100%\"><tr><td align=\"left\">mil0battles</td><td align=\"right\">nukan up</tr><tr><td align=\"left\"><i class=\"fa fa-circle-o\"></i> <i class=\"fa fa-circle-o\"></i> </td><td align=\"right\"><i class=\"fa fa-circle-o\"></i> <i class=\"fa fa-circle-o\"></i> </tr></table>\n|uhtml|bestof|<h2><strong>Game 1</strong> of <a href=\"/game-bestof3-gen9vgc2025regibo3-2353663933\">a best-of-3</a></h2>\n|t:|1745980694\n|gametype|doubles\n|player|p1|mil0battles|pokemonranger-gen4|1201\n|player|p2|nukan up|169|1231\n|teamsize|p1|6\n|teamsize|p2|6\n|gen|9\n|tier|[Gen 9] VGC 2025 Reg I (Bo3)\n|rated|\n|rule|Species Clause: Limit one of each Pok\u00e9mon\n|rule|Item Clause: Limit 1 of each item\n|clearpoke\n|poke|p1|Zacian-*, L50|\n|poke|p1|Calyrex-Shadow, L50|\n|poke|p1|Tornadus, L50, M|\n|poke|p1|Indeedee-F, L50, F|\n|poke|p1|Urshifu-*, L50, F|\n|poke|p1|Ursaluna, L50, F|\n|poke|p2|Calyrex-Shadow, L50|\n|poke|p2|Zamazenta-*, L50|\n|poke|p2|Tornadus, L50, M|\n|poke|p2|Chi-Yu, L50|\n|poke|p2|Raging Bolt, L50|\n|poke|p2|Farigiraf, L50, F|\n|teampreview|4\n|showteam|p1|Zacian-Crowned||RustedSword|IntrepidSword|Protect,PlayRough,behemothblade,SacredSword||||||50|,,,,,Stellar]Calyrex-Shadow||LifeOrb|AsOneSpectrier|ExpandingForce,AstralBarrage,NastyPlot,Protect||||||50|,,,,,Normal]Tornadus||CovertCloak|Prankster|RainDance,Tailwind,BleakwindStorm,Taunt|||M|||50|,,,,,Dark]Indeedee-F||PsychicSeed|PsychicSurge|FollowMe,TrickRoom,Imprison,HelpingHand|||F|||50|,,,,,Fairy]Urshifu-Rapid-Strike||ChoiceScarf|UnseenFist|Coaching,SurgingStrikes,AquaJet,CloseCombat|||F|||50|,,,,,Stellar]Ursaluna||FlameOrb|Guts|Facade,HeadlongRush,RockSlide,Protect|||F|||50|,,,,,Fire\n|showteam|p2|Calyrex-Shadow||LifeOrb|AsOneSpectrier|AstralBarrage,Psychic,Disable,Protect||||||50|,,,,,Normal]Zamazenta-Crowned||RustedShield|DauntlessShield|BodyPress,HeavySlam,WideGuard,Protect||||||50|,,,,,Dragon]Tornadus||CovertCloak|Prankster|Tailwind,SunnyDay,IcyWind,BleakwindStorm|||M|||50|,,,,,Water]Chi-Yu||ChoiceScarf|BeadsofRuin|Snarl,DarkPulse,HeatWave,Overheat||||||50|,,,,,Ghost]Raging Bolt||AssaultVest|Protosynthesis|Electroweb,Snarl,DragonPulse,Thunderclap||||||50|,,,,,Electric]Farigiraf||ThroatSpray|ArmorTail|Psyshock,HelpingHand,HyperVoice,TrickRoom|||F|||50|,,,,,Normal\n|inactive|Battle timer is ON: inactive players will automatically lose when time's up. (requested by nukan up)\n|inactive|mil0battles has 60 seconds left.\n|inactive|nukan up has 60 seconds left.\n|inactive|mil0battles has 30 seconds left.\n|\n|t:|1745980761\n|start\n|switch|p1a: Tornadus|Tornadus, L50, M|100/100\n|switch|p1b: Urshifu|Urshifu-Rapid-Strike, L50, F|100/100\n|switch|p2a: Calyrex|Calyrex-Shadow, L50|100/100\n|switch|p2b: Chi-Yu|Chi-Yu, L50|100/100\n|-ability|p2a: Calyrex|As One\n|-ability|p2a: Calyrex|Unnerve\n|-ability|p2b: Chi-Yu|Beads of Ruin\n|turn|1\n|\n|t:|1745980776\n|switch|p2a: Zamazenta|Zamazenta-Crowned, L50|100/100\n|-ability|p2a: Zamazenta|Dauntless Shield|boost\n|-boost|p2a: Zamazenta|def|1\n|-terastallize|p1b: Urshifu|Stellar\n|move|p1a: Tornadus|Rain Dance|p1a: Tornadus\n|-weather|RainDance\n|move|p2b: Chi-Yu|Dark Pulse|p1a: Tornadus\n|-damage|p1a: Tornadus|27/100\n|move|p1b: Urshifu|Surging Strikes|p2a: Zamazenta\n|-crit|p2a: Zamazenta\n|-damage|p2a: Zamazenta|69/100\n|-crit|p2a: Zamazenta\n|-damage|p2a: Zamazenta|40/100\n|-crit|p2a: Zamazenta\n|-damage|p2a: Zamazenta|12/100\n|-hitcount|p2a: Zamazenta|3\n|\n|-weather|RainDance|[upkeep]\n|upkeep\n|turn|2\n|\n|t:|1745980798\n|move|p1a: Tornadus|Tailwind|p1a: Tornadus\n|-sidestart|p1: mil0battles|move: Tailwind\n|move|p1b: Urshifu|Surging Strikes|p2b: Chi-Yu\n|-supereffective|p2b: Chi-Yu\n|-crit|p2b: Chi-Yu\n|-damage|p2b: Chi-Yu|0 fnt\n|faint|p2b: Chi-Yu\n|-hitcount|p2: Chi-Yu|1\n|move|p2a: Zamazenta|Body Press|p1a: Tornadus\n|-resisted|p1a: Tornadus\n|-damage|p1a: Tornadus|0 fnt\n|faint|p1a: Tornadus\n|\n|-weather|RainDance|[upkeep]\n|upkeep\n|\n|t:|1745980817\n|switch|p1a: Calyrex|Calyrex-Shadow, L50|100/100\n|switch|p2b: Tornadus|Tornadus, L50, M|100/100\n|-ability|p1a: Calyrex|As One\n|-ability|p1a: Calyrex|Unnerve\n|turn|3\n|inactive|mil0battles has 30 seconds left.\n|\n|t:|1745980845\n|move|p2a: Zamazenta|Wide Guard|p2a: Zamazenta\n|-singleturn|p2a: Zamazenta|Wide Guard\n|move|p2b: Tornadus|Sunny Day|p2b: Tornadus\n|-weather|SunnyDay\n|move|p1b: Urshifu|Surging Strikes|p2a: Zamazenta\n|-crit|p2a: Zamazenta\n|-damage|p2a: Zamazenta|5/100\n|-crit|p2a: Zamazenta\n|-damage|p2a: Zamazenta|0 fnt\n|faint|p2a: Zamazenta\n|-hitcount|p2: Zamazenta|2\n|move|p1a: Calyrex|Expanding Force|p2b: Tornadus\n|-damage|p2b: Tornadus|38/100\n|-damage|p1a: Calyrex|91/100|[from] item: Life Orb\n|\n|-weather|SunnyDay|[upkeep]\n|upkeep\n|\n|t:|1745980857\n|switch|p2a: Calyrex|Calyrex-Shadow, L50|100/100\n|-ability|p2a: Calyrex|As One\n|-ability|p2a: Calyrex|Unnerve\n|turn|4\n|\n|t:|1745980875\n|-terastallize|p2a: Calyrex|Normal\n|move|p2b: Tornadus|Tailwind|p2b: Tornadus\n|-sidestart|p2: nukan up|move: Tailwind\n|move|p1b: Urshifu|Surging Strikes|p2a: Calyrex\n|-crit|p2a: Calyrex\n|-damage|p2a: Calyrex|87/100\n|-crit|p2a: Calyrex\n|-damage|p2a: Calyrex|73/100\n|-crit|p2a: Calyrex\n|-damage|p2a: Calyrex|59/100\n|-hitcount|p2a: Calyrex|3\n|move|p1a: Calyrex|Expanding Force|p2b: Tornadus\n|-damage|p2b: Tornadus|0 fnt\n|faint|p2b: Tornadus\n|-ability|p1a: Calyrex|Grim Neigh|boost\n|-boost|p1a: Calyrex|spa|1\n|-damage|p1a: Calyrex|81/100|[from] item: Life Orb\n|move|p2a: Calyrex|Astral Barrage|p1a: Calyrex|[spread] p1a,p1b\n|-supereffective|p1a: Calyrex\n|-damage|p1a: Calyrex|0 fnt\n|-damage|p1b: Urshifu|0 fnt\n|faint|p1a: Calyrex\n|faint|p1b: Urshifu\n|-ability|p2a: Calyrex|Grim Neigh|boost\n|-boost|p2a: Calyrex|spa|2\n|-damage|p2a: Calyrex|49/100|[from] item: Life Orb\n|\n|-weather|SunnyDay|[upkeep]\n|upkeep\n|\n|t:|1745980890\n|switch|p1b: Ursaluna|Ursaluna, L50, F|100/100\n|turn|5\n|\n|t:|1745980901\n|move|p2a: Calyrex|Protect|p2a: Calyrex\n|-singleturn|p2a: Calyrex|Protect\n|move|p1b: Ursaluna|Headlong Rush|p2a: Calyrex\n|-activate|p2a: Calyrex|move: Protect\n|\n|-weather|SunnyDay|[upkeep]\n|-sideend|p1: mil0battles|move: Tailwind\n|-status|p1b: Ursaluna|brn|[from] item: Flame Orb\n|upkeep\n|turn|6\n|\n|t:|1745980908\n|move|p2a: Calyrex|Psychic|p1b: Ursaluna\n|-damage|p1b: Ursaluna|0 fnt\n|faint|p1b: Ursaluna\n|-damage|p2a: Calyrex|39/100|[from] item: Life Orb\n|\n|win|nukan up\n||mil0battles is ready for game 2.\n||nukan up is ready for game 2.\n|uhtml|next|Next: <a href=\"/battle-gen9vgc2025regibo3-2353665755\"><strong>Game 2 of 3</strong></a>\n", "uploadtime": 1745980914, "views": 11, "formatid": "gen9vgc2025regibo3", "rating": null, "private": 0, "password": null}