{"id": "gen9vgc2025regibo3-2354532189", "format": "[Gen 9] VGC 2025 Reg I (Bo3)", "players": ["PEKORA999", "Diabolical Intent"], "log": "|j|\u2606PEKORA999\n|j|\u2606Diabolical Intent\n|html|<table width=\"100%\"><tr><td align=\"left\">PEKORA999</td><td align=\"right\">Diabolical Intent</tr><tr><td align=\"left\"><i class=\"fa fa-circle\"></i> <i class=\"fa fa-circle-o\"></i> </td><td align=\"right\"><i class=\"fa fa-circle-o\"></i> <i class=\"fa fa-circle-o\"></i> </tr></table>\n|uhtml|bestof|<h2><strong>Game 2</strong> of <a href=\"/game-bestof3-gen9vgc2025regibo3-2354531299\">a best-of-3</a></h2>\n|t:|1746089161\n|gametype|doubles\n|player|p1|PEKORA999|265|1425\n|player|p2|Diabolical Intent|grimsley|1349\n|teamsize|p1|6\n|teamsize|p2|6\n|gen|9\n|tier|[Gen 9] VGC 2025 Reg I (Bo3)\n|rated|\n|rule|Species Clause: Limit one of each Pok\u00e9mon\n|rule|Item Clause: Limit 1 of each item\n|clearpoke\n|poke|p1|Zamazenta-*, L50|\n|poke|p1|Calyrex-Shadow, L50|\n|poke|p1|Chi-Yu, L50|\n|poke|p1|Raging Bolt, L50|\n|poke|p1|Amoonguss, L50, M|\n|poke|p1|Tornadus, L50, M|\n|poke|p2|Koraidon, L50|\n|poke|p2|Walking Wake, L50|\n|poke|p2|Brute Bonnet, L50|\n|poke|p2|Chi-Yu, L50|\n|poke|p2|Whimsicott, L50, M|\n|poke|p2|Calyrex-Shadow, L50|\n|teampreview|4\n|showteam|p1|Zamazenta-Crowned||RustedShield|DauntlessShield|behemothbash,IronDefense,BodyPress,WideGuard||||||50|,,,,,Water]Calyrex-Shadow||FocusSash|AsOneSpectrier|AstralBarrage,Psychic,Encore,Protect||||||50|,,,,,Fairy]Chi-Yu||ChoiceScarf|BeadsofRuin|Overheat,HeatWave,DarkPulse,Snarl||||||50|,,,,,Ghost]Raging Bolt||AssaultVest|Protosynthesis|Electroweb,VoltSwitch,DracoMeteor,Thunderclap||||||50|,,,,,Electric]Amoonguss||RockyHelmet|Regenerator|Spore,RagePowder,PollenPuff,Protect|||M|||50|,,,,,Water]Tornadus||CovertCloak|Prankster|BleakwindStorm,Tailwind,SunnyDay,RainDance|||M|||50|,,,,,Dark\n|showteam|p2|Koraidon||ClearAmulet|OrichalcumPulse|FlareBlitz,FlameCharge,CollisionCourse,Protect||||||50|,,,,,Fire]Walking Wake||LifeOrb|Protosynthesis|HydroSteam,WeatherBall,DracoMeteor,Protect||||||50|,,,,,Fire]Brute Bonnet||RockyHelmet|Protosynthesis|SuckerPunch,Taunt,Spore,RagePowder||||||50|,,,,,Water]Chi-Yu||ChoiceScarf|BeadsofRuin|FireBlast,HeatWave,DarkPulse,Snarl||||||50|,,,,,Ghost]Whimsicott||CovertCloak|Prankster|Moonblast,Tailwind,Encore,SunnyDay|||M|||50|,,,,,Ghost]Calyrex-Shadow||FocusSash|AsOneSpectrier|AstralBarrage,Psychic,Disable,Protect||||||50|,,,,,Ghost\n|inactive|Battle timer is ON: inactive players will automatically lose when time's up. (requested by Diabolical Intent)\n|c|\u2606Diabolical Intent|what a terrible regulation\n|inactive|Diabolical Intent has 60 seconds left.\n|\n|t:|1746089192\n|start\n|switch|p1a: Zamazenta|Zamazenta-Crowned, L50|100/100\n|switch|p1b: Tornadus|Tornadus, L50, M|100/100\n|switch|p2a: Whimsicott|Whimsicott, L50, M|100/100\n|switch|p2b: Calyrex|Calyrex-Shadow, L50|100/100\n|-ability|p2b: Calyrex|As One\n|-ability|p2b: Calyrex|Unnerve\n|-ability|p1a: Zamazenta|Dauntless Shield|boost\n|-boost|p1a: Zamazenta|def|1\n|turn|1\n|inactive|PEKORA999 has 30 seconds left.\n|\n|t:|1746089218\n|move|p2a: Whimsicott|Tailwind|p2a: Whimsicott\n|-sidestart|p2: Diabolical Intent|move: Tailwind\n|move|p1b: Tornadus|Tailwind|p1b: Tornadus\n|-sidestart|p1: PEKORA999|move: Tailwind\n|move|p2b: Calyrex|Astral Barrage|p1b: Tornadus|[spread] p1a,p1b\n|-damage|p1a: Zamazenta|61/100\n|-damage|p1b: Tornadus|42/100\n|move|p1a: Zamazenta|Behemoth Bash|p2b: Calyrex\n|-damage|p2b: Calyrex|49/100\n|\n|upkeep\n|turn|2\n|inactive|Diabolical Intent has 30 seconds left.\n|\n|t:|1746089243\n|switch|p1b: Chi-Yu|Chi-Yu, L50|100/100\n|-ability|p1b: Chi-Yu|Beads of Ruin\n|move|p2b: Calyrex|Psychic|p1b: Chi-Yu\n|-immune|p1b: Chi-Yu\n|move|p2a: Whimsicott|Moonblast|p1b: Chi-Yu\n|-damage|p1b: Chi-Yu|57/100\n|move|p1a: Zamazenta|Behemoth Bash|p2a: Whimsicott\n|-supereffective|p2a: Whimsicott\n|-damage|p2a: Whimsicott|0 fnt\n|faint|p2a: Whimsicott\n|\n|upkeep\n|\n|t:|1746089251\n|switch|p2a: Koraidon|Koraidon, L50|100/100\n|-weather|SunnyDay|[from] ability: Orichalcum Pulse|[of] p2a: Koraidon\n|-activate|p2a: Koraidon|Orichalcum Pulse|[source]\n|turn|3\n|\n|t:|1746089272\n|-terastallize|p2a: Koraidon|Fire\n|move|p2b: Calyrex|Protect|p2b: Calyrex\n|-singleturn|p2b: Calyrex|Protect\n|move|p1b: Chi-Yu|Heat Wave|p2a: Koraidon|[spread] \n|-activate|p2b: Calyrex|move: Protect\n|-miss|p1b: Chi-Yu|p2a: Koraidon\n|move|p2a: Koraidon|Flame Charge|p1b: Chi-Yu\n|-resisted|p1b: Chi-Yu\n|-damage|p1b: Chi-Yu|2/100\n|-boost|p2a: Koraidon|spe|1\n|move|p1a: Zamazenta|Body Press|p2a: Koraidon\n|-damage|p2a: Koraidon|43/100\n|\n|-weather|SunnyDay|[upkeep]\n|upkeep\n|turn|4\n|inactive|PEKORA999 has 30 seconds left.\n|inactive|PEKORA999 has 20 seconds left.\n|inactive|PEKORA999 has 15 seconds left.\n|\n|t:|1746089312\n|switch|p1b: Calyrex|Calyrex-Shadow, L50|100/100\n|-ability|p1b: Calyrex|As One\n|-ability|p1b: Calyrex|Unnerve\n|-terastallize|p1a: Zamazenta|Water\n|move|p2a: Koraidon|Flame Charge|p1b: Calyrex\n|-damage|p1b: Calyrex|16/100\n|-boost|p2a: Koraidon|spe|1\n|move|p2b: Calyrex|Disable|p1a: Zamazenta\n|-start|p1a: Zamazenta|Disable|Body Press\n|cant|p1a: Zamazenta|Disable|Body Press\n|\n|-weather|SunnyDay|[upkeep]\n|-sideend|p2: Diabolical Intent|move: Tailwind\n|-sideend|p1: PEKORA999|move: Tailwind\n|upkeep\n|turn|5\n|\n|t:|1746089337\n|move|p2a: Koraidon|Protect|p2a: Koraidon\n|-singleturn|p2a: Koraidon|Protect\n|move|p2b: Calyrex|Protect|p2b: Calyrex\n|-singleturn|p2b: Calyrex|Protect\n|move|p1b: Calyrex|Protect|p1b: Calyrex\n|-singleturn|p1b: Calyrex|Protect\n|move|p1a: Zamazenta|Behemoth Bash|p2b: Calyrex\n|-activate|p2b: Calyrex|move: Protect\n|\n|-weather|SunnyDay|[upkeep]\n|upkeep\n|turn|6\n|inactive|PEKORA999 has 30 seconds left.\n|\n|t:|1746089369\n|move|p2a: Koraidon|Flame Charge|p1b: Calyrex\n|-damage|p1b: Calyrex|0 fnt\n|-boost|p2a: Koraidon|spe|1\n|faint|p1b: Calyrex\n|move|p2b: Calyrex|Psychic|p1a: Zamazenta\n|-damage|p1a: Zamazenta|22/100\n|move|p1a: Zamazenta|Behemoth Bash|p2b: Calyrex\n|-damage|p2b: Calyrex|0 fnt\n|faint|p2b: Calyrex\n|\n|-weather|SunnyDay|[upkeep]\n|upkeep\n|\n|t:|1746089382\n|switch|p2b: Walking Wake|Walking Wake, L50|100/100\n|switch|p1b: Tornadus|Tornadus, L50, M|42/100\n|-activate|p2b: Walking Wake|ability: Protosynthesis\n|-start|p2b: Walking Wake|protosynthesisspe\n|turn|7\n|\n|t:|1746089400\n|switch|p1a: Chi-Yu|Chi-Yu, L50|2/100\n|-ability|p1a: Chi-Yu|Beads of Ruin\n|move|p1b: Tornadus|Tailwind|p1b: Tornadus\n|-sidestart|p1: PEKORA999|move: Tailwind\n|move|p2a: Koraidon|Flame Charge|p1b: Tornadus\n|-damage|p1b: Tornadus|0 fnt\n|-boost|p2a: Koraidon|spe|1\n|faint|p1b: Tornadus\n|move|p2b: Walking Wake|Hydro Steam|p1a: Chi-Yu\n|-supereffective|p1a: Chi-Yu\n|-damage|p1a: Chi-Yu|0 fnt\n|faint|p1a: Chi-Yu\n|-damage|p2b: Walking Wake|91/100|[from] item: Life Orb\n|\n|-weather|none\n|-end|p2b: Walking Wake|Protosynthesis\n|upkeep\n|\n|t:|1746089404\n|switch|p1b: Zamazenta|Zamazenta-Crowned, L50, tera:Water|22/100\n|turn|8\n|\n|t:|1746089410\n|move|p2a: Koraidon|Collision Course|p1b: Zamazenta\n|-damage|p1b: Zamazenta|0 fnt\n|faint|p1b: Zamazenta\n|\n|win|Diabolical Intent\n||PEKORA999 is ready for game 3.\n|inactive|Diabolical Intent has 30 seconds to confirm battle start!\n||Diabolical Intent is ready for game 3.\n|uhtml|next|Next: <a href=\"/battle-gen9vgc2025regibo3-2354533594\"><strong>Game 3 of 3</strong></a>\n|l|\u2606Diabolical Intent\n|player|p2|\n", "uploadtime": 1746089749, "views": 26, "formatid": "gen9vgc2025regibo3", "rating": null, "private": 0, "password": null}