{"id": "gen9vgc2025regibo3-2353713245", "format": "[Gen 9] VGC 2025 Reg I (Bo3)", "players": ["PresentBlue", "krish5503"], "log": "|j|\u2606PresentBlue\n|j|\u2606krish5503\n|html|<table width=\"100%\"><tr><td align=\"left\">PresentBlue</td><td align=\"right\">krish5503</tr><tr><td align=\"left\"><i class=\"fa fa-circle-o\"></i> <i class=\"fa fa-circle-o\"></i> </td><td align=\"right\"><i class=\"fa fa-circle-o\"></i> <i class=\"fa fa-circle-o\"></i> </tr></table>\n|uhtml|bestof|<h2><strong>Game 1</strong> of <a href=\"/game-bestof3-gen9vgc2025regibo3-2353713244\">a best-of-3</a></h2>\n|t:|1745987336\n|gametype|doubles\n|player|p1|PresentBlue|101|1040\n|player|p2|krish5503|n|1020\n|teamsize|p1|5\n|teamsize|p2|6\n|gen|9\n|tier|[Gen 9] VGC 2025 Reg I (Bo3)\n|rated|\n|rule|Species Clause: Limit one of each Pok\u00e9mon\n|rule|Item Clause: Limit 1 of each item\n|clearpoke\n|poke|p1|Blissey, L50, F|\n|poke|p1|Corviknight, L50, F|\n|poke|p1|Clodsire, L50, F|\n|poke|p1|Urshifu-*, L50, F|\n|poke|p1|Kyogre, L50|\n|poke|p2|Lunala, L50|\n|poke|p2|Miraidon, L50|\n|poke|p2|Iron Hands, L50|\n|poke|p2|Grimmsnarl, L50, M|\n|poke|p2|Ogerpon-Hearthflame, L50, F|\n|poke|p2|Iron Bundle, L50|\n|teampreview|4\n|showteam|p1|Blissey||ShellBell|Healer|SoftBoiled,SeismicToss,DazzlingGleam,HelpingHand|||F|||50|,,,,,Normal]Corviknight||RockyHelmet|MirrorArmor|Roost,IronHead,Uturn,Taunt|||F|||50|,,,,,Flying]Clodsire||SafetyGoggles|WaterAbsorb|ToxicSpikes,Toxic,Protect,ChillingWater|||F|||50|,,,,,Steel]Urshifu-Rapid-Strike||FocusSash|UnseenFist|AquaJet,Protect,SurgingStrikes,DrainPunch|||F|||50|,,,,,Steel]Kyogre||ChoiceScarf|Drizzle|WaterSpout,ThunderWave,IcyWind,Thunder||||||50|,,,,,Grass\n|showteam|p2|Lunala||PowerHerb|ShadowShield|TrickRoom,WideGuard,MoongeistBeam,MeteorBeam||||||50|,,,,,Fairy]Miraidon||ChoiceSpecs|HadronEngine|ElectroDrift,DracoMeteor,VoltSwitch,DazzlingGleam||||||50|,,,,,Fairy]Iron Hands||AssaultVest|QuarkDrive|DrainPunch,LowKick,HeavySlam,FakeOut||||||50|,,,,,Bug]Grimmsnarl||CovertCloak|Prankster|FoulPlay,Reflect,LightScreen,ThunderWave|||M|||50|,,,,,Ghost]Ogerpon-Hearthflame||HearthflameMask|MoldBreaker|IvyCudgel,WoodHammer,FollowMe,SpikyShield|||F|||50|,,,,,Fire]Iron Bundle||FocusSash|QuarkDrive|FreezeDry,IcyWind,Encore,Protect||||||50|,,,,,Ghost\n|\n|t:|1745987381\n|start\n|switch|p1a: Corviknight|Corviknight, L50, F|100/100\n|switch|p1b: Urshifu|Urshifu-Rapid-Strike, L50, F|100/100\n|switch|p2a: Grimmsnarl|Grimmsnarl, L50, M|100/100\n|switch|p2b: Miraidon|Miraidon, L50|100/100\n|-fieldstart|move: Electric Terrain|[from] ability: Hadron Engine|[of] p2b: Miraidon\n|turn|1\n|\n|t:|1745987406\n|switch|p1a: Clodsire|Clodsire, L50, F|100/100\n|move|p1b: Urshifu|Protect|p1b: Urshifu\n|-singleturn|p1b: Urshifu|Protect\n|move|p2a: Grimmsnarl|Reflect|p2a: Grimmsnarl\n|-sidestart|p2: krish5503|Reflect\n|move|p2b: Miraidon|Electro Drift|p1a: Clodsire\n|-immune|p1a: Clodsire\n|\n|upkeep\n|turn|2\n|\n|t:|1745987444\n|switch|p1b: Blissey|Blissey, L50, F|100/100\n|move|p2a: Grimmsnarl|Thunder Wave|p1b: Blissey\n|-status|p1b: Blissey|par\n|move|p2b: Miraidon|Electro Drift|p1b: Blissey\n|-damage|p1b: Blissey|50/100 par\n|move|p1a: Clodsire|Toxic Spikes|p2b: Miraidon\n|-sidestart|p2: krish5503|move: Toxic Spikes\n|\n|upkeep\n|turn|3\n|\n|t:|1745987470\n|switch|p2a: Lunala|Lunala, L50|100/100\n|-status|p2a: Lunala|psn\n|move|p2b: Miraidon|Electro Drift|p1b: Blissey\n|-damage|p1b: Blissey|0 fnt\n|faint|p1b: Blissey\n|move|p1a: Clodsire|Toxic Spikes|p2a: Lunala\n|-sidestart|p2: krish5503|move: Toxic Spikes\n|\n|-damage|p2a: Lunala|88/100 psn|[from] psn\n|upkeep\n|\n|t:|1745987483\n|switch|p1b: Urshifu|Urshifu-Rapid-Strike, L50, F|100/100\n|turn|4\n|\n|t:|1745987502\n|move|p1b: Urshifu|Protect|p1b: Urshifu\n|-singleturn|p1b: Urshifu|Protect\n|move|p1a: Clodsire|Protect|p1a: Clodsire\n|-singleturn|p1a: Clodsire|Protect\n|move|p2b: Miraidon|Electro Drift|p1b: Urshifu\n|-activate|p1b: Urshifu|move: Protect\n|move|p2a: Lunala|Moongeist Beam|p1a: Clodsire\n|-activate|p1a: Clodsire|move: Protect\n|\n|-damage|p2a: Lunala|75/100 psn|[from] psn\n|upkeep\n|turn|5\n|\n|t:|1745987543\n|-terastallize|p1b: Urshifu|Steel\n|move|p2b: Miraidon|Electro Drift|p1b: Urshifu\n|-enditem|p1b: Urshifu|Focus Sash\n|-damage|p1b: Urshifu|1/100\n|move|p1b: Urshifu|Drain Punch|p2b: Miraidon\n|-damage|p2b: Miraidon|75/100\n|-heal|p1b: Urshifu|14/100|[from] drain|[of] p2b: Miraidon\n|move|p2a: Lunala|Moongeist Beam|p1a: Clodsire\n|-damage|p1a: Clodsire|61/100\n|move|p1a: Clodsire|Toxic|p2b: Miraidon\n|-status|p2b: Miraidon|tox\n|\n|-damage|p2b: Miraidon|69/100 tox|[from] psn\n|-damage|p2a: Lunala|63/100 psn|[from] psn\n|-sideend|p2: krish5503|Reflect\n|-fieldend|move: Electric Terrain\n|upkeep\n|turn|6\n|\n|t:|1745987584\n|switch|p2a: Iron Hands|Iron Hands, L50|100/100\n|-status|p2a: Iron Hands|tox\n|move|p1b: Urshifu|Protect|p1b: Urshifu\n|-singleturn|p1b: Urshifu|Protect\n|move|p1a: Clodsire|Protect|p1a: Clodsire\n|-singleturn|p1a: Clodsire|Protect\n|move|p2b: Miraidon|Electro Drift|p1b: Urshifu\n|-activate|p1b: Urshifu|move: Protect\n|\n|-damage|p2b: Miraidon|56/100 tox|[from] psn\n|-damage|p2a: Iron Hands|94/100 tox|[from] psn\n|upkeep\n|turn|7\n|\n|t:|1745987610\n|switch|p1b: Corviknight|Corviknight, L50, F|100/100\n|move|p2a: Iron Hands|Fake Out|p1a: Clodsire\n|-damage|p1a: Clodsire|47/100\n|move|p2b: Miraidon|Electro Drift|p1b: Corviknight\n|-supereffective|p1b: Corviknight\n|-damage|p1b: Corviknight|0 fnt\n|-damage|p2b: Miraidon|40/100 tox|[from] item: Rocky Helmet|[of] p1b: Corviknight\n|faint|p1b: Corviknight\n|cant|p1a: Clodsire|flinch\n|\n|-damage|p2b: Miraidon|21/100 tox|[from] psn\n|-damage|p2a: Iron Hands|82/100 tox|[from] psn\n|upkeep\n|\n|t:|1745987623\n|switch|p1b: Urshifu|Urshifu-Rapid-Strike, L50, F, tera:Steel|14/100\n|turn|8\n|\n|t:|1745987632\n|move|p1b: Urshifu|Protect|p1b: Urshifu\n|-singleturn|p1b: Urshifu|Protect\n|move|p1a: Clodsire|Protect|p1a: Clodsire\n|-singleturn|p1a: Clodsire|Protect\n|move|p2b: Miraidon|Electro Drift|p1b: Urshifu\n|-activate|p1b: Urshifu|move: Protect\n|move|p2a: Iron Hands|Heavy Slam|p1a: Clodsire\n|-activate|p1a: Clodsire|move: Protect\n|\n|-damage|p2b: Miraidon|0 fnt|[from] psn\n|faint|p2b: Miraidon\n|-damage|p2a: Iron Hands|63/100 tox|[from] psn\n|upkeep\n|\n|t:|1745987638\n|switch|p2b: Lunala|Lunala, L50|63/100 psn\n|turn|9\n|\n|t:|1745987675\n|move|p1b: Urshifu|Surging Strikes|p2b: Lunala\n|-crit|p2b: Lunala\n|-damage|p2b: Lunala|49/100 psn\n|-crit|p2b: Lunala\n|-damage|p2b: Lunala|35/100 psn\n|-crit|p2b: Lunala\n|-damage|p2b: Lunala|20/100 psn\n|-hitcount|p2b: Lunala|3\n|move|p2b: Lunala|Meteor Beam||[still]\n|-prepare|p2b: Lunala|Meteor Beam\n|-boost|p2b: Lunala|spa|1\n|-enditem|p2b: Lunala|Power Herb\n|-anim|p2b: Lunala|Meteor Beam|p1b: Urshifu\n|-resisted|p1b: Urshifu\n|-damage|p1b: Urshifu|0 fnt\n|faint|p1b: Urshifu\n|move|p2a: Iron Hands|Heavy Slam|p1a: Clodsire\n|-damage|p1a: Clodsire|34/100\n|move|p1a: Clodsire|Chilling Water|p2a: Iron Hands\n|-damage|p2a: Iron Hands|60/100 tox\n|-unboost|p2a: Iron Hands|atk|1\n|\n|-damage|p2b: Lunala|8/100 psn|[from] psn\n|-damage|p2a: Iron Hands|35/100 tox|[from] psn\n|upkeep\n|turn|10\n|\n|t:|1745987702\n|move|p1a: Clodsire|Protect|p1a: Clodsire\n|-singleturn|p1a: Clodsire|Protect\n|move|p2b: Lunala|Moongeist Beam|p1a: Clodsire\n|-activate|p1a: Clodsire|move: Protect\n|move|p2a: Iron Hands|Drain Punch|p1a: Clodsire\n|-activate|p1a: Clodsire|move: Protect\n|\n|-damage|p2b: Lunala|0 fnt|[from] psn\n|faint|p2b: Lunala\n|-damage|p2a: Iron Hands|3/100 tox|[from] psn\n|upkeep\n|\n|t:|1745987705\n|switch|p2b: Grimmsnarl|Grimmsnarl, L50, M|100/100\n|-status|p2b: Grimmsnarl|tox\n|turn|11\n|\n|t:|1745987724\n|move|p2b: Grimmsnarl|Foul Play|p1a: Clodsire\n|-damage|p1a: Clodsire|17/100\n|move|p2a: Iron Hands|Drain Punch|p1a: Clodsire\n|-resisted|p1a: Clodsire\n|-damage|p1a: Clodsire|6/100\n|-heal|p2a: Iron Hands|8/100 tox|[from] drain|[of] p1a: Clodsire\n|move|p1a: Clodsire|Chilling Water|p2a: Iron Hands\n|-damage|p2a: Iron Hands|5/100 tox\n|-unboost|p2a: Iron Hands|atk|1\n|\n|-damage|p2b: Grimmsnarl|94/100 tox|[from] psn\n|-damage|p2a: Iron Hands|0 fnt|[from] psn\n|faint|p2a: Iron Hands\n|-end|p2a: Iron Hands|Quark Drive|[silent]\n|upkeep\n|turn|12\n|\n|t:|1745987743\n|move|p1a: Clodsire|Protect|p1a: Clodsire\n|-singleturn|p1a: Clodsire|Protect\n|move|p2b: Grimmsnarl|Foul Play|p1a: Clodsire\n|-activate|p1a: Clodsire|move: Protect\n|\n|-damage|p2b: Grimmsnarl|82/100 tox|[from] psn\n|upkeep\n|turn|13\n|\n|t:|1745987782\n|move|p2b: Grimmsnarl|Foul Play|p1a: Clodsire\n|-damage|p1a: Clodsire|0 fnt\n|faint|p1a: Clodsire\n|\n|win|krish5503\n|l|\u2606PresentBlue\n|player|p1|\n|inactive|PresentBlue has 30 seconds to confirm battle start!\n|inactive|krish5503 has 30 seconds to confirm battle start!\n|inactive|PresentBlue has 20 seconds to confirm battle start!\n|inactive|krish5503 has 20 seconds to confirm battle start!\n|inactive|PresentBlue has 10 seconds to confirm battle start!\n|inactive|krish5503 has 10 seconds to confirm battle start!\n|uhtml|next|Next: <a href=\"/battle-gen9vgc2025regibo3-2353716353\"><strong>Game 2 of 3</strong></a>\n", "uploadtime": 1745988113, "views": 5, "formatid": "gen9vgc2025regibo3", "rating": null, "private": 0, "password": null}