{"id": "gen9vgc2025regibo3-2353561173", "format": "[Gen 9] VGC 2025 Reg I (Bo3)", "players": ["jahreed", "Pokenube66"], "log": "|j|\u2606jahreed\n|j|\u2606Pokenube66\n|html|<table width=\"100%\"><tr><td align=\"left\">jahreed</td><td align=\"right\">Pokenube66</tr><tr><td align=\"left\"><i class=\"fa fa-circle\"></i> <i class=\"fa fa-circle-o\"></i> </td><td align=\"right\"><i class=\"fa fa-circle-o\"></i> <i class=\"fa fa-circle-o\"></i> </tr></table>\n|uhtml|bestof|<h2><strong>Game 2</strong> of <a href=\"/game-bestof3-gen9vgc2025regibo3-2353558368\">a best-of-3</a></h2>\n|t:|1745968493\n|gametype|doubles\n|player|p1|jahreed|pryce|1156\n|player|p2|Pokenube66|102|1079\n|teamsize|p1|6\n|teamsize|p2|6\n|gen|9\n|tier|[Gen 9] VGC 2025 Reg I (Bo3)\n|rated|\n|rule|Species Clause: Limit one of each Pok\u00e9mon\n|rule|Item Clause: Limit 1 of each item\n|clearpoke\n|poke|p1|Zamazenta-*, L50|\n|poke|p1|Calyrex-Shadow, L50|\n|poke|p1|Tornadus, L50, M|\n|poke|p1|Urshifu-*, L50, M|\n|poke|p1|Rillaboom, L50, M|\n|poke|p1|Chien-Pao, L50|\n|poke|p2|Koraidon, L50|\n|poke|p2|Incineroar, L50, F|\n|poke|p2|Calyrex-Shadow, L50|\n|poke|p2|Thundurus, L50, M|\n|poke|p2|Raging Bolt, L50|\n|poke|p2|Entei, L50|\n|teampreview|4\n|showteam|p1|Zamazenta-Crowned||RustedShield|DauntlessShield|BodyPress,behemothbash,WideGuard,Protect||||||50|,,,,,Ghost]Calyrex-Shadow||LifeOrb|AsOneSpectrier|AstralBarrage,Psychic,DarkPulse,Protect||||||50|,,,,,Dark]Tornadus||CovertCloak|Prankster|BleakwindStorm,Tailwind,RainDance,Protect|||M|||50|,,,,,Dark]Urshifu-Rapid-Strike||MysticWater|UnseenFist|SurgingStrikes,Taunt,AquaJet,Detect|||M|||50|,,,,,Water]Rillaboom||AssaultVest|GrassySurge|WoodHammer,GrassyGlide,Uturn,FakeOut|||M|||50|,,,,,Fire]Chien-Pao||FocusSash|SwordofRuin|SuckerPunch,SacredSword,IcicleCrash,Protect||||||50|,,,,,Ghost\n|showteam|p2|Koraidon||LifeOrb|OrichalcumPulse|CloseCombat,FlareBlitz,FlameCharge,Protect||||||50|,,,,,Fire]Incineroar||SafetyGoggles|Intimidate|FakeOut,PartingShot,KnockOff,Taunt|||F|||50|,,,,,Ghost]Calyrex-Shadow||FocusSash|AsOneSpectrier|AstralBarrage,Protect,Psyshock,NastyPlot||||||50|,,,,,Fairy]Thundurus||CovertCloak|Prankster|EerieImpulse,ThunderWave,SunnyDay,Thunderbolt|||M|||50|,,,,,Dark]Raging Bolt||AssaultVest|Protosynthesis|Thunderclap,Thunderbolt,DracoMeteor,TeraBlast||||||50|,,,,,Steel]Entei||ChoiceBand|InnerFocus|SacredFire,ExtremeSpeed,StompingTantrum,DoubleEdge||||||50|,,,,,Normal\n|inactive|Battle timer is ON: inactive players will automatically lose when time's up. (requested by jahreed)\n|inactive|Pokenube66 has 60 seconds left.\n|inactive|Pokenube66 has 30 seconds left.\n|\n|t:|1745968556\n|start\n|switch|p1a: Calyrex|Calyrex-Shadow, L50|100/100\n|switch|p1b: Tornadus|Tornadus, L50, M|100/100\n|switch|p2a: Raging Bolt|Raging Bolt, L50|100/100\n|switch|p2b: Koraidon|Koraidon, L50|100/100\n|-ability|p1a: Calyrex|As One\n|-ability|p1a: Calyrex|Unnerve\n|-weather|SunnyDay|[from] ability: Orichalcum Pulse|[of] p2b: Koraidon\n|-activate|p2a: Raging Bolt|ability: Protosynthesis\n|-start|p2a: Raging Bolt|protosynthesisspa\n|-activate|p2b: Koraidon|Orichalcum Pulse|[source]\n|turn|1\n|inactive|jahreed has 30 seconds left.\n|inactive|Pokenube66 has 30 seconds left.\n|\n|t:|1745968585\n|switch|p2b: Incineroar|Incineroar, L50, F|100/100\n|-ability|p2b: Incineroar|Intimidate|boost\n|-unboost|p1a: Calyrex|atk|1\n|-unboost|p1b: Tornadus|atk|1\n|move|p1b: Tornadus|Rain Dance|p1b: Tornadus\n|-weather|RainDance\n|-end|p2a: Raging Bolt|Protosynthesis\n|move|p1a: Calyrex|Astral Barrage|p2b: Incineroar|[spread] p2a,p2b\n|-resisted|p2b: Incineroar\n|-damage|p2a: Raging Bolt|62/100\n|-damage|p2b: Incineroar|72/100\n|-damage|p1a: Calyrex|91/100|[from] item: Life Orb\n|move|p2a: Raging Bolt|Thunderbolt|p1a: Calyrex\n|-damage|p1a: Calyrex|43/100\n|\n|-weather|RainDance|[upkeep]\n|upkeep\n|turn|2\n|inactive|Pokenube66 has 30 seconds left.\n|inactive|jahreed has 30 seconds left.\n|inactive|Pokenube66 has 20 seconds left.\n|inactive|Pokenube66 has 15 seconds left.\n|inactive|Pokenube66 has 10 seconds left.\n|\n|t:|1745968633\n|switch|p2b: Koraidon|Koraidon, L50|100/100\n|-weather|SunnyDay|[from] ability: Orichalcum Pulse|[of] p2b: Koraidon\n|-activate|p2a: Raging Bolt|ability: Protosynthesis\n|-start|p2a: Raging Bolt|protosynthesisspa\n|-activate|p2b: Koraidon|Orichalcum Pulse|[source]\n|move|p1a: Calyrex|Protect|p1a: Calyrex\n|-singleturn|p1a: Calyrex|Protect\n|move|p1b: Tornadus|Bleakwind Storm|p2b: Koraidon|[spread] p2a,p2b\n|-resisted|p2a: Raging Bolt\n|-supereffective|p2b: Koraidon\n|-damage|p2a: Raging Bolt|52/100\n|-damage|p2b: Koraidon|39/100\n|-unboost|p2b: Koraidon|spe|1\n|move|p2a: Raging Bolt|Thunderbolt|p1b: Tornadus\n|-supereffective|p1b: Tornadus\n|-damage|p1b: Tornadus|0 fnt\n|faint|p1b: Tornadus\n|\n|-weather|SunnyDay|[upkeep]\n|upkeep\n|\n|t:|1745968648\n|switch|p1b: Chien-Pao|Chien-Pao, L50|100/100\n|-ability|p1b: Chien-Pao|Sword of Ruin\n|turn|3\n|inactive|jahreed has 30 seconds left.\n|inactive|Pokenube66 has 30 seconds left.\n|\n|t:|1745968680\n|switch|p1a: Zamazenta|Zamazenta-Crowned, L50|100/100\n|-ability|p1a: Zamazenta|Dauntless Shield|boost\n|-boost|p1a: Zamazenta|def|1\n|switch|p2b: Incineroar|Incineroar, L50, F|72/100\n|-ability|p2b: Incineroar|Intimidate|boost\n|-unboost|p1a: Zamazenta|atk|1\n|-unboost|p1b: Chien-Pao|atk|1\n|-terastallize|p2a: Raging Bolt|Steel\n|move|p1b: Chien-Pao|Icicle Crash|p2a: Raging Bolt\n|-resisted|p2a: Raging Bolt\n|-damage|p2a: Raging Bolt|36/100\n|cant|p2a: Raging Bolt|flinch\n|\n|-weather|SunnyDay|[upkeep]\n|upkeep\n|turn|4\n|inactive|jahreed has 30 seconds left.\n|inactive|Pokenube66 has 30 seconds left.\n|inactive|Pokenube66 has 20 seconds left.\n|inactive|Pokenube66 has 15 seconds left.\n|inactive|Pokenube66 has 10 seconds left.\n|\n|t:|1745968729\n|-end|p2a: Raging Bolt|Protosynthesis|[silent]\n|switch|p2a: Entei|Entei, L50, shiny|100/100\n|-terastallize|p1b: Chien-Pao|Ghost\n|move|p1a: Zamazenta|Protect|p1a: Zamazenta\n|-singleturn|p1a: Zamazenta|Protect\n|move|p2b: Incineroar|Fake Out|p1a: Zamazenta\n|-activate|p1a: Zamazenta|move: Protect\n|move|p1b: Chien-Pao|Sacred Sword|p2a: Entei\n|-damage|p2a: Entei|68/100\n|\n|-weather|SunnyDay|[upkeep]\n|upkeep\n|turn|5\n|inactive|Pokenube66 has 30 seconds left.\n|inactive|Pokenube66 has 20 seconds left.\n|inactive|Pokenube66 has 15 seconds left.\n|\n|t:|1745968772\n|switch|p2b: Koraidon|Koraidon, L50|39/100\n|-activate|p2b: Koraidon|ability: Orichalcum Pulse\n|move|p1b: Chien-Pao|Sucker Punch|p2a: Entei\n|-damage|p2a: Entei|31/100\n|move|p1a: Zamazenta|Body Press|p2b: Koraidon\n|-damage|p2b: Koraidon|0 fnt\n|faint|p2b: Koraidon\n|move|p2a: Entei|Sacred Fire|p1a: Zamazenta\n|-supereffective|p1a: Zamazenta\n|-damage|p1a: Zamazenta|0 fnt\n|faint|p1a: Zamazenta\n|\n|-weather|SunnyDay|[upkeep]\n|upkeep\n|\n|t:|1745968789\n|switch|p2b: Incineroar|Incineroar, L50, F|72/100\n|switch|p1a: Calyrex|Calyrex-Shadow, L50|43/100\n|-ability|p1a: Calyrex|As One\n|-ability|p1a: Calyrex|Unnerve\n|-ability|p2b: Incineroar|Intimidate|boost\n|-unboost|p1a: Calyrex|atk|1\n|-unboost|p1b: Chien-Pao|atk|1\n|turn|6\n|inactive|Pokenube66 has 30 seconds left.\n|inactive|Pokenube66 has 20 seconds left.\n|inactive|Pokenube66 has 15 seconds left.\n|\n|t:|1745968833\n|move|p1a: Calyrex|Protect|p1a: Calyrex\n|-singleturn|p1a: Calyrex|Protect\n|move|p1b: Chien-Pao|Sacred Sword|p2a: Entei\n|-damage|p2a: Entei|8/100\n|move|p2a: Entei|Sacred Fire|p1b: Chien-Pao\n|-enditem|p1b: Chien-Pao|Focus Sash\n|-damage|p1b: Chien-Pao|1/100\n|move|p2b: Incineroar|Knock Off|p1b: Chien-Pao\n|-supereffective|p1b: Chien-Pao\n|-crit|p1b: Chien-Pao\n|-damage|p1b: Chien-Pao|0 fnt\n|faint|p1b: Chien-Pao\n|\n|-weather|none\n|upkeep\n|turn|7\n|\n|t:|1745968852\n|move|p1a: Calyrex|Astral Barrage|p2b: Incineroar|[spread] p2a,p2b\n|-resisted|p2b: Incineroar\n|-damage|p2a: Entei|0 fnt\n|-damage|p2b: Incineroar|43/100\n|faint|p2a: Entei\n|-ability|p1a: Calyrex|Grim Neigh|boost\n|-boost|p1a: Calyrex|spa|1\n|-damage|p1a: Calyrex|33/100|[from] item: Life Orb\n|move|p2b: Incineroar|Knock Off|p1a: Calyrex\n|-supereffective|p1a: Calyrex\n|-damage|p1a: Calyrex|0 fnt\n|-enditem|p1a: Calyrex|Life Orb|[from] move: Knock Off|[of] p2b: Incineroar\n|faint|p1a: Calyrex\n|\n|win|Pokenube66\n||jahreed is ready for game 3.\n|inactive|Pokenube66 has 30 seconds to confirm battle start!\n||Pokenube66 is ready for game 3.\n|uhtml|next|Next: <a href=\"/battle-gen9vgc2025regibo3-2353564423\"><strong>Game 3 of 3</strong></a>\n", "uploadtime": 1745969320, "views": 51, "formatid": "gen9vgc2025regibo3", "rating": null, "private": 0, "password": null}