{"id": "gen9vgc2025regibo3-2354747721", "format": "[Gen 9] VGC 2025 Reg I (Bo3)", "players": ["evolt25269", "sarabiia"], "log": "|j|\u2606evolt25269\n|j|\u2606sarabiia\n|html|<table width=\"100%\"><tr><td align=\"left\">evolt25269</td><td align=\"right\">sarabiia</tr><tr><td align=\"left\"><i class=\"fa fa-circle-o\"></i> <i class=\"fa fa-circle-o\"></i> </td><td align=\"right\"><i class=\"fa fa-circle-o\"></i> <i class=\"fa fa-circle-o\"></i> </tr></table>\n|uhtml|bestof|<h2><strong>Game 1</strong> of <a href=\"/game-bestof3-gen9vgc2025regibo3-2354747720\">a best-of-3</a></h2>\n|t:|1746116248\n|gametype|doubles\n|player|p1|evolt25269|dancer|1142\n|player|p2|sarabiia|lucas|1065\n|teamsize|p1|6\n|teamsize|p2|6\n|gen|9\n|tier|[Gen 9] VGC 2025 Reg I (Bo3)\n|rated|\n|rule|Species Clause: Limit one of each Pok\u00e9mon\n|rule|Item Clause: Limit 1 of each item\n|clearpoke\n|poke|p1|Lunala, L50|\n|poke|p1|Miraidon, L50|\n|poke|p1|Urshifu-*, L50, M|\n|poke|p1|Incineroar, L50, F|\n|poke|p1|Whimsicott, L50, F|\n|poke|p1|Ursaluna, L50, F|\n|poke|p2|Kyogre, L50|\n|poke|p2|Zacian-*, L50|\n|poke|p2|Rillaboom, L50, F|\n|poke|p2|Roaring Moon, L50|\n|poke|p2|Volcarona, L50, F|\n|poke|p2|Farigiraf, L50, M|\n|teampreview|4\n|showteam|p1|Lunala||Leftovers|ShadowShield|MoongeistBeam,Psyshock,WideGuard,TrickRoom||||||50|,,,,,Water]Miraidon||ChoiceSpecs|HadronEngine|ElectroDrift,VoltSwitch,DracoMeteor,DazzlingGleam||||||50|,,,,,Fairy]Urshifu-Rapid-Strike||MysticWater|UnseenFist|SurgingStrikes,AquaJet,Taunt,Detect|||M|||50|,,,,,Water]Incineroar||AssaultVest|Intimidate|FlareBlitz,KnockOff,Uturn,FakeOut|||F|||50|,,,,,Water]Whimsicott||FocusSash|Prankster|Moonblast,Tailwind,Protect,Encore|||F|||50|,,,,,Ghost]Ursaluna||FlameOrb|Guts|Facade,Earthquake,HeadlongRush,Protect|||F|||50|,,,,,Fairy\n|showteam|p2|Kyogre||Leftovers|Drizzle|OriginPulse,IceBeam,CalmMind,Protect||||||50|,,,,,Grass]Zacian-Crowned||RustedSword|IntrepidSword|behemothblade,PlayRough,TeraBlast,Protect||||||50|,,,,,Ground]Rillaboom||AssaultVest|GrassySurge|FakeOut,GrassyGlide,Uturn,WoodHammer|||F|||50|,,,,,Grass]Roaring Moon||BoosterEnergy|Protosynthesis|Acrobatics,Tailwind,KnockOff,Taunt||||||50|,,,,,Flying]Volcarona||RockyHelmet|FlameBody|FieryDance,BugBuzz,RagePowder,QuiverDance|||F|||50|,,,,,Grass]Farigiraf||SitrusBerry|ArmorTail|FoulPlay,HelpingHand,PsychicNoise,TrickRoom|||M|||50|,,,,,Dark\n|inactive|Battle timer is ON: inactive players will automatically lose when time's up. (requested by sarabiia)\n|inactive|evolt25269 also wants the timer to be on.\n|inactive|evolt25269 has 60 seconds left.\n|inactive|sarabiia has 60 seconds left.\n|inactive|evolt25269 has 30 seconds left.\n|inactive|sarabiia has 30 seconds left.\n|inactive|sarabiia has 20 seconds left.\n|\n|t:|1746116318\n|start\n|switch|p1a: Lunala|Lunala, L50|100/100\n|switch|p1b: Incineroar|Incineroar, L50, F|100/100\n|switch|p2a: Rillaboom|Rillaboom, L50, F|100/100\n|switch|p2b: Volcarona|Volcarona, L50, F|100/100\n|-fieldstart|move: Grassy Terrain|[from] ability: Grassy Surge|[of] p2a: Rillaboom\n|-ability|p1b: Incineroar|Intimidate|boost\n|-unboost|p2a: Rillaboom|atk|1\n|-unboost|p2b: Volcarona|atk|1\n|turn|1\n|inactive|evolt25269 has 30 seconds left.\n|\n|t:|1746116345\n|move|p2a: Rillaboom|Fake Out|p1b: Incineroar\n|-damage|p1b: Incineroar|92/100\n|move|p2b: Volcarona|Bug Buzz|p1a: Lunala\n|-damage|p1a: Lunala|88/100\n|cant|p1b: Incineroar|flinch\n|move|p1a: Lunala|Trick Room|p1a: Lunala\n|-fieldstart|move: Trick Room|[of] p1a: Lunala\n|\n|-heal|p1b: Incineroar|98/100|[from] Grassy Terrain\n|-heal|p1a: Lunala|94/100|[from] Grassy Terrain\n|-heal|p1a: Lunala|99/100|[from] item: Leftovers\n|upkeep\n|turn|2\n|inactive|sarabiia has 30 seconds left.\n|\n|t:|1746116378\n|switch|p2a: Roaring Moon|Roaring Moon, L50|100/100\n|-enditem|p2a: Roaring Moon|Booster Energy\n|-activate|p2a: Roaring Moon|ability: Protosynthesis|[fromitem]\n|-start|p2a: Roaring Moon|protosynthesisspe\n|move|p1b: Incineroar|Flare Blitz|p2a: Roaring Moon\n|-resisted|p2a: Roaring Moon\n|-damage|p2a: Roaring Moon|77/100\n|-status|p2a: Roaring Moon|brn\n|-damage|p1b: Incineroar|91/100|[from] Recoil\n|move|p1a: Lunala|Moongeist Beam|p2b: Volcarona\n|-damage|p2b: Volcarona|41/100\n|move|p2b: Volcarona|Fiery Dance|p1a: Lunala\n|-damage|p1a: Lunala|75/100\n|\n|-heal|p1b: Incineroar|97/100|[from] Grassy Terrain\n|-heal|p1a: Lunala|81/100|[from] Grassy Terrain\n|-heal|p1a: Lunala|87/100|[from] item: Leftovers\n|-heal|p2b: Volcarona|47/100|[from] Grassy Terrain\n|-heal|p2a: Roaring Moon|83/100 brn|[from] Grassy Terrain\n|-damage|p2a: Roaring Moon|77/100 brn|[from] brn\n|upkeep\n|turn|3\n|inactive|sarabiia has 30 seconds left.\n|\n|t:|1746116408\n|move|p1b: Incineroar|U-turn|p2a: Roaring Moon\n|-supereffective|p2a: Roaring Moon\n|-damage|p2a: Roaring Moon|36/100 brn\n|\n|t:|1746116414\n|switch|p1b: Ursaluna|Ursaluna, L50, F|100/100|[from] U-turn\n|move|p1a: Lunala|Moongeist Beam|p2b: Volcarona\n|-damage|p2b: Volcarona|0 fnt\n|faint|p2b: Volcarona\n|move|p2a: Roaring Moon|Knock Off|p1a: Lunala\n|-supereffective|p1a: Lunala\n|-damage|p1a: Lunala|16/100\n|-enditem|p1a: Lunala|Leftovers|[from] move: Knock Off|[of] p2a: Roaring Moon\n|\n|-heal|p1a: Lunala|23/100|[from] Grassy Terrain\n|-heal|p2a: Roaring Moon|43/100 brn|[from] Grassy Terrain\n|-damage|p2a: Roaring Moon|36/100 brn|[from] brn\n|-status|p1b: Ursaluna|brn|[from] item: Flame Orb\n|upkeep\n|\n|t:|1746116432\n|switch|p2b: Rillaboom|Rillaboom, L50, F|100/100\n|turn|4\n|inactive|sarabiia has 30 seconds left.\n|inactive|sarabiia has 20 seconds left.\n|inactive|sarabiia has 15 seconds left.\n|\n|t:|1746116474\n|switch|p1a: Incineroar|Incineroar, L50, F|97/100\n|-ability|p1a: Incineroar|Intimidate|boost\n|-unboost|p2a: Roaring Moon|atk|1\n|-unboost|p2b: Rillaboom|atk|1\n|-terastallize|p2b: Rillaboom|Grass\n|move|p1b: Ursaluna|Protect|p1b: Ursaluna\n|-singleturn|p1b: Ursaluna|Protect\n|move|p2b: Rillaboom|Grassy Glide|p1a: Incineroar\n|-resisted|p1a: Incineroar\n|-crit|p1a: Incineroar\n|-damage|p1a: Incineroar|65/100\n|move|p2a: Roaring Moon|Acrobatics|p1b: Ursaluna\n|-activate|p1b: Ursaluna|move: Protect\n|\n|-heal|p1a: Incineroar|71/100|[from] Grassy Terrain\n|-heal|p2a: Roaring Moon|43/100 brn|[from] Grassy Terrain\n|-damage|p1b: Ursaluna|95/100 brn|[from] brn\n|-damage|p2a: Roaring Moon|36/100 brn|[from] brn\n|upkeep\n|turn|5\n|inactive|sarabiia has 30 seconds left.\n|\n|t:|1746116507\n|switch|p2b: Zacian|Zacian-Crowned, L50|100/100\n|-ability|p2b: Zacian|Intrepid Sword|boost\n|-boost|p2b: Zacian|atk|1\n|move|p1a: Incineroar|Fake Out|p2b: Zacian\n|-resisted|p2b: Zacian\n|-damage|p2b: Zacian|96/100\n|move|p1b: Ursaluna|Facade|p2b: Zacian\n|-resisted|p2b: Zacian\n|-damage|p2b: Zacian|43/100\n|move|p2a: Roaring Moon|Acrobatics|p1a: Incineroar\n|-damage|p1a: Incineroar|61/100\n|\n|-heal|p1b: Ursaluna|100/100 brn|[from] Grassy Terrain\n|-heal|p1a: Incineroar|67/100|[from] Grassy Terrain\n|-heal|p2b: Zacian|49/100|[from] Grassy Terrain\n|-heal|p2a: Roaring Moon|43/100 brn|[from] Grassy Terrain\n|-damage|p1b: Ursaluna|95/100 brn|[from] brn\n|-damage|p2a: Roaring Moon|36/100 brn|[from] brn\n|-fieldend|move: Trick Room\n|-fieldend|move: Grassy Terrain\n|upkeep\n|turn|6\n|\n|t:|1746116529\n|move|p2b: Zacian|Protect|p2b: Zacian\n|-singleturn|p2b: Zacian|Protect\n|move|p1b: Ursaluna|Protect|p1b: Ursaluna\n|-singleturn|p1b: Ursaluna|Protect\n|move|p2a: Roaring Moon|Tailwind|p2a: Roaring Moon\n|-sidestart|p2: sarabiia|move: Tailwind\n|move|p1a: Incineroar|U-turn|p2a: Roaring Moon\n|-supereffective|p2a: Roaring Moon\n|-damage|p2a: Roaring Moon|0 fnt\n|faint|p2a: Roaring Moon\n|-end|p2a: Roaring Moon|Protosynthesis|[silent]\n|\n|t:|1746116540\n|switch|p1a: Lunala|Lunala, L50|23/100|[from] U-turn\n|\n|-damage|p1b: Ursaluna|89/100 brn|[from] brn\n|upkeep\n|\n|t:|1746116544\n|switch|p2a: Rillaboom|Rillaboom, L50, F, tera:Grass|100/100\n|-fieldstart|move: Grassy Terrain|[from] ability: Grassy Surge|[of] p2a: Rillaboom\n|turn|7\n|\n|t:|1746116565\n|-terastallize|p1b: Ursaluna|Fairy\n|move|p2a: Rillaboom|Fake Out|p1b: Ursaluna\n|-damage|p1b: Ursaluna|76/100 brn\n|move|p2b: Zacian|Behemoth Blade|p1a: Lunala\n|-damage|p1a: Lunala|0 fnt\n|faint|p1a: Lunala\n|cant|p1b: Ursaluna|flinch\n|\n|-heal|p2b: Zacian|56/100|[from] Grassy Terrain\n|-heal|p1b: Ursaluna|82/100 brn|[from] Grassy Terrain\n|-damage|p1b: Ursaluna|76/100 brn|[from] brn\n|upkeep\n|\n|t:|1746116577\n|switch|p1a: Incineroar|Incineroar, L50, F|67/100\n|-ability|p1a: Incineroar|Intimidate|boost\n|-unboost|p2a: Rillaboom|atk|1\n|-unboost|p2b: Zacian|atk|1\n|turn|8\n|\n|t:|1746116587\n|move|p2b: Zacian|Protect|p2b: Zacian\n|-singleturn|p2b: Zacian|Protect\n|move|p1a: Incineroar|Fake Out|p2b: Zacian\n|-activate|p2b: Zacian|move: Protect\n|move|p2a: Rillaboom|Wood Hammer|p1b: Ursaluna\n|-damage|p1b: Ursaluna|17/100 brn\n|-damage|p2a: Rillaboom|80/100|[from] Recoil\n|move|p1b: Ursaluna|Facade|p2a: Rillaboom\n|-damage|p2a: Rillaboom|0 fnt\n|faint|p2a: Rillaboom\n|\n|-heal|p2b: Zacian|62/100|[from] Grassy Terrain\n|-heal|p1a: Incineroar|73/100|[from] Grassy Terrain\n|-heal|p1b: Ursaluna|23/100 brn|[from] Grassy Terrain\n|-damage|p1b: Ursaluna|17/100 brn|[from] brn\n|upkeep\n|turn|9\n|inactive|evolt25269 has 30 seconds left.\n|inactive|sarabiia has 30 seconds left.\n|\n|t:|1746116618\n|move|p2b: Zacian|Behemoth Blade|p1b: Ursaluna\n|-supereffective|p1b: Ursaluna\n|-damage|p1b: Ursaluna|0 fnt\n|faint|p1b: Ursaluna\n|move|p1a: Incineroar|Flare Blitz|p2b: Zacian\n|-supereffective|p2b: Zacian\n|-damage|p2b: Zacian|0 fnt\n|faint|p2b: Zacian\n|-damage|p1a: Incineroar|56/100|[from] Recoil\n|\n|win|evolt25269\n||sarabiia is ready for game 2.\n||evolt25269 is ready for game 2.\n|uhtml|next|Next: <a href=\"/battle-gen9vgc2025regibo3-2354751925\"><strong>Game 2 of 3</strong></a>\n|l|\u2606sarabiia\n|player|p2|\n", "uploadtime": 1746116820, "views": 15, "formatid": "gen9vgc2025regibo3", "rating": null, "private": 0, "password": null}