{"id": "gen9vgc2025regibo3-2354476346", "format": "[Gen 9] VGC 2025 Reg I (Bo3)", "players": ["atrixmj", "YoungSinatra44"], "log": "|j|\u2606atrixmj\n|j|\u2606YoungSinatra44\n|html|<table width=\"100%\"><tr><td align=\"left\">atrixmj</td><td align=\"right\">YoungSinatra44</tr><tr><td align=\"left\"><i class=\"fa fa-circle-o\"></i> <i class=\"fa fa-circle-o\"></i> </td><td align=\"right\"><i class=\"fa fa-circle-o\"></i> <i class=\"fa fa-circle-o\"></i> </tr></table>\n|uhtml|bestof|<h2><strong>Game 1</strong> of <a href=\"/game-bestof3-gen9vgc2025regibo3-2354476345\">a best-of-3</a></h2>\n|t:|1746077861\n|gametype|doubles\n|player|p1|atrixmj|265|1317\n|player|p2|YoungSinatra44|169|1362\n|teamsize|p1|6\n|teamsize|p2|6\n|gen|9\n|tier|[Gen 9] VGC 2025 Reg I (Bo3)\n|rated|\n|rule|Species Clause: Limit one of each Pok\u00e9mon\n|rule|Item Clause: Limit 1 of each item\n|clearpoke\n|poke|p1|Lunala, L50|\n|poke|p1|Koraidon, L50|\n|poke|p1|Chi-Yu, L50|\n|poke|p1|Ursaluna, L50, F|\n|poke|p1|Flutter Mane, L50|\n|poke|p1|Indeedee-F, L50, F|\n|poke|p2|Calyrex-Shadow, L50|\n|poke|p2|Iron Treads, L50|\n|poke|p2|Tyranitar, L50, F|\n|poke|p2|Raging Bolt, L50|\n|poke|p2|Ho-Oh, L50|\n|poke|p2|Urshifu-*, L50, M|\n|teampreview|4\n|showteam|p1|Lunala||SafetyGoggles|ShadowShield|MoongeistBeam,ExpandingForce,WideGuard,TrickRoom||||||50|,,,,,Water]Koraidon||LifeOrb|OrichalcumPulse|CloseCombat,FlareBlitz,FlameCharge,Protect||||||50|,,,,,Fire]Chi-Yu||ChoiceScarf|BeadsofRuin|HeatWave,Flamethrower,DarkPulse,Snarl||||||50|,,,,,Fire]Ursaluna||FlameOrb|Guts|Facade,HeadlongRush,Earthquake,Protect|||F|||50|,,,,,Ghost]Flutter Mane||FocusSash|Protosynthesis|Moonblast,IcyWind,Taunt,Protect||||||50|,,,,,Fairy]Indeedee-F||RockyHelmet|PsychicSurge|Psychic,FollowMe,HelpingHand,TrickRoom|||F|||50|,,,,,Water\n|showteam|p2|Calyrex-Shadow||CovertCloak|AsOneSpectrier|AstralBarrage,Psychic,NastyPlot,Protect||||||50|,,,,,Dark]Iron Treads||LifeOrb|QuarkDrive|HighHorsepower,IronHead,KnockOff,Protect||||||50|,,,,,Ghost]Tyranitar||SafetyGoggles|SandStream|RockSlide,KnockOff,LowKick,Protect|||F|||50|,,,,,Flying]Raging Bolt||AssaultVest|Protosynthesis|Thunderclap,DragonPulse,Thunderbolt,Snarl||||||50|,,,,,Fairy]Ho-Oh||SitrusBerry|Regenerator|BraveBird,SacredFire,Tailwind,Protect||||||50|,,,,,Grass]Urshifu-Rapid-Strike||ChoiceScarf|UnseenFist|SurgingStrikes,CloseCombat,AquaJet,Uturn|||M|||50|,,,,,Water\n|inactive|Battle timer is ON: inactive players will automatically lose when time's up. (requested by atrixmj)\n|\n|t:|1746077922\n|start\n|switch|p1a: M. LOVE|Lunala, L50, shiny|100/100\n|switch|p1b: TETOTETOTETO|Indeedee-F, L50, F|100/100\n|switch|p2a: Ho-Oh|Ho-Oh, L50, shiny|100/100\n|switch|p2b: Raging Bolt|Raging Bolt, L50|100/100\n|-fieldstart|move: Psychic Terrain|[from] ability: Psychic Surge|[of] p1b: TETOTETOTETO\n|turn|1\n|\n|t:|1746077940\n|move|p1b: TETOTETOTETO|Helping Hand|p1a: M. LOVE\n|-singleturn|p1a: M. LOVE|Helping Hand|[of] p1b: TETOTETOTETO\n|move|p1a: M. LOVE|Expanding Force|p2b: Raging Bolt|[spread] p2a,p2b\n|-damage|p2a: Ho-Oh|37/100\n|-damage|p2b: Raging Bolt|46/100\n|-enditem|p2a: Ho-Oh|Sitrus Berry|[eat]\n|-heal|p2a: Ho-Oh|62/100|[from] item: Sitrus Berry\n|move|p2a: Ho-Oh|Sacred Fire|p1a: M. LOVE\n|-damage|p1a: M. LOVE|80/100\n|-status|p1a: M. LOVE|brn\n|move|p2b: Raging Bolt|Snarl|p1b: TETOTETOTETO|[spread] p1a,p1b\n|-supereffective|p1a: M. LOVE\n|-supereffective|p1b: TETOTETOTETO\n|-damage|p1a: M. LOVE|37/100 brn\n|-damage|p1b: TETOTETOTETO|70/100\n|-unboost|p1a: M. LOVE|spa|1\n|-unboost|p1b: TETOTETOTETO|spa|1\n|\n|-damage|p1a: M. LOVE|30/100 brn|[from] brn\n|upkeep\n|turn|2\n|inactive|YoungSinatra44 has 30 seconds left.\n|\n|t:|1746077972\n|switch|p2a: Calyrex|Calyrex-Shadow, L50|100/100\n|-ability|p2a: Calyrex|As One\n|-ability|p2a: Calyrex|Unnerve\n|-terastallize|p1b: TETOTETOTETO|Water\n|move|p1a: M. LOVE|Expanding Force|p2a: Calyrex|[spread] p2a,p2b\n|-resisted|p2a: Calyrex\n|-damage|p2a: Calyrex|77/100\n|-damage|p2b: Raging Bolt|22/100\n|move|p2b: Raging Bolt|Snarl|p1a: M. LOVE|[spread] p1a\n|-miss|p2b: Raging Bolt|p1b: TETOTETOTETO\n|-supereffective|p1a: M. LOVE\n|-damage|p1a: M. LOVE|0 fnt\n|faint|p1a: M. LOVE\n|move|p1b: TETOTETOTETO|Trick Room|p1b: TETOTETOTETO\n|-fieldstart|move: Trick Room|[of] p1b: TETOTETOTETO\n|\n|upkeep\n|\n|t:|1746077980\n|switch|p1a: PINK SLIME|Ursaluna, L50, F, shiny|100/100\n|turn|3\n|inactive|YoungSinatra44 has 30 seconds left.\n|inactive|YoungSinatra44 has 20 seconds left.\n|inactive|YoungSinatra44 has 15 seconds left.\n|\n|t:|1746078022\n|move|p1b: TETOTETOTETO|Helping Hand|p1a: PINK SLIME\n|-singleturn|p1a: PINK SLIME|Helping Hand|[of] p1b: TETOTETOTETO\n|move|p1a: PINK SLIME|Earthquake|p2b: Raging Bolt|[spread] p1b,p2a,p2b\n|-supereffective|p2b: Raging Bolt\n|-damage|p1b: TETOTETOTETO|7/100\n|-damage|p2a: Calyrex|0 fnt\n|-damage|p2b: Raging Bolt|0 fnt\n|faint|p2a: Calyrex\n|faint|p2b: Raging Bolt\n|-end|p2b: Raging Bolt|Protosynthesis|[silent]\n|\n|-status|p1a: PINK SLIME|brn|[from] item: Flame Orb\n|upkeep\n|\n|t:|1746078032\n|switch|p2b: Urshifu|Urshifu-Rapid-Strike, L50, M|100/100\n|switch|p2a: Ho-Oh|Ho-Oh, L50, shiny|95/100\n|turn|4\n|inactive|YoungSinatra44 has 30 seconds left.\n|\n|t:|1746078061\n|-terastallize|p2a: Ho-Oh|Grass\n|move|p1b: TETOTETOTETO|Helping Hand|p1a: PINK SLIME\n|-singleturn|p1a: PINK SLIME|Helping Hand|[of] p1b: TETOTETOTETO\n|move|p1a: PINK SLIME|Facade|p2b: Urshifu\n|-damage|p2b: Urshifu|0 fnt\n|faint|p2b: Urshifu\n|move|p2a: Ho-Oh|Brave Bird|p1a: PINK SLIME\n|-damage|p1a: PINK SLIME|61/100 brn\n|-damage|p2a: Ho-Oh|81/100|[from] Recoil\n|\n|-damage|p1a: PINK SLIME|55/100 brn|[from] brn\n|upkeep\n|turn|5\n|\n|t:|1746078071\n|move|p1b: TETOTETOTETO|Helping Hand|p1a: PINK SLIME\n|-singleturn|p1a: PINK SLIME|Helping Hand|[of] p1b: TETOTETOTETO\n|move|p2a: Ho-Oh|Protect|p2a: Ho-Oh\n|-singleturn|p2a: Ho-Oh|Protect\n|move|p1a: PINK SLIME|Facade|p2a: Ho-Oh\n|-activate|p2a: Ho-Oh|move: Protect\n|\n|-damage|p1a: PINK SLIME|49/100 brn|[from] brn\n|-fieldend|move: Psychic Terrain\n|upkeep\n|turn|6\n|\n|t:|1746078075\n|move|p1b: TETOTETOTETO|Helping Hand|p1a: PINK SLIME\n|-singleturn|p1a: PINK SLIME|Helping Hand|[of] p1b: TETOTETOTETO\n|move|p2a: Ho-Oh|Protect||[still]\n|-fail|p2a: Ho-Oh\n|move|p1a: PINK SLIME|Facade|p2a: Ho-Oh\n|-damage|p2a: Ho-Oh|0 fnt\n|faint|p2a: Ho-Oh\n|\n|win|atrixmj\n||atrixmj is ready for game 2.\n||YoungSinatra44 is ready for game 2.\n|uhtml|next|Next: <a href=\"/battle-gen9vgc2025regibo3-2354477524\"><strong>Game 2 of 3</strong></a>\n|l|\u2606atrixmj\n|player|p1|\n|l|\u2606YoungSinatra44\n|player|p2|\n", "uploadtime": 1746078426, "views": 8, "formatid": "gen9vgc2025regibo3", "rating": null, "private": 0, "password": null}