{"id": "gen9vgc2025regibo3-2354028865", "format": "[Gen 9] VGC 2025 Reg I (Bo3)", "players": ["Purp93", "Applepi_5_10"], "log": "|j|\u2606Purp93\n|j|\u2606Applepi_5_10\n|html|<table width=\"100%\"><tr><td align=\"left\">Purp93</td><td align=\"right\">Applepi_5_10</tr><tr><td align=\"left\"><i class=\"fa fa-circle\"></i> <i class=\"fa fa-circle-o\"></i> </td><td align=\"right\"><i class=\"fa fa-circle-o\"></i> <i class=\"fa fa-circle\"></i> </tr></table>\n|uhtml|bestof|<h2><strong>Game 3</strong> of <a href=\"/game-bestof3-gen9vgc2025regibo3-2354023570\">a best-of-3</a></h2>\n|t:|1746028787\n|gametype|doubles\n|player|p1|Purp93|101|1133\n|player|p2|Applepi_5_10|2|1105\n|teamsize|p1|6\n|teamsize|p2|6\n|gen|9\n|tier|[Gen 9] VGC 2025 Reg I (Bo3)\n|rated|\n|rule|Species Clause: Limit one of each Pok\u00e9mon\n|rule|Item Clause: Limit 1 of each item\n|clearpoke\n|poke|p1|Ho-Oh, L50|\n|poke|p1|Calyrex-Ice, L50|\n|poke|p1|Ursaluna-Bloodmoon, L50, M|\n|poke|p1|Farigiraf, L50, F|\n|poke|p1|Rillaboom, L50, F|\n|poke|p1|Incineroar, L50, F|\n|poke|p2|Flutter Mane, L50|\n|poke|p2|Ogerpon-Cornerstone, L50, F|\n|poke|p2|Chi-Yu, L50|\n|poke|p2|Koraidon, L50|\n|poke|p2|Lunala, L50|\n|poke|p2|Indeedee-F, L50, F|\n|teampreview|4\n|showteam|p1|Ho-Oh||Leftovers|Regenerator|Tailwind,BraveBird,SacredFire,Recover||||||50|,,,,,Grass]Calyrex-Ice||ClearAmulet|AsOneGlastrier|GlacialLance,HighHorsepower,SwordsDance,Protect||||||50|,,,,,Water]Ursaluna-Bloodmoon||LifeOrb|MindsEye|BloodMoon,HyperVoice,EarthPower,Protect|||M|||50|,,,,,Ghost]Farigiraf||RockyHelmet|ArmorTail|FoulPlay,TrickRoom,Imprison,Protect|||F|||50|,,,,,Dark]Rillaboom||AssaultVest|GrassySurge|FakeOut,GrassyGlide,WoodHammer,Uturn|||F|||50|,,,,,Fire]Incineroar||SafetyGoggles|Intimidate|FakeOut,KnockOff,WillOWisp,PartingShot|||F|||50|,,,,,Ghost\n|showteam|p2|Flutter Mane||FocusSash|Protosynthesis|Protect,Moonblast,ShadowBall,IcyWind||||||50|,,,,,Normal]Ogerpon-Cornerstone||CornerstoneMask|Sturdy|IvyCudgel,PowerWhip,SpikyShield,FollowMe|||F|||50|,,,,,Rock]Chi-Yu||ChoiceScarf|BeadsofRuin|HeatWave,DarkPulse,Snarl,Overheat||||||50|,,,,,Fire]Koraidon||LifeOrb|OrichalcumPulse|CloseCombat,FlareBlitz,Protect,FlameCharge||||||50|,,,,,Fire]Lunala||PowerHerb|ShadowShield|Protect,MeteorBeam,ExpandingForce,MoongeistBeam||||||50|,,,,,Water]Indeedee-F||RockyHelmet|PsychicSurge|FollowMe,HelpingHand,ShadowBall,TrickRoom|||F|||50|,,,,,Water\n|\n|t:|1746028816\n|start\n|switch|p1a: Ho-Oh|Ho-Oh, L50|100/100\n|switch|p1b: Farigiraf|Farigiraf, L50, F|100/100\n|switch|p2a: Chi-Yu|Chi-Yu, L50|100/100\n|switch|p2b: Koraidon|Koraidon, L50|100/100\n|-ability|p2a: Chi-Yu|Beads of Ruin\n|-weather|SunnyDay|[from] ability: Orichalcum Pulse|[of] p2b: Koraidon\n|-activate|p2b: Koraidon|Orichalcum Pulse|[source]\n|turn|1\n|inactive|Battle timer is ON: inactive players will automatically lose when time's up. (requested by Applepi_5_10)\n|\n|t:|1746028846\n|switch|p2b: Indeedee|Indeedee-F, L50, F|100/100\n|-fieldstart|move: Psychic Terrain|[from] ability: Psychic Surge|[of] p2b: Indeedee\n|-terastallize|p2a: Chi-Yu|Fire\n|move|p2a: Chi-Yu|Overheat|p1b: Farigiraf\n|-damage|p1b: Farigiraf|0 fnt\n|-unboost|p2a: Chi-Yu|spa|2\n|faint|p1b: Farigiraf\n|move|p1a: Ho-Oh|Brave Bird|p2b: Indeedee\n|-damage|p2b: Indeedee|41/100\n|-damage|p1a: Ho-Oh|84/100|[from] item: Rocky Helmet|[of] p2b: Indeedee\n|-damage|p1a: Ho-Oh|68/100|[from] Recoil\n|\n|-weather|SunnyDay|[upkeep]\n|-heal|p1a: Ho-Oh|74/100|[from] item: Leftovers\n|upkeep\n|\n|t:|1746028863\n|switch|p1b: Incineroar|Incineroar, L50, F|100/100\n|-ability|p1b: Incineroar|Intimidate|boost\n|-unboost|p2a: Chi-Yu|atk|1\n|-unboost|p2b: Indeedee|atk|1\n|turn|2\n|\n|t:|1746028877\n|switch|p2a: Spongebob|Ogerpon-Cornerstone, L50, F|100/100\n|move|p2b: Indeedee|Follow Me|p2b: Indeedee\n|-singleturn|p2b: Indeedee|move: Follow Me\n|move|p1a: Ho-Oh|Brave Bird|p2b: Indeedee\n|-damage|p2b: Indeedee|0 fnt\n|-damage|p1a: Ho-Oh|57/100|[from] item: Rocky Helmet|[of] p2b: Indeedee\n|faint|p2b: Indeedee\n|-damage|p1a: Ho-Oh|47/100|[from] Recoil\n|move|p1b: Incineroar|Knock Off|p2a: Spongebob\n|-damage|p2a: Spongebob|63/100\n|\n|-weather|SunnyDay|[upkeep]\n|-heal|p1a: Ho-Oh|53/100|[from] item: Leftovers\n|upkeep\n|\n|t:|1746028894\n|switch|p2b: Koraidon|Koraidon, L50|100/100\n|-activate|p2b: Koraidon|ability: Orichalcum Pulse\n|turn|3\n|inactive|Purp93 has 30 seconds left.\n|\n|t:|1746028921\n|-terastallize|p1b: Incineroar|Ghost\n|move|p2b: Koraidon|Close Combat|p1b: Incineroar\n|-immune|p1b: Incineroar\n|move|p2a: Spongebob|Ivy Cudgel|p1a: Ho-Oh|[anim] Ivy Cudgel Rock\n|-supereffective|p1a: Ho-Oh\n|-damage|p1a: Ho-Oh|0 fnt\n|faint|p1a: Ho-Oh\n|move|p1b: Incineroar|Parting Shot|p2b: Koraidon\n|-unboost|p2b: Koraidon|atk|1\n|-unboost|p2b: Koraidon|spa|1\n|\n|t:|1746028931\n|switch|p1b: Calyrex|Calyrex-Ice, L50|100/100|[from] Parting Shot\n|-ability|p1b: Calyrex|As One\n|-ability|p1b: Calyrex|Unnerve\n|\n|-weather|SunnyDay|[upkeep]\n|upkeep\n|\n|t:|1746028938\n|switch|p1a: Incineroar|Incineroar, L50, F, tera:Ghost|100/100\n|-ability|p1a: Incineroar|Intimidate|boost\n|-unboost|p2a: Spongebob|atk|1\n|-unboost|p2b: Koraidon|atk|1\n|turn|4\n|\n|t:|1746028952\n|move|p1b: Calyrex|Protect|p1b: Calyrex\n|-singleturn|p1b: Calyrex|Protect\n|move|p2b: Koraidon|Flare Blitz|p1b: Calyrex\n|-activate|p1b: Calyrex|move: Protect\n|move|p2a: Spongebob|Ivy Cudgel|p1b: Calyrex|[anim] Ivy Cudgel Rock\n|-activate|p1b: Calyrex|move: Protect\n|move|p1a: Incineroar|Will-O-Wisp|p2a: Spongebob|[miss]\n|-miss|p1a: Incineroar|p2a: Spongebob\n|\n|-weather|SunnyDay|[upkeep]\n|upkeep\n|turn|5\n|\n|t:|1746028972\n|move|p1b: Calyrex|Protect||[still]\n|-fail|p1b: Calyrex\n|move|p2b: Koraidon|Flare Blitz|p1b: Calyrex\n|-supereffective|p1b: Calyrex\n|-damage|p1b: Calyrex|22/100\n|-damage|p2b: Koraidon|72/100|[from] Recoil\n|-damage|p2b: Koraidon|63/100|[from] item: Life Orb\n|move|p2a: Spongebob|Ivy Cudgel|p1b: Calyrex|[anim] Ivy Cudgel Rock\n|-supereffective|p1b: Calyrex\n|-damage|p1b: Calyrex|0 fnt\n|faint|p1b: Calyrex\n|move|p1a: Incineroar|Knock Off|p2b: Koraidon\n|-resisted|p2b: Koraidon\n|-damage|p2b: Koraidon|44/100\n|-enditem|p2b: Koraidon|Life Orb|[from] move: Knock Off|[of] p1a: Incineroar\n|\n|-weather|none\n|-fieldend|move: Psychic Terrain\n|upkeep\n|turn|6\n|c|\u2606Applepi_5_10|gg\n|\n|t:|1746028997\n|move|p2b: Koraidon|Protect|p2b: Koraidon\n|-singleturn|p2b: Koraidon|Protect\n|move|p2a: Spongebob|Spiky Shield|p2a: Spongebob\n|-singleturn|p2a: Spongebob|move: Protect\n|move|p1a: Incineroar|Will-O-Wisp|p2a: Spongebob\n|-activate|p2a: Spongebob|move: Protect\n|\n|upkeep\n|turn|7\n|\n|t:|1746029007\n|move|p2b: Koraidon|Flare Blitz|p1a: Incineroar\n|-damage|p1a: Incineroar|81/100\n|-damage|p2b: Koraidon|37/100|[from] Recoil\n|move|p2a: Spongebob|Ivy Cudgel|p1a: Incineroar|[anim] Ivy Cudgel Rock\n|-crit|p1a: Incineroar\n|-damage|p1a: Incineroar|0 fnt\n|faint|p1a: Incineroar\n|\n|win|Applepi_5_10\n|raw|Purp93's rating: 1133 &rarr; <strong>1106</strong><br />(-27 for losing)\n|raw|Applepi_5_10's rating: 1105 &rarr; <strong>1132</strong><br />(+27 for winning)\n|l|\u2606Purp93\n|player|p1|\n", "uploadtime": 1746029085, "views": 7, "formatid": "gen9vgc2025regibo3", "rating": 1106, "private": 0, "password": null}