{"id": "gen9vgc2025regibo3-2354455578", "format": "[Gen 9] VGC 2025 Reg I (Bo3)", "players": ["elunex", "wizzpoower"], "log": "|j|\u2606elunex\n|j|\u2606wizzpoower\n|html|<table width=\"100%\"><tr><td align=\"left\">elunex</td><td align=\"right\">wizzpoower</tr><tr><td align=\"left\"><i class=\"fa fa-circle-o\"></i> <i class=\"fa fa-circle-o\"></i> </td><td align=\"right\"><i class=\"fa fa-circle-o\"></i> <i class=\"fa fa-circle-o\"></i> </tr></table>\n|uhtml|bestof|<h2><strong>Game 1</strong> of <a href=\"/game-bestof3-gen9vgc2025regibo3-2354455577\">a best-of-3</a></h2>\n|t:|1746074235\n|gametype|doubles\n|player|p1|elunex|169|1180\n|player|p2|wizzpoower|cheren-masters|1262\n|teamsize|p1|6\n|teamsize|p2|6\n|gen|9\n|tier|[Gen 9] VGC 2025 Reg I (Bo3)\n|rated|\n|rule|Species Clause: Limit one of each Pok\u00e9mon\n|rule|Item Clause: Limit 1 of each item\n|clearpoke\n|poke|p1|Zacian-*, L50|\n|poke|p1|Kyogre, L50|\n|poke|p1|Tornadus, L50, M|\n|poke|p1|Farigiraf, L50, F|\n|poke|p1|Weezing, L50, M|\n|poke|p1|Rillaboom, L50, M|\n|poke|p2|Miraidon, L50|\n|poke|p2|Urshifu-*, L50, F|\n|poke|p2|Iron Hands, L50|\n|poke|p2|Iron Treads, L50|\n|poke|p2|Farigiraf, L50, M|\n|poke|p2|Ho-Oh, L50|\n|teampreview|4\n|showteam|p1|Zacian-Crowned||RustedSword|IntrepidSword|behemothblade,PlayRough,SacredSword,Protect||||||50|,,,,,Grass]Kyogre||ChoiceScarf|Drizzle|TeraBlast,WaterSpout,OriginPulse,IceBeam||||||50|,,,,,Water]Tornadus||CovertCloak|Prankster|BleakwindStorm,Taunt,RainDance,Tailwind|||M|||50|,,,,,Dark]Farigiraf||AguavBerry|ArmorTail|FoulPlay,HelpingHand,Imprison,TrickRoom|||F|||50|,,,,,Ground]Weezing||SitrusBerry|NeutralizingGas|GunkShot,Taunt,WillOWisp,Protect|||M|||50|,,,,,Dark]Rillaboom||AssaultVest|GrassySurge|WoodHammer,GrassyGlide,HighHorsepower,FakeOut|||M|||50|,,,,,Steel\n|showteam|p2|Miraidon||ChoiceSpecs|HadronEngine|ElectroDrift,VoltSwitch,DracoMeteor,DazzlingGleam||||||50|,,,,,Fairy]Urshifu||FocusSash|UnseenFist|WickedBlow,SuckerPunch,CloseCombat,Detect|||F|||50|,,,,,Dark]Iron Hands||AssaultVest|QuarkDrive|DrainPunch,LowKick,HeavySlam,FakeOut||||||50|,,,,,Poison]Iron Treads||ChoiceBand|QuarkDrive|HighHorsepower,IronHead,SteelRoller,RockSlide||||||50|,,,,,Ghost]Farigiraf||ElectricSeed|ArmorTail|Psychic,Roar,TrickRoom,HelpingHand|||M|||50|,,,,,Water]Ho-Oh||ClearAmulet|Regenerator|BraveBird,SacredFire,Protect,Tailwind||||||50|,,,,,Grass\n|inactive|Battle timer is ON: inactive players will automatically lose when time's up. (requested by elunex)\n|inactive|elunex has 60 seconds left.\n|inactive|wizzpoower has 60 seconds left.\n|\n|t:|1746074283\n|start\n|switch|p1a: Kyogre|Kyogre, L50|100/100\n|switch|p1b: Rillaboom|Rillaboom, L50, M|100/100\n|switch|p2a: radicalqueen|Urshifu, L50, F|100/100\n|switch|p2b: crimsonracer|Iron Treads, L50, shiny|100/100\n|-weather|RainDance|[from] ability: Drizzle|[of] p1a: Kyogre\n|-fieldstart|move: Grassy Terrain|[from] ability: Grassy Surge|[of] p1b: Rillaboom\n|turn|1\n|\n|t:|1746074307\n|switch|p2a: megabeast:3|Miraidon, L50|100/100\n|-fieldstart|move: Electric Terrain|[from] ability: Hadron Engine|[of] p2a: megabeast:3\n|-activate|p2b: crimsonracer|ability: Quark Drive\n|-start|p2b: crimsonracer|quarkdrivespe\n|-terastallize|p1a: Kyogre|Water\n|move|p1b: Rillaboom|Fake Out|p2a: megabeast:3\n|-damage|p2a: megabeast:3|87/100\n|move|p2b: crimsonracer|High Horsepower|p1a: Kyogre\n|-damage|p1a: Kyogre|20/100\n|move|p1a: Kyogre|Water Spout|p2a: megabeast:3|[spread] p2a,p2b\n|-resisted|p2a: megabeast:3\n|-supereffective|p2b: crimsonracer\n|-damage|p2a: megabeast:3|77/100\n|-damage|p2b: crimsonracer|23/100\n|\n|-weather|RainDance|[upkeep]\n|upkeep\n|turn|2\n|inactive|wizzpoower has 30 seconds left.\n|inactive|wizzpoower has 20 seconds left.\n|inactive|wizzpoower has 15 seconds left.\n|inactive|wizzpoower has 10 seconds left.\n|\n|t:|1746074354\n|move|p2b: crimsonracer|High Horsepower|p1b: Rillaboom\n|-resisted|p1b: Rillaboom\n|-damage|p1b: Rillaboom|69/100\n|move|p1a: Kyogre|Water Spout|p2b: crimsonracer|[spread] p2a,p2b\n|-resisted|p2a: megabeast:3\n|-supereffective|p2b: crimsonracer\n|-damage|p2a: megabeast:3|67/100\n|-damage|p2b: crimsonracer|0 fnt\n|faint|p2b: crimsonracer\n|-end|p2b: crimsonracer|Quark Drive|[silent]\n|move|p2a: megabeast:3|Volt Switch|p1a: Kyogre\n|-supereffective|p1a: Kyogre\n|-crit|p1a: Kyogre\n|-damage|p1a: Kyogre|0 fnt\n|faint|p1a: Kyogre\n|\n|t:|1746074361\n|switch|p2a: goodbyefreak|Ho-Oh, L50|100/100|[from] Volt Switch\n|move|p1b: Rillaboom|Grassy Glide|p2a: goodbyefreak\n|-resisted|p2a: goodbyefreak\n|-damage|p2a: goodbyefreak|96/100\n|\n|-weather|RainDance|[upkeep]\n|upkeep\n|\n|t:|1746074369\n|switch|p2b: radicalqueen|Urshifu, L50, F|100/100\n|switch|p1a: Zacian|Zacian-Crowned, L50|100/100\n|-ability|p1a: Zacian|Intrepid Sword|boost\n|-boost|p1a: Zacian|atk|1\n|turn|3\n|inactive|elunex has 30 seconds left.\n|\n|t:|1746074395\n|switch|p1b: Farigiraf|Farigiraf, L50, F|100/100\n|move|p2b: radicalqueen|Detect|p2b: radicalqueen\n|-singleturn|p2b: radicalqueen|Protect\n|move|p1a: Zacian|Behemoth Blade|p2b: radicalqueen\n|-activate|p2b: radicalqueen|move: Protect\n|move|p2a: goodbyefreak|Tailwind|p2a: goodbyefreak\n|-sidestart|p2: wizzpoower|move: Tailwind\n|\n|-weather|RainDance|[upkeep]\n|upkeep\n|turn|4\n|\n|t:|1746074407\n|move|p2b: radicalqueen|Wicked Blow|p1b: Farigiraf\n|-supereffective|p1b: Farigiraf\n|-crit|p1b: Farigiraf\n|-damage|p1b: Farigiraf|0 fnt\n|faint|p1b: Farigiraf\n|move|p2a: goodbyefreak|Sacred Fire|p1a: Zacian\n|-supereffective|p1a: Zacian\n|-damage|p1a: Zacian|57/100\n|move|p1a: Zacian|Behemoth Blade|p2b: radicalqueen\n|-damage|p2b: radicalqueen|10/100\n|\n|-weather|RainDance|[upkeep]\n|upkeep\n|\n|t:|1746074416\n|switch|p1b: Rillaboom|Rillaboom, L50, M|69/100\n|-fieldstart|move: Grassy Terrain|[from] ability: Grassy Surge|[of] p1b: Rillaboom\n|turn|5\n|\n|t:|1746074426\n|move|p2b: radicalqueen|Detect|p2b: radicalqueen\n|-singleturn|p2b: radicalqueen|Protect\n|move|p1b: Rillaboom|Fake Out|p2a: goodbyefreak\n|-damage|p2a: goodbyefreak|85/100\n|cant|p2a: goodbyefreak|flinch\n|move|p1a: Zacian|Behemoth Blade|p2a: goodbyefreak\n|-resisted|p2a: goodbyefreak\n|-crit|p2a: goodbyefreak\n|-damage|p2a: goodbyefreak|35/100\n|\n|-weather|none\n|-heal|p2b: radicalqueen|16/100|[from] Grassy Terrain\n|-heal|p1a: Zacian|63/100|[from] Grassy Terrain\n|-heal|p1b: Rillaboom|74/100|[from] Grassy Terrain\n|upkeep\n|turn|6\n|\n|t:|1746074445\n|move|p2b: radicalqueen|Sucker Punch|p1b: Rillaboom\n|-damage|p1b: Rillaboom|38/100\n|move|p1b: Rillaboom|Grassy Glide|p2b: radicalqueen\n|-damage|p2b: radicalqueen|0 fnt\n|faint|p2b: radicalqueen\n|move|p2a: goodbyefreak|Sacred Fire|p1a: Zacian\n|-supereffective|p1a: Zacian\n|-damage|p1a: Zacian|0 fnt\n|faint|p1a: Zacian\n|\n|-heal|p1b: Rillaboom|44/100|[from] Grassy Terrain\n|-sideend|p2: wizzpoower|move: Tailwind\n|upkeep\n|-message|elunex forfeited.\n|\n|win|wizzpoower\n|l|\u2606elunex\n|player|p1|\n||elunex is ready for game 2.\n||wizzpoower is ready for game 2.\n|uhtml|next|Next: <a href=\"/battle-gen9vgc2025regibo3-2354456918\"><strong>Game 2 of 3</strong></a>\n", "uploadtime": 1746074803, "views": 9, "formatid": "gen9vgc2025regibo3", "rating": null, "private": 0, "password": null}