{"id": "gen9vgc2025regibo3-2354933616", "format": "[Gen 9] VGC 2025 Reg I (Bo3)", "players": ["Danielza", "ashiceclaw"], "log": "|j|\u2606Danielza\n|j|\u2606ashiceclaw\n|html|<table width=\"100%\"><tr><td align=\"left\">Danielza</td><td align=\"right\">ashiceclaw</tr><tr><td align=\"left\"><i class=\"fa fa-circle-o\"></i> <i class=\"fa fa-circle-o\"></i> </td><td align=\"right\"><i class=\"fa fa-circle-o\"></i> <i class=\"fa fa-circle-o\"></i> </tr></table>\n|uhtml|bestof|<h2><strong>Game 1</strong> of <a href=\"/game-bestof3-gen9vgc2025regibo3-2354933615\">a best-of-3</a></h2>\n|t:|1746133179\n|gametype|doubles\n|player|p1|Danielza|silver|1029\n|player|p2|ashiceclaw|alder|1074\n|teamsize|p1|6\n|teamsize|p2|6\n|gen|9\n|tier|[Gen 9] VGC 2025 Reg I (Bo3)\n|rated|\n|rule|Species Clause: Limit one of each Pok\u00e9mon\n|rule|Item Clause: Limit 1 of each item\n|clearpoke\n|poke|p1|Kyogre, L50|\n|poke|p1|Zacian-*, L50|\n|poke|p1|Tornadus, L50, M|\n|poke|p1|Urshifu-*, L50, M|\n|poke|p1|Chien-Pao, L50|\n|poke|p1|Rillaboom, L50, M|\n|poke|p2|Rayquaza, L50|\n|poke|p2|Zamazenta-*, L50|\n|poke|p2|Chien-Pao, L50|\n|poke|p2|Incineroar, L50, F|\n|poke|p2|Indeedee-F, L50, F|\n|poke|p2|Iron Crown, L50|\n|teampreview|4\n|showteam|p1|Kyogre||MysticWater|Drizzle|WaterSpout,OriginPulse,IceBeam,Protect||||||50|,,,,,Grass]Zacian-Crowned||RustedSword|IntrepidSword|behemothblade,PlayRough,SacredSword,Protect||||||50|,,,,,Fairy]Tornadus||CovertCloak|Prankster|Tailwind,BleakwindStorm,RainDance,Taunt|||M|||50|,,,,,Dark]Urshifu-Rapid-Strike||ChoiceScarf|UnseenFist|SurgingStrikes,CloseCombat,AquaJet,Uturn|||M|||50|,,,,,Stellar]Chien-Pao||FocusSash|SwordofRuin|IceSpinner,SuckerPunch,SacredSword,Protect||||||50|,,,,,Ghost]Rillaboom||AssaultVest|GrassySurge|WoodHammer,GrassyGlide,Uturn,FakeOut|||M|||50|,,,,,Fire\n|showteam|p2|Rayquaza||ClearAmulet|AirLock|SwordsDance,ExtremeSpeed,Protect,Earthquake||||||50|,,,,,Normal]Zamazenta-Crowned||RustedShield|DauntlessShield|WideGuard,Coaching,Protect,BodyPress||||||50|,,,,,Flying]Chien-Pao||FocusSash|SwordofRuin|SuckerPunch,IceSpinner,Protect,SacredSword||||||50|,,,,,Stellar]Incineroar||AssaultVest|Intimidate|FakeOut,KnockOff,FlareBlitz,Uturn|||F|||50|,,,,,Grass]Indeedee-F||PsychicSeed|PsychicSurge|FollowMe,HelpingHand,Imprison,TrickRoom|||F|||50|,,,,,Fairy]Iron Crown||BoosterEnergy|QuarkDrive|ExpandingForce,TachyonCutter,Protect,CalmMind||||||50|,,,,,Psychic\n|c|\u2606Danielza|GlHf\n|\n|t:|1746133205\n|start\n|switch|p1a: Tornadus|Tornadus, L50, M|100/100\n|switch|p1b: Kyogre|Kyogre, L50|100/100\n|switch|p2a: Incineroar|Incineroar, L50, F|100/100\n|switch|p2b: Zamazenta|Zamazenta-Crowned, L50|100/100\n|-ability|p2b: Zamazenta|Dauntless Shield|boost\n|-boost|p2b: Zamazenta|def|1\n|-weather|RainDance|[from] ability: Drizzle|[of] p1b: Kyogre\n|-ability|p2a: Incineroar|Intimidate|boost\n|-unboost|p1a: Tornadus|atk|1\n|-unboost|p1b: Kyogre|atk|1\n|turn|1\n|\n|t:|1746133235\n|switch|p2b: Rayquaza|Rayquaza, L50|100/100\n|-ability|p2b: Rayquaza|Air Lock\n|move|p1b: Kyogre|Protect|p1b: Kyogre\n|-singleturn|p1b: Kyogre|Protect\n|move|p2a: Incineroar|Fake Out|p1b: Kyogre\n|-activate|p1b: Kyogre|move: Protect\n|move|p1a: Tornadus|Tailwind|p1a: Tornadus\n|-sidestart|p1: Danielza|move: Tailwind\n|\n|-weather|RainDance|[upkeep]\n|upkeep\n|turn|2\n|\n|t:|1746133254\n|-terastallize|p2b: Rayquaza|Normal\n|move|p2b: Rayquaza|Extreme Speed|p1b: Kyogre\n|-damage|p1b: Kyogre|46/100\n|move|p1a: Tornadus|Rain Dance||[still]\n|-fail|p1a: Tornadus\n|move|p1b: Kyogre|Water Spout|p2b: Rayquaza|[spread] p2a,p2b\n|-supereffective|p2a: Incineroar\n|-damage|p2a: Incineroar|62/100\n|-damage|p2b: Rayquaza|64/100\n|move|p2a: Incineroar|Knock Off|p1b: Kyogre\n|-damage|p1b: Kyogre|0 fnt\n|-enditem|p1b: Kyogre|Mystic Water|[from] move: Knock Off|[of] p2a: Incineroar\n|faint|p1b: Kyogre\n|\n|-weather|RainDance|[upkeep]\n|upkeep\n|\n|t:|1746133269\n|switch|p1b: Rillaboom|Rillaboom, L50, M|100/100\n|-fieldstart|move: Grassy Terrain|[from] ability: Grassy Surge|[of] p1b: Rillaboom\n|turn|3\n|\n|t:|1746133282\n|move|p2b: Rayquaza|Protect|p2b: Rayquaza\n|-singleturn|p2b: Rayquaza|Protect\n|move|p1b: Rillaboom|Fake Out|p2b: Rayquaza\n|-activate|p2b: Rayquaza|move: Protect\n|move|p1a: Tornadus|Bleakwind Storm|p2b: Rayquaza|[spread] p2a\n|-activate|p2b: Rayquaza|move: Protect\n|-damage|p2a: Incineroar|44/100\n|move|p2a: Incineroar|U-turn|p1b: Rillaboom\n|-supereffective|p1b: Rillaboom\n|-damage|p1b: Rillaboom|63/100\n|\n|t:|1746133290\n|switch|p2a: Zamazenta|Zamazenta-Crowned, L50|100/100|[from] U-turn\n|\n|-weather|RainDance|[upkeep]\n|-heal|p1b: Rillaboom|68/100|[from] Grassy Terrain\n|-heal|p2b: Rayquaza|70/100|[from] Grassy Terrain\n|upkeep\n|turn|4\n|\n|t:|1746133304\n|move|p2a: Zamazenta|Wide Guard|p2a: Zamazenta\n|-singleturn|p2a: Zamazenta|Wide Guard\n|move|p2b: Rayquaza|Extreme Speed|p1b: Rillaboom\n|-damage|p1b: Rillaboom|19/100\n|move|p1a: Tornadus|Bleakwind Storm|p2b: Rayquaza|[spread] \n|-activate|p2a: Zamazenta|move: Wide Guard\n|-activate|p2b: Rayquaza|move: Wide Guard\n|move|p1b: Rillaboom|U-turn|p2b: Rayquaza\n|-damage|p2b: Rayquaza|44/100\n|\n|t:|1746133316\n|switch|p1b: Zacian|Zacian-Crowned, L50|100/100|[from] U-turn\n|-ability|p1b: Zacian|Intrepid Sword|boost\n|-boost|p1b: Zacian|atk|1\n|\n|-weather|RainDance|[upkeep]\n|-heal|p2b: Rayquaza|50/100|[from] Grassy Terrain\n|-sideend|p1: Danielza|move: Tailwind\n|upkeep\n|turn|5\n|\n|t:|1746133339\n|move|p2b: Rayquaza|Protect|p2b: Rayquaza\n|-singleturn|p2b: Rayquaza|Protect\n|move|p1a: Tornadus|Tailwind|p1a: Tornadus\n|-sidestart|p1: Danielza|move: Tailwind\n|move|p1b: Zacian|Sacred Sword|p2a: Zamazenta\n|-supereffective|p2a: Zamazenta\n|-damage|p2a: Zamazenta|33/100\n|move|p2a: Zamazenta|Body Press|p1b: Zacian\n|-damage|p1b: Zacian|65/100\n|\n|-weather|none\n|-heal|p1b: Zacian|71/100|[from] Grassy Terrain\n|-heal|p2a: Zamazenta|39/100|[from] Grassy Terrain\n|-heal|p2b: Rayquaza|56/100|[from] Grassy Terrain\n|upkeep\n|turn|6\n|\n|t:|1746133357\n|switch|p2b: Incineroar|Incineroar, L50, F|44/100\n|-ability|p2b: Incineroar|Intimidate|boost\n|-unboost|p1a: Tornadus|atk|1\n|-unboost|p1b: Zacian|atk|1\n|move|p1a: Tornadus|Taunt|p2b: Incineroar\n|-hint|Since gen 7, Dark is immune to Prankster moves.\n|-immune|p2b: Incineroar\n|move|p1b: Zacian|Sacred Sword|p2a: Zamazenta\n|-supereffective|p2a: Zamazenta\n|-damage|p2a: Zamazenta|0 fnt\n|faint|p2a: Zamazenta\n|\n|-heal|p1b: Zacian|77/100|[from] Grassy Terrain\n|-heal|p2b: Incineroar|50/100|[from] Grassy Terrain\n|upkeep\n|\n|t:|1746133381\n|switch|p2a: Rayquaza|Rayquaza, L50, tera:Normal|56/100\n|-ability|p2a: Rayquaza|Air Lock\n|turn|7\n|\n|t:|1746133397\n|move|p1b: Zacian|Protect|p1b: Zacian\n|-singleturn|p1b: Zacian|Protect\n|move|p2b: Incineroar|Fake Out|p1b: Zacian\n|-activate|p1b: Zacian|move: Protect\n|move|p1a: Tornadus|Taunt|p2a: Rayquaza\n|-start|p2a: Rayquaza|move: Taunt\n|cant|p2a: Rayquaza|move: Taunt|Swords Dance\n|\n|-heal|p1b: Zacian|83/100|[from] Grassy Terrain\n|-heal|p2a: Rayquaza|62/100|[from] Grassy Terrain\n|-heal|p2b: Incineroar|56/100|[from] Grassy Terrain\n|-fieldend|move: Grassy Terrain\n|upkeep\n|turn|8\n|\n|t:|1746133420\n|move|p2a: Rayquaza|Extreme Speed|p1a: Tornadus\n|-damage|p1a: Tornadus|47/100\n|move|p1b: Zacian|Sacred Sword|p2a: Rayquaza\n|-supereffective|p2a: Rayquaza\n|-damage|p2a: Rayquaza|0 fnt\n|faint|p2a: Rayquaza\n|move|p1a: Tornadus|Bleakwind Storm|p2b: Incineroar\n|-damage|p2b: Incineroar|35/100\n|move|p2b: Incineroar|Flare Blitz|p1b: Zacian\n|-supereffective|p1b: Zacian\n|-damage|p1b: Zacian|0 fnt\n|faint|p1b: Zacian\n|-damage|p2b: Incineroar|11/100|[from] Recoil\n|\n|-sideend|p1: Danielza|move: Tailwind\n|upkeep\n|\n|t:|1746133436\n|switch|p1b: Rillaboom|Rillaboom, L50, M|19/100\n|switch|p2a: Chien-Pao|Chien-Pao, L50|100/100\n|-ability|p2a: Chien-Pao|Sword of Ruin\n|-fieldstart|move: Grassy Terrain|[from] ability: Grassy Surge|[of] p1b: Rillaboom\n|turn|9\n|\n|t:|1746133452\n|move|p1b: Rillaboom|Fake Out|p2a: Chien-Pao\n|-damage|p2a: Chien-Pao|82/100\n|cant|p2a: Chien-Pao|flinch\n|move|p1a: Tornadus|Bleakwind Storm|p2a: Chien-Pao|[spread] p2a,p2b\n|-damage|p2a: Chien-Pao|33/100\n|-damage|p2b: Incineroar|0 fnt\n|faint|p2b: Incineroar\n|\n|-heal|p2a: Chien-Pao|39/100|[from] Grassy Terrain\n|-heal|p1b: Rillaboom|25/100|[from] Grassy Terrain\n|upkeep\n|turn|10\n|\n|t:|1746133465\n|move|p2a: Chien-Pao|Ice Spinner|p1b: Rillaboom\n|-supereffective|p1b: Rillaboom\n|-damage|p1b: Rillaboom|0 fnt\n|-fieldend|move: Grassy Terrain\n|faint|p1b: Rillaboom\n|move|p1a: Tornadus|Bleakwind Storm|p2a: Chien-Pao|[miss]\n|-miss|p1a: Tornadus|p2a: Chien-Pao\n|\n|upkeep\n|turn|11\n|j| cyndaquilover1\n|\n|t:|1746133475\n|move|p2a: Chien-Pao|Ice Spinner|p1a: Tornadus\n|-supereffective|p1a: Tornadus\n|-damage|p1a: Tornadus|0 fnt\n|faint|p1a: Tornadus\n|\n|win|ashiceclaw\n||Danielza is ready for game 2.\n||ashiceclaw is ready for game 2.\n|uhtml|next|Next: <a href=\"/battle-gen9vgc2025regibo3-2354936540\"><strong>Game 2 of 3</strong></a>\n|l| cyndaquilover1\n", "uploadtime": 1746133729, "views": 6, "formatid": "gen9vgc2025regibo3", "rating": null, "private": 0, "password": null}