{"id": "gen9vgc2025regibo3-2353991110", "format": "[Gen 9] VGC 2025 Reg I (Bo3)", "players": ["SampZ4", "fireb7798"], "log": "|j|\u2606SampZ4\n|j|\u2606fireb7798\n|html|<table width=\"100%\"><tr><td align=\"left\">SampZ4</td><td align=\"right\">fireb7798</tr><tr><td align=\"left\"><i class=\"fa fa-circle-o\"></i> <i class=\"fa fa-circle-o\"></i> </td><td align=\"right\"><i class=\"fa fa-circle-o\"></i> <i class=\"fa fa-circle-o\"></i> </tr></table>\n|uhtml|bestof|<h2><strong>Game 1</strong> of <a href=\"/game-bestof3-gen9vgc2025regibo3-2353991109\">a best-of-3</a></h2>\n|t:|1746025545\n|gametype|doubles\n|player|p1|SampZ4|265|1058\n|player|p2|fireb7798|shauntal|1101\n|teamsize|p1|6\n|teamsize|p2|6\n|gen|9\n|tier|[Gen 9] VGC 2025 Reg I (Bo3)\n|rated|\n|rule|Species Clause: Limit one of each Pok\u00e9mon\n|rule|Item Clause: Limit 1 of each item\n|clearpoke\n|poke|p1|Whimsicott, L50, F|\n|poke|p1|Incineroar, L50, M|\n|poke|p1|Miraidon, L50|\n|poke|p1|Ursaluna, L50, F|\n|poke|p1|Cresselia, L50, F|\n|poke|p1|Dialga, L50|\n|poke|p2|Groudon, L50|\n|poke|p2|Lunala, L50|\n|poke|p2|Meowstic, L50, M|\n|poke|p2|Chi-Yu, L50|\n|poke|p2|Roaring Moon, L50|\n|poke|p2|Flutter Mane, L50|\n|teampreview|4\n|showteam|p1|Whimsicott||MentalHerb|Prankster|Tailwind,DazzlingGleam,Encore,Taunt|||F|||50|,,,,,Water]Incineroar||AssaultVest|Intimidate|FakeOut,FlareBlitz,KnockOff,Uturn|||M|||50|,,,,,Ghost]Miraidon||ChoiceSpecs|HadronEngine|VoltSwitch,ElectroDrift,Discharge,DracoMeteor||||||50|,,,,,Electric]Ursaluna||FlameOrb|Guts|HeadlongRush,Earthquake,Facade,Protect|||F|||50|,,,,,Normal]Cresselia||SitrusBerry|Levitate|LunarBlessing,TrickRoom,Psyshock,Protect|||F|||50|,,,,,Electric]Dialga||LifeOrb|Telepathy|FlashCannon,DragonPulse,ThunderWave,Protect||||||50|,,,,,Steel\n|showteam|p2|Groudon||ClearAmulet|Drought|PrecipiceBlades,FirePunch,ThunderWave,Protect||||||50|,,,,,Fire]Lunala||Leftovers|ShadowShield|TrickRoom,ExpandingForce,MoongeistBeam,WideGuard||||||50|,,,,,Dark]Meowstic||LightClay|Prankster|Reflect,Gravity,PsychicTerrain,LightScreen|||M|||50|,,,,,Dark]Chi-Yu||ChoiceScarf|BeadsofRuin|HeatWave,Overheat,Snarl,DarkPulse||||||50|,,,,,Ghost]Roaring Moon||BoosterEnergy|Protosynthesis|KnockOff,Tailwind,Protect,Acrobatics||||||50|,,,,,Flying]Flutter Mane||FocusSash|Protosynthesis|TrickRoom,Protect,Moonblast,ThunderWave||||||50|,,,,,Dark\n|\n|t:|1746025671\n|start\n|switch|p1a: Incineroar|Incineroar, L50, M|100/100\n|switch|p1b: Miraidon|Miraidon, L50|100/100\n|switch|p2a: Roaring Moon|Roaring Moon, L50|100/100\n|switch|p2b: Groudon|Groudon, L50|100/100\n|-fieldstart|move: Electric Terrain|[from] ability: Hadron Engine|[of] p1b: Miraidon\n|-weather|SunnyDay|[from] ability: Drought|[of] p2b: Groudon\n|-activate|p2a: Roaring Moon|ability: Protosynthesis\n|-start|p2a: Roaring Moon|protosynthesisatk\n|-ability|p1a: Incineroar|Intimidate|boost\n|-unboost|p2a: Roaring Moon|atk|1\n|-fail|p2b: Groudon|unboost|[from] item: Clear Amulet|[of] p2b: Groudon\n|turn|1\n|\n|t:|1746025723\n|move|p2b: Groudon|Protect|p2b: Groudon\n|-singleturn|p2b: Groudon|Protect\n|move|p1a: Incineroar|Fake Out|p2a: Roaring Moon\n|-damage|p2a: Roaring Moon|82/100\n|move|p1b: Miraidon|Draco Meteor|p2b: Groudon\n|-activate|p2b: Groudon|move: Protect\n|cant|p2a: Roaring Moon|flinch\n|\n|-weather|SunnyDay|[upkeep]\n|upkeep\n|turn|2\n|\n|t:|1746025791\n|switch|p1b: Ursaluna|Ursaluna, L50, F|100/100\n|switch|p2b: Meowstic|Meowstic, L50, M|100/100\n|-terastallize|p1a: Incineroar|Ghost\n|move|p2a: Roaring Moon|Tailwind|p2a: Roaring Moon\n|-sidestart|p2: fireb7798|move: Tailwind\n|move|p1a: Incineroar|Knock Off|p2b: Meowstic\n|-supereffective|p2b: Meowstic\n|-damage|p2b: Meowstic|0 fnt\n|-enditem|p2b: Meowstic|Light Clay|[from] move: Knock Off|[of] p1a: Incineroar\n|faint|p2b: Meowstic\n|\n|-weather|SunnyDay|[upkeep]\n|-status|p1b: Ursaluna|brn|[from] item: Flame Orb\n|upkeep\n|\n|t:|1746025804\n|switch|p2b: Groudon|Groudon, L50|100/100\n|turn|3\n|\n|t:|1746025820\n|move|p2a: Roaring Moon|Knock Off|p1a: Incineroar\n|-supereffective|p1a: Incineroar\n|-damage|p1a: Incineroar|3/100\n|-enditem|p1a: Incineroar|Assault Vest|[from] move: Knock Off|[of] p2a: Roaring Moon\n|move|p2b: Groudon|Precipice Blades|p1b: Ursaluna|[spread] p1a\n|-miss|p2b: Groudon|p1b: Ursaluna\n|-damage|p1a: Incineroar|0 fnt\n|faint|p1a: Incineroar\n|move|p1b: Ursaluna|Facade|p2b: Groudon\n|-damage|p2b: Groudon|23/100\n|\n|-weather|SunnyDay|[upkeep]\n|-damage|p1b: Ursaluna|95/100 brn|[from] brn\n|upkeep\n|\n|t:|1746025832\n|switch|p1a: Dialga|Dialga, L50|100/100\n|turn|4\n|\n|t:|1746025849\n|move|p2b: Groudon|Protect|p2b: Groudon\n|-singleturn|p2b: Groudon|Protect\n|move|p1a: Dialga|Protect|p1a: Dialga\n|-singleturn|p1a: Dialga|Protect\n|move|p2a: Roaring Moon|Knock Off|p1b: Ursaluna\n|-damage|p1b: Ursaluna|54/100 brn\n|-enditem|p1b: Ursaluna|Flame Orb|[from] move: Knock Off|[of] p2a: Roaring Moon\n|move|p1b: Ursaluna|Earthquake|p2b: Groudon|[spread] p2a\n|-activate|p1a: Dialga|move: Protect\n|-activate|p2b: Groudon|move: Protect\n|-damage|p2a: Roaring Moon|0 fnt\n|faint|p2a: Roaring Moon\n|-end|p2a: Roaring Moon|Protosynthesis|[silent]\n|\n|-weather|SunnyDay|[upkeep]\n|-damage|p1b: Ursaluna|48/100 brn|[from] brn\n|upkeep\n|\n|t:|1746025863\n|switch|p2a: Lunala|Lunala, L50|100/100\n|turn|5\n|\n|t:|1746025881\n|move|p2b: Groudon|Precipice Blades|p1b: Ursaluna|[spread] p1a,p1b\n|-supereffective|p1a: Dialga\n|-damage|p1a: Dialga|4/100\n|-damage|p1b: Ursaluna|4/100 brn\n|move|p1a: Dialga|Dragon Pulse|p2b: Groudon\n|-damage|p2b: Groudon|0 fnt\n|faint|p2b: Groudon\n|-damage|p1a: Dialga|0 fnt|[from] item: Life Orb\n|faint|p1a: Dialga\n|move|p1b: Ursaluna|Headlong Rush|p2a: Lunala\n|-damage|p2a: Lunala|55/100\n|-unboost|p1b: Ursaluna|def|1\n|-unboost|p1b: Ursaluna|spd|1\n|move|p2a: Lunala|Trick Room|p2a: Lunala\n|-fieldstart|move: Trick Room|[of] p2a: Lunala\n|\n|-weather|none\n|-heal|p2a: Lunala|62/100|[from] item: Leftovers\n|-damage|p1b: Ursaluna|0 fnt|[from] brn\n|faint|p1b: Ursaluna\n|-sideend|p2: fireb7798|move: Tailwind\n|-fieldend|move: Electric Terrain\n|upkeep\n|\n|t:|1746025899\n|switch|p1b: Miraidon|Miraidon, L50|100/100\n|-fieldstart|move: Electric Terrain|[from] ability: Hadron Engine|[of] p1b: Miraidon\n|turn|6\n|\n|t:|1746025915\n|move|p2a: Lunala|Moongeist Beam|p1b: Miraidon\n|-damage|p1b: Miraidon|49/100\n|move|p1b: Miraidon|Electro Drift|p2a: Lunala\n|-damage|p2a: Lunala|0 fnt\n|faint|p2a: Lunala\n|\n|win|SampZ4\n||fireb7798 is ready for game 2.\n||SampZ4 is ready for game 2.\n|uhtml|next|Next: <a href=\"/battle-gen9vgc2025regibo3-2353995426\"><strong>Game 2 of 3</strong></a>\n", "uploadtime": 1746026133, "views": 6, "formatid": "gen9vgc2025regibo3", "rating": null, "private": 0, "password": null}