{"id": "gen9vgc2025regibo3-2354670630", "format": "[Gen 9] VGC 2025 Reg I (Bo3)", "players": ["200dollarteam", "michael tester"], "log": "|j|\u2606200dollarteam\n|j|\u2606michael tester\n|html|<table width=\"100%\"><tr><td align=\"left\">200dollarteam</td><td align=\"right\">michael tester</tr><tr><td align=\"left\"><i class=\"fa fa-circle-o\"></i> <i class=\"fa fa-circle-o\"></i> </td><td align=\"right\"><i class=\"fa fa-circle-o\"></i> <i class=\"fa fa-circle-o\"></i> </tr></table>\n|uhtml|bestof|<h2><strong>Game 1</strong> of <a href=\"/game-bestof3-gen9vgc2025regibo3-2354670629\">a best-of-3</a></h2>\n|t:|1746109158\n|gametype|doubles\n|player|p1|200dollarteam|shauntal|1405\n|player|p2|michael tester|dancer|1417\n|teamsize|p1|6\n|teamsize|p2|6\n|gen|9\n|tier|[Gen 9] VGC 2025 Reg I (Bo3)\n|rated|\n|rule|Species Clause: Limit one of each Pok\u00e9mon\n|rule|Item Clause: Limit 1 of each item\n|clearpoke\n|poke|p1|Zamazenta-*, L50|\n|poke|p1|Miraidon, L50|\n|poke|p1|Farigiraf, L50, M|\n|poke|p1|Iron Bundle, L50|\n|poke|p1|Incineroar, L50, F|\n|poke|p1|Ursaluna, L50, F|\n|poke|p2|Terapagos, L50, M|\n|poke|p2|Rillaboom, L50, M|\n|poke|p2|Incineroar, L50, F|\n|poke|p2|Calyrex-Shadow, L50|\n|poke|p2|Urshifu-*, L50, F|\n|poke|p2|Amoonguss, L50, F|\n|teampreview|4\n|showteam|p1|Zamazenta-Crowned||RustedShield|DauntlessShield|BodyPress,HeavySlam,WideGuard,Protect||||||50|,,,,,Dragon]Miraidon||ChoiceSpecs|HadronEngine|ElectroDrift,DracoMeteor,VoltSwitch,DazzlingGleam||||||50|,,,,,Fairy]Farigiraf||ElectricSeed|ArmorTail|Psychic,FoulPlay,HelpingHand,TrickRoom|||M|||50|,,,,,Water]Iron Bundle||FocusSash|QuarkDrive|IcyWind,FreezeDry,Encore,Protect||||||50|,,,,,Ghost]Incineroar||AssaultVest|Intimidate|KnockOff,FlareBlitz,Uturn,FakeOut|||F|||50|,,,,,Bug]Ursaluna||FlameOrb|Guts|Facade,HeadlongRush,Substitute,Protect|||F|||50|,,,,,Poison\n|showteam|p2|Terapagos||Leftovers|TeraShift|TeraStarstorm,Protect,CalmMind,EarthPower|||M|||50|,,,,,Stellar]Rillaboom||AssaultVest|GrassySurge|FakeOut,GrassyGlide,WoodHammer,Uturn|||M|||50|,,,,,Water]Incineroar||SafetyGoggles|Intimidate|WillOWisp,KnockOff,FakeOut,PartingShot|||F|||50|,,,,,Bug]Calyrex-Shadow||FocusSash|AsOneSpectrier|AstralBarrage,Disable,Encore,Protect||||||50|,,,,,Ghost]Urshifu-Rapid-Strike||ChoiceScarf|UnseenFist|AquaJet,Uturn,CloseCombat,SurgingStrikes|||F|||50|,,,,,Water]Amoonguss||RockyHelmet|Regenerator|PollenPuff,Spore,RagePowder,Protect|||F|||50|,,,,,Water\n|inactive|Battle timer is ON: inactive players will automatically lose when time's up. (requested by 200dollarteam)\n|j| gaming daily\n|inactive|200dollarteam has 60 seconds left.\n|inactive|michael tester has 60 seconds left.\n|inactive|200dollarteam has 30 seconds left.\n|inactive|michael tester has 30 seconds left.\n|j| AJ34\n|inactive|200dollarteam has 20 seconds left.\n|inactive|michael tester has 20 seconds left.\n|inactive|200dollarteam has 15 seconds left.\n|inactive|michael tester has 15 seconds left.\n|inactive|200dollarteam has 10 seconds left.\n|inactive|michael tester has 10 seconds left.\n|l| AJ34\n|inactive|200dollarteam has 5 seconds left.\n|inactive|michael tester has 5 seconds left.\n|\n|t:|1746109247\n|start\n|switch|p1a: Incineroar|Incineroar, L50, F|100/100\n|switch|p1b: Farigiraf|Farigiraf, L50, M|100/100\n|switch|p2a: Rillaboom|Rillaboom, L50, M|100/100\n|switch|p2b: Calyrex|Calyrex-Shadow, L50|100/100\n|-ability|p2b: Calyrex|As One\n|-ability|p2b: Calyrex|Unnerve\n|-fieldstart|move: Grassy Terrain|[from] ability: Grassy Surge|[of] p2a: Rillaboom\n|-ability|p1a: Incineroar|Intimidate|boost\n|-unboost|p2a: Rillaboom|atk|1\n|-unboost|p2b: Calyrex|atk|1\n|turn|1\n|inactive|michael tester has 30 seconds left.\n|inactive|michael tester has 20 seconds left.\n|inactive|michael tester has 15 seconds left.\n|inactive|michael tester has 10 seconds left.\n|inactive|michael tester has 5 seconds left.\n|\n|t:|1746109298\n|move|p2b: Calyrex|Protect|p2b: Calyrex\n|-singleturn|p2b: Calyrex|Protect\n|move|p2a: Rillaboom|U-turn|p1b: Farigiraf\n|-supereffective|p1b: Farigiraf\n|-damage|p1b: Farigiraf|75/100\n|j| AJ34\n|inactive|michael tester has 30 seconds left.\n|l| AJ34\n|inactive|michael tester has 20 seconds left.\n|inactive|michael tester has 15 seconds left.\n|inactive|michael tester has 10 seconds left.\n|inactive|michael tester has 5 seconds left.\n|\n|t:|1746109351\n|switch|p2a: Amoonguss|Amoonguss, L50, F|100/100|[from] U-turn\n|move|p1a: Incineroar|Knock Off|p2b: Calyrex\n|-activate|p2b: Calyrex|move: Protect\n|move|p1b: Farigiraf|Trick Room|p1b: Farigiraf\n|-fieldstart|move: Trick Room|[of] p1b: Farigiraf\n|\n|-heal|p1b: Farigiraf|81/100|[from] Grassy Terrain\n|upkeep\n|turn|2\n|inactive|michael tester has 30 seconds left.\n|inactive|michael tester has 20 seconds left.\n|inactive|michael tester has 15 seconds left.\n|inactive|michael tester has 10 seconds left.\n|inactive|michael tester has 5 seconds left.\n|\n|t:|1746109405\n|switch|p1a: Miraidon|Miraidon, L50|100/100\n|-fieldstart|move: Electric Terrain|[from] ability: Hadron Engine|[of] p1a: Miraidon\n|-enditem|p1b: Farigiraf|Electric Seed\n|-boost|p1b: Farigiraf|def|1|[from] item: Electric Seed\n|switch|p2b: Rillaboom|Rillaboom, L50, M|100/100\n|-fieldstart|move: Grassy Terrain|[from] ability: Grassy Surge|[of] p2b: Rillaboom\n|move|p2a: Amoonguss|Spore|p1b: Farigiraf\n|-status|p1b: Farigiraf|slp|[from] move: Spore\n|cant|p1b: Farigiraf|slp\n|\n|-heal|p1b: Farigiraf|87/100 slp|[from] Grassy Terrain\n|upkeep\n|turn|3\n|inactive|200dollarteam has 30 seconds left.\n|inactive|michael tester has 30 seconds left.\n|inactive|michael tester has 20 seconds left.\n|inactive|michael tester has 15 seconds left.\n|inactive|michael tester has 10 seconds left.\n|\n|t:|1746109450\n|switch|p1b: Ursaluna|Ursaluna, L50, F|100/100\n|move|p2a: Amoonguss|Spore|p1a: Miraidon\n|-status|p1a: Miraidon|slp|[from] move: Spore\n|move|p2b: Rillaboom|U-turn|p1b: Ursaluna\n|-damage|p1b: Ursaluna|83/100\n|\n|t:|1746109460\n|switch|p2b: Terapagos|Terapagos, L50, M|100/100|[from] U-turn\n|-activate|p2b: Terapagos|ability: Tera Shift\n|detailschange|p2b: Terapagos|Terapagos-Terastal, L50, M\n|-heal|p2b: Terapagos|100/100|[silent]\n|cant|p1a: Miraidon|slp\n|\n|-heal|p1b: Ursaluna|89/100|[from] Grassy Terrain\n|-status|p1b: Ursaluna|brn|[from] item: Flame Orb\n|upkeep\n|turn|4\n|inactive|michael tester has 30 seconds left.\n|inactive|michael tester has 20 seconds left.\n|inactive|michael tester has 15 seconds left.\n|\n|t:|1746109500\n|move|p2a: Amoonguss|Protect|p2a: Amoonguss\n|-singleturn|p2a: Amoonguss|Protect\n|move|p1b: Ursaluna|Facade|p2b: Terapagos\n|-activate|p2b: Terapagos|ability: Tera Shell\n|-resisted|p2b: Terapagos\n|-damage|p2b: Terapagos|58/100\n|move|p2b: Terapagos|Calm Mind|p2b: Terapagos\n|-boost|p2b: Terapagos|spa|1\n|-boost|p2b: Terapagos|spd|1\n|cant|p1a: Miraidon|slp\n|\n|-heal|p1b: Ursaluna|95/100 brn|[from] Grassy Terrain\n|-heal|p2b: Terapagos|65/100|[from] Grassy Terrain\n|-heal|p2b: Terapagos|71/100|[from] item: Leftovers\n|-damage|p1b: Ursaluna|89/100 brn|[from] brn\n|upkeep\n|turn|5\n|inactive|michael tester has 30 seconds left.\n|inactive|michael tester has 20 seconds left.\n|inactive|michael tester has 15 seconds left.\n|\n|t:|1746109542\n|move|p2a: Amoonguss|Pollen Puff|p2b: Terapagos\n|-heal|p2b: Terapagos|100/100\n|move|p1b: Ursaluna|Facade|p2b: Terapagos\n|-activate|p2b: Terapagos|ability: Tera Shell\n|-resisted|p2b: Terapagos\n|-damage|p2b: Terapagos|56/100\n|move|p2b: Terapagos|Calm Mind|p2b: Terapagos\n|-boost|p2b: Terapagos|spa|1\n|-boost|p2b: Terapagos|spd|1\n|-curestatus|p1a: Miraidon|slp|[msg]\n|move|p1a: Miraidon|Volt Switch|p2b: Terapagos\n|-damage|p2b: Terapagos|31/100\n|\n|t:|1746109551\n|switch|p1a: Incineroar|Incineroar, L50, F|100/100|[from] Volt Switch\n|-ability|p1a: Incineroar|Intimidate|boost\n|-unboost|p2a: Amoonguss|atk|1\n|-unboost|p2b: Terapagos|atk|1\n|\n|-heal|p1b: Ursaluna|95/100 brn|[from] Grassy Terrain\n|-heal|p2b: Terapagos|37/100|[from] Grassy Terrain\n|-heal|p2b: Terapagos|43/100|[from] item: Leftovers\n|-damage|p1b: Ursaluna|89/100 brn|[from] brn\n|-fieldend|move: Trick Room\n|upkeep\n|turn|6\n|inactive|michael tester has 30 seconds left.\n|inactive|michael tester has 20 seconds left.\n|inactive|michael tester has 15 seconds left.\n|inactive|michael tester has 10 seconds left.\n|\n|t:|1746109600\n|move|p2b: Terapagos|Protect|p2b: Terapagos\n|-singleturn|p2b: Terapagos|Protect\n|move|p2a: Amoonguss|Protect|p2a: Amoonguss\n|-singleturn|p2a: Amoonguss|Protect\n|move|p1a: Incineroar|Fake Out|p2b: Terapagos\n|-activate|p2b: Terapagos|move: Protect\n|move|p1b: Ursaluna|Substitute|p1b: Ursaluna\n|-start|p1b: Ursaluna|Substitute\n|-damage|p1b: Ursaluna|65/100 brn\n|\n|-heal|p2b: Terapagos|49/100|[from] Grassy Terrain\n|-heal|p2b: Terapagos|56/100|[from] item: Leftovers\n|-heal|p1b: Ursaluna|70/100 brn|[from] Grassy Terrain\n|-damage|p1b: Ursaluna|65/100 brn|[from] brn\n|-fieldend|move: Grassy Terrain\n|upkeep\n|turn|7\n|inactive|michael tester has 30 seconds left.\n|inactive|michael tester has 20 seconds left.\n|inactive|michael tester has 15 seconds left.\n|inactive|michael tester has 10 seconds left.\n|\n|t:|1746109646\n|-terastallize|p2b: Terapagos|Stellar\n|detailschange|p2b: Terapagos|Terapagos-Stellar, L50, M, tera:Stellar\n|-heal|p2b: Terapagos|67/100|[silent]\n|move|p2a: Amoonguss|Rage Powder|p2a: Amoonguss\n|-singleturn|p2a: Amoonguss|move: Rage Powder\n|move|p2b: Terapagos|Tera Starstorm|p1a: Incineroar|[spread] p1a,p1b\n|-end|p1b: Ursaluna|Substitute\n|-damage|p1a: Incineroar|62/100\n|move|p1a: Incineroar|Knock Off|p2a: Amoonguss\n|-damage|p2a: Amoonguss|62/100\n|-damage|p1a: Incineroar|46/100|[from] item: Rocky Helmet|[of] p2a: Amoonguss\n|-enditem|p2a: Amoonguss|Rocky Helmet|[from] move: Knock Off|[of] p1a: Incineroar\n|move|p1b: Ursaluna|Facade|p2a: Amoonguss\n|-damage|p2a: Amoonguss|0 fnt\n|faint|p2a: Amoonguss\n|\n|-heal|p2b: Terapagos|73/100|[from] item: Leftovers\n|-damage|p1b: Ursaluna|59/100 brn|[from] brn\n|upkeep\n|inactive|michael tester has 30 seconds left.\n|inactive|michael tester has 20 seconds left.\n|inactive|michael tester has 15 seconds left.\n|inactive|michael tester has 10 seconds left.\n|\n|t:|1746109687\n|switch|p2a: Rillaboom|Rillaboom, L50, M|100/100\n|-fieldstart|move: Grassy Terrain|[from] ability: Grassy Surge|[of] p2a: Rillaboom\n|turn|8\n|inactive|michael tester has 10 seconds left this turn.\n|inactive|200dollarteam has 30 seconds left.\n|inactive|200dollarteam has 20 seconds left.\n|inactive|200dollarteam has 15 seconds left.\n|inactive|200dollarteam has 10 seconds left.\n|\n|t:|1746109736\n|move|p1b: Ursaluna|Protect|p1b: Ursaluna\n|-singleturn|p1b: Ursaluna|Protect\n|move|p2b: Terapagos|Tera Starstorm|p1a: Incineroar|[spread] p1a\n|-activate|p1b: Ursaluna|move: Protect\n|-damage|p1a: Incineroar|3/100\n|move|p2a: Rillaboom|U-turn|p1a: Incineroar\n|-damage|p1a: Incineroar|0 fnt\n|faint|p1a: Incineroar\n|inactive|michael tester has 10 seconds left this turn.\n|\n|t:|1746109739\n|switch|p2a: Calyrex|Calyrex-Shadow, L50|100/100|[from] U-turn\n|-ability|p2a: Calyrex|As One\n|-ability|p2a: Calyrex|Unnerve\n|\n|-heal|p2b: Terapagos|79/100|[from] Grassy Terrain\n|-heal|p2b: Terapagos|86/100|[from] item: Leftovers\n|-heal|p1b: Ursaluna|65/100 brn|[from] Grassy Terrain\n|-damage|p1b: Ursaluna|59/100 brn|[from] brn\n|upkeep\n|inactive|michael tester has 10 seconds left this turn.\n|\n|t:|1746109748\n|switch|p1a: Farigiraf|Farigiraf, L50, M|87/100 slp\n|turn|9\n|inactive|michael tester has 10 seconds left this turn.\n|\n|t:|1746109754\n|switch|p1b: Miraidon|Miraidon, L50|100/100\n|-fieldstart|move: Electric Terrain|[from] ability: Hadron Engine|[of] p1b: Miraidon\n|move|p2a: Calyrex|Encore||[still]\n|-fail|p2a: Calyrex\n|move|p2b: Terapagos|Tera Starstorm|p1b: Miraidon|[spread] p1a,p1b\n|-damage|p1a: Farigiraf|28/100 slp\n|-damage|p1b: Miraidon|39/100\n|-curestatus|p1a: Farigiraf|slp|[msg]\n|move|p1a: Farigiraf|Trick Room|p1a: Farigiraf\n|-fieldstart|move: Trick Room|[of] p1a: Farigiraf\n|\n|-heal|p2b: Terapagos|92/100|[from] item: Leftovers\n|upkeep\n|turn|10\n|inactive|michael tester has 10 seconds left this turn.\n|\n|t:|1746109776\n|switch|p2a: Rillaboom|Rillaboom, L50, M|100/100\n|-fieldstart|move: Grassy Terrain|[from] ability: Grassy Surge|[of] p2a: Rillaboom\n|move|p1a: Farigiraf|Foul Play|p2a: Rillaboom\n|-damage|p2a: Rillaboom|70/100\n|move|p2b: Terapagos|Tera Starstorm|p1a: Farigiraf|[spread] p1a,p1b\n|-damage|p1a: Farigiraf|0 fnt\n|-damage|p1b: Miraidon|0 fnt\n|faint|p1a: Farigiraf\n|faint|p1b: Miraidon\n|\n|-heal|p2a: Rillaboom|76/100|[from] Grassy Terrain\n|-heal|p2b: Terapagos|98/100|[from] Grassy Terrain\n|-heal|p2b: Terapagos|100/100|[from] item: Leftovers\n|upkeep\n|inactive|michael tester has 10 seconds left this turn.\n|-message|200dollarteam forfeited.\n|\n|win|michael tester\n|inactive|michael tester has 10 seconds left this turn.\n|inactive|200dollarteam has 30 seconds to confirm battle start!\n|inactive|michael tester has 30 seconds to confirm battle start!\n|inactive|200dollarteam has 20 seconds to confirm battle start!\n|inactive|michael tester has 20 seconds to confirm battle start!\n||200dollarteam is ready for game 2.\n|inactive|michael tester has 10 seconds to confirm battle start!\n|uhtml|next|Next: <a href=\"/battle-gen9vgc2025regibo3-2354677453\"><strong>Game 2 of 3</strong></a>\n|l|\u2606200dollarteam\n|player|p1|\n", "uploadtime": 1746109911, "views": 39, "formatid": "gen9vgc2025regibo3", "rating": null, "private": 0, "password": null}