{"id": "gen9vgc2025regibo3-2354134336", "format": "[Gen 9] VGC 2025 Reg I (Bo3)", "players": ["lexerthanatauros", "SilvrD"], "log": "|j|\u2606lexerthanatauros\n|j|\u2606SilvrD\n|html|<table width=\"100%\"><tr><td align=\"left\">lexerthanatauros</td><td align=\"right\">SilvrD</tr><tr><td align=\"left\"><i class=\"fa fa-circle\"></i> <i class=\"fa fa-circle-o\"></i> </td><td align=\"right\"><i class=\"fa fa-circle-o\"></i> <i class=\"fa fa-circle-o\"></i> </tr></table>\n|uhtml|bestof|<h2><strong>Game 2</strong> of <a href=\"/game-bestof3-gen9vgc2025regibo3-2354132291\">a best-of-3</a></h2>\n|t:|1746037800\n|gametype|doubles\n|player|p1|lexerthanatauros|veteran|1118\n|player|p2|SilvrD|elesa|1053\n|teamsize|p1|6\n|teamsize|p2|6\n|gen|9\n|tier|[Gen 9] VGC 2025 Reg I (Bo3)\n|rated|\n|rule|Species Clause: Limit one of each Pok\u00e9mon\n|rule|Item Clause: Limit 1 of each item\n|clearpoke\n|poke|p1|Kyogre, L50|\n|poke|p1|Lunala, L50|\n|poke|p1|Urshifu-*, L50, F|\n|poke|p1|Murkrow, L50, M|\n|poke|p1|Incineroar, L50, F|\n|poke|p1|Raichu, L50, M|\n|poke|p2|Kyogre, L50|\n|poke|p2|Incineroar, L50, M|\n|poke|p2|Archaludon, L50, F|\n|poke|p2|Miraidon, L50|\n|poke|p2|Weezing-Galar, L50, M|\n|poke|p2|Kingdra, L50, F|\n|teampreview|4\n|showteam|p1|Kyogre||PowerLens|Drizzle|WaterSpout,HydroPump,IceBeam,Protect||||||50|,,,,,Grass]Lunala||PowerHerb|ShadowShield|MoongeistBeam,MeteorBeam,WideGuard,TrickRoom||||||50|,,,,,Fairy]Urshifu-Rapid-Strike||ChoiceScarf|UnseenFist|SurgingStrikes,CloseCombat,Uturn,AquaJet|||F|||50|,,,,,Water]Murkrow||Eviolite|Prankster|FoulPlay,Tailwind,Quash,RainDance|||M|||50|,,,,,Ghost]Incineroar||SafetyGoggles|Intimidate|WillOWisp,FakeOut,KnockOff,HelpingHand|||F|||50|,,,,,Bug]Raichu||FocusSash|LightningRod|FakeOut,Feint,HelpingHand,Endeavor|||M|||50|,,,,,Ghost\n|showteam|p2|Kyogre||ChoiceScarf|Drizzle|WaterSpout,Thunder,TeraBlast,Blizzard||||||50|,,,,,Grass]Incineroar||SafetyGoggles|Intimidate|FakeOut,KnockOff,FlareBlitz,PartingShot|||M|||50|,,,,,Bug]Archaludon||AssaultVest|Stamina|ElectroShot,AuraSphere,FlashCannon,DracoMeteor|||F|||50|,,,,,Electric]Miraidon||ChoiceSpecs|HadronEngine|DazzlingGleam,ElectroDrift,DracoMeteor,VoltSwitch||||||50|,,,,,Fairy]Weezing-Galar||FocusSash|NeutralizingGas|ClearSmog,Defog,Explosion,Protect|||M|||50|,,,,,Flying]Kingdra||LifeOrb|SwiftSwim|WeatherBall,DragonPulse,FlashCannon,Protect|||F|||50|,,,,,Steel\n|inactive|Battle timer is ON: inactive players will automatically lose when time's up. (requested by lexerthanatauros)\n|\n|t:|1746037836\n|start\n|switch|p1a: Incineroar|Incineroar, L50, F|100/100\n|switch|p1b: Lunala|Lunala, L50|100/100\n|switch|p2a: Incineroar|Incineroar, L50, M|100/100\n|switch|p2b: Miraidon|Miraidon, L50|100/100\n|-fieldstart|move: Electric Terrain|[from] ability: Hadron Engine|[of] p2b: Miraidon\n|-ability|p2a: Incineroar|Intimidate|boost\n|-unboost|p1a: Incineroar|atk|1\n|-unboost|p1b: Lunala|atk|1\n|-ability|p1a: Incineroar|Intimidate|boost\n|-unboost|p2a: Incineroar|atk|1\n|-unboost|p2b: Miraidon|atk|1\n|turn|1\n|\n|t:|1746037857\n|move|p2a: Incineroar|Fake Out|p1a: Incineroar\n|-damage|p1a: Incineroar|95/100\n|cant|p1a: Incineroar|flinch\n|move|p2b: Miraidon|Volt Switch|p1b: Lunala\n|-damage|p1b: Lunala|70/100\n|\n|t:|1746037865\n|switch|p2b: Kyogre|Kyogre, L50|100/100|[from] Volt Switch\n|-weather|RainDance|[from] ability: Drizzle|[of] p2b: Kyogre\n|move|p1b: Lunala|Trick Room|p1b: Lunala\n|-fieldstart|move: Trick Room|[of] p1b: Lunala\n|\n|-weather|RainDance|[upkeep]\n|upkeep\n|turn|2\n|inactive|lexerthanatauros has 30 seconds left.\n|inactive|lexerthanatauros has 20 seconds left.\n|\n|t:|1746037901\n|-terastallize|p1b: Lunala|Fairy\n|move|p1a: Incineroar|Helping Hand|p1b: Lunala\n|-singleturn|p1b: Lunala|Helping Hand|[of] p1a: Incineroar\n|move|p2a: Incineroar|Knock Off|p1b: Lunala\n|-resisted|p1b: Lunala\n|-damage|p1b: Lunala|61/100\n|-enditem|p1b: Lunala|Power Herb|[from] move: Knock Off|[of] p2a: Incineroar\n|move|p1b: Lunala|Moongeist Beam|p2b: Kyogre\n|-damage|p2b: Kyogre|43/100\n|move|p2b: Kyogre|Water Spout|p1b: Lunala|[spread] p1a,p1b\n|-supereffective|p1a: Incineroar\n|-damage|p1a: Incineroar|21/100\n|-damage|p1b: Lunala|33/100\n|\n|-weather|RainDance|[upkeep]\n|upkeep\n|turn|3\n|\n|t:|1746037921\n|switch|p1a: Kyogre|Kyogre, L50|100/100\n|move|p1b: Lunala|Wide Guard|p1b: Lunala\n|-singleturn|p1b: Lunala|Wide Guard\n|move|p2a: Incineroar|Parting Shot|p1b: Lunala\n|-unboost|p1b: Lunala|atk|1\n|-unboost|p1b: Lunala|spa|1\n|\n|t:|1746037930\n|switch|p2a: Miraidon|Miraidon, L50|100/100|[from] Parting Shot\n|-activate|p2a: Miraidon|ability: Hadron Engine\n|move|p2b: Kyogre|Water Spout|p1a: Kyogre|[spread] \n|-activate|p1a: Kyogre|move: Wide Guard\n|-activate|p1b: Lunala|move: Wide Guard\n|\n|-weather|RainDance|[upkeep]\n|upkeep\n|turn|4\n|l|\u2606lexerthanatauros\n|inactive|lexerthanatauros disconnected and has a minute to reconnect!\n|player|p1|\n|j|\u2606lexerthanatauros\n|inactive|lexerthanatauros reconnected and has 45 seconds left.\n|player|p1|lexerthanatauros|veteran|\n|\n|t:|1746037953\n|move|p1a: Kyogre|Ice Beam|p2a: Miraidon\n|-supereffective|p2a: Miraidon\n|-damage|p2a: Miraidon|32/100\n|move|p1b: Lunala|Moongeist Beam|p2a: Miraidon\n|-damage|p2a: Miraidon|1/100\n|move|p2a: Miraidon|Electro Drift|p1a: Kyogre\n|-supereffective|p1a: Kyogre\n|-damage|p1a: Kyogre|0 fnt\n|faint|p1a: Kyogre\n|move|p2b: Kyogre|Water Spout|p1b: Lunala\n|-damage|p1b: Lunala|0 fnt\n|faint|p1b: Lunala\n|\n|-weather|RainDance|[upkeep]\n|upkeep\n|\n|t:|1746037960\n|switch|p1a: Raichu|Raichu, L50, M|100/100\n|switch|p1b: Incineroar|Incineroar, L50, F|21/100\n|-ability|p1b: Incineroar|Intimidate|boost\n|-unboost|p2a: Miraidon|atk|1\n|-unboost|p2b: Kyogre|atk|1\n|turn|5\n|\n|t:|1746037974\n|switch|p2a: Incineroar|Incineroar, L50, M|100/100\n|-ability|p2a: Incineroar|Intimidate|boost\n|-unboost|p1a: Raichu|atk|1\n|-unboost|p1b: Incineroar|atk|1\n|move|p1a: Raichu|Helping Hand|p1b: Incineroar\n|-singleturn|p1b: Incineroar|Helping Hand|[of] p1a: Raichu\n|move|p1b: Incineroar|Knock Off|p2b: Kyogre\n|-damage|p2b: Kyogre|0 fnt\n|-enditem|p2b: Kyogre|Choice Scarf|[from] move: Knock Off|[of] p1b: Incineroar\n|faint|p2b: Kyogre\n|\n|-weather|none\n|-fieldend|move: Trick Room\n|-fieldend|move: Electric Terrain\n|upkeep\n|\n|t:|1746037985\n|switch|p2b: Kingdra|Kingdra, L50, F|100/100\n|turn|6\n|\n|t:|1746038006\n|-terastallize|p2b: Kingdra|Steel\n|move|p2a: Incineroar|Fake Out|p1a: Raichu\n|-damage|p1a: Raichu|77/100\n|cant|p1a: Raichu|flinch\n|move|p2b: Kingdra|Dragon Pulse|p1b: Incineroar\n|-damage|p1b: Incineroar|0 fnt\n|faint|p1b: Incineroar\n|-damage|p2b: Kingdra|90/100|[from] item: Life Orb\n|\n|upkeep\n|turn|7\n|inactive|lexerthanatauros has 30 seconds left.\n|\n|t:|1746038037\n|move|p1a: Raichu|Endeavor|p2b: Kingdra\n|-damage|p2b: Kingdra|62/100\n|move|p2b: Kingdra|Dragon Pulse|p1a: Raichu\n|-damage|p1a: Raichu|0 fnt\n|faint|p1a: Raichu\n|-damage|p2b: Kingdra|52/100|[from] item: Life Orb\n|\n|win|SilvrD\n|l|\u2606lexerthanatauros\n|player|p1|\n||lexerthanatauros is ready for game 3.\n|l|\u2606SilvrD\n|player|p2|\n||SilvrD is ready for game 3.\n|uhtml|next|Next: <a href=\"/battle-gen9vgc2025regibo3-2354137085\"><strong>Game 3 of 3</strong></a>\n", "uploadtime": 1746038264, "views": 6, "formatid": "gen9vgc2025regibo3", "rating": null, "private": 0, "password": null}