{"id": "gen9vgc2025regibo3-2354209963", "format": "[Gen 9] VGC 2025 Reg I (Bo3)", "players": ["Saffox", "StarryEyedDetect"], "log": "|j|\u2606Saffox\n|j|\u2606StarryEyedDetect\n|html|<table width=\"100%\"><tr><td align=\"left\">Saffox</td><td align=\"right\">StarryEyedDetect</tr><tr><td align=\"left\"><i class=\"fa fa-circle\"></i> <i class=\"fa fa-circle-o\"></i> </td><td align=\"right\"><i class=\"fa fa-circle-o\"></i> <i class=\"fa fa-circle-o\"></i> </tr></table>\n|uhtml|bestof|<h2><strong>Game 2</strong> of <a href=\"/game-bestof3-gen9vgc2025regibo3-2354205833\">a best-of-3</a></h2>\n|t:|1746044939\n|gametype|doubles\n|player|p1|Saffox|2|1113\n|player|p2|StarryEyedDetect|266|1000\n|teamsize|p1|6\n|teamsize|p2|6\n|gen|9\n|tier|[Gen 9] VGC 2025 Reg I (Bo3)\n|rated|\n|rule|Species Clause: Limit one of each Pok\u00e9mon\n|rule|Item Clause: Limit 1 of each item\n|clearpoke\n|poke|p1|Groudon, L50|\n|poke|p1|Lunala, L50|\n|poke|p1|Farigiraf, L50, M|\n|poke|p1|Incineroar, L50, F|\n|poke|p1|Ogerpon-Wellspring, L50, F|\n|poke|p1|Dragonite, L50, F|\n|poke|p2|Ho-Oh, L50|\n|poke|p2|Miraidon, L50|\n|poke|p2|Farigiraf, L50, F|\n|poke|p2|Iron Hands, L50|\n|poke|p2|Ogerpon-Wellspring, L50, F|\n|poke|p2|Iron Treads, L50|\n|teampreview|4\n|showteam|p1|Groudon||AssaultVest|Drought|HeatCrash,PrecipiceBlades,ThunderPunch,StompingTantrum||||||50|,,,,,Fire]Lunala||PowerHerb|ShadowShield|TrickRoom,MeteorBeam,Moonblast,MoongeistBeam||||||50|,,,,,Fairy]Farigiraf||SitrusBerry|ArmorTail|TrickRoom,HelpingHand,HyperVoice,FoulPlay|||M|||50|,,,,,Normal]Incineroar||SafetyGoggles|Intimidate|FakeOut,PartingShot,KnockOff,FlareBlitz|||F|||50|,,,,,Water]Ogerpon-Wellspring||WellspringMask|WaterAbsorb|SpikyShield,FollowMe,IvyCudgel,HornLeech|||F|||50|,,,,,Water]Dragonite||ChoiceBand|InnerFocus|AerialAce,ExtremeSpeed,IceSpinner,FirePunch|||F|||50|,,,,,Normal\n|showteam|p2|Ho-Oh||ClearAmulet|Regenerator|SacredFire,BraveBird,Tailwind,Protect||||||50|,,,,,Grass]Miraidon||LifeOrb|HadronEngine|ElectroDrift,VoltSwitch,DracoMeteor,Protect||||||50|,,,,,Electric]Farigiraf||ElectricSeed|ArmorTail|Psychic,FoulPlay,HelpingHand,TrickRoom|||F|||50|,,,,,Water]Iron Hands||AssaultVest|QuarkDrive|FakeOut,DrainPunch,WildCharge,VoltSwitch||||||50|,,,,,Bug]Ogerpon-Wellspring||WellspringMask|WaterAbsorb|IvyCudgel,WoodHammer,FollowMe,SpikyShield|||F|||50|,,,,,Water]Iron Treads||BoosterEnergy|QuarkDrive|Earthquake,IceSpinner,IronHead,SteelRoller||||||50|,,,,,Ground\n|inactive|Battle timer is ON: inactive players will automatically lose when time's up. (requested by Saffox)\n|inactive|Saffox has 60 seconds left.\n|inactive|StarryEyedDetect has 60 seconds left.\n|\n|t:|1746044980\n|start\n|switch|p1a: Speedy Gonzales|Dragonite, L50, F|100/100\n|switch|p1b: Winner|Incineroar, L50, F|100/100\n|switch|p2a: Iron Hands|Iron Hands, L50|100/100\n|switch|p2b: Ho-Oh|Ho-Oh, L50|100/100\n|-ability|p1b: Winner|Intimidate|boost\n|-unboost|p2a: Iron Hands|atk|1\n|-fail|p2b: Ho-Oh|unboost|[from] item: Clear Amulet|[of] p2b: Ho-Oh\n|turn|1\n|inactive|Saffox has 30 seconds left.\n|inactive|StarryEyedDetect has 30 seconds left.\n|inactive|Saffox has 20 seconds left.\n|inactive|StarryEyedDetect has 20 seconds left.\n|inactive|Saffox has 15 seconds left.\n|inactive|StarryEyedDetect has 15 seconds left.\n|\n|t:|1746045024\n|move|p1b: Winner|Fake Out|p2a: Iron Hands\n|-damage|p2a: Iron Hands|92/100\n|move|p2b: Ho-Oh|Sacred Fire|p1a: Speedy Gonzales\n|-resisted|p1a: Speedy Gonzales\n|-damage|p1a: Speedy Gonzales|73/100\n|move|p1a: Speedy Gonzales|Aerial Ace|p2a: Iron Hands\n|-damage|p2a: Iron Hands|56/100\n|cant|p2a: Iron Hands|flinch\n|\n|upkeep\n|turn|2\n|\n|t:|1746045049\n|move|p2b: Ho-Oh|Tailwind|p2b: Ho-Oh\n|-sidestart|p2: StarryEyedDetect|move: Tailwind\n|move|p2a: Iron Hands|Drain Punch|p1b: Winner\n|-supereffective|p1b: Winner\n|-damage|p1b: Winner|55/100\n|-heal|p2a: Iron Hands|76/100|[from] drain|[of] p1b: Winner\n|move|p1a: Speedy Gonzales|Aerial Ace|p2a: Iron Hands\n|-damage|p2a: Iron Hands|39/100\n|move|p1b: Winner|Knock Off|p2b: Ho-Oh\n|-damage|p2b: Ho-Oh|67/100\n|-enditem|p2b: Ho-Oh|Clear Amulet|[from] move: Knock Off|[of] p1b: Winner\n|\n|upkeep\n|turn|3\n|inactive|StarryEyedDetect has 30 seconds left.\n|\n|t:|1746045079\n|switch|p1b: Bloody Mary|Lunala, L50, shiny|100/100\n|move|p2b: Ho-Oh|Sacred Fire|p1a: Speedy Gonzales\n|-resisted|p1a: Speedy Gonzales\n|-damage|p1a: Speedy Gonzales|45/100\n|move|p2a: Iron Hands|Wild Charge|p1a: Speedy Gonzales\n|-damage|p1a: Speedy Gonzales|13/100\n|-damage|p2a: Iron Hands|32/100|[from] Recoil\n|move|p1a: Speedy Gonzales|Aerial Ace|p2a: Iron Hands\n|-crit|p2a: Iron Hands\n|-damage|p2a: Iron Hands|0 fnt\n|faint|p2a: Iron Hands\n|-end|p2a: Iron Hands|Quark Drive|[silent]\n|\n|upkeep\n|\n|t:|1746045097\n|switch|p2a: Miraidon|Miraidon, L50|100/100\n|-fieldstart|move: Electric Terrain|[from] ability: Hadron Engine|[of] p2a: Miraidon\n|turn|4\n|\n|t:|1746045120\n|switch|p1a: Godzilla|Groudon, L50|100/100\n|-weather|SunnyDay|[from] ability: Drought|[of] p1a: Godzilla\n|-terastallize|p2a: Miraidon|Electric\n|-terastallize|p1b: Bloody Mary|Fairy\n|move|p2a: Miraidon|Electro Drift|p1b: Bloody Mary\n|-damage|p1b: Bloody Mary|52/100\n|-damage|p2a: Miraidon|91/100|[from] item: Life Orb\n|move|p2b: Ho-Oh|Sacred Fire|p1a: Godzilla\n|-damage|p1a: Godzilla|40/100\n|move|p1b: Bloody Mary|Trick Room|p1b: Bloody Mary\n|-fieldstart|move: Trick Room|[of] p1b: Bloody Mary\n|\n|-weather|SunnyDay|[upkeep]\n|upkeep\n|turn|5\n|inactive|StarryEyedDetect has 30 seconds left.\n|\n|t:|1746045149\n|move|p2a: Miraidon|Protect|p2a: Miraidon\n|-singleturn|p2a: Miraidon|Protect\n|move|p1a: Godzilla|Stomping Tantrum|p2a: Miraidon\n|-activate|p2a: Miraidon|move: Protect\n|move|p1b: Bloody Mary|Meteor Beam||[still]\n|-prepare|p1b: Bloody Mary|Meteor Beam\n|-boost|p1b: Bloody Mary|spa|1\n|-enditem|p1b: Bloody Mary|Power Herb\n|-anim|p1b: Bloody Mary|Meteor Beam|p2b: Ho-Oh|[miss]\n|-miss|p1b: Bloody Mary|p2b: Ho-Oh\n|move|p2b: Ho-Oh|Sacred Fire|p1a: Godzilla\n|-damage|p1a: Godzilla|0 fnt\n|faint|p1a: Godzilla\n|\n|-weather|SunnyDay|[upkeep]\n|-sideend|p2: StarryEyedDetect|move: Tailwind\n|upkeep\n|\n|t:|1746045168\n|switch|p1a: Speedy Gonzales|Dragonite, L50, F|13/100\n|turn|6\n|\n|t:|1746045191\n|move|p1a: Speedy Gonzales|Ice Spinner|p2a: Miraidon\n|-damage|p2a: Miraidon|44/100\n|-fieldend|move: Electric Terrain\n|move|p1b: Bloody Mary|Moongeist Beam|p2a: Miraidon\n|-damage|p2a: Miraidon|0 fnt\n|faint|p2a: Miraidon\n|move|p2b: Ho-Oh|Sacred Fire|p1a: Speedy Gonzales\n|-resisted|p1a: Speedy Gonzales\n|-damage|p1a: Speedy Gonzales|0 fnt\n|faint|p1a: Speedy Gonzales\n|\n|-weather|SunnyDay|[upkeep]\n|upkeep\n|\n|t:|1746045203\n|switch|p1a: Winner|Incineroar, L50, F|55/100\n|switch|p2a: Ogerpon|Ogerpon-Wellspring, L50, F|100/100\n|-ability|p1a: Winner|Intimidate|boost\n|-unboost|p2a: Ogerpon|atk|1\n|-unboost|p2b: Ho-Oh|atk|1\n|turn|7\n|inactive|Saffox has 30 seconds left.\n|inactive|StarryEyedDetect has 30 seconds left.\n|inactive|Saffox has 20 seconds left.\n|inactive|Saffox has 15 seconds left.\n|\n|t:|1746045245\n|move|p2b: Ho-Oh|Protect|p2b: Ho-Oh\n|-singleturn|p2b: Ho-Oh|Protect\n|move|p1a: Winner|Fake Out|p2a: Ogerpon\n|-damage|p2a: Ogerpon|86/100\n|move|p1b: Bloody Mary|Moongeist Beam|p2b: Ho-Oh\n|-activate|p2b: Ho-Oh|move: Protect\n|cant|p2a: Ogerpon|flinch\n|\n|-weather|SunnyDay|[upkeep]\n|upkeep\n|turn|8\n|\n|t:|1746045269\n|move|p1a: Winner|Knock Off|p2a: Ogerpon\n|-damage|p2a: Ogerpon|53/100\n|move|p1b: Bloody Mary|Moongeist Beam|p2b: Ho-Oh\n|-damage|p2b: Ho-Oh|18/100\n|move|p2b: Ho-Oh|Sacred Fire|p1b: Bloody Mary\n|-damage|p1b: Bloody Mary|14/100\n|-status|p1b: Bloody Mary|brn\n|move|p2a: Ogerpon|Ivy Cudgel|p1a: Winner|[anim] Ivy Cudgel Water\n|-supereffective|p1a: Winner\n|-damage|p1a: Winner|22/100\n|\n|-weather|none\n|-damage|p1b: Bloody Mary|8/100 brn|[from] brn\n|-fieldend|move: Trick Room\n|upkeep\n|turn|9\n|inactive|Saffox has 30 seconds left.\n|\n|t:|1746045296\n|move|p2a: Ogerpon|Ivy Cudgel|p1b: Bloody Mary|[anim] Ivy Cudgel Water\n|-damage|p1b: Bloody Mary|0 fnt\n|faint|p1b: Bloody Mary\n|move|p2b: Ho-Oh|Tailwind|p2b: Ho-Oh\n|-sidestart|p2: StarryEyedDetect|move: Tailwind\n|move|p1a: Winner|Flare Blitz|p2a: Ogerpon\n|-damage|p2a: Ogerpon|0 fnt\n|faint|p2a: Ogerpon\n|-damage|p1a: Winner|9/100|[from] Recoil\n|\n|upkeep\n|turn|10\n|\n|t:|1746045311\n|move|p2b: Ho-Oh|Brave Bird|p1a: Winner\n|-damage|p1a: Winner|0 fnt\n|faint|p1a: Winner\n|-damage|p2b: Ho-Oh|15/100|[from] Recoil\n|\n|win|StarryEyedDetect\n||Saffox is ready for game 3.\n", "uploadtime": 1746045320, "views": 9, "formatid": "gen9vgc2025regibo3", "rating": null, "private": 0, "password": null}