{"id": "gen9vgc2025regibo3-2354692351", "format": "[Gen 9] VGC 2025 Reg I (Bo3)", "players": ["jooblack551", "Spidermanpointing"], "log": "|j|\u2606jooblack551\n|j|\u2606Spidermanpointing\n|html|<table width=\"100%\"><tr><td align=\"left\">jooblack551</td><td align=\"right\">Spidermanpointing</tr><tr><td align=\"left\"><i class=\"fa fa-circle\"></i> <i class=\"fa fa-circle-o\"></i> </td><td align=\"right\"><i class=\"fa fa-circle-o\"></i> <i class=\"fa fa-circle-o\"></i> </tr></table>\n|uhtml|bestof|<h2><strong>Game 2</strong> of <a href=\"/game-bestof3-gen9vgc2025regibo3-2354690269\">a best-of-3</a></h2>\n|t:|1746111252\n|gametype|doubles\n|player|p1|jooblack551|alder|1070\n|player|p2|Spidermanpointing|ghetsis|1120\n|teamsize|p1|6\n|teamsize|p2|6\n|gen|9\n|tier|[Gen 9] VGC 2025 Reg I (Bo3)\n|rated|\n|rule|Species Clause: Limit one of each Pok\u00e9mon\n|rule|Item Clause: Limit 1 of each item\n|clearpoke\n|poke|p1|Calyrex-Ice, L50|\n|poke|p1|Arboliva, L50, M|\n|poke|p1|Incineroar, L50, M|\n|poke|p1|Grimmsnarl, L50, M|\n|poke|p1|Lunala, L50|\n|poke|p1|Urshifu-*, L50, F|\n|poke|p2|Kyurem-Black, L50|\n|poke|p2|Calyrex-Shadow, L50|\n|poke|p2|Indeedee-F, L50, F|\n|poke|p2|Incineroar, L50, M|\n|poke|p2|Chien-Pao, L50|\n|poke|p2|Whimsicott, L50, F|\n|teampreview|4\n|showteam|p1|Calyrex-Ice||WeaknessPolicy|AsOneGlastrier|GlacialLance,TrickRoom,HighHorsepower,Protect||||||50|,,,,,Ground]Arboliva||LifeOrb|SeedSower|HyperVoice,EnergyBall,PollenPuff,Protect|||M|||50|,,,,,Normal]Incineroar||SafetyGoggles|Intimidate|FakeOut,PartingShot,FlareBlitz,HelpingHand|||M|||50|,,,,,Ghost]Grimmsnarl||LightClay|Prankster|Taunt,Reflect,LightScreen,SpiritBreak|||M|||50|,,,,,Fairy]Lunala||Leftovers|ShadowShield|TrickRoom,Moonblast,WideGuard,MoongeistBeam||||||50|,,,,,Fairy]Urshifu-Rapid-Strike||ChoiceBand|UnseenFist|AquaJet,SurgingStrikes,CloseCombat,Detect|||F|||50|,,,,,Ghost\n|showteam|p2|Kyurem-Black||LoadedDice|Teravolt|ScaleShot,IcicleSpear,FusionBolt,DragonDance||||||50|,,,,,Electric]Calyrex-Shadow||LifeOrb|AsOneSpectrier|AstralBarrage,ExpandingForce,NastyPlot,Protect||||||50|,,,,,Water]Indeedee-F||RockyHelmet|PsychicSurge|FollowMe,HelpingHand,HealPulse,Psychic|||F|||50|,,,,,Psychic]Incineroar||AssaultVest|Intimidate|FakeOut,KnockOff,FlareBlitz,Uturn|||M|||50|,,,,,Grass]Chien-Pao||FocusSash|SwordofRuin|SuckerPunch,IceSpinner,SacredSword,ThroatChop||||||50|,,,,,Ghost]Whimsicott||CovertCloak|Prankster|Tailwind,Moonblast,Encore,Taunt|||F|||50|,,,,,Dark\n|\n|t:|1746111284\n|start\n|switch|p1a: Lunala|Lunala, L50|100/100\n|switch|p1b: Calyrex|Calyrex-Ice, L50|100/100\n|switch|p2a: Whimsicott|Whimsicott, L50, F|100/100\n|switch|p2b: Calyrex|Calyrex-Shadow, L50|100/100\n|-ability|p2b: Calyrex|As One\n|-ability|p2b: Calyrex|Unnerve\n|-ability|p1b: Calyrex|As One\n|-ability|p1b: Calyrex|Unnerve\n|turn|1\n|\n|t:|1746111331\n|switch|p2b: Incineroar|Incineroar, L50, M|100/100\n|-ability|p2b: Incineroar|Intimidate|boost\n|-unboost|p1a: Lunala|atk|1\n|-unboost|p1b: Calyrex|atk|1\n|move|p2a: Whimsicott|Taunt|p1a: Lunala\n|-start|p1a: Lunala|move: Taunt\n|cant|p1a: Lunala|move: Taunt|Trick Room\n|move|p1b: Calyrex|Trick Room|p1b: Calyrex\n|-fieldstart|move: Trick Room|[of] p1b: Calyrex\n|\n|upkeep\n|turn|2\n|\n|t:|1746111365\n|switch|p1b: Arboliva|Arboliva, L50, M|100/100\n|move|p2a: Whimsicott|Encore||[still]\n|-fail|p2a: Whimsicott\n|move|p2b: Incineroar|Knock Off|p1a: Lunala\n|-supereffective|p1a: Lunala\n|-damage|p1a: Lunala|42/100\n|-enditem|p1a: Lunala|Leftovers|[from] move: Knock Off|[of] p2b: Incineroar\n|move|p1a: Lunala|Moonblast|p2b: Incineroar\n|-damage|p2b: Incineroar|80/100\n|\n|upkeep\n|turn|3\n|\n|t:|1746111394\n|switch|p2a: Kyurem|Kyurem-Black, L50, shiny|100/100\n|-ability|p2a: Kyurem|Teravolt\n|-terastallize|p1b: Arboliva|Normal\n|move|p1b: Arboliva|Hyper Voice|p2b: Incineroar|[spread] p2a,p2b\n|-crit|p2a: Kyurem\n|-damage|p2a: Kyurem|15/100\n|-damage|p2b: Incineroar|39/100\n|-damage|p1b: Arboliva|91/100|[from] item: Life Orb\n|move|p2b: Incineroar|Knock Off|p1a: Lunala\n|-supereffective|p1a: Lunala\n|-damage|p1a: Lunala|0 fnt\n|faint|p1a: Lunala\n|\n|upkeep\n|\n|t:|1746111409\n|switch|p1a: Calyrex|Calyrex-Ice, L50|100/100\n|-ability|p1a: Calyrex|As One\n|-ability|p1a: Calyrex|Unnerve\n|turn|4\n|\n|t:|1746111439\n|switch|p2a: Calyrex|Calyrex-Shadow, L50|100/100\n|-ability|p2a: Calyrex|As One\n|-ability|p2a: Calyrex|Unnerve\n|move|p1b: Arboliva|Hyper Voice|p2b: Incineroar|[spread] p2b\n|-immune|p2a: Calyrex\n|-damage|p2b: Incineroar|3/100\n|-damage|p1b: Arboliva|82/100|[from] item: Life Orb\n|move|p1a: Calyrex|Glacial Lance|p2b: Incineroar|[spread] p2a,p2b\n|-resisted|p2b: Incineroar\n|-damage|p2a: Calyrex|28/100\n|-damage|p2b: Incineroar|0 fnt\n|faint|p2b: Incineroar\n|-ability|p1a: Calyrex|Chilling Neigh|boost\n|-boost|p1a: Calyrex|atk|1\n|\n|upkeep\n|\n|t:|1746111456\n|switch|p2b: Whimsicott|Whimsicott, L50, F|100/100\n|turn|5\n|\n|t:|1746111469\n|move|p2a: Calyrex|Protect|p2a: Calyrex\n|-singleturn|p2a: Calyrex|Protect\n|move|p2b: Whimsicott|Taunt|p1a: Calyrex\n|-start|p1a: Calyrex|move: Taunt\n|move|p1b: Arboliva|Hyper Voice|p2a: Calyrex|[spread] p2b\n|-activate|p2a: Calyrex|move: Protect\n|-damage|p2b: Whimsicott|24/100\n|-damage|p1b: Arboliva|72/100|[from] item: Life Orb\n|move|p1a: Calyrex|Glacial Lance|p2b: Whimsicott|[spread] p2b\n|-activate|p2a: Calyrex|move: Protect\n|-supereffective|p2b: Whimsicott\n|-damage|p2b: Whimsicott|0 fnt\n|faint|p2b: Whimsicott\n|-ability|p1a: Calyrex|Chilling Neigh|boost\n|-boost|p1a: Calyrex|atk|1\n|\n|-fieldend|move: Trick Room\n|upkeep\n|\n|t:|1746111488\n|switch|p2b: Kyurem|Kyurem-Black, L50, shiny|15/100\n|-ability|p2b: Kyurem|Teravolt\n|turn|6\n|\n|t:|1746111515\n|move|p1b: Arboliva|Protect|p1b: Arboliva\n|-singleturn|p1b: Arboliva|Protect\n|move|p2a: Calyrex|Astral Barrage|p1a: Calyrex|[spread] p1a\n|-activate|p1b: Arboliva|move: Protect\n|-supereffective|p1a: Calyrex\n|-damage|p1a: Calyrex|0 fnt\n|faint|p1a: Calyrex\n|-ability|p2a: Calyrex|Grim Neigh|boost\n|-boost|p2a: Calyrex|spa|1\n|-damage|p2a: Calyrex|19/100|[from] item: Life Orb\n|move|p2b: Kyurem|Fusion Bolt|p1b: Arboliva\n|-activate|p1b: Arboliva|move: Protect\n|\n|upkeep\n|\n|t:|1746111528\n|switch|p1a: Urshifu|Urshifu-Rapid-Strike, L50, F|100/100\n|turn|7\n|\n|t:|1746111547\n|-terastallize|p2a: Calyrex|Water\n|move|p1a: Urshifu|Aqua Jet|p2a: Calyrex\n|-resisted|p2a: Calyrex\n|-damage|p2a: Calyrex|0 fnt\n|faint|p2a: Calyrex\n|move|p2b: Kyurem|Fusion Bolt|p1b: Arboliva\n|-damage|p1b: Arboliva|28/100\n|-fieldstart|move: Grassy Terrain|[from] ability: Seed Sower|[of] p1b: Arboliva\n|move|p1b: Arboliva|Hyper Voice|p2b: Kyurem\n|-damage|p2b: Kyurem|0 fnt\n|faint|p2b: Kyurem\n|-damage|p1b: Arboliva|19/100|[from] item: Life Orb\n|\n|win|jooblack551\n|raw|jooblack551's rating: 1070 &rarr; <strong>1104</strong><br />(+34 for winning)\n|raw|Spidermanpointing's rating: 1120 &rarr; <strong>1091</strong><br />(-29 for losing)\n|l|\u2606Spidermanpointing\n|player|p2|\n", "uploadtime": 1746111841, "views": 5, "formatid": "gen9vgc2025regibo3", "rating": 1091, "private": 0, "password": null}