{"id": "gen9vgc2025regibo3-2354469042", "format": "[Gen 9] VGC 2025 Reg I (Bo3)", "players": ["tempocalypse", "Silent Whisp"], "log": "|j|\u203dtempocalypse\n|j|\u2606Silent Whisp\n|html|<table width=\"100%\"><tr><td align=\"left\">tempocalypse</td><td align=\"right\">Silent Whisp</tr><tr><td align=\"left\"><i class=\"fa fa-circle-o\"></i> <i class=\"fa fa-circle-o\"></i> </td><td align=\"right\"><i class=\"fa fa-circle-o\"></i> <i class=\"fa fa-circle-o\"></i> </tr></table>\n|uhtml|bestof|<h2><strong>Game 1</strong> of <a href=\"/game-bestof3-gen9vgc2025regibo3-2354469041\">a best-of-3</a></h2>\n|t:|1746076527\n|gametype|doubles\n|player|p1|tempocalypse|101|1015\n|player|p2|Silent Whisp|burglar|1113\n|teamsize|p1|6\n|teamsize|p2|6\n|gen|9\n|tier|[Gen 9] VGC 2025 Reg I (Bo3)\n|rated|\n|rule|Species Clause: Limit one of each Pok\u00e9mon\n|rule|Item Clause: Limit 1 of each item\n|clearpoke\n|poke|p1|Koraidon, L50|\n|poke|p1|Ho-Oh, L50|\n|poke|p1|Walking Wake, L50|\n|poke|p1|Rillaboom, L50, F|\n|poke|p1|Sandy Shocks, L50|\n|poke|p1|Cobalion, L50|\n|poke|p2|Scream Tail, L50|\n|poke|p2|Incineroar, L50, M|\n|poke|p2|Rillaboom, L50, F|\n|poke|p2|Lugia, L50|\n|poke|p2|Kyogre, L50|\n|poke|p2|Basculegion, L50, M|\n|teampreview|4\n|showteam|p1|Koraidon||LifeOrb|OrichalcumPulse|FlareBlitz,CloseCombat,FlameCharge,Protect||||||50|,,,,,Fire]Ho-Oh||ClearAmulet|Regenerator|SacredFire,BraveBird,Recover,Protect||||||50|,,,,,Grass]Walking Wake||ChoiceSpecs|Protosynthesis|DracoMeteor,HydroSteam,Snarl,MudShot||||||50|,,,,,Water]Rillaboom||AssaultVest|GrassySurge|WoodHammer,GrassyGlide,FakeOut,Uturn|||F|||50|,,,,,Fire]Sandy Shocks||FocusSash|Protosynthesis|EarthPower,Thunderbolt,Electroweb,Protect||||||50|,,,,,Stellar]Cobalion||GrassySeed|Justified|BodyPress,IronDefense,Coaching,Protect||||||50|,,,,,Fairy\n|showteam|p2|Scream Tail||BoosterEnergy|Protosynthesis|Disable,DazzlingGleam,LightScreen,Protect||||||50|,,,,,Dark]Incineroar||SitrusBerry|Intimidate|FakeOut,FlareBlitz,KnockOff,PartingShot|||M|||50|,,,,,Ghost]Rillaboom||AssaultVest|GrassySurge|FakeOut,Uturn,GrassyGlide,KnockOff|||F|||50|,,,,,Water]Lugia||Leftovers|Multiscale|CalmMind,Aeroblast,TeraBlast,Protect||||||50|,,,,,Dark]Kyogre||ChoiceScarf|Drizzle|OriginPulse,WaterSpout,IceBeam,Thunder||||||50|,,,,,Grass]Basculegion||ChoiceBand|SwiftSwim|AquaJet,Crunch,PsychicFangs,WaveCrash|||M|||50|,,,,,Dark\n|inactive|Battle timer is ON: inactive players will automatically lose when time's up. (requested by tempocalypse)\n|inactive|tempocalypse has 60 seconds left.\n|inactive|Silent Whisp has 60 seconds left.\n|inactive|tempocalypse has 30 seconds left.\n|inactive|Silent Whisp has 30 seconds left.\n|inactive|tempocalypse has 20 seconds left.\n|inactive|Silent Whisp has 20 seconds left.\n|inactive|tempocalypse has 15 seconds left.\n|inactive|Silent Whisp has 15 seconds left.\n|inactive|tempocalypse has 10 seconds left.\n|inactive|Silent Whisp has 10 seconds left.\n|\n|t:|1746076610\n|start\n|switch|p1a: Walking Wake|Walking Wake, L50|100/100\n|switch|p1b: Rillaboom|Rillaboom, L50, F|100/100\n|switch|p2a: Lugia|Lugia, L50|100/100\n|switch|p2b: Incineroar|Incineroar, L50, M|100/100\n|-fieldstart|move: Grassy Terrain|[from] ability: Grassy Surge|[of] p1b: Rillaboom\n|-ability|p2b: Incineroar|Intimidate|boost\n|-unboost|p1a: Walking Wake|atk|1\n|-unboost|p1b: Rillaboom|atk|1\n|turn|1\n|inactive|Silent Whisp has 30 seconds left.\n|inactive|tempocalypse has 30 seconds left.\n|inactive|tempocalypse has 20 seconds left.\n|\n|t:|1746076651\n|-terastallize|p2b: Incineroar|Ghost\n|move|p1b: Rillaboom|Fake Out|p2b: Incineroar\n|-immune|p2b: Incineroar\n|move|p1a: Walking Wake|Snarl|p2b: Incineroar|[spread] p2a,p2b\n|-supereffective|p2a: Lugia\n|-supereffective|p2b: Incineroar\n|-damage|p2a: Lugia|88/100\n|-damage|p2b: Incineroar|73/100\n|-unboost|p2a: Lugia|spa|1\n|-unboost|p2b: Incineroar|spa|1\n|move|p2a: Lugia|Calm Mind|p2a: Lugia\n|-boost|p2a: Lugia|spa|1\n|-boost|p2a: Lugia|spd|1\n|move|p2b: Incineroar|Flare Blitz|p1b: Rillaboom\n|-supereffective|p1b: Rillaboom\n|-damage|p1b: Rillaboom|8/100\n|-damage|p2b: Incineroar|42/100|[from] Recoil\n|-enditem|p2b: Incineroar|Sitrus Berry|[eat]\n|-heal|p2b: Incineroar|66/100|[from] item: Sitrus Berry\n|\n|-heal|p2a: Lugia|94/100|[from] item: Leftovers\n|-heal|p1b: Rillaboom|14/100|[from] Grassy Terrain\n|-heal|p2b: Incineroar|72/100|[from] Grassy Terrain\n|upkeep\n|turn|2\n|inactive|tempocalypse has 30 seconds left.\n|inactive|Silent Whisp has 30 seconds left.\n|inactive|Silent Whisp has 20 seconds left.\n|\n|t:|1746076691\n|switch|p1b: Ho-Oh|Ho-Oh, L50|100/100\n|move|p1a: Walking Wake|Snarl|p2b: Incineroar|[spread] p2a,p2b\n|-supereffective|p2a: Lugia\n|-supereffective|p2b: Incineroar\n|-damage|p2a: Lugia|80/100\n|-damage|p2b: Incineroar|43/100\n|-unboost|p2a: Lugia|spa|1\n|-unboost|p2b: Incineroar|spa|1\n|move|p2a: Lugia|Calm Mind|p2a: Lugia\n|-boost|p2a: Lugia|spa|1\n|-boost|p2a: Lugia|spd|1\n|move|p2b: Incineroar|Knock Off|p1a: Walking Wake\n|-damage|p1a: Walking Wake|56/100\n|-enditem|p1a: Walking Wake|Choice Specs|[from] move: Knock Off|[of] p2b: Incineroar\n|\n|-heal|p1a: Walking Wake|62/100|[from] Grassy Terrain\n|-heal|p2a: Lugia|86/100|[from] item: Leftovers\n|-heal|p2b: Incineroar|49/100|[from] Grassy Terrain\n|upkeep\n|turn|3\n|inactive|tempocalypse has 30 seconds left.\n|\n|t:|1746076717\n|move|p2a: Lugia|Protect|p2a: Lugia\n|-singleturn|p2a: Lugia|Protect\n|move|p1a: Walking Wake|Snarl|p2a: Lugia|[spread] p2b\n|-activate|p2a: Lugia|move: Protect\n|-supereffective|p2b: Incineroar\n|-damage|p2b: Incineroar|26/100\n|-unboost|p2b: Incineroar|spa|1\n|move|p1b: Ho-Oh|Brave Bird|p2b: Incineroar\n|-damage|p2b: Incineroar|0 fnt\n|faint|p2b: Incineroar\n|-damage|p1b: Ho-Oh|92/100|[from] Recoil\n|\n|-heal|p1a: Walking Wake|68/100|[from] Grassy Terrain\n|-heal|p2a: Lugia|93/100|[from] item: Leftovers\n|upkeep\n|inactive|Silent Whisp has 30 seconds left.\n|\n|t:|1746076744\n|switch|p2b: Kyogre|Kyogre, L50|100/100\n|-weather|RainDance|[from] ability: Drizzle|[of] p2b: Kyogre\n|turn|4\n|\n|t:|1746076754\n|switch|p1b: Koraidon|Koraidon, L50|100/100\n|-weather|SunnyDay|[from] ability: Orichalcum Pulse|[of] p1b: Koraidon\n|-activate|p1a: Walking Wake|ability: Protosynthesis\n|-start|p1a: Walking Wake|protosynthesisspe\n|-activate|p1b: Koraidon|Orichalcum Pulse|[source]\n|move|p1a: Walking Wake|Snarl|p2a: Lugia|[spread] p2a,p2b\n|-supereffective|p2a: Lugia\n|-damage|p2a: Lugia|84/100\n|-damage|p2b: Kyogre|88/100\n|-unboost|p2a: Lugia|spa|1\n|-unboost|p2b: Kyogre|spa|1\n|move|p2b: Kyogre|Water Spout|p1b: Koraidon|[spread] p1a,p1b\n|-resisted|p1a: Walking Wake\n|-crit|p1a: Walking Wake\n|-resisted|p1b: Koraidon\n|-damage|p1a: Walking Wake|56/100\n|-damage|p1b: Koraidon|90/100\n|move|p2a: Lugia|Aeroblast|p1a: Walking Wake\n|-damage|p1a: Walking Wake|28/100\n|\n|-weather|SunnyDay|[upkeep]\n|-heal|p1a: Walking Wake|35/100|[from] Grassy Terrain\n|-heal|p2b: Kyogre|94/100|[from] Grassy Terrain\n|-heal|p1b: Koraidon|97/100|[from] Grassy Terrain\n|-heal|p2a: Lugia|90/100|[from] item: Leftovers\n|upkeep\n|turn|5\n|inactive|tempocalypse has 30 seconds left.\n|inactive|Silent Whisp has 30 seconds left.\n|\n|t:|1746076788\n|switch|p2b: Basculegion|Basculegion, L50, M|100/100\n|switch|p1b: Ho-Oh|Ho-Oh, L50|100/100\n|move|p2a: Lugia|Protect|p2a: Lugia\n|-singleturn|p2a: Lugia|Protect\n|move|p1a: Walking Wake|Snarl|p2b: Basculegion|[spread] p2b\n|-activate|p2a: Lugia|move: Protect\n|-supereffective|p2b: Basculegion\n|-damage|p2b: Basculegion|68/100\n|-unboost|p2b: Basculegion|spa|1\n|\n|-weather|SunnyDay|[upkeep]\n|-heal|p1a: Walking Wake|41/100|[from] Grassy Terrain\n|-heal|p2a: Lugia|96/100|[from] item: Leftovers\n|-heal|p2b: Basculegion|74/100|[from] Grassy Terrain\n|-fieldend|move: Grassy Terrain\n|upkeep\n|turn|6\n|\n|t:|1746076804\n|switch|p1b: Koraidon|Koraidon, L50|97/100\n|-activate|p1b: Koraidon|ability: Orichalcum Pulse\n|move|p1a: Walking Wake|Snarl|p2a: Lugia|[spread] p2a,p2b\n|-supereffective|p2a: Lugia\n|-supereffective|p2b: Basculegion\n|-damage|p2a: Lugia|88/100\n|-damage|p2b: Basculegion|41/100\n|-unboost|p2a: Lugia|spa|1\n|-unboost|p2b: Basculegion|spa|1\n|move|p2a: Lugia|Calm Mind|p2a: Lugia\n|-boost|p2a: Lugia|spa|1\n|-boost|p2a: Lugia|spd|1\n|move|p2b: Basculegion|Psychic Fangs|p1a: Walking Wake\n|-damage|p1a: Walking Wake|0 fnt\n|faint|p1a: Walking Wake\n|-end|p1a: Walking Wake|Protosynthesis|[silent]\n|\n|-weather|SunnyDay|[upkeep]\n|-heal|p2a: Lugia|94/100|[from] item: Leftovers\n|upkeep\n|\n|t:|1746076821\n|switch|p1a: Rillaboom|Rillaboom, L50, F|14/100\n|-fieldstart|move: Grassy Terrain|[from] ability: Grassy Surge|[of] p1a: Rillaboom\n|turn|7\n|\n|t:|1746076832\n|switch|p1b: Ho-Oh|Ho-Oh, L50|100/100\n|move|p2a: Lugia|Protect|p2a: Lugia\n|-singleturn|p2a: Lugia|Protect\n|move|p1a: Rillaboom|Grassy Glide|p2b: Basculegion\n|-supereffective|p2b: Basculegion\n|-damage|p2b: Basculegion|0 fnt\n|faint|p2b: Basculegion\n|\n|-weather|SunnyDay|[upkeep]\n|-heal|p2a: Lugia|99/100|[from] item: Leftovers\n|-heal|p1a: Rillaboom|19/100|[from] Grassy Terrain\n|upkeep\n|\n|t:|1746076840\n|switch|p2b: Kyogre|Kyogre, L50|94/100\n|-weather|RainDance|[from] ability: Drizzle|[of] p2b: Kyogre\n|turn|8\n|\n|t:|1746076856\n|switch|p1b: Koraidon|Koraidon, L50|97/100\n|-weather|SunnyDay|[from] ability: Orichalcum Pulse|[of] p1b: Koraidon\n|-activate|p1b: Koraidon|Orichalcum Pulse|[source]\n|move|p1a: Rillaboom|Grassy Glide|p2b: Kyogre\n|-supereffective|p2b: Kyogre\n|-damage|p2b: Kyogre|19/100\n|move|p2b: Kyogre|Ice Beam|p1a: Rillaboom\n|-supereffective|p1a: Rillaboom\n|-damage|p1a: Rillaboom|0 fnt\n|faint|p1a: Rillaboom\n|move|p2a: Lugia|Aeroblast|p1b: Koraidon\n|-supereffective|p1b: Koraidon\n|-crit|p1b: Koraidon\n|-damage|p1b: Koraidon|0 fnt\n|faint|p1b: Koraidon\n|\n|-weather|SunnyDay|[upkeep]\n|-heal|p2b: Kyogre|24/100|[from] Grassy Terrain\n|-heal|p2a: Lugia|100/100|[from] item: Leftovers\n|upkeep\n|\n|t:|1746076868\n|switch|p1b: Ho-Oh|Ho-Oh, L50|100/100\n|turn|9\n|\n|t:|1746076884\n|move|p2b: Kyogre|Ice Beam|p1b: Ho-Oh\n|-damage|p1b: Ho-Oh|79/100\n|move|p2a: Lugia|Calm Mind|p2a: Lugia\n|-boost|p2a: Lugia|spa|1\n|-boost|p2a: Lugia|spd|1\n|move|p1b: Ho-Oh|Brave Bird|p2b: Kyogre\n|-damage|p2b: Kyogre|0 fnt\n|faint|p2b: Kyogre\n|-damage|p1b: Ho-Oh|72/100|[from] Recoil\n|\n|-weather|SunnyDay|[upkeep]\n|upkeep\n|turn|10\n|\n|t:|1746076893\n|move|p2a: Lugia|Aeroblast|p1b: Ho-Oh\n|-crit|p1b: Ho-Oh\n|-damage|p1b: Ho-Oh|44/100\n|move|p1b: Ho-Oh|Sacred Fire|p2a: Lugia\n|-damage|p2a: Lugia|77/100\n|\n|-weather|SunnyDay|[upkeep]\n|-heal|p2a: Lugia|83/100|[from] item: Leftovers\n|upkeep\n|turn|11\n|\n|t:|1746076908\n|move|p2a: Lugia|Aeroblast|p1b: Ho-Oh\n|-damage|p1b: Ho-Oh|24/100\n|move|p1b: Ho-Oh|Recover|p1b: Ho-Oh\n|-heal|p1b: Ho-Oh|75/100\n|\n|-weather|SunnyDay|[upkeep]\n|-heal|p2a: Lugia|89/100|[from] item: Leftovers\n|-fieldend|move: Grassy Terrain\n|upkeep\n|turn|12\n|\n|t:|1746076918\n|move|p2a: Lugia|Protect|p2a: Lugia\n|-singleturn|p2a: Lugia|Protect\n|move|p1b: Ho-Oh|Recover|p1b: Ho-Oh\n|-heal|p1b: Ho-Oh|100/100\n|\n|-weather|none\n|-heal|p2a: Lugia|95/100|[from] item: Leftovers\n|upkeep\n|turn|13\n|\n|t:|1746076925\n|move|p2a: Lugia|Calm Mind|p2a: Lugia\n|-boost|p2a: Lugia|spa|1\n|-boost|p2a: Lugia|spd|1\n|move|p1b: Ho-Oh|Sacred Fire|p2a: Lugia\n|-damage|p2a: Lugia|61/100\n|-status|p2a: Lugia|brn\n|\n|-heal|p2a: Lugia|67/100 brn|[from] item: Leftovers\n|-damage|p2a: Lugia|61/100 brn|[from] brn\n|upkeep\n|turn|14\n|\n|t:|1746076945\n|move|p2a: Lugia|Aeroblast|p1b: Ho-Oh\n|-damage|p1b: Ho-Oh|70/100\n|move|p1b: Ho-Oh|Sacred Fire|p2a: Lugia\n|-damage|p2a: Lugia|27/100 brn\n|\n|-heal|p2a: Lugia|33/100 brn|[from] item: Leftovers\n|-damage|p2a: Lugia|27/100 brn|[from] brn\n|upkeep\n|turn|15\n|\n|t:|1746076960\n|move|p2a: Lugia|Calm Mind|p2a: Lugia\n|-boost|p2a: Lugia|spa|1\n|-boost|p2a: Lugia|spd|1\n|move|p1b: Ho-Oh|Recover|p1b: Ho-Oh\n|-heal|p1b: Ho-Oh|100/100\n|\n|-heal|p2a: Lugia|33/100 brn|[from] item: Leftovers\n|-damage|p2a: Lugia|27/100 brn|[from] brn\n|upkeep\n|turn|16\n|\n|t:|1746076964\n|move|p2a: Lugia|Aeroblast|p1b: Ho-Oh\n|-damage|p1b: Ho-Oh|60/100\n|move|p1b: Ho-Oh|Sacred Fire|p2a: Lugia\n|-damage|p2a: Lugia|0 fnt\n|faint|p2a: Lugia\n|\n|win|tempocalypse\n||tempocalypse is ready for game 2.\n||Silent Whisp is ready for game 2.\n|uhtml|next|Next: <a href=\"/battle-gen9vgc2025regibo3-2354471482\"><strong>Game 2 of 3</strong></a>\n|l|\u203dtempocalypse\n|player|p1|\n", "uploadtime": 1746077311, "views": 7, "formatid": "gen9vgc2025regibo3", "rating": null, "private": 0, "password": null}