{"id": "gen9vgc2025regibo3-2354715103", "format": "[Gen 9] VGC 2025 Reg I (Bo3)", "players": ["twitchy1989", "Charzard_289"], "log": "|j|\u2606twitchy1989\n|j|\u2606Charzard_289\n|html|<table width=\"100%\"><tr><td align=\"left\">twitchy1989</td><td align=\"right\">Charzard_289</tr><tr><td align=\"left\"><i class=\"fa fa-circle-o\"></i> <i class=\"fa fa-circle-o\"></i> </td><td align=\"right\"><i class=\"fa fa-circle-o\"></i> <i class=\"fa fa-circle-o\"></i> </tr></table>\n|uhtml|bestof|<h2><strong>Game 1</strong> of <a href=\"/game-bestof3-gen9vgc2025regibo3-2354715102\">a best-of-3</a></h2>\n|t:|1746113334\n|gametype|doubles\n|player|p1|twitchy1989|265|1059\n|player|p2|Charzard_289|lucas|1044\n|teamsize|p1|6\n|teamsize|p2|6\n|gen|9\n|tier|[Gen 9] VGC 2025 Reg I (Bo3)\n|rated|\n|rule|Species Clause: Limit one of each Pok\u00e9mon\n|rule|Item Clause: Limit 1 of each item\n|clearpoke\n|poke|p1|Koraidon, L50|\n|poke|p1|Lunala, L50|\n|poke|p1|Chi-Yu, L50|\n|poke|p1|Flutter Mane, L50|\n|poke|p1|Brute Bonnet, L50|\n|poke|p1|Iron Hands, L50|\n|poke|p2|Calyrex-Shadow, L50|\n|poke|p2|Miraidon, L50|\n|poke|p2|Urshifu-*, L50, M|\n|poke|p2|Incineroar, L50, M|\n|poke|p2|Whimsicott, L50, F|\n|poke|p2|Ogerpon-Wellspring, L50, F|\n|teampreview|4\n|showteam|p1|Koraidon||ClearAmulet|OrichalcumPulse|FlareBlitz,Outrage,CollisionCourse,Protect||||||50|,,,,,Fire]Lunala||MentalHerb|ShadowShield|MoongeistBeam,Moonblast,WideGuard,TrickRoom||||||50|,,,,,Water]Chi-Yu||ChoiceScarf|BeadsofRuin|DarkPulse,Flamethrower,Snarl,HeatWave||||||50|,,,,,Ghost]Flutter Mane||FocusSash|Protosynthesis|Moonblast,ShadowBall,IcyWind,Protect||||||50|,,,,,Normal]Brute Bonnet||CovertCloak|Protosynthesis|RagePowder,SuckerPunch,SeedBomb,Spore||||||50|,,,,,Water]Iron Hands||AssaultVest|QuarkDrive|FakeOut,DrainPunch,WildCharge,VoltSwitch||||||50|,,,,,Fire\n|showteam|p2|Calyrex-Shadow||CovertCloak|AsOneSpectrier|AstralBarrage,Psyshock,NastyPlot,Protect||||||50|,,,,,Dark]Miraidon||ChoiceSpecs|HadronEngine|ElectroDrift,ParabolicCharge,DracoMeteor,VoltSwitch||||||50|,,,,,Electric]Urshifu-Rapid-Strike||FocusSash|UnseenFist|AquaJet,SurgingStrikes,CloseCombat,Detect|||M|||50|,,,,,Stellar]Incineroar||SafetyGoggles|Intimidate|FakeOut,KnockOff,HelpingHand,PartingShot|||M|||50|,,,,,Ghost]Whimsicott||SitrusBerry|Prankster|Tailwind,HelpingHand,Taunt,Encore|||F|||50|,,,,,Dark]Ogerpon-Wellspring||WellspringMask|WaterAbsorb|IvyCudgel,PowerWhip,FollowMe,SpikyShield|||F|||50|,,,,,Water\n|inactive|Battle timer is ON: inactive players will automatically lose when time's up. (requested by Charzard_289)\n|inactive|twitchy1989 has 60 seconds left.\n|inactive|twitchy1989 has 30 seconds left.\n|inactive|twitchy1989 has 20 seconds left.\n|inactive|twitchy1989 has 15 seconds left.\n|inactive|twitchy1989 has 10 seconds left.\n|\n|t:|1746113420\n|start\n|switch|p1a: Lunala|Lunala, L50|100/100\n|switch|p1b: Brute Bonnet|Brute Bonnet, L50|100/100\n|switch|p2a: Incineroar|Incineroar, L50, M, shiny|100/100\n|switch|p2b: Calyrex|Calyrex-Shadow, L50|100/100\n|-ability|p2b: Calyrex|As One\n|-ability|p2b: Calyrex|Unnerve\n|-ability|p2a: Incineroar|Intimidate|boost\n|-unboost|p1a: Lunala|atk|1\n|-unboost|p1b: Brute Bonnet|atk|1\n|turn|1\n|inactive|twitchy1989 has 30 seconds left.\n|\n|t:|1746113452\n|-terastallize|p1a: Lunala|Water\n|move|p2b: Calyrex|Protect|p2b: Calyrex\n|-singleturn|p2b: Calyrex|Protect\n|move|p1b: Brute Bonnet|Spore|p2b: Calyrex\n|-activate|p2b: Calyrex|move: Protect\n|move|p2a: Incineroar|Knock Off|p1a: Lunala\n|-damage|p1a: Lunala|84/100\n|-enditem|p1a: Lunala|Mental Herb|[from] move: Knock Off|[of] p2a: Incineroar\n|move|p1a: Lunala|Trick Room|p1a: Lunala\n|-fieldstart|move: Trick Room|[of] p1a: Lunala\n|\n|upkeep\n|turn|2\n|inactive|twitchy1989 has 30 seconds left.\n|inactive|Charzard_289 has 30 seconds left.\n|\n|t:|1746113484\n|-end|p1b: Brute Bonnet|Protosynthesis|[silent]\n|switch|p1b: Iron Hands|Iron Hands, L50|100/100\n|move|p2a: Incineroar|Parting Shot|p1a: Lunala\n|-unboost|p1a: Lunala|atk|1\n|-unboost|p1a: Lunala|spa|1\n|\n|t:|1746113493\n|switch|p2a: Ogerpon|Ogerpon-Wellspring, L50, F|100/100|[from] Parting Shot\n|move|p1a: Lunala|Moonblast|p2b: Calyrex\n|-damage|p2b: Calyrex|79/100\n|move|p2b: Calyrex|Psyshock|p1a: Lunala\n|-damage|p1a: Lunala|47/100\n|\n|upkeep\n|turn|3\n|inactive|Charzard_289 has 30 seconds left.\n|\n|t:|1746113524\n|move|p2b: Calyrex|Protect|p2b: Calyrex\n|-singleturn|p2b: Calyrex|Protect\n|move|p1b: Iron Hands|Fake Out|p2a: Ogerpon\n|-damage|p2a: Ogerpon|81/100\n|move|p1a: Lunala|Moongeist Beam|p2b: Calyrex\n|-activate|p2b: Calyrex|move: Protect\n|cant|p2a: Ogerpon|flinch\n|\n|upkeep\n|turn|4\n|inactive|twitchy1989 has 30 seconds left.\n|\n|t:|1746113555\n|move|p2a: Ogerpon|Follow Me|p2a: Ogerpon\n|-singleturn|p2a: Ogerpon|move: Follow Me\n|move|p1b: Iron Hands|Wild Charge|p2a: Ogerpon\n|-damage|p2a: Ogerpon|6/100\n|-damage|p1b: Iron Hands|88/100|[from] Recoil\n|move|p1a: Lunala|Moongeist Beam|p2a: Ogerpon\n|-damage|p2a: Ogerpon|0 fnt\n|faint|p2a: Ogerpon\n|move|p2b: Calyrex|Nasty Plot|p2b: Calyrex\n|-boost|p2b: Calyrex|spa|2\n|\n|upkeep\n|\n|t:|1746113568\n|switch|p2a: Incineroar|Incineroar, L50, M, shiny|100/100\n|-ability|p2a: Incineroar|Intimidate|boost\n|-unboost|p1a: Lunala|atk|1\n|-unboost|p1b: Iron Hands|atk|1\n|turn|5\n|\n|t:|1746113584\n|switch|p1a: Brute Bonnet|Brute Bonnet, L50|100/100\n|move|p2a: Incineroar|Fake Out|p1a: Brute Bonnet\n|-damage|p1a: Brute Bonnet|93/100\n|move|p1b: Iron Hands|Drain Punch|p2a: Incineroar\n|-supereffective|p2a: Incineroar\n|-damage|p2a: Incineroar|53/100\n|-heal|p1b: Iron Hands|100/100|[from] drain|[of] p2a: Incineroar\n|move|p2b: Calyrex|Psyshock|p1b: Iron Hands\n|-supereffective|p1b: Iron Hands\n|-damage|p1b: Iron Hands|0 fnt\n|faint|p1b: Iron Hands\n|-end|p1b: Iron Hands|Quark Drive|[silent]\n|-ability|p2b: Calyrex|Grim Neigh|boost\n|-boost|p2b: Calyrex|spa|1\n|\n|-fieldend|move: Trick Room\n|upkeep\n|\n|t:|1746113598\n|switch|p1b: Lunala|Lunala, L50, tera:Water|47/100\n|turn|6\n|inactive|twitchy1989 has 30 seconds left.\n|\n|t:|1746113624\n|-terastallize|p2b: Calyrex|Dark\n|move|p1b: Lunala|Wide Guard|p1b: Lunala\n|-singleturn|p1b: Lunala|Wide Guard\n|move|p2b: Calyrex|Astral Barrage|p1b: Lunala|[spread] \n|-activate|p1a: Brute Bonnet|move: Wide Guard\n|-activate|p1b: Lunala|move: Wide Guard\n|move|p1a: Brute Bonnet|Spore|p2b: Calyrex\n|-status|p2b: Calyrex|slp|[from] move: Spore\n|move|p2a: Incineroar|Parting Shot|p1b: Lunala\n|-unboost|p1b: Lunala|atk|1\n|-unboost|p1b: Lunala|spa|1\n|\n|t:|1746113637\n|switch|p2a: Miraidon|Miraidon, L50|100/100|[from] Parting Shot\n|-fieldstart|move: Electric Terrain|[from] ability: Hadron Engine|[of] p2a: Miraidon\n|\n|upkeep\n|turn|7\n|\n|t:|1746113655\n|cant|p2b: Calyrex|slp\n|move|p2a: Miraidon|Volt Switch|p1b: Lunala\n|-supereffective|p1b: Lunala\n|-damage|p1b: Lunala|0 fnt\n|faint|p1b: Lunala\n|\n|t:|1746113660\n|switch|p2a: Incineroar|Incineroar, L50, M, shiny|53/100|[from] Volt Switch\n|-ability|p2a: Incineroar|Intimidate|boost\n|-unboost|p1a: Brute Bonnet|atk|1\n|move|p1a: Brute Bonnet|Spore|p2a: Incineroar\n|-activate|p2a: Incineroar|item: Safety Goggles|Spore\n|\n|upkeep\n|\n|t:|1746113665\n|switch|p1b: Koraidon|Koraidon, L50|100/100\n|-weather|SunnyDay|[from] ability: Orichalcum Pulse|[of] p1b: Koraidon\n|-activate|p1a: Brute Bonnet|ability: Protosynthesis\n|-start|p1a: Brute Bonnet|protosynthesisdef\n|-activate|p1b: Koraidon|Orichalcum Pulse|[source]\n|turn|8\n|\n|t:|1746113686\n|move|p2a: Incineroar|Fake Out|p1b: Koraidon\n|-crit|p1b: Koraidon\n|-damage|p1b: Koraidon|85/100\n|-curestatus|p2b: Calyrex|slp|[msg]\n|move|p2b: Calyrex|Psyshock|p1b: Koraidon\n|-supereffective|p1b: Koraidon\n|-damage|p1b: Koraidon|0 fnt\n|faint|p1b: Koraidon\n|-ability|p2b: Calyrex|Grim Neigh|boost\n|-boost|p2b: Calyrex|spa|1\n|move|p1a: Brute Bonnet|Seed Bomb|p2b: Calyrex\n|-damage|p2b: Calyrex|55/100\n|\n|-weather|SunnyDay|[upkeep]\n|upkeep\n|turn|9\n|\n|t:|1746113706\n|move|p2b: Calyrex|Astral Barrage|p1a: Brute Bonnet\n|-resisted|p1a: Brute Bonnet\n|-damage|p1a: Brute Bonnet|14/100\n|move|p1a: Brute Bonnet|Seed Bomb|p2b: Calyrex\n|-damage|p2b: Calyrex|30/100\n|move|p2a: Incineroar|Parting Shot|p1a: Brute Bonnet\n|-unboost|p1a: Brute Bonnet|atk|1\n|-unboost|p1a: Brute Bonnet|spa|1\n|\n|t:|1746113715\n|switch|p2a: Miraidon|Miraidon, L50|100/100|[from] Parting Shot\n|-activate|p2a: Miraidon|ability: Hadron Engine\n|\n|-weather|SunnyDay|[upkeep]\n|upkeep\n|turn|10\n|\n|t:|1746113726\n|move|p1a: Brute Bonnet|Sucker Punch|p2b: Calyrex\n|-resisted|p2b: Calyrex\n|-damage|p2b: Calyrex|22/100\n|move|p2b: Calyrex|Astral Barrage|p1a: Brute Bonnet\n|-resisted|p1a: Brute Bonnet\n|-damage|p1a: Brute Bonnet|0 fnt\n|faint|p1a: Brute Bonnet\n|-end|p1a: Brute Bonnet|Protosynthesis|[silent]\n|\n|win|Charzard_289\n", "uploadtime": 1746113731, "views": 10, "formatid": "gen9vgc2025regibo3", "rating": null, "private": 0, "password": null}