{"id": "gen9vgc2025regibo3-2353439683", "format": "[Gen 9] VGC 2025 Reg I (Bo3)", "players": ["upchicken", "GlickWithAGlock"], "log": "|j|\u2606upchicken\n|j|\u2606GlickWithAGlock\n|html|<table width=\"100%\"><tr><td align=\"left\">upchicken</td><td align=\"right\">GlickWithAGlock</tr><tr><td align=\"left\"><i class=\"fa fa-circle-o\"></i> <i class=\"fa fa-circle-o\"></i> </td><td align=\"right\"><i class=\"fa fa-circle-o\"></i> <i class=\"fa fa-circle\"></i> </tr></table>\n|uhtml|bestof|<h2><strong>Game 2</strong> of <a href=\"/game-bestof3-gen9vgc2025regibo3-2353437552\">a best-of-3</a></h2>\n|t:|1745956109\n|gametype|doubles\n|player|p1|upchicken|schoolkid-gen4dp|1298\n|player|p2|GlickWithAGlock|wattson|1282\n|teamsize|p1|6\n|teamsize|p2|6\n|gen|9\n|tier|[Gen 9] VGC 2025 Reg I (Bo3)\n|rated|\n|rule|Species Clause: Limit one of each Pok\u00e9mon\n|rule|Item Clause: Limit 1 of each item\n|clearpoke\n|poke|p1|Eternatus, L50|\n|poke|p1|Grimmsnarl, L50, M|\n|poke|p1|Rillaboom, L50, M|\n|poke|p1|Calyrex-Shadow, L50|\n|poke|p1|Ting-Lu, L50|\n|poke|p1|Volcarona, L50, M|\n|poke|p2|Urshifu-*, L50, M|\n|poke|p2|Iron Hands, L50|\n|poke|p2|Tornadus, L50, M|\n|poke|p2|Farigiraf, L50, F|\n|poke|p2|Miraidon, L50|\n|poke|p2|Kyogre, L50|\n|teampreview|4\n|showteam|p1|Eternatus||Leftovers|Pressure|CosmicPower,Toxic,Recover,DragonPulse||||||50|,,,,,Dark]Grimmsnarl||LightClay|Prankster|FakeOut,LightScreen,Reflect,FoulPlay|||M|||50|,,,,,Dark]Rillaboom||AssaultVest|GrassySurge|FakeOut,WoodHammer,GrassyGlide,Uturn|||M|||50|,,,,,Fire]Calyrex-Shadow||FocusSash|AsOneSpectrier|AstralBarrage,Psychic,Encore,Protect||||||50|,,,,,Dark]Ting-Lu||SitrusBerry|VesselofRuin|Snarl,SandTomb,Ruination,Protect||||||50|,,,,,Fairy]Volcarona||GrassySeed|FlameBody|FieryDance,GigaDrain,QuiverDance,Protect|||M|||50|,,,,,Grass\n|showteam|p2|Urshifu-Rapid-Strike||ChoiceScarf|UnseenFist|SurgingStrikes,Uturn,CloseCombat,AquaJet|||M|||50|,,,,,Water]Iron Hands||AssaultVest|QuarkDrive|FakeOut,DrainPunch,LowKick,WildCharge||||||50|,,,,,Water]Tornadus||AbilityShield|Prankster|Tailwind,BleakwindStorm,RainDance,Protect|||M|||50|,,,,,Dark]Farigiraf||ElectricSeed|ArmorTail|Psychic,FoulPlay,HelpingHand,TrickRoom|||F|||50|,,,,,Water]Miraidon||ChoiceSpecs|HadronEngine|VoltSwitch,DazzlingGleam,ElectroDrift,DracoMeteor||||||50|,,,,,Fairy]Kyogre||MysticWater|Drizzle|WaterSpout,OriginPulse,IceBeam,Protect||||||50|,,,,,Grass\n|inactive|Battle timer is ON: inactive players will automatically lose when time's up. (requested by GlickWithAGlock)\n|\n|t:|1745956123\n|start\n|switch|p1a: Eternatus|Eternatus, L50|100/100\n|switch|p1b: Grimmsnarl|Grimmsnarl, L50, M, shiny|100/100\n|switch|p2a: Urshifu|Urshifu-Rapid-Strike, L50, M|100/100\n|switch|p2b: Kyogre|Kyogre, L50, shiny|100/100\n|-ability|p1a: Eternatus|Pressure\n|-weather|RainDance|[from] ability: Drizzle|[of] p2b: Kyogre\n|turn|1\n|\n|t:|1745956143\n|-terastallize|p2a: Urshifu|Water\n|move|p1b: Grimmsnarl|Fake Out|p2b: Kyogre\n|-damage|p2b: Kyogre|91/100\n|move|p2a: Urshifu|Surging Strikes|p1b: Grimmsnarl\n|-crit|p1b: Grimmsnarl\n|-damage|p1b: Grimmsnarl|58/100\n|-crit|p1b: Grimmsnarl\n|-damage|p1b: Grimmsnarl|17/100\n|-crit|p1b: Grimmsnarl\n|-damage|p1b: Grimmsnarl|0 fnt\n|faint|p1b: Grimmsnarl\n|-hitcount|p1: Grimmsnarl|3\n|move|p1a: Eternatus|Cosmic Power|p1a: Eternatus\n|-boost|p1a: Eternatus|def|1\n|-boost|p1a: Eternatus|spd|1\n|cant|p2b: Kyogre|flinch\n|\n|-weather|RainDance|[upkeep]\n|upkeep\n|\n|t:|1745956150\n|switch|p1b: Rillaboom|Rillaboom, L50, M|100/100\n|-fieldstart|move: Grassy Terrain|[from] ability: Grassy Surge|[of] p1b: Rillaboom\n|turn|2\n|\n|t:|1745956164\n|switch|p2b: Farigiraf|Farigiraf, L50, F|100/100\n|move|p2a: Urshifu|Surging Strikes|p1a: Eternatus\n|-resisted|p1a: Eternatus\n|-crit|p1a: Eternatus\n|-damage|p1a: Eternatus|87/100\n|-resisted|p1a: Eternatus\n|-crit|p1a: Eternatus\n|-damage|p1a: Eternatus|72/100\n|-resisted|p1a: Eternatus\n|-crit|p1a: Eternatus\n|-damage|p1a: Eternatus|57/100\n|-hitcount|p1a: Eternatus|3\n|move|p1a: Eternatus|Cosmic Power|p1a: Eternatus\n|-boost|p1a: Eternatus|def|1\n|-boost|p1a: Eternatus|spd|1\n|move|p1b: Rillaboom|Wood Hammer|p2a: Urshifu\n|-supereffective|p2a: Urshifu\n|-damage|p2a: Urshifu|0 fnt\n|faint|p2a: Urshifu\n|-damage|p1b: Rillaboom|72/100|[from] Recoil\n|\n|-weather|RainDance|[upkeep]\n|-heal|p1a: Eternatus|63/100|[from] Grassy Terrain\n|-heal|p1a: Eternatus|69/100|[from] item: Leftovers\n|-heal|p1b: Rillaboom|78/100|[from] Grassy Terrain\n|upkeep\n|\n|t:|1745956183\n|switch|p2a: Miraidon|Miraidon, L50|100/100\n|-fieldstart|move: Electric Terrain|[from] ability: Hadron Engine|[of] p2a: Miraidon\n|-enditem|p2b: Farigiraf|Electric Seed\n|-boost|p2b: Farigiraf|def|1|[from] item: Electric Seed\n|turn|3\n|\n|t:|1745956194\n|switch|p1b: Calyrex|Calyrex-Shadow, L50|100/100\n|-ability|p1b: Calyrex|As One\n|-ability|p1b: Calyrex|Unnerve\n|-terastallize|p1a: Eternatus|Dark\n|move|p2b: Farigiraf|Helping Hand|p2a: Miraidon\n|-singleturn|p2a: Miraidon|Helping Hand|[of] p2b: Farigiraf\n|move|p2a: Miraidon|Draco Meteor|p1a: Eternatus\n|-damage|p1a: Eternatus|0 fnt\n|-unboost|p2a: Miraidon|spa|2\n|faint|p1a: Eternatus\n|\n|-weather|RainDance|[upkeep]\n|upkeep\n|\n|t:|1745956207\n|switch|p1a: Rillaboom|Rillaboom, L50, M|78/100\n|-fieldstart|move: Grassy Terrain|[from] ability: Grassy Surge|[of] p1a: Rillaboom\n|turn|4\n|\n|t:|1745956225\n|move|p1b: Calyrex|Astral Barrage|p2b: Farigiraf|[spread] p2a\n|-immune|p2b: Farigiraf\n|-damage|p2a: Miraidon|57/100\n|move|p2a: Miraidon|Draco Meteor|p1b: Calyrex\n|-damage|p1b: Calyrex|52/100\n|-unboost|p2a: Miraidon|spa|2\n|move|p1a: Rillaboom|Wood Hammer|p2b: Farigiraf\n|-damage|p2b: Farigiraf|58/100\n|-damage|p1a: Rillaboom|63/100|[from] Recoil\n|move|p2b: Farigiraf|Trick Room|p2b: Farigiraf\n|-fieldstart|move: Trick Room|[of] p2b: Farigiraf\n|\n|-weather|RainDance|[upkeep]\n|-heal|p2b: Farigiraf|64/100|[from] Grassy Terrain\n|-heal|p1a: Rillaboom|68/100|[from] Grassy Terrain\n|-heal|p2a: Miraidon|63/100|[from] Grassy Terrain\n|-heal|p1b: Calyrex|58/100|[from] Grassy Terrain\n|upkeep\n|turn|5\n|\n|t:|1745956249\n|move|p1b: Calyrex|Protect|p1b: Calyrex\n|-singleturn|p1b: Calyrex|Protect\n|move|p2b: Farigiraf|Psychic|p1a: Rillaboom\n|-damage|p1a: Rillaboom|48/100\n|move|p1a: Rillaboom|Wood Hammer|p2b: Farigiraf\n|-damage|p2b: Farigiraf|19/100\n|-damage|p1a: Rillaboom|32/100|[from] Recoil\n|move|p2a: Miraidon|Draco Meteor|p1a: Rillaboom\n|-damage|p1a: Rillaboom|11/100\n|-unboost|p2a: Miraidon|spa|2\n|\n|-weather|none\n|-heal|p2b: Farigiraf|25/100|[from] Grassy Terrain\n|-heal|p1a: Rillaboom|17/100|[from] Grassy Terrain\n|-heal|p2a: Miraidon|69/100|[from] Grassy Terrain\n|-heal|p1b: Calyrex|63/100|[from] Grassy Terrain\n|upkeep\n|turn|6\n|\n|t:|1745956265\n|move|p2b: Farigiraf|Psychic|p1a: Rillaboom\n|-damage|p1a: Rillaboom|0 fnt\n|faint|p1a: Rillaboom\n|move|p2a: Miraidon|Draco Meteor|p1b: Calyrex\n|-damage|p1b: Calyrex|36/100\n|move|p1b: Calyrex|Astral Barrage|p2a: Miraidon|[spread] p2a\n|-immune|p2b: Farigiraf\n|-damage|p2a: Miraidon|23/100\n|\n|-heal|p2b: Farigiraf|31/100|[from] Grassy Terrain\n|-heal|p2a: Miraidon|29/100|[from] Grassy Terrain\n|-heal|p1b: Calyrex|42/100|[from] Grassy Terrain\n|upkeep\n|turn|7\n|\n|t:|1745956284\n|switch|p2a: Kyogre|Kyogre, L50, shiny|91/100\n|-weather|RainDance|[from] ability: Drizzle|[of] p2a: Kyogre\n|move|p1b: Calyrex|Protect|p1b: Calyrex\n|-singleturn|p1b: Calyrex|Protect\n|move|p2b: Farigiraf|Foul Play|p1b: Calyrex\n|-activate|p1b: Calyrex|move: Protect\n|\n|-weather|RainDance|[upkeep]\n|-heal|p2b: Farigiraf|38/100|[from] Grassy Terrain\n|-heal|p2a: Kyogre|97/100|[from] Grassy Terrain\n|-heal|p1b: Calyrex|47/100|[from] Grassy Terrain\n|upkeep\n|turn|8\n|-message|upchicken forfeited.\n|\n|win|GlickWithAGlock\n|raw|upchicken's rating: 1298 &rarr; <strong>1272</strong><br />(-26 for losing)\n|raw|GlickWithAGlock's rating: 1282 &rarr; <strong>1308</strong><br />(+26 for winning)\n|l|\u2606upchicken\n|player|p1|\n", "uploadtime": 1745956295, "views": 25, "formatid": "gen9vgc2025regibo3", "rating": 1272, "private": 0, "password": null}