{"id": "gen9vgc2025regibo3-2353787107", "format": "[Gen 9] VGC 2025 Reg I (Bo3)", "players": ["therealpaulcannon", "amurali"], "log": "|j|\u2606therealpaulcannon\n|j|\u2606amurali\n|html|<table width=\"100%\"><tr><td align=\"left\">therealpaulcannon</td><td align=\"right\">amurali</tr><tr><td align=\"left\"><i class=\"fa fa-circle-o\"></i> <i class=\"fa fa-circle-o\"></i> </td><td align=\"right\"><i class=\"fa fa-circle-o\"></i> <i class=\"fa fa-circle-o\"></i> </tr></table>\n|uhtml|bestof|<h2><strong>Game 1</strong> of <a href=\"/game-bestof3-gen9vgc2025regibo3-2353787106\">a best-of-3</a></h2>\n|t:|1745999868\n|gametype|doubles\n|player|p1|therealpaulcannon|blaine|1342\n|player|p2|amurali|1|1402\n|teamsize|p1|6\n|teamsize|p2|6\n|gen|9\n|tier|[Gen 9] VGC 2025 Reg I (Bo3)\n|rated|\n|rule|Species Clause: Limit one of each Pok\u00e9mon\n|rule|Item Clause: Limit 1 of each item\n|clearpoke\n|poke|p1|Terapagos, L50, M|\n|poke|p1|Rillaboom, L50, F|\n|poke|p1|Incineroar, L50, M|\n|poke|p1|Calyrex-Shadow, L50|\n|poke|p1|Urshifu-*, L50, M|\n|poke|p1|Volcarona, L50, F|\n|poke|p2|Miraidon, L50|\n|poke|p2|Calyrex-Ice, L50|\n|poke|p2|Ogerpon-Hearthflame, L50, F|\n|poke|p2|Urshifu-*, L50, F|\n|poke|p2|Farigiraf, L50, M|\n|poke|p2|Iron Hands, L50|\n|teampreview|4\n|showteam|p1|Terapagos||Leftovers|TeraShift|TeraStarstorm,Protect,CalmMind,EarthPower|||M|||50|,,,,,Stellar]Rillaboom||AssaultVest|GrassySurge|FakeOut,Uturn,WoodHammer,GrassyGlide|||F|||50|,,,,,Fire]Incineroar||RockyHelmet|Intimidate|WillOWisp,FakeOut,KnockOff,PartingShot|||M|||50|,,,,,Ghost]Calyrex-Shadow||FocusSash|AsOneSpectrier|AstralBarrage,Disable,Protect,Psychic||||||50|,,,,,Ghost]Urshifu-Rapid-Strike||ChoiceScarf|UnseenFist|SurgingStrikes,Uturn,CloseCombat,AquaJet|||M|||50|,,,,,Water]Volcarona||SafetyGoggles|FlameBody|WillOWisp,RagePowder,Overheat,Tailwind|||F|||50|,,,,,Water\n|showteam|p2|Miraidon||ChoiceSpecs|HadronEngine|ElectroDrift,DazzlingGleam,VoltSwitch,DracoMeteor||||||50|,,,,,Fairy]Calyrex-Ice||ClearAmulet|AsOneGlastrier|GlacialLance,HighHorsepower,TrickRoom,Protect||||||50|,,,,,Water]Ogerpon-Hearthflame||HearthflameMask|MoldBreaker|FollowMe,IvyCudgel,WoodHammer,SpikyShield|||F|||50|,,,,,Fire]Urshifu||FocusSash|UnseenFist|WickedBlow,CloseCombat,SuckerPunch,Detect|||F|||50|,,,,,Stellar]Farigiraf||ElectricSeed|ArmorTail|FoulPlay,Psychic,TrickRoom,HelpingHand|||M|||50|,,,,,Water]Iron Hands||AssaultVest|QuarkDrive|FakeOut,LowKick,DrainPunch,WildCharge||||||50|,,,,,Water\n|inactive|Battle timer is ON: inactive players will automatically lose when time's up. (requested by therealpaulcannon)\n|inactive|amurali has 60 seconds left.\n|inactive|amurali has 30 seconds left.\n|inactive|amurali has 20 seconds left.\n|inactive|amurali has 15 seconds left.\n|inactive|amurali has 10 seconds left.\n|\n|t:|1745999957\n|start\n|switch|p1a: Terapagos|Terapagos, L50, M|100/100\n|switch|p1b: Incineroar|Incineroar, L50, M|100/100\n|switch|p2a: Miraidon|Miraidon, L50|100/100\n|switch|p2b: Farigiraf|Farigiraf, L50, M|100/100\n|-activate|p1a: Terapagos|ability: Tera Shift\n|detailschange|p1a: Terapagos|Terapagos-Terastal, L50, M\n|-heal|p1a: Terapagos|100/100|[silent]\n|-fieldstart|move: Electric Terrain|[from] ability: Hadron Engine|[of] p2a: Miraidon\n|-enditem|p2b: Farigiraf|Electric Seed\n|-boost|p2b: Farigiraf|def|1|[from] item: Electric Seed\n|-ability|p1b: Incineroar|Intimidate|boost\n|-unboost|p2a: Miraidon|atk|1\n|-unboost|p2b: Farigiraf|atk|1\n|turn|1\n|inactive|amurali has 30 seconds left.\n|inactive|amurali has 20 seconds left.\n|\n|t:|1745999992\n|switch|p1b: Rillaboom|Rillaboom, L50, F|100/100\n|-fieldstart|move: Grassy Terrain|[from] ability: Grassy Surge|[of] p1b: Rillaboom\n|move|p2a: Miraidon|Electro Drift|p1b: Rillaboom\n|-resisted|p1b: Rillaboom\n|-damage|p1b: Rillaboom|69/100\n|move|p1a: Terapagos|Calm Mind|p1a: Terapagos\n|-boost|p1a: Terapagos|spa|1\n|-boost|p1a: Terapagos|spd|1\n|move|p2b: Farigiraf|Psychic|p1a: Terapagos\n|-activate|p1a: Terapagos|ability: Tera Shell\n|-resisted|p1a: Terapagos\n|-damage|p1a: Terapagos|91/100\n|\n|-heal|p1a: Terapagos|97/100|[from] Grassy Terrain\n|-heal|p1a: Terapagos|100/100|[from] item: Leftovers\n|-heal|p1b: Rillaboom|75/100|[from] Grassy Terrain\n|upkeep\n|turn|2\n|inactive|therealpaulcannon has 30 seconds left.\n|inactive|amurali has 30 seconds left.\n|\n|t:|1746000021\n|switch|p2a: Calyrex|Calyrex-Ice, L50|100/100\n|-ability|p2a: Calyrex|As One\n|-ability|p2a: Calyrex|Unnerve\n|move|p1a: Terapagos|Tera Starstorm|p2a: Calyrex\n|-damage|p2a: Calyrex|50/100\n|move|p1b: Rillaboom|U-turn|p2a: Calyrex\n|-supereffective|p2a: Calyrex\n|-damage|p2a: Calyrex|22/100\n|\n|t:|1746000032\n|switch|p1b: Incineroar|Incineroar, L50, M|100/100|[from] U-turn\n|-ability|p1b: Incineroar|Intimidate|boost\n|-fail|p2a: Calyrex|unboost|[from] item: Clear Amulet|[of] p2a: Calyrex\n|-unboost|p2b: Farigiraf|atk|1\n|move|p2b: Farigiraf|Trick Room|p2b: Farigiraf\n|-fieldstart|move: Trick Room|[of] p2b: Farigiraf\n|\n|-heal|p2a: Calyrex|28/100|[from] Grassy Terrain\n|upkeep\n|turn|3\n|inactive|amurali has 30 seconds left.\n|\n|t:|1746000066\n|move|p2b: Farigiraf|Helping Hand|p2a: Calyrex\n|-singleturn|p2a: Calyrex|Helping Hand|[of] p2b: Farigiraf\n|move|p2a: Calyrex|Glacial Lance|p1b: Incineroar|[spread] p1a,p1b\n|-activate|p1a: Terapagos|ability: Tera Shell\n|-resisted|p1a: Terapagos\n|-resisted|p1b: Incineroar\n|-damage|p1a: Terapagos|69/100\n|-damage|p1b: Incineroar|70/100\n|move|p1b: Incineroar|Parting Shot|p2b: Farigiraf\n|-unboost|p2b: Farigiraf|atk|1\n|-unboost|p2b: Farigiraf|spa|1\n|\n|t:|1746000078\n|switch|p1b: Calyrex|Calyrex-Shadow, L50|100/100|[from] Parting Shot\n|-ability|p1b: Calyrex|As One\n|-ability|p1b: Calyrex|Unnerve\n|move|p1a: Terapagos|Tera Starstorm|p2a: Calyrex\n|-damage|p2a: Calyrex|0 fnt\n|faint|p2a: Calyrex\n|\n|-heal|p1a: Terapagos|76/100|[from] Grassy Terrain\n|-heal|p1a: Terapagos|82/100|[from] item: Leftovers\n|upkeep\n|\n|t:|1746000096\n|switch|p2a: Miraidon|Miraidon, L50|100/100\n|-fieldstart|move: Electric Terrain|[from] ability: Hadron Engine|[of] p2a: Miraidon\n|turn|4\n|\n|t:|1746000114\n|-terastallize|p1a: Terapagos|Stellar\n|detailschange|p1a: Terapagos|Terapagos-Stellar, L50, M, tera:Stellar\n|-heal|p1a: Terapagos|87/100|[silent]\n|-ability|p1a: Terapagos|Teraform Zero\n|-fieldend|move: Electric Terrain\n|move|p2b: Farigiraf|Foul Play|p1b: Calyrex\n|-supereffective|p1b: Calyrex\n|-damage|p1b: Calyrex|23/100\n|move|p1a: Terapagos|Tera Starstorm|p2b: Farigiraf|[spread] p2a,p2b\n|-damage|p2a: Miraidon|55/100\n|-damage|p2b: Farigiraf|49/100\n|move|p2a: Miraidon|Volt Switch|p1a: Terapagos\n|-damage|p1a: Terapagos|60/100\n|\n|t:|1746000127\n|switch|p2a: Iron Hands|Iron Hands, L50|100/100|[from] Volt Switch\n|move|p1b: Calyrex|Astral Barrage|p2a: Iron Hands|[spread] p2a\n|-immune|p2b: Farigiraf\n|-damage|p2a: Iron Hands|76/100\n|\n|-heal|p1a: Terapagos|66/100|[from] item: Leftovers\n|upkeep\n|turn|5\n|inactive|amurali has 30 seconds left.\n|inactive|amurali has 20 seconds left.\n|inactive|amurali has 15 seconds left.\n|inactive|amurali has 10 seconds left.\n|\n|t:|1746000172\n|switch|p1b: Incineroar|Incineroar, L50, M|70/100\n|-ability|p1b: Incineroar|Intimidate|boost\n|-unboost|p2a: Iron Hands|atk|1\n|-unboost|p2b: Farigiraf|atk|1\n|move|p2b: Farigiraf|Helping Hand|p2a: Iron Hands\n|-singleturn|p2a: Iron Hands|Helping Hand|[of] p2b: Farigiraf\n|move|p1a: Terapagos|Protect|p1a: Terapagos\n|-singleturn|p1a: Terapagos|Protect\n|move|p2a: Iron Hands|Drain Punch|p1a: Terapagos\n|-activate|p1a: Terapagos|move: Protect\n|\n|-heal|p1a: Terapagos|72/100|[from] item: Leftovers\n|upkeep\n|turn|6\n|\n|t:|1746000195\n|move|p2b: Farigiraf|Helping Hand|p2a: Iron Hands\n|-singleturn|p2a: Iron Hands|Helping Hand|[of] p2b: Farigiraf\n|move|p2a: Iron Hands|Drain Punch|p1b: Incineroar\n|-supereffective|p1b: Incineroar\n|-damage|p1b: Incineroar|7/100\n|-heal|p2a: Iron Hands|100/100|[from] drain|[of] p1b: Incineroar\n|-damage|p2a: Iron Hands|84/100|[from] item: Rocky Helmet|[of] p1b: Incineroar\n|move|p1b: Incineroar|Parting Shot|p2a: Iron Hands\n|-unboost|p2a: Iron Hands|atk|1\n|-unboost|p2a: Iron Hands|spa|1\n|\n|t:|1746000208\n|switch|p1b: Calyrex|Calyrex-Shadow, L50|23/100|[from] Parting Shot\n|-ability|p1b: Calyrex|As One\n|-ability|p1b: Calyrex|Unnerve\n|move|p1a: Terapagos|Tera Starstorm|p2b: Farigiraf|[spread] p2a,p2b\n|-damage|p2a: Iron Hands|57/100\n|-damage|p2b: Farigiraf|0 fnt\n|faint|p2b: Farigiraf\n|\n|-heal|p1a: Terapagos|78/100|[from] item: Leftovers\n|-fieldend|move: Trick Room\n|upkeep\n|\n|t:|1746000221\n|switch|p2b: Miraidon|Miraidon, L50|55/100\n|-fieldstart|move: Electric Terrain|[from] ability: Hadron Engine|[of] p2b: Miraidon\n|-activate|p2a: Iron Hands|ability: Quark Drive\n|-start|p2a: Iron Hands|quarkdrivedef\n|turn|7\n|\n|t:|1746000243\n|move|p1a: Terapagos|Protect|p1a: Terapagos\n|-singleturn|p1a: Terapagos|Protect\n|move|p1b: Calyrex|Astral Barrage|p2b: Miraidon|[spread] p2a,p2b\n|-damage|p2a: Iron Hands|31/100\n|-damage|p2b: Miraidon|9/100\n|move|p2b: Miraidon|Dazzling Gleam|p1a: Terapagos|[spread] p1b\n|-activate|p1a: Terapagos|move: Protect\n|-damage|p1b: Calyrex|0 fnt\n|faint|p1b: Calyrex\n|move|p2a: Iron Hands|Drain Punch|p1a: Terapagos\n|-activate|p1a: Terapagos|move: Protect\n|\n|-heal|p1a: Terapagos|85/100|[from] item: Leftovers\n|upkeep\n|inactive|therealpaulcannon has 30 seconds left.\n|\n|t:|1746000269\n|switch|p1b: Rillaboom|Rillaboom, L50, F|75/100\n|-fieldstart|move: Grassy Terrain|[from] ability: Grassy Surge|[of] p1b: Rillaboom\n|-end|p2a: Iron Hands|Quark Drive\n|turn|8\n|\n|t:|1746000283\n|move|p1b: Rillaboom|Fake Out|p2a: Iron Hands\n|-damage|p2a: Iron Hands|22/100\n|move|p2b: Miraidon|Dazzling Gleam|p1b: Rillaboom|[spread] p1a,p1b\n|-damage|p1a: Terapagos|68/100\n|-damage|p1b: Rillaboom|48/100\n|move|p1a: Terapagos|Tera Starstorm|p2b: Miraidon|[spread] p2a,p2b\n|-damage|p2a: Iron Hands|0 fnt\n|-damage|p2b: Miraidon|0 fnt\n|faint|p2a: Iron Hands\n|-end|p2a: Iron Hands|Quark Drive|[silent]\n|faint|p2b: Miraidon\n|\n|win|therealpaulcannon\n|inactive|therealpaulcannon has 30 seconds to confirm battle start!\n|inactive|amurali has 30 seconds to confirm battle start!\n||therealpaulcannon is ready for game 2.\n||amurali is ready for game 2.\n|uhtml|next|Next: <a href=\"/battle-gen9vgc2025regibo3-2353789640\"><strong>Game 2 of 3</strong></a>\n", "uploadtime": 1746000294, "views": 92, "formatid": "gen9vgc2025regibo3", "rating": null, "private": 0, "password": null}