{"id": "gen9vgc2025regibo3-2353918353", "format": "[Gen 9] VGC 2025 Reg I (Bo3)", "players": ["Squ1dge_", "Ashleemaster"], "log": "|j|\u2606Squ1dge_\n|j|\u2606Ashleemaster\n|html|<table width=\"100%\"><tr><td align=\"left\">Squ1dge_</td><td align=\"right\">Ashleemaster</tr><tr><td align=\"left\"><i class=\"fa fa-circle\"></i> <i class=\"fa fa-circle-o\"></i> </td><td align=\"right\"><i class=\"fa fa-circle-o\"></i> <i class=\"fa fa-circle-o\"></i> </tr></table>\n|uhtml|bestof|<h2><strong>Game 2</strong> of <a href=\"/game-bestof3-gen9vgc2025regibo3-2353916035\">a best-of-3</a></h2>\n|t:|1746018751\n|gametype|doubles\n|player|p1|Squ1dge_|1|\n|player|p2|Ashleemaster|oleana|\n|teamsize|p1|6\n|teamsize|p2|6\n|gen|9\n|tier|[Gen 9] VGC 2025 Reg I (Bo3)\n|rule|Species Clause: Limit one of each Pok\u00e9mon\n|rule|Item Clause: Limit 1 of each item\n|clearpoke\n|poke|p1|Zamazenta-*, L50|\n|poke|p1|Calyrex-Shadow, L50|\n|poke|p1|Tornadus, L50, M|\n|poke|p1|Urshifu-*, L50, M|\n|poke|p1|Amoonguss, L50, M|\n|poke|p1|Chien-Pao, L50|\n|poke|p2|Zacian-*, L50|\n|poke|p2|Lunala, L50|\n|poke|p2|Tornadus, L50, M|\n|poke|p2|Urshifu-*, L50, M|\n|poke|p2|Ogerpon-Hearthflame, L50, F|\n|poke|p2|Indeedee-F, L50, F|\n|teampreview|4\n|showteam|p1|Zamazenta-Crowned||RustedShield|DauntlessShield|BodyPress,HeavySlam,WideGuard,Protect||||||50|,,,,,Dragon]Calyrex-Shadow||LifeOrb|AsOneSpectrier|AstralBarrage,Psychic,NastyPlot,Protect||||||50|,,,,,Dark]Tornadus||CovertCloak|Prankster|BleakwindStorm,Tailwind,RainDance,Taunt|||M|||50|,,,,,Dark]Urshifu-Rapid-Strike||MysticWater|UnseenFist|SurgingStrikes,CloseCombat,AquaJet,Detect|||M|||50|,,,,,Water]Amoonguss||RockyHelmet|Regenerator|SludgeBomb,Spore,RagePowder,Protect|||M|||50|,,,,,Water]Chien-Pao||FocusSash|SwordofRuin|SuckerPunch,Crunch,IceSpinner,Protect||||||50|,,,,,Stellar\n|showteam|p2|Zacian-Crowned||RustedSword|IntrepidSword|behemothblade,PlayRough,SacredSword,Protect||||||50|,,,,,Fairy]Lunala||PowerHerb|ShadowShield|WideGuard,ExpandingForce,MoongeistBeam,MeteorBeam||||||50|,,,,,Fairy]Tornadus||CovertCloak|Prankster|BleakwindStorm,Taunt,Tailwind,RainDance|||M|||50|,,,,,Dark]Urshifu-Rapid-Strike||MysticWater|UnseenFist|SurgingStrikes,CloseCombat,AquaJet,Detect|||M|||50|,,,,,Water]Ogerpon-Hearthflame||HearthflameMask|MoldBreaker|IvyCudgel,WoodHammer,SpikyShield,FollowMe|||F|||50|,,,,,Fire]Indeedee-F||PsychicSeed|PsychicSurge|LightScreen,FollowMe,HealPulse,TrickRoom|||F|||50|,,,,,Grass\n|inactive|Battle timer is ON: inactive players will automatically lose when time's up. (requested by Ashleemaster)\n|\n|t:|1746018778\n|start\n|switch|p1a: Calyrex|Calyrex-Shadow, L50|100/100\n|switch|p1b: Tornadus|Tornadus, L50, M|100/100\n|switch|p2a: Indeedee|Indeedee-F, L50, F|100/100\n|switch|p2b: Lunala|Lunala, L50|100/100\n|-ability|p1a: Calyrex|As One\n|-ability|p1a: Calyrex|Unnerve\n|-fieldstart|move: Psychic Terrain|[from] ability: Psychic Surge|[of] p2a: Indeedee\n|-enditem|p2a: Indeedee|Psychic Seed\n|-boost|p2a: Indeedee|spd|1|[from] item: Psychic Seed\n|turn|1\n|inactive|Squ1dge_ has 30 seconds left.\n|inactive|Ashleemaster has 30 seconds left.\n|inactive|Squ1dge_ has 20 seconds left.\n|\n|t:|1746018817\n|-terastallize|p2b: Lunala|Fairy\n|move|p1a: Calyrex|Psychic|p2b: Lunala\n|-damage|p2b: Lunala|68/100\n|-damage|p1a: Calyrex|91/100|[from] item: Life Orb\n|move|p1b: Tornadus|Bleakwind Storm|p2a: Indeedee|[spread] p2a,p2b\n|-crit|p2a: Indeedee\n|-damage|p2a: Indeedee|52/100\n|-damage|p2b: Lunala|44/100\n|-unboost|p2a: Indeedee|spe|1\n|move|p2b: Lunala|Meteor Beam||[still]\n|-prepare|p2b: Lunala|Meteor Beam\n|-boost|p2b: Lunala|spa|1\n|-enditem|p2b: Lunala|Power Herb\n|-anim|p2b: Lunala|Meteor Beam|p1b: Tornadus\n|-supereffective|p1b: Tornadus\n|-damage|p1b: Tornadus|0 fnt\n|faint|p1b: Tornadus\n|move|p2a: Indeedee|Light Screen|p2a: Indeedee\n|-sidestart|p2: Ashleemaster|move: Light Screen\n|\n|upkeep\n|\n|t:|1746018832\n|switch|p1b: Amoonguss|Amoonguss, L50, M|100/100\n|turn|2\n|\n|t:|1746018855\n|-terastallize|p1a: Calyrex|Dark\n|move|p1b: Amoonguss|Protect|p1b: Amoonguss\n|-singleturn|p1b: Amoonguss|Protect\n|move|p1a: Calyrex|Astral Barrage|p2b: Lunala|[spread] p2b\n|-immune|p2a: Indeedee\n|-damage|p2b: Lunala|12/100\n|-damage|p1a: Calyrex|81/100|[from] item: Life Orb\n|move|p2b: Lunala|Expanding Force|p1b: Amoonguss|[spread] \n|-activate|p1b: Amoonguss|move: Protect\n|-immune|p1a: Calyrex\n|move|p2a: Indeedee|Heal Pulse|p2b: Lunala\n|-heal|p2b: Lunala|62/100\n|\n|upkeep\n|turn|3\n|inactive|Squ1dge_ has 30 seconds left.\n|inactive|Ashleemaster has 30 seconds left.\n|\n|t:|1746018882\n|move|p1a: Calyrex|Astral Barrage|p2a: Indeedee|[spread] p2b\n|-immune|p2a: Indeedee\n|-damage|p2b: Lunala|29/100\n|-damage|p1a: Calyrex|72/100|[from] item: Life Orb\n|move|p2b: Lunala|Expanding Force|p1a: Calyrex|[spread] p1b\n|-immune|p1a: Calyrex\n|-supereffective|p1b: Amoonguss\n|-damage|p1b: Amoonguss|0 fnt\n|faint|p1b: Amoonguss\n|move|p2a: Indeedee|Heal Pulse|p2b: Lunala\n|-heal|p2b: Lunala|79/100\n|\n|upkeep\n|\n|t:|1746018884\n|switch|p1b: Urshifu|Urshifu-Rapid-Strike, L50, M|100/100\n|turn|4\n|\n|t:|1746018904\n|move|p1b: Urshifu|Detect|p1b: Urshifu\n|-singleturn|p1b: Urshifu|Protect\n|move|p1a: Calyrex|Astral Barrage|p2b: Lunala|[spread] p2b\n|-immune|p2a: Indeedee\n|-damage|p2b: Lunala|49/100\n|-damage|p1a: Calyrex|62/100|[from] item: Life Orb\n|move|p2b: Lunala|Expanding Force|p1b: Urshifu|[spread] \n|-activate|p1b: Urshifu|move: Protect\n|-immune|p1a: Calyrex\n|move|p2a: Indeedee|Heal Pulse|p2b: Lunala\n|-heal|p2b: Lunala|99/100\n|\n|upkeep\n|turn|5\n|\n|t:|1746018921\n|move|p2a: Indeedee|Follow Me|p2a: Indeedee\n|-singleturn|p2a: Indeedee|move: Follow Me\n|move|p1a: Calyrex|Astral Barrage|p2a: Indeedee|[spread] p2b\n|-immune|p2a: Indeedee\n|-damage|p2b: Lunala|68/100\n|-damage|p1a: Calyrex|53/100|[from] item: Life Orb\n|move|p1b: Urshifu|Surging Strikes|p2a: Indeedee\n|-crit|p2a: Indeedee\n|-damage|p2a: Indeedee|27/100\n|-crit|p2a: Indeedee\n|-damage|p2a: Indeedee|3/100\n|-crit|p2a: Indeedee\n|-damage|p2a: Indeedee|0 fnt\n|faint|p2a: Indeedee\n|-hitcount|p2: Indeedee|3\n|move|p2b: Lunala|Expanding Force|p1b: Urshifu|[spread] p1b\n|-immune|p1a: Calyrex\n|-supereffective|p1b: Urshifu\n|-damage|p1b: Urshifu|0 fnt\n|faint|p1b: Urshifu\n|\n|-sideend|p2: Ashleemaster|move: Light Screen\n|-fieldend|move: Psychic Terrain\n|upkeep\n|\n|t:|1746018940\n|switch|p2a: Zacian|Zacian-Crowned, L50|100/100\n|-ability|p2a: Zacian|Intrepid Sword|boost\n|-boost|p2a: Zacian|atk|1\n|turn|6\n|\n|t:|1746018948\n|move|p2b: Lunala|Wide Guard|p2b: Lunala\n|-singleturn|p2b: Lunala|Wide Guard\n|move|p1a: Calyrex|Astral Barrage|p2b: Lunala|[spread] \n|-activate|p2a: Zacian|move: Wide Guard\n|-activate|p2b: Lunala|move: Wide Guard\n|move|p2a: Zacian|Sacred Sword|p1a: Calyrex\n|-supereffective|p1a: Calyrex\n|-damage|p1a: Calyrex|0 fnt\n|faint|p1a: Calyrex\n|\n|win|Ashleemaster\n||Ashleemaster is ready for game 3.\n||Squ1dge_ is ready for game 3.\n|uhtml|next|Next: <a href=\"/battle-gen9vgc2025regibo3-2353920317\"><strong>Game 3 of 3</strong></a>\n", "uploadtime": 1746019097, "views": 23, "formatid": "gen9vgc2025regibo3", "rating": null, "private": 0, "password": null}