{"id": "gen9vgc2025regibo3-2353829083", "format": "[Gen 9] VGC 2025 Reg I (Bo3)", "players": ["4-3 at worlds", "Zizoukennn"], "log": "|j|\u26064-3 at worlds\n|j|\u2606Zizoukennn\n|html|<table width=\"100%\"><tr><td align=\"left\">4-3 at worlds</td><td align=\"right\">Zizoukennn</tr><tr><td align=\"left\"><i class=\"fa fa-circle-o\"></i> <i class=\"fa fa-circle-o\"></i> </td><td align=\"right\"><i class=\"fa fa-circle-o\"></i> <i class=\"fa fa-circle-o\"></i> </tr></table>\n|uhtml|bestof|<h2><strong>Game 1</strong> of <a href=\"/game-bestof3-gen9vgc2025regibo3-2353829082\">a best-of-3</a></h2>\n|t:|1746006835\n|gametype|doubles\n|player|p1|4-3 at worlds|scientist-gen4|1099\n|player|p2|Zizoukennn|266|1138\n|teamsize|p1|6\n|teamsize|p2|6\n|gen|9\n|tier|[Gen 9] VGC 2025 Reg I (Bo3)\n|rated|\n|rule|Species Clause: Limit one of each Pok\u00e9mon\n|rule|Item Clause: Limit 1 of each item\n|clearpoke\n|poke|p1|Zamazenta-*, L50|\n|poke|p1|Volcarona, L50, F|\n|poke|p1|Comfey, L50, M|\n|poke|p1|Rillaboom, L50, M|\n|poke|p1|Incineroar, L50, F|\n|poke|p1|Calyrex-Shadow, L50|\n|poke|p2|Miraidon, L50|\n|poke|p2|Lunala, L50|\n|poke|p2|Whimsicott, L50, F|\n|poke|p2|Chi-Yu, L50|\n|poke|p2|Urshifu-*, L50, M|\n|poke|p2|Iron Hands, L50|\n|teampreview|4\n|showteam|p1|Zamazenta-Crowned||RustedShield|DauntlessShield|WideGuard,IronDefense,BodyPress,Snarl||||||50|,,,,,Dragon]Volcarona||Leftovers|FlameBody|QuiverDance,FieryDance,GigaDrain,Protect|||F|||50|,,,,,Grass]Comfey||MentalHerb|Triage|Taunt,FloralHealing,DrainingKiss,Protect|||M|||50|,,,,,Steel]Rillaboom||AssaultVest|GrassySurge|WoodHammer,FakeOut,Uturn,GrassyGlide|||M|||50|,,,,,Grass]Incineroar||SitrusBerry|Intimidate|KnockOff,FlareBlitz,FakeOut,PartingShot|||F|||50|,,,,,Ghost]Calyrex-Shadow||FocusSash|AsOneSpectrier|AstralBarrage,Psyshock,Encore,Protect||||||50|,,,,,Ghost\n|showteam|p2|Miraidon||ChoiceSpecs|HadronEngine|ElectroDrift,VoltSwitch,DracoMeteor,DazzlingGleam||||||50|,,,,,Fairy]Lunala||ElectricSeed|ShadowShield|MoongeistBeam,Psyshock,TrickRoom,WideGuard||||||50|,,,,,Water]Whimsicott||CovertCloak|Prankster|Moonblast,Tailwind,Encore,LightScreen|||F|||50|,,,,,Dark]Chi-Yu||ChoiceScarf|BeadsofRuin|HeatWave,DarkPulse,Overheat,Snarl||||||50|,,,,,Ghost]Urshifu-Rapid-Strike||FocusSash|UnseenFist|SurgingStrikes,CloseCombat,AquaJet,Detect|||M|||50|,,,,,Stellar]Iron Hands||AssaultVest|QuarkDrive|DrainPunch,LowKick,HeavySlam,FakeOut||||||50|,,,,,Water\n|inactive|Battle timer is ON: inactive players will automatically lose when time's up. (requested by 4-3 at worlds)\n|inactive|4-3 at worlds has 60 seconds left.\n|inactive|Zizoukennn has 60 seconds left.\n|\n|t:|1746006872\n|start\n|switch|p1a: Volcarona|Volcarona, L50, F|100/100\n|switch|p1b: Incineroar|Incineroar, L50, F|100/100\n|switch|p2a: Lunala|Lunala, L50|100/100\n|switch|p2b: Chi-Yu|Chi-Yu, L50|100/100\n|-ability|p2b: Chi-Yu|Beads of Ruin\n|-ability|p1b: Incineroar|Intimidate|boost\n|-unboost|p2a: Lunala|atk|1\n|-unboost|p2b: Chi-Yu|atk|1\n|turn|1\n|inactive|Zizoukennn has 30 seconds left.\n|inactive|Zizoukennn has 20 seconds left.\n|inactive|Zizoukennn has 15 seconds left.\n|inactive|Zizoukennn has 10 seconds left.\n|\n|t:|1746006919\n|-terastallize|p2a: Lunala|Water\n|move|p1a: Volcarona|Protect|p1a: Volcarona\n|-singleturn|p1a: Volcarona|Protect\n|move|p2b: Chi-Yu|Dark Pulse|p1a: Volcarona\n|-activate|p1a: Volcarona|move: Protect\n|move|p2a: Lunala|Moongeist Beam|p1a: Volcarona\n|-activate|p1a: Volcarona|move: Protect\n|move|p1b: Incineroar|Parting Shot|p2b: Chi-Yu\n|-unboost|p2b: Chi-Yu|atk|1\n|-unboost|p2b: Chi-Yu|spa|1\n|\n|t:|1746006932\n|switch|p1b: Rillaboom|Rillaboom, L50, M|100/100|[from] Parting Shot\n|-fieldstart|move: Grassy Terrain|[from] ability: Grassy Surge|[of] p1b: Rillaboom\n|\n|upkeep\n|turn|2\n|\n|t:|1746006946\n|switch|p2a: Miraidon|Miraidon, L50|100/100\n|-fieldstart|move: Electric Terrain|[from] ability: Hadron Engine|[of] p2a: Miraidon\n|move|p1b: Rillaboom|Fake Out|p2b: Chi-Yu\n|-damage|p2b: Chi-Yu|74/100\n|cant|p2b: Chi-Yu|flinch\n|move|p1a: Volcarona|Quiver Dance|p1a: Volcarona\n|-boost|p1a: Volcarona|spa|1\n|-boost|p1a: Volcarona|spd|1\n|-boost|p1a: Volcarona|spe|1\n|\n|upkeep\n|turn|3\n|inactive|Zizoukennn has 30 seconds left.\n|\n|t:|1746006977\n|switch|p2b: Lunala|Lunala, L50, tera:Water|100/100\n|-enditem|p2b: Lunala|Electric Seed\n|-boost|p2b: Lunala|def|1|[from] item: Electric Seed\n|switch|p1b: Incineroar|Incineroar, L50, F|100/100\n|-ability|p1b: Incineroar|Intimidate|boost\n|-unboost|p2a: Miraidon|atk|1\n|-unboost|p2b: Lunala|atk|1\n|move|p1a: Volcarona|Protect|p1a: Volcarona\n|-singleturn|p1a: Volcarona|Protect\n|move|p2a: Miraidon|Electro Drift|p1a: Volcarona\n|-activate|p1a: Volcarona|move: Protect\n|\n|upkeep\n|turn|4\n|inactive|Zizoukennn has 30 seconds left.\n|\n|t:|1746007007\n|switch|p2a: Chi-Yu|Chi-Yu, L50|74/100\n|-ability|p2a: Chi-Yu|Beads of Ruin\n|switch|p2b: Urshifu|Urshifu-Rapid-Strike, L50, M|100/100\n|move|p1b: Incineroar|Fake Out|p2a: Chi-Yu\n|-damage|p2a: Chi-Yu|54/100\n|move|p1a: Volcarona|Quiver Dance|p1a: Volcarona\n|-boost|p1a: Volcarona|spa|1\n|-boost|p1a: Volcarona|spd|1\n|-boost|p1a: Volcarona|spe|1\n|\n|upkeep\n|turn|5\n|inactive|Zizoukennn has 30 seconds left.\n|\n|t:|1746007033\n|switch|p2a: Miraidon|Miraidon, L50|100/100\n|-activate|p2a: Miraidon|ability: Hadron Engine\n|switch|p1b: Rillaboom|Rillaboom, L50, M|100/100\n|-fieldstart|move: Grassy Terrain|[from] ability: Grassy Surge|[of] p1b: Rillaboom\n|-terastallize|p1a: Volcarona|Grass\n|move|p1a: Volcarona|Fiery Dance|p2a: Miraidon\n|-resisted|p2a: Miraidon\n|-damage|p2a: Miraidon|68/100\n|-boost|p1a: Volcarona|spa|1\n|move|p2b: Urshifu|Surging Strikes|p1a: Volcarona\n|-resisted|p1a: Volcarona\n|-crit|p1a: Volcarona\n|-damage|p1a: Volcarona|88/100\n|-resisted|p1a: Volcarona\n|-crit|p1a: Volcarona\n|-damage|p1a: Volcarona|76/100\n|-resisted|p1a: Volcarona\n|-crit|p1a: Volcarona\n|-damage|p1a: Volcarona|64/100\n|-hitcount|p1a: Volcarona|3\n|\n|-heal|p1a: Volcarona|70/100|[from] Grassy Terrain\n|-heal|p1a: Volcarona|77/100|[from] item: Leftovers\n|-heal|p2a: Miraidon|75/100|[from] Grassy Terrain\n|upkeep\n|turn|6\n|inactive|4-3 at worlds has 30 seconds left.\n|inactive|Zizoukennn has 30 seconds left.\n|inactive|Zizoukennn has 20 seconds left.\n|\n|t:|1746007071\n|switch|p1b: Incineroar|Incineroar, L50, F|100/100\n|-ability|p1b: Incineroar|Intimidate|boost\n|-unboost|p2a: Miraidon|atk|1\n|-unboost|p2b: Urshifu|atk|1\n|move|p1a: Volcarona|Quiver Dance|p1a: Volcarona\n|-boost|p1a: Volcarona|spa|1\n|-boost|p1a: Volcarona|spd|1\n|-boost|p1a: Volcarona|spe|1\n|move|p2a: Miraidon|Draco Meteor|p1b: Incineroar\n|-damage|p1b: Incineroar|14/100\n|-unboost|p2a: Miraidon|spa|2\n|-enditem|p1b: Incineroar|Sitrus Berry|[eat]\n|-heal|p1b: Incineroar|39/100|[from] item: Sitrus Berry\n|move|p2b: Urshifu|Close Combat|p1a: Volcarona\n|-damage|p1a: Volcarona|22/100\n|-unboost|p2b: Urshifu|def|1\n|-unboost|p2b: Urshifu|spd|1\n|\n|-heal|p1a: Volcarona|28/100|[from] Grassy Terrain\n|-heal|p1a: Volcarona|34/100|[from] item: Leftovers\n|-heal|p2a: Miraidon|81/100|[from] Grassy Terrain\n|-heal|p1b: Incineroar|45/100|[from] Grassy Terrain\n|upkeep\n|turn|7\n|inactive|Zizoukennn has 30 seconds left.\n|\n|t:|1746007100\n|switch|p2b: Chi-Yu|Chi-Yu, L50|54/100\n|-ability|p2b: Chi-Yu|Beads of Ruin\n|move|p1b: Incineroar|Fake Out|p2b: Chi-Yu\n|-damage|p2b: Chi-Yu|35/100\n|move|p1a: Volcarona|Giga Drain|p2a: Miraidon\n|-resisted|p2a: Miraidon\n|-damage|p2a: Miraidon|0 fnt\n|-heal|p1a: Volcarona|72/100|[from] drain|[of] p2a: Miraidon\n|faint|p2a: Miraidon\n|\n|-heal|p1a: Volcarona|79/100|[from] Grassy Terrain\n|-heal|p1a: Volcarona|85/100|[from] item: Leftovers\n|-heal|p2b: Chi-Yu|41/100|[from] Grassy Terrain\n|-heal|p1b: Incineroar|51/100|[from] Grassy Terrain\n|upkeep\n|\n|t:|1746007114\n|switch|p2a: Urshifu|Urshifu-Rapid-Strike, L50, M|100/100\n|turn|8\n|\n|t:|1746007137\n|switch|p1b: Rillaboom|Rillaboom, L50, M|100/100\n|move|p1a: Volcarona|Giga Drain|p2b: Chi-Yu\n|-resisted|p2b: Chi-Yu\n|-damage|p2b: Chi-Yu|0 fnt\n|-heal|p1a: Volcarona|99/100|[from] drain|[of] p2b: Chi-Yu\n|faint|p2b: Chi-Yu\n|move|p2a: Urshifu|Close Combat|p1b: Rillaboom\n|-damage|p1b: Rillaboom|33/100\n|-unboost|p2a: Urshifu|def|1\n|-unboost|p2a: Urshifu|spd|1\n|\n|-heal|p1a: Volcarona|100/100|[from] Grassy Terrain\n|-heal|p1b: Rillaboom|39/100|[from] Grassy Terrain\n|upkeep\n|\n|t:|1746007149\n|switch|p2b: Lunala|Lunala, L50, tera:Water|100/100\n|turn|9\n|\n|t:|1746007166\n|move|p1b: Rillaboom|Fake Out|p2a: Urshifu\n|-damage|p2a: Urshifu|78/100\n|move|p1a: Volcarona|Giga Drain|p2b: Lunala\n|-supereffective|p2b: Lunala\n|-damage|p2b: Lunala|0 fnt\n|faint|p2b: Lunala\n|cant|p2a: Urshifu|flinch\n|\n|-heal|p2a: Urshifu|85/100|[from] Grassy Terrain\n|-heal|p1b: Rillaboom|45/100|[from] Grassy Terrain\n|-fieldend|move: Grassy Terrain\n|upkeep\n|turn|10\n|\n|t:|1746007178\n|move|p1a: Volcarona|Giga Drain|p2a: Urshifu\n|-supereffective|p2a: Urshifu\n|-damage|p2a: Urshifu|0 fnt\n|faint|p2a: Urshifu\n|\n|win|4-3 at worlds\n|l|\u2606Zizoukennn\n|player|p2|\n||4-3 at worlds is ready for game 2.\n||Zizoukennn is ready for game 2.\n|uhtml|next|Next: <a href=\"/battle-gen9vgc2025regibo3-2353831278\"><strong>Game 2 of 3</strong></a>\n|l|\u26064-3 at worlds\n|player|p1|\n", "uploadtime": 1746007515, "views": 6, "formatid": "gen9vgc2025regibo3", "rating": null, "private": 0, "password": null}