{"id": "gen9vgc2025regibo3-2354555686", "format": "[Gen 9] VGC 2025 Reg I (Bo3)", "players": ["all my fella", "Omega Gio"], "log": "|j|\u2606all my fella\n|j|\u2606Omega Gio\n|html|<table width=\"100%\"><tr><td align=\"left\">all my fella</td><td align=\"right\">Omega Gio</tr><tr><td align=\"left\"><i class=\"fa fa-circle-o\"></i> <i class=\"fa fa-circle-o\"></i> </td><td align=\"right\"><i class=\"fa fa-circle-o\"></i> <i class=\"fa fa-circle-o\"></i> </tr></table>\n|uhtml|bestof|<h2><strong>Game 1</strong> of <a href=\"/game-bestof3-gen9vgc2025regibo3-2354555685\">a best-of-3</a></h2>\n|t:|1746093671\n|gametype|doubles\n|player|p1|all my fella|policeman-gen4|1381\n|player|p2|Omega Gio|steven|1434\n|teamsize|p1|6\n|teamsize|p2|6\n|gen|9\n|tier|[Gen 9] VGC 2025 Reg I (Bo3)\n|rated|\n|rule|Species Clause: Limit one of each Pok\u00e9mon\n|rule|Item Clause: Limit 1 of each item\n|clearpoke\n|poke|p1|Miraidon, L50|\n|poke|p1|Whimsicott, L50, F|\n|poke|p1|Urshifu-*, L50, M|\n|poke|p1|Zamazenta-*, L50|\n|poke|p1|Farigiraf, L50, F|\n|poke|p1|Incineroar, L50, M|\n|poke|p2|Koraidon, L50|\n|poke|p2|Ho-Oh, L50|\n|poke|p2|Dragonite, L50, M|\n|poke|p2|Chien-Pao, L50|\n|poke|p2|Landorus, L50, M|\n|poke|p2|Grimmsnarl, L50, M|\n|teampreview|4\n|showteam|p1|Miraidon||ChoiceSpecs|HadronEngine|ElectroDrift,DracoMeteor,VoltSwitch,DazzlingGleam||||||50|,,,,,Electric]Whimsicott||CovertCloak|Prankster|Moonblast,Tailwind,LightScreen,Encore|||F|||50|,,,,,Dark]Urshifu||FocusSash|UnseenFist|Detect,WickedBlow,CloseCombat,SuckerPunch|||M|||50|,,,,,Dark]Zamazenta-Crowned||RustedShield|DauntlessShield|Protect,WideGuard,BodyPress,HeavySlam||||||50|,,,,,Fire]Farigiraf||LifeOrb|ArmorTail|HelpingHand,HyperVoice,ExpandingForce,TrickRoom|||F|||50|,,,,,Water]Incineroar||AssaultVest|Intimidate|FakeOut,Uturn,FlareBlitz,KnockOff|||M|||50|,,,,,Bug\n|showteam|p2|Koraidon||LifeOrb|OrichalcumPulse|FlareBlitz,CloseCombat,FlameCharge,Protect||||||50|,,,,,Fire]Ho-Oh||ClearAmulet|Regenerator|SacredFire,BraveBird,Recover,Protect||||||50|,,,,,Water]Dragonite||ChoiceBand|InnerFocus|ExtremeSpeed,Outrage,LowKick,Earthquake|||M|||50|,,,,,Normal]Chien-Pao||FocusSash|SwordofRuin|IceSpinner,SuckerPunch,ThroatChop,Protect||||||50|,,,,,Stellar]Landorus||ChoiceScarf|SheerForce|EarthPower,SludgeBomb,SandsearStorm,GrassKnot|||M|||50|,,,,,Water]Grimmsnarl||LightClay|Prankster|FoulPlay,Reflect,LightScreen,PartingShot|||M|||50|,,,,,Dark\n|inactive|Battle timer is ON: inactive players will automatically lose when time's up. (requested by Omega Gio)\n|inactive|all my fella also wants the timer to be on.\n|inactive|all my fella has 60 seconds left.\n|inactive|Omega Gio has 60 seconds left.\n|\n|t:|1746093722\n|start\n|switch|p1a: Whimsicott|Whimsicott, L50, F|100/100\n|switch|p1b: Miraidon|Miraidon, L50|100/100\n|switch|p2a: Chien-Pao|Chien-Pao, L50|100/100\n|switch|p2b: Grimmsnarl|Grimmsnarl, L50, M|100/100\n|-fieldstart|move: Electric Terrain|[from] ability: Hadron Engine|[of] p1b: Miraidon\n|-ability|p2a: Chien-Pao|Sword of Ruin\n|turn|1\n|\n|t:|1746093741\n|move|p1a: Whimsicott|Tailwind|p1a: Whimsicott\n|-sidestart|p1: all my fella|move: Tailwind\n|move|p2b: Grimmsnarl|Light Screen|p2b: Grimmsnarl\n|-sidestart|p2: Omega Gio|move: Light Screen\n|move|p1b: Miraidon|Volt Switch|p2b: Grimmsnarl\n|-damage|p2b: Grimmsnarl|41/100\n|\n|t:|1746093745\n|switch|p1b: Zamazenta|Zamazenta-Crowned, L50|100/100|[from] Volt Switch\n|-ability|p1b: Zamazenta|Dauntless Shield|boost\n|-boost|p1b: Zamazenta|def|1\n|move|p2a: Chien-Pao|Ice Spinner|p1a: Whimsicott\n|-supereffective|p1a: Whimsicott\n|-damage|p1a: Whimsicott|0 fnt\n|-fieldend|move: Electric Terrain\n|faint|p1a: Whimsicott\n|\n|upkeep\n|\n|t:|1746093750\n|switch|p1a: Miraidon|Miraidon, L50|100/100\n|-fieldstart|move: Electric Terrain|[from] ability: Hadron Engine|[of] p1a: Miraidon\n|turn|2\n|\n|t:|1746093758\n|move|p2a: Chien-Pao|Protect|p2a: Chien-Pao\n|-singleturn|p2a: Chien-Pao|Protect\n|move|p2b: Grimmsnarl|Reflect|p2b: Grimmsnarl\n|-sidestart|p2: Omega Gio|Reflect\n|move|p1a: Miraidon|Dazzling Gleam|p2b: Grimmsnarl|[spread] p2b\n|-activate|p2a: Chien-Pao|move: Protect\n|-supereffective|p2b: Grimmsnarl\n|-damage|p2b: Grimmsnarl|0 fnt\n|faint|p2b: Grimmsnarl\n|move|p1b: Zamazenta|Heavy Slam|p2a: Chien-Pao\n|-activate|p2a: Chien-Pao|move: Protect\n|\n|upkeep\n|\n|t:|1746093782\n|switch|p2b: Koraidon|Koraidon, L50|100/100\n|-weather|SunnyDay|[from] ability: Orichalcum Pulse|[of] p2b: Koraidon\n|-activate|p2b: Koraidon|Orichalcum Pulse|[source]\n|turn|3\n|\n|t:|1746093795\n|switch|p2a: Landorus|Landorus, L50, M|100/100\n|-terastallize|p1b: Zamazenta|Fire\n|-terastallize|p2b: Koraidon|Fire\n|move|p1a: Miraidon|Dazzling Gleam|p2b: Koraidon|[spread] p2a,p2b\n|-resisted|p2b: Koraidon\n|-damage|p2a: Landorus|62/100\n|-damage|p2b: Koraidon|85/100\n|move|p1b: Zamazenta|Body Press|p2b: Koraidon\n|-damage|p2b: Koraidon|41/100\n|move|p2b: Koraidon|Flame Charge|p1a: Miraidon\n|-resisted|p1a: Miraidon\n|-damage|p1a: Miraidon|61/100\n|-boost|p2b: Koraidon|spe|1\n|-damage|p2b: Koraidon|31/100|[from] item: Life Orb\n|\n|-weather|SunnyDay|[upkeep]\n|upkeep\n|turn|4\n|inactive|all my fella has 30 seconds left.\n|inactive|Omega Gio has 30 seconds left.\n|\n|t:|1746093824\n|switch|p2a: Chien-Pao|Chien-Pao, L50|100/100\n|-ability|p2a: Chien-Pao|Sword of Ruin\n|move|p2b: Koraidon|Protect|p2b: Koraidon\n|-singleturn|p2b: Koraidon|Protect\n|move|p1a: Miraidon|Dazzling Gleam|p2a: Chien-Pao|[spread] p2a\n|-activate|p2b: Koraidon|move: Protect\n|-supereffective|p2a: Chien-Pao\n|-enditem|p2a: Chien-Pao|Focus Sash\n|-damage|p2a: Chien-Pao|1/100\n|move|p1b: Zamazenta|Heavy Slam|p2a: Chien-Pao\n|-supereffective|p2a: Chien-Pao\n|-damage|p2a: Chien-Pao|0 fnt\n|faint|p2a: Chien-Pao\n|\n|-weather|SunnyDay|[upkeep]\n|-sideend|p1: all my fella|move: Tailwind\n|upkeep\n|\n|t:|1746093830\n|switch|p2a: Landorus|Landorus, L50, M|62/100\n|turn|5\n|inactive|all my fella has 30 seconds left.\n|\n|t:|1746093858\n|move|p2b: Koraidon|Close Combat|p1b: Zamazenta\n|-damage|p1b: Zamazenta|61/100\n|-unboost|p2b: Koraidon|def|1\n|-unboost|p2b: Koraidon|spd|1\n|-damage|p2b: Koraidon|22/100|[from] item: Life Orb\n|move|p2a: Landorus|Sandsear Storm|p1b: Zamazenta|[spread] p1a\n|-miss|p2a: Landorus|p1b: Zamazenta\n|-supereffective|p1a: Miraidon\n|-damage|p1a: Miraidon|0 fnt\n|faint|p1a: Miraidon\n|move|p1b: Zamazenta|Heavy Slam|p2a: Landorus\n|-damage|p2a: Landorus|22/100\n|\n|-weather|SunnyDay|[upkeep]\n|upkeep\n|\n|t:|1746093865\n|switch|p1a: Farigiraf|Farigiraf, L50, F|100/100\n|turn|6\n|\n|t:|1746093878\n|move|p1b: Zamazenta|Wide Guard|p1b: Zamazenta\n|-singleturn|p1b: Zamazenta|Wide Guard\n|move|p2b: Koraidon|Close Combat|p1a: Farigiraf\n|-damage|p1a: Farigiraf|0 fnt\n|-unboost|p2b: Koraidon|def|1\n|-unboost|p2b: Koraidon|spd|1\n|faint|p1a: Farigiraf\n|-damage|p2b: Koraidon|12/100|[from] item: Life Orb\n|move|p2a: Landorus|Sandsear Storm|p1b: Zamazenta\n|-activate|p1b: Zamazenta|move: Wide Guard\n|\n|-weather|SunnyDay|[upkeep]\n|-fieldend|move: Electric Terrain\n|upkeep\n|turn|7\n|\n|t:|1746093892\n|move|p1b: Zamazenta|Protect|p1b: Zamazenta\n|-singleturn|p1b: Zamazenta|Protect\n|move|p2b: Koraidon|Close Combat|p1b: Zamazenta\n|-activate|p1b: Zamazenta|move: Protect\n|move|p2a: Landorus|Sandsear Storm|p1b: Zamazenta\n|-activate|p1b: Zamazenta|move: Protect\n|\n|-weather|none\n|upkeep\n|turn|8\n|\n|t:|1746093904\n|move|p1b: Zamazenta|Wide Guard|p1b: Zamazenta\n|-singleturn|p1b: Zamazenta|Wide Guard\n|move|p2b: Koraidon|Close Combat|p1b: Zamazenta\n|-damage|p1b: Zamazenta|31/100\n|-unboost|p2b: Koraidon|def|1\n|-unboost|p2b: Koraidon|spd|1\n|-damage|p2b: Koraidon|3/100|[from] item: Life Orb\n|move|p2a: Landorus|Sandsear Storm|p1b: Zamazenta\n|-activate|p1b: Zamazenta|move: Wide Guard\n|\n|-sideend|p2: Omega Gio|move: Light Screen\n|upkeep\n|turn|9\n|\n|t:|1746093918\n|move|p2b: Koraidon|Protect|p2b: Koraidon\n|-singleturn|p2b: Koraidon|Protect\n|move|p1b: Zamazenta|Wide Guard|p1b: Zamazenta\n|-singleturn|p1b: Zamazenta|Wide Guard\n|move|p2a: Landorus|Sandsear Storm|p1b: Zamazenta\n|-activate|p1b: Zamazenta|move: Wide Guard\n|\n|-sideend|p2: Omega Gio|Reflect\n|upkeep\n|turn|10\n|\n|t:|1746093943\n|move|p1b: Zamazenta|Wide Guard|p1b: Zamazenta\n|-singleturn|p1b: Zamazenta|Wide Guard\n|move|p2b: Koraidon|Close Combat|p1b: Zamazenta\n|-damage|p1b: Zamazenta|2/100\n|-unboost|p2b: Koraidon|def|1\n|-unboost|p2b: Koraidon|spd|1\n|-damage|p2b: Koraidon|0 fnt|[from] item: Life Orb\n|faint|p2b: Koraidon\n|move|p2a: Landorus|Sandsear Storm|p1b: Zamazenta\n|-activate|p1b: Zamazenta|move: Wide Guard\n|\n|upkeep\n|turn|11\n|\n|t:|1746093949\n|move|p1b: Zamazenta|Wide Guard|p1b: Zamazenta\n|-singleturn|p1b: Zamazenta|Wide Guard\n|move|p2a: Landorus|Sandsear Storm|p1b: Zamazenta\n|-activate|p1b: Zamazenta|move: Wide Guard\n|\n|upkeep\n|turn|12\n|\n|t:|1746093950\n|move|p1b: Zamazenta|Wide Guard|p1b: Zamazenta\n|-singleturn|p1b: Zamazenta|Wide Guard\n|move|p2a: Landorus|Sandsear Storm|p1b: Zamazenta\n|-activate|p1b: Zamazenta|move: Wide Guard\n|\n|upkeep\n|turn|13\n|\n|t:|1746093954\n|move|p1b: Zamazenta|Wide Guard|p1b: Zamazenta\n|-singleturn|p1b: Zamazenta|Wide Guard\n|move|p2a: Landorus|Sandsear Storm|p1b: Zamazenta\n|-activate|p1b: Zamazenta|move: Wide Guard\n|\n|upkeep\n|turn|14\n|\n|t:|1746093955\n|move|p1b: Zamazenta|Wide Guard|p1b: Zamazenta\n|-singleturn|p1b: Zamazenta|Wide Guard\n|move|p2a: Landorus|Sandsear Storm|p1b: Zamazenta\n|-activate|p1b: Zamazenta|move: Wide Guard\n|\n|upkeep\n|turn|15\n|\n|t:|1746093957\n|move|p1b: Zamazenta|Wide Guard|p1b: Zamazenta\n|-singleturn|p1b: Zamazenta|Wide Guard\n|move|p2a: Landorus|Sandsear Storm|p1b: Zamazenta\n|-activate|p1b: Zamazenta|move: Wide Guard\n|\n|upkeep\n|turn|16\n|\n|t:|1746093958\n|move|p1b: Zamazenta|Wide Guard|p1b: Zamazenta\n|-singleturn|p1b: Zamazenta|Wide Guard\n|move|p2a: Landorus|Sandsear Storm|p1b: Zamazenta\n|-activate|p1b: Zamazenta|move: Wide Guard\n|\n|upkeep\n|turn|17\n|\n|t:|1746093960\n|move|p1b: Zamazenta|Wide Guard|p1b: Zamazenta\n|-singleturn|p1b: Zamazenta|Wide Guard\n|move|p2a: Landorus|Sandsear Storm|p1b: Zamazenta\n|-activate|p1b: Zamazenta|move: Wide Guard\n|\n|upkeep\n|turn|18\n|\n|t:|1746093962\n|move|p1b: Zamazenta|Wide Guard|p1b: Zamazenta\n|-singleturn|p1b: Zamazenta|Wide Guard\n|move|p2a: Landorus|Sandsear Storm|p1b: Zamazenta\n|-activate|p1b: Zamazenta|move: Wide Guard\n|\n|upkeep\n|turn|19\n|\n|t:|1746093963\n|move|p1b: Zamazenta|Wide Guard|p1b: Zamazenta\n|-singleturn|p1b: Zamazenta|Wide Guard\n|move|p2a: Landorus|Sandsear Storm|p1b: Zamazenta\n|-activate|p1b: Zamazenta|move: Wide Guard\n|\n|upkeep\n|turn|20\n|\n|t:|1746093966\n|move|p1b: Zamazenta|Wide Guard|p1b: Zamazenta\n|-singleturn|p1b: Zamazenta|Wide Guard\n|move|p2a: Landorus|Sandsear Storm|p1b: Zamazenta\n|-activate|p1b: Zamazenta|move: Wide Guard\n|\n|upkeep\n|turn|21\n|\n|t:|1746093971\n|-activate|p2a: Landorus|move: Struggle\n|move|p2a: Landorus|Struggle|p1b: Zamazenta\n|-damage|p1b: Zamazenta|0 fnt\n|faint|p1b: Zamazenta\n|-damage|p2a: Landorus|0 fnt|[from] recoil\n|faint|p2a: Landorus\n|\n|win|Omega Gio\n||Omega Gio is ready for game 2.\n|c|\u2606Omega Gio|yup\n|inactive|all my fella has 30 seconds to confirm battle start!\n||all my fella is ready for game 2.\n|uhtml|next|Next: <a href=\"/battle-gen9vgc2025regibo3-2354557340\"><strong>Game 2 of 3</strong></a>\n|l|\u2606all my fella\n|player|p1|\n|l|\u2606Omega Gio\n|player|p2|\n", "uploadtime": 1746094300, "views": 12, "formatid": "gen9vgc2025regibo3", "rating": null, "private": 0, "password": null}