{"id": "gen9vgc2025regibo3-2354038748", "format": "[Gen 9] VGC 2025 Reg I (Bo3)", "players": ["luisin", "bello figo burger"], "log": "|j|\u2606luisin\n|j|\u2606bello figo burger\n|html|<table width=\"100%\"><tr><td align=\"left\">luisin</td><td align=\"right\">bello figo burger</tr><tr><td align=\"left\"><i class=\"fa fa-circle\"></i> <i class=\"fa fa-circle-o\"></i> </td><td align=\"right\"><i class=\"fa fa-circle-o\"></i> <i class=\"fa fa-circle-o\"></i> </tr></table>\n|uhtml|bestof|<h2><strong>Game 2</strong> of <a href=\"/game-bestof3-gen9vgc2025regibo3-2354035918\">a best-of-3</a></h2>\n|t:|1746029635\n|gametype|doubles\n|player|p1|luisin|#luisin|\n|player|p2|bello figo burger|buck|\n|teamsize|p1|6\n|teamsize|p2|6\n|gen|9\n|tier|[Gen 9] VGC 2025 Reg I (Bo3)\n|rule|Species Clause: Limit one of each Pok\u00e9mon\n|rule|Item Clause: Limit 1 of each item\n|clearpoke\n|poke|p1|Groudon, L50|\n|poke|p1|Calyrex-Shadow, L50|\n|poke|p1|Raging Bolt, L50|\n|poke|p1|Incineroar, L50, F|\n|poke|p1|Ogerpon-Hearthflame, L50, F|\n|poke|p1|Jumpluff, L50, M|\n|poke|p2|Rillaboom, L50, M|\n|poke|p2|Incineroar, L50, M|\n|poke|p2|Zamazenta-*, L50|\n|poke|p2|Calyrex-Shadow, L50|\n|poke|p2|Tornadus, L50, M|\n|poke|p2|Urshifu-*, L50, F|\n|teampreview|4\n|showteam|p1|Groudon||ClearAmulet|Drought|PrecipiceBlades,HeatCrash,StompingTantrum,Protect||||||50|,,,,,Fire]Calyrex-Shadow||FocusSash|AsOneSpectrier|AstralBarrage,NastyPlot,Psychic,Protect||||||50|,,,,,Ghost]Raging Bolt||AssaultVest|Protosynthesis|Electroweb,DracoMeteor,Thunderclap,VoltSwitch||||||50|,,,,,Electric]Incineroar||SafetyGoggles|Intimidate|WillOWisp,KnockOff,FakeOut,PartingShot|||F|||50|,,,,,Ghost]Ogerpon-Hearthflame||HearthflameMask|MoldBreaker|IvyCudgel,SpikyShield,WoodHammer,FollowMe|||F|||50|,,,,,Fire]Jumpluff||CovertCloak|Chlorophyll|SleepPowder,Tailwind,Encore,RagePowder|||M|||50|,,,,,Dark\n|showteam|p2|Rillaboom||AssaultVest|GrassySurge|WoodHammer,GrassyGlide,Uturn,FakeOut|||M|||50|,,,,,Fire]Incineroar||SafetyGoggles|Intimidate|FakeOut,WillOWisp,KnockOff,Taunt|||M|||50|,,,,,Ghost]Zamazenta-Crowned||RustedShield|DauntlessShield|BodyPress,HeavySlam,WideGuard,Protect||||||50|,,,,,Dragon]Calyrex-Shadow||LifeOrb|AsOneSpectrier|AstralBarrage,Psychic,WillOWisp,Protect||||||50|,,,,,Dark]Tornadus||CovertCloak|Prankster|BleakwindStorm,RainDance,Tailwind,Taunt|||M|||50|,,,,,Dark]Urshifu-Rapid-Strike||FocusSash|UnseenFist|SurgingStrikes,CloseCombat,AquaJet,Protect|||F|||50|,,,,,Water\n|inactive|Battle timer is ON: inactive players will automatically lose when time's up. (requested by luisin)\n|j| tizio potente ao\n|inactive|bello figo burger has 60 seconds left.\n|j| waffle2O25\n|j| Losconosciuto\n|inactive|bello figo burger has 30 seconds left.\n|c|\u2606bello figo burger|glhf\n|c|\u2606luisin|Hi waffle\n|c|\u2606luisin|hf\n|inactive|bello figo burger has 20 seconds left.\n|l| tizio potente ao\n|inactive|bello figo burger has 15 seconds left.\n|inactive|bello figo burger has 10 seconds left.\n|c| waffle2O25|hi\n|inactive|bello figo burger has 5 seconds left.\n|\n|t:|1746029723\n|start\n|switch|p1a: Incineroar|Incineroar, L50, F|100/100\n|switch|p1b: Jumpluff|Jumpluff, L50, M|100/100\n|switch|p2a: Calyrex|Calyrex-Shadow, L50|100/100\n|switch|p2b: Zamazenta|Zamazenta-Crowned, L50|100/100\n|-ability|p2a: Calyrex|As One\n|-ability|p2a: Calyrex|Unnerve\n|-ability|p2b: Zamazenta|Dauntless Shield|boost\n|-boost|p2b: Zamazenta|def|1\n|-ability|p1a: Incineroar|Intimidate|boost\n|-unboost|p2a: Calyrex|atk|1\n|-unboost|p2b: Zamazenta|atk|1\n|turn|1\n|\n|t:|1746029740\n|switch|p2a: Rillaboom|Rillaboom, L50, M|100/100\n|-fieldstart|move: Grassy Terrain|[from] ability: Grassy Surge|[of] p2a: Rillaboom\n|switch|p1a: Groudon|Groudon, L50|100/100\n|-weather|SunnyDay|[from] ability: Drought|[of] p1a: Groudon\n|move|p1b: Jumpluff|Sleep Powder|p2a: Rillaboom\n|-immune|p2a: Rillaboom\n|move|p2b: Zamazenta|Body Press|p1a: Groudon\n|-damage|p1a: Groudon|54/100\n|\n|-weather|SunnyDay|[upkeep]\n|-heal|p1a: Groudon|60/100|[from] Grassy Terrain\n|upkeep\n|turn|2\n|inactive|bello figo burger has 30 seconds left.\n|\n|t:|1746029770\n|move|p1a: Groudon|Protect|p1a: Groudon\n|-singleturn|p1a: Groudon|Protect\n|move|p1b: Jumpluff|Sleep Powder|p2b: Zamazenta\n|-status|p2b: Zamazenta|slp|[from] move: Sleep Powder\n|cant|p2b: Zamazenta|slp\n|move|p2a: Rillaboom|U-turn|p1b: Jumpluff\n|-damage|p1b: Jumpluff|69/100\n|\n|t:|1746029781\n|switch|p2a: Calyrex|Calyrex-Shadow, L50|100/100|[from] U-turn\n|-ability|p2a: Calyrex|As One\n|-ability|p2a: Calyrex|Unnerve\n|\n|-weather|SunnyDay|[upkeep]\n|-heal|p1a: Groudon|66/100|[from] Grassy Terrain\n|upkeep\n|turn|3\n|\n|t:|1746029795\n|cant|p2b: Zamazenta|slp\n|move|p1b: Jumpluff|Tailwind|p1b: Jumpluff\n|-sidestart|p1: luisin|move: Tailwind\n|move|p1a: Groudon|Precipice Blades|p2a: Calyrex|[spread] p2a,p2b\n|-supereffective|p2b: Zamazenta\n|-damage|p2a: Calyrex|35/100\n|-damage|p2b: Zamazenta|56/100 slp\n|move|p2a: Calyrex|Astral Barrage|p1a: Groudon|[spread] p1a,p1b\n|-damage|p1a: Groudon|3/100\n|-damage|p1b: Jumpluff|0 fnt\n|faint|p1b: Jumpluff\n|-ability|p2a: Calyrex|Grim Neigh|boost\n|-boost|p2a: Calyrex|spa|1\n|-damage|p2a: Calyrex|25/100|[from] item: Life Orb\n|\n|-weather|SunnyDay|[upkeep]\n|-heal|p1a: Groudon|9/100|[from] Grassy Terrain\n|-heal|p2a: Calyrex|32/100|[from] Grassy Terrain\n|-heal|p2b: Zamazenta|62/100 slp|[from] Grassy Terrain\n|upkeep\n|\n|t:|1746029801\n|switch|p1b: Raging Bolt|Raging Bolt, L50|100/100\n|-activate|p1b: Raging Bolt|ability: Protosynthesis\n|-start|p1b: Raging Bolt|protosynthesisspa\n|turn|4\n|inactive|bello figo burger has 30 seconds left.\n|\n|t:|1746029826\n|switch|p2a: Rillaboom|Rillaboom, L50, M|100/100\n|move|p1a: Groudon|Heat Crash|p2b: Zamazenta\n|-supereffective|p2b: Zamazenta\n|-damage|p2b: Zamazenta|43/100 slp\n|move|p1b: Raging Bolt|Electroweb|p2b: Zamazenta|[spread] p2a,p2b\n|-resisted|p2a: Rillaboom\n|-crit|p2a: Rillaboom\n|-damage|p2a: Rillaboom|85/100\n|-damage|p2b: Zamazenta|21/100 slp\n|-unboost|p2a: Rillaboom|spe|1\n|-unboost|p2b: Zamazenta|spe|1\n|cant|p2b: Zamazenta|slp\n|\n|-weather|SunnyDay|[upkeep]\n|-heal|p1a: Groudon|15/100|[from] Grassy Terrain\n|-heal|p2b: Zamazenta|27/100 slp|[from] Grassy Terrain\n|-heal|p2a: Rillaboom|91/100|[from] Grassy Terrain\n|upkeep\n|turn|5\n|\n|t:|1746029837\n|move|p1a: Groudon|Protect|p1a: Groudon\n|-singleturn|p1a: Groudon|Protect\n|move|p2a: Rillaboom|Fake Out|p1b: Raging Bolt\n|-damage|p1b: Raging Bolt|90/100\n|cant|p1b: Raging Bolt|flinch\n|-curestatus|p2b: Zamazenta|slp|[msg]\n|move|p2b: Zamazenta|Body Press|p1a: Groudon\n|-activate|p1a: Groudon|move: Protect\n|\n|-weather|none\n|-end|p1b: Raging Bolt|Protosynthesis\n|-heal|p1a: Groudon|21/100|[from] Grassy Terrain\n|-heal|p1b: Raging Bolt|96/100|[from] Grassy Terrain\n|-heal|p2b: Zamazenta|33/100|[from] Grassy Terrain\n|-heal|p2a: Rillaboom|97/100|[from] Grassy Terrain\n|-fieldend|move: Grassy Terrain\n|upkeep\n|turn|6\n|inactive|bello figo burger has 30 seconds left.\n|inactive|bello figo burger has 20 seconds left.\n|inactive|bello figo burger has 15 seconds left.\n|inactive|bello figo burger has 10 seconds left.\n|\n|t:|1746029886\n|switch|p1a: Incineroar|Incineroar, L50, F|100/100\n|-ability|p1a: Incineroar|Intimidate|boost\n|-unboost|p2a: Rillaboom|atk|1\n|-unboost|p2b: Zamazenta|atk|1\n|move|p2b: Zamazenta|Protect|p2b: Zamazenta\n|-singleturn|p2b: Zamazenta|Protect\n|move|p1b: Raging Bolt|Volt Switch|p2b: Zamazenta\n|-activate|p2b: Zamazenta|move: Protect\n|move|p2a: Rillaboom|U-turn|p1b: Raging Bolt\n|-damage|p1b: Raging Bolt|85/100\n|\n|t:|1746029902\n|switch|p2a: Tornadus|Tornadus, L50, M|100/100|[from] U-turn\n|\n|-sideend|p1: luisin|move: Tailwind\n|upkeep\n|turn|7\n|inactive|luisin has 30 seconds left.\n|\n|t:|1746029927\n|-terastallize|p1a: Incineroar|Ghost\n|move|p2a: Tornadus|Tailwind|p2a: Tornadus\n|-sidestart|p2: bello figo burger|move: Tailwind\n|move|p2b: Zamazenta|Body Press|p1a: Incineroar\n|-immune|p1a: Incineroar\n|move|p1b: Raging Bolt|Electroweb|p2a: Tornadus|[spread] p2a,p2b\n|-supereffective|p2a: Tornadus\n|-damage|p2a: Tornadus|55/100\n|-damage|p2b: Zamazenta|18/100\n|-unboost|p2b: Zamazenta|spe|1\n|move|p1a: Incineroar|Knock Off|p2a: Tornadus\n|-damage|p2a: Tornadus|19/100\n|-enditem|p2a: Tornadus|Covert Cloak|[from] move: Knock Off|[of] p1a: Incineroar\n|\n|upkeep\n|turn|8\n|\n|t:|1746029944\n|move|p1b: Raging Bolt|Thunderclap|p2b: Zamazenta\n|-damage|p2b: Zamazenta|0 fnt\n|faint|p2b: Zamazenta\n|move|p2a: Tornadus|Bleakwind Storm|p1b: Raging Bolt|[spread] p1b\n|-miss|p2a: Tornadus|p1a: Incineroar\n|-resisted|p1b: Raging Bolt\n|-damage|p1b: Raging Bolt|75/100\n|move|p1a: Incineroar|Knock Off|p2a: Tornadus\n|-crit|p2a: Tornadus\n|-damage|p2a: Tornadus|0 fnt\n|faint|p2a: Tornadus\n|\n|upkeep\n|\n|t:|1746029948\n|switch|p2b: Rillaboom|Rillaboom, L50, M|97/100\n|switch|p2a: Calyrex|Calyrex-Shadow, L50|32/100\n|-ability|p2a: Calyrex|As One\n|-ability|p2a: Calyrex|Unnerve\n|-fieldstart|move: Grassy Terrain|[from] ability: Grassy Surge|[of] p2b: Rillaboom\n|turn|9\n|\n|t:|1746029961\n|switch|p1a: Groudon|Groudon, L50|21/100\n|-weather|SunnyDay|[from] ability: Drought|[of] p1a: Groudon\n|-activate|p1b: Raging Bolt|ability: Protosynthesis\n|-start|p1b: Raging Bolt|protosynthesisspa\n|move|p2b: Rillaboom|Fake Out|p1b: Raging Bolt\n|-damage|p1b: Raging Bolt|65/100\n|cant|p1b: Raging Bolt|flinch\n|move|p2a: Calyrex|Astral Barrage|p1b: Raging Bolt|[spread] p1a,p1b\n|-damage|p1a: Groudon|0 fnt\n|-damage|p1b: Raging Bolt|23/100\n|faint|p1a: Groudon\n|-ability|p2a: Calyrex|Grim Neigh|boost\n|-boost|p2a: Calyrex|spa|1\n|-damage|p2a: Calyrex|22/100|[from] item: Life Orb\n|\n|-weather|SunnyDay|[upkeep]\n|-heal|p2a: Calyrex|28/100|[from] Grassy Terrain\n|-heal|p2b: Rillaboom|100/100|[from] Grassy Terrain\n|-heal|p1b: Raging Bolt|29/100|[from] Grassy Terrain\n|upkeep\n|\n|t:|1746029964\n|switch|p1a: Incineroar|Incineroar, L50, F, tera:Ghost|100/100\n|-ability|p1a: Incineroar|Intimidate|boost\n|-unboost|p2a: Calyrex|atk|1\n|-unboost|p2b: Rillaboom|atk|1\n|turn|10\n|\n|t:|1746029982\n|move|p2a: Calyrex|Protect|p2a: Calyrex\n|-singleturn|p2a: Calyrex|Protect\n|move|p1a: Incineroar|Fake Out|p2b: Rillaboom\n|-damage|p2b: Rillaboom|90/100\n|cant|p2b: Rillaboom|flinch\n|move|p1b: Raging Bolt|Electroweb|p2a: Calyrex|[spread] p2b\n|-activate|p2a: Calyrex|move: Protect\n|-resisted|p2b: Rillaboom\n|-damage|p2b: Rillaboom|81/100\n|-unboost|p2b: Rillaboom|spe|1\n|\n|-weather|SunnyDay|[upkeep]\n|-heal|p2a: Calyrex|35/100|[from] Grassy Terrain\n|-heal|p2b: Rillaboom|86/100|[from] Grassy Terrain\n|-heal|p1b: Raging Bolt|35/100|[from] Grassy Terrain\n|-sideend|p2: bello figo burger|move: Tailwind\n|upkeep\n|turn|11\n|inactive|bello figo burger has 30 seconds left.\n|inactive|bello figo burger has 20 seconds left.\n|inactive|bello figo burger has 15 seconds left.\n|inactive|bello figo burger has 10 seconds left.\n|inactive|bello figo burger has 5 seconds left.\n|\n|t:|1746030036\n|move|p1b: Raging Bolt|Thunderclap|p2a: Calyrex\n|-damage|p2a: Calyrex|0 fnt\n|faint|p2a: Calyrex\n|move|p2b: Rillaboom|Grassy Glide|p1b: Raging Bolt\n|-resisted|p1b: Raging Bolt\n|-damage|p1b: Raging Bolt|26/100\n|move|p1a: Incineroar|Will-O-Wisp|p2b: Rillaboom|[miss]\n|-miss|p1a: Incineroar|p2b: Rillaboom\n|\n|-weather|SunnyDay|[upkeep]\n|-heal|p1b: Raging Bolt|32/100|[from] Grassy Terrain\n|-heal|p2b: Rillaboom|92/100|[from] Grassy Terrain\n|upkeep\n|turn|12\n|c|\u2606bello figo burger|gg\n|\n|t:|1746030044\n|move|p2b: Rillaboom|Grassy Glide|p1b: Raging Bolt\n|-resisted|p1b: Raging Bolt\n|-damage|p1b: Raging Bolt|23/100\n|move|p1b: Raging Bolt|Draco Meteor|p2b: Rillaboom\n|-damage|p2b: Rillaboom|32/100\n|-unboost|p1b: Raging Bolt|spa|2\n|move|p1a: Incineroar|Knock Off|p2b: Rillaboom\n|-damage|p2b: Rillaboom|0 fnt\n|-enditem|p2b: Rillaboom|Assault Vest|[from] move: Knock Off|[of] p1a: Incineroar\n|faint|p2b: Rillaboom\n|\n|win|luisin\n|c|\u2606luisin|ggs\n|l| Losconosciuto\n|l|\u2606bello figo burger\n|player|p2|\n|l| waffle2O25\n", "uploadtime": 1746030059, "views": 43, "formatid": "gen9vgc2025regibo3", "rating": null, "private": 0, "password": null}