{"id": "gen9vgc2025regibo3-2354567700", "format": "[Gen 9] VGC 2025 Reg I (Bo3)", "players": ["DrXJ13", "waz00"], "log": "|j|\u2606DrXJ13\n|j|\u2606waz00\n|html|<table width=\"100%\"><tr><td align=\"left\">DrXJ13</td><td align=\"right\">waz00</tr><tr><td align=\"left\"><i class=\"fa fa-circle-o\"></i> <i class=\"fa fa-circle-o\"></i> </td><td align=\"right\"><i class=\"fa fa-circle-o\"></i> <i class=\"fa fa-circle-o\"></i> </tr></table>\n|uhtml|bestof|<h2><strong>Game 1</strong> of <a href=\"/game-bestof3-gen9vgc2025regibo3-2354567699\">a best-of-3</a></h2>\n|t:|1746095850\n|gametype|doubles\n|player|p1|DrXJ13|clair|1092\n|player|p2|waz00|nate|1017\n|teamsize|p1|6\n|teamsize|p2|6\n|gen|9\n|tier|[Gen 9] VGC 2025 Reg I (Bo3)\n|rated|\n|rule|Species Clause: Limit one of each Pok\u00e9mon\n|rule|Item Clause: Limit 1 of each item\n|clearpoke\n|poke|p1|Calyrex-Shadow, L50|\n|poke|p1|Terapagos, L50, M|\n|poke|p1|Tornadus, L50, M|\n|poke|p1|Urshifu-*, L50, F|\n|poke|p1|Incineroar, L50, F|\n|poke|p1|Ogerpon-Cornerstone, L50, F|\n|poke|p2|Miraidon, L50|\n|poke|p2|Lunala, L50|\n|poke|p2|Whimsicott, L50, M|\n|poke|p2|Chi-Yu, L50|\n|poke|p2|Urshifu-*, L50, M|\n|poke|p2|Iron Hands, L50|\n|teampreview|4\n|showteam|p1|Calyrex-Shadow||LifeOrb|AsOneSpectrier|AstralBarrage,DrainingKiss,NastyPlot,Protect||||||50|,,,,,Fairy]Terapagos||ChoiceSpecs|TeraShift|TeraStarstorm,HyperBeam,EarthPower,IceBeam|||M|||50|,,,,,Stellar]Tornadus||CovertCloak|Prankster|Tailwind,BleakwindStorm,Taunt,RainDance|||M|||50|,,,,,Dark]Urshifu-Rapid-Strike||MysticWater|UnseenFist|SurgingStrikes,CloseCombat,AquaJet,Detect|||F|||50|,,,,,Grass]Incineroar||RockyHelmet|Intimidate|FakeOut,FlareBlitz,KnockOff,PartingShot|||F|||50|,,,,,Ghost]Ogerpon-Cornerstone||CornerstoneMask|Sturdy|IvyCudgel,WoodHammer,FollowMe,SpikyShield|||F|||50|,,,,,Rock\n|showteam|p2|Miraidon||ChoiceSpecs|HadronEngine|ElectroDrift,VoltSwitch,DazzlingGleam,DracoMeteor||||||50|,,,,,Fairy]Lunala||PowerHerb|ShadowShield|MoongeistBeam,Moonblast,WideGuard,TrickRoom||||||50|,,,,,Fairy]Whimsicott||CovertCloak|Prankster|Moonblast,Tailwind,LightScreen,Encore|||M|||50|,,,,,Dark]Chi-Yu||ChoiceScarf|BeadsofRuin|Snarl,Overheat,DarkPulse,HeatWave||||||50|,,,,,Ghost]Urshifu-Rapid-Strike||FocusSash|UnseenFist|SurgingStrikes,CloseCombat,AquaJet,Protect|||M|||50|,,,,,Stellar]Iron Hands||AssaultVest|QuarkDrive|FakeOut,DrainPunch,LowKick,WildCharge||||||50|,,,,,Water\n|inactive|Battle timer is ON: inactive players will automatically lose when time's up. (requested by DrXJ13)\n|inactive|waz00 has 60 seconds left.\n|inactive|waz00 has 30 seconds left.\n|\n|t:|1746095915\n|start\n|switch|p1a: Bragulat|Calyrex-Shadow, L50|100/100\n|switch|p1b: Maximiliano|Tornadus, L50, M|100/100\n|switch|p2a: Whimsicott|Whimsicott, L50, M|100/100\n|switch|p2b: Chi-Yu|Chi-Yu, L50|100/100\n|-ability|p1a: Bragulat|As One\n|-ability|p1a: Bragulat|Unnerve\n|-ability|p2b: Chi-Yu|Beads of Ruin\n|turn|1\n|\n|t:|1746095932\n|-terastallize|p1a: Bragulat|Fairy\n|move|p1b: Maximiliano|Tailwind|p1b: Maximiliano\n|-sidestart|p1: DrXJ13|move: Tailwind\n|move|p1a: Bragulat|Nasty Plot|p1a: Bragulat\n|-boost|p1a: Bragulat|spa|2\n|move|p2b: Chi-Yu|Dark Pulse|p1a: Bragulat\n|-resisted|p1a: Bragulat\n|-damage|p1a: Bragulat|72/100\n|move|p2a: Whimsicott|Moonblast|p1a: Bragulat\n|-damage|p1a: Bragulat|37/100\n|-unboost|p1a: Bragulat|spa|1\n|\n|upkeep\n|turn|2\n|\n|t:|1746095954\n|move|p2a: Whimsicott|Encore|p1a: Bragulat\n|-start|p1a: Bragulat|Encore\n|move|p1a: Bragulat|Nasty Plot|p1a: Bragulat\n|-boost|p1a: Bragulat|spa|2\n|move|p1b: Maximiliano|Bleakwind Storm|p2b: Chi-Yu|[spread] p2a,p2b\n|-supereffective|p2a: Whimsicott\n|-damage|p2a: Whimsicott|0 fnt\n|-damage|p2b: Chi-Yu|61/100\n|-unboost|p2b: Chi-Yu|spe|1\n|faint|p2a: Whimsicott\n|move|p2b: Chi-Yu|Dark Pulse|p1a: Bragulat\n|-resisted|p1a: Bragulat\n|-damage|p1a: Bragulat|8/100\n|\n|upkeep\n|\n|t:|1746095969\n|switch|p2a: Iron Hands|Iron Hands, L50|100/100\n|turn|3\n|\n|t:|1746095978\n|switch|p1a: Napolitana|Incineroar, L50, F|100/100\n|-ability|p1a: Napolitana|Intimidate|boost\n|-unboost|p2a: Iron Hands|atk|1\n|-unboost|p2b: Chi-Yu|atk|1\n|switch|p2b: AfreakingFox|Miraidon, L50|100/100\n|-fieldstart|move: Electric Terrain|[from] ability: Hadron Engine|[of] p2b: AfreakingFox\n|-activate|p2a: Iron Hands|ability: Quark Drive\n|-start|p2a: Iron Hands|quarkdriveatk\n|move|p2a: Iron Hands|Fake Out|p1a: Napolitana\n|-damage|p1a: Napolitana|89/100\n|-damage|p2a: Iron Hands|84/100|[from] item: Rocky Helmet|[of] p1a: Napolitana\n|move|p1b: Maximiliano|Bleakwind Storm|p2a: Iron Hands|[spread] p2a,p2b\n|-resisted|p2b: AfreakingFox\n|-damage|p2a: Iron Hands|69/100\n|-damage|p2b: AfreakingFox|87/100\n|-unboost|p2a: Iron Hands|spe|1\n|-unboost|p2b: AfreakingFox|spe|1\n|\n|upkeep\n|turn|4\n|inactive|DrXJ13 has 30 seconds left.\n|\n|t:|1746096007\n|switch|p1b: LuixenNoSkills|Terapagos, L50, M|100/100\n|-activate|p1b: LuixenNoSkills|ability: Tera Shift\n|detailschange|p1b: LuixenNoSkills|Terapagos-Terastal, L50, M\n|-heal|p1b: LuixenNoSkills|100/100|[silent]\n|move|p1a: Napolitana|Fake Out|p2b: AfreakingFox\n|-crit|p2b: AfreakingFox\n|-damage|p2b: AfreakingFox|73/100\n|cant|p2b: AfreakingFox|flinch\n|move|p2a: Iron Hands|Drain Punch|p1a: Napolitana\n|-supereffective|p1a: Napolitana\n|-damage|p1a: Napolitana|32/100\n|-heal|p2a: Iron Hands|94/100|[from] drain|[of] p1a: Napolitana\n|-damage|p2a: Iron Hands|77/100|[from] item: Rocky Helmet|[of] p1a: Napolitana\n|\n|-sideend|p1: DrXJ13|move: Tailwind\n|upkeep\n|turn|5\n|\n|t:|1746096027\n|move|p2b: AfreakingFox|Electro Drift|p1b: LuixenNoSkills\n|-activate|p1b: LuixenNoSkills|ability: Tera Shell\n|-resisted|p1b: LuixenNoSkills\n|-damage|p1b: LuixenNoSkills|44/100\n|move|p1b: LuixenNoSkills|Earth Power|p2b: AfreakingFox\n|-supereffective|p2b: AfreakingFox\n|-damage|p2b: AfreakingFox|3/100\n|move|p1a: Napolitana|Parting Shot|p2b: AfreakingFox\n|-unboost|p2b: AfreakingFox|atk|1\n|-unboost|p2b: AfreakingFox|spa|1\n|\n|t:|1746096035\n|switch|p1a: Bragulat|Calyrex-Shadow, L50, tera:Fairy|8/100|[from] Parting Shot\n|-ability|p1a: Bragulat|As One\n|-ability|p1a: Bragulat|Unnerve\n|move|p2a: Iron Hands|Drain Punch|p1a: Bragulat\n|-resisted|p1a: Bragulat\n|-damage|p1a: Bragulat|0 fnt\n|-heal|p2a: Iron Hands|80/100|[from] drain|[of] p1a: Bragulat\n|faint|p1a: Bragulat\n|\n|upkeep\n|\n|t:|1746096040\n|switch|p1a: Napolitana|Incineroar, L50, F|32/100\n|-ability|p1a: Napolitana|Intimidate|boost\n|-unboost|p2a: Iron Hands|atk|1\n|-unboost|p2b: AfreakingFox|atk|1\n|turn|6\n|inactive|waz00 has 30 seconds left.\n|\n|t:|1746096067\n|switch|p2b: Chi-Yu|Chi-Yu, L50|61/100\n|-ability|p2b: Chi-Yu|Beads of Ruin\n|move|p1a: Napolitana|Fake Out|p2b: Chi-Yu\n|-damage|p2b: Chi-Yu|44/100\n|move|p1b: LuixenNoSkills|Earth Power|p2b: Chi-Yu\n|-supereffective|p2b: Chi-Yu\n|-damage|p2b: Chi-Yu|0 fnt\n|faint|p2b: Chi-Yu\n|move|p2a: Iron Hands|Low Kick|p1b: LuixenNoSkills\n|-supereffective|p1b: LuixenNoSkills\n|-damage|p1b: LuixenNoSkills|18/100\n|\n|upkeep\n|\n|t:|1746096078\n|switch|p2b: AfreakingFox|Miraidon, L50|3/100\n|-activate|p2b: AfreakingFox|ability: Hadron Engine\n|turn|7\n|\n|t:|1746096089\n|switch|p1b: Maximiliano|Tornadus, L50, M|100/100\n|-terastallize|p2b: AfreakingFox|Fairy\n|move|p2b: AfreakingFox|Dazzling Gleam|p1a: Napolitana|[spread] p1a,p1b\n|-damage|p1a: Napolitana|0 fnt\n|-damage|p1b: Maximiliano|37/100\n|faint|p1a: Napolitana\n|move|p2a: Iron Hands|Drain Punch|p1b: Maximiliano\n|-resisted|p1b: Maximiliano\n|-damage|p1b: Maximiliano|20/100\n|-heal|p2a: Iron Hands|87/100|[from] drain|[of] p1b: Maximiliano\n|\n|-fieldend|move: Electric Terrain\n|-end|p2a: Iron Hands|Quark Drive\n|upkeep\n|\n|t:|1746096095\n|switch|p1a: LuixenNoSkills|Terapagos-Terastal, L50, M|18/100\n|turn|8\n|\n|t:|1746096107\n|move|p1b: Maximiliano|Tailwind|p1b: Maximiliano\n|-sidestart|p1: DrXJ13|move: Tailwind\n|move|p1a: LuixenNoSkills|Earth Power|p2b: AfreakingFox\n|-damage|p2b: AfreakingFox|0 fnt\n|faint|p2b: AfreakingFox\n|move|p2a: Iron Hands|Drain Punch|p1a: LuixenNoSkills\n|-supereffective|p1a: LuixenNoSkills\n|-damage|p1a: LuixenNoSkills|0 fnt\n|-heal|p2a: Iron Hands|95/100|[from] drain|[of] p1a: LuixenNoSkills\n|faint|p1a: LuixenNoSkills\n|\n|upkeep\n|turn|9\n|\n|t:|1746096123\n|move|p1b: Maximiliano|Bleakwind Storm|p2a: Iron Hands\n|-damage|p2a: Iron Hands|72/100\n|move|p2a: Iron Hands|Wild Charge|p1b: Maximiliano\n|-supereffective|p1b: Maximiliano\n|-damage|p1b: Maximiliano|0 fnt\n|faint|p1b: Maximiliano\n|-damage|p2a: Iron Hands|69/100|[from] Recoil\n|\n|win|waz00\n||DrXJ13 is ready for game 2.\n|inactive|waz00 has 30 seconds to confirm battle start!\n||waz00 is ready for game 2.\n|uhtml|next|Next: <a href=\"/battle-gen9vgc2025regibo3-2354569305\"><strong>Game 2 of 3</strong></a>\n|l|\u2606DrXJ13\n|player|p1|\n", "uploadtime": 1746096536, "views": 10, "formatid": "gen9vgc2025regibo3", "rating": null, "private": 0, "password": null}