{"id": "gen9vgc2025regibo3-2354824144", "format": "[Gen 9] VGC 2025 Reg I (Bo3)", "players": ["kevsux", "Dix6"], "log": "|j|\u2606kevsux\n|j|\u2606Dix6\n|html|<table width=\"100%\"><tr><td align=\"left\">kevsux</td><td align=\"right\">Dix6</tr><tr><td align=\"left\"><i class=\"fa fa-circle\"></i> <i class=\"fa fa-circle-o\"></i> </td><td align=\"right\"><i class=\"fa fa-circle-o\"></i> <i class=\"fa fa-circle-o\"></i> </tr></table>\n|uhtml|bestof|<h2><strong>Game 2</strong> of <a href=\"/game-bestof3-gen9vgc2025regibo3-2354821086\">a best-of-3</a></h2>\n|t:|1746122906\n|gametype|doubles\n|player|p1|kevsux|brendan-gen3|1043\n|player|p2|Dix6|169|1110\n|teamsize|p1|6\n|teamsize|p2|6\n|gen|9\n|tier|[Gen 9] VGC 2025 Reg I (Bo3)\n|rated|\n|rule|Species Clause: Limit one of each Pok\u00e9mon\n|rule|Item Clause: Limit 1 of each item\n|clearpoke\n|poke|p1|Calyrex-Shadow, L50|\n|poke|p1|Terapagos, L50, M|\n|poke|p1|Incineroar, L50, M|\n|poke|p1|Ogerpon-Cornerstone, L50, F|\n|poke|p1|Urshifu-*, L50, F|\n|poke|p1|Rillaboom, L50, F|\n|poke|p2|Koraidon, L50|\n|poke|p2|Ho-Oh, L50|\n|poke|p2|Incineroar, L50, M|\n|poke|p2|Rillaboom, L50, F|\n|poke|p2|Walking Wake, L50|\n|poke|p2|Flutter Mane, L50|\n|teampreview|4\n|showteam|p1|Calyrex-Shadow||FocusSash|AsOneSpectrier|AstralBarrage,WillOWisp,Disable,Protect||||||50|,,,,,Ghost]Terapagos||Leftovers|TeraShift|TeraStarstorm,EarthPower,CalmMind,Protect|||M|||50|,,,,,Stellar]Incineroar||SitrusBerry|Intimidate|FakeOut,KnockOff,WillOWisp,PartingShot|||M|||50|,,,,,Water]Ogerpon-Cornerstone||CornerstoneMask|Sturdy|IvyCudgel,PowerWhip,FollowMe,SpikyShield|||F|||50|,,,,,Rock]Urshifu-Rapid-Strike||SplashPlate|UnseenFist|SurgingStrikes,CloseCombat,AquaJet,Detect|||F|||50|,,,,,Water]Rillaboom||AssaultVest|GrassySurge|FakeOut,WoodHammer,GrassyGlide,Uturn|||F|||50|,,,,,Fire\n|showteam|p2|Koraidon||LifeOrb|OrichalcumPulse|CloseCombat,FlareBlitz,DragonClaw,Protect||||||50|,,,,,Fire]Ho-Oh||ClearAmulet|Regenerator|BraveBird,SacredFire,Tailwind,Protect||||||50|,,,,,Electric]Incineroar||SafetyGoggles|Intimidate|KnockOff,WillOWisp,FakeOut,PartingShot|||M|||50|,,,,,Water]Rillaboom||AssaultVest|GrassySurge|WoodHammer,Uturn,GrassyGlide,FakeOut|||F|||50|,,,,,Fire]Walking Wake||CovertCloak|Protosynthesis|HydroSteam,DracoMeteor,Snarl,Protect||||||50|,,,,,Water]Flutter Mane||FocusSash|Protosynthesis|Moonblast,ShadowBall,IcyWind,Protect||||||50|,,,,,Normal\n|inactive|Battle timer is ON: inactive players will automatically lose when time's up. (requested by kevsux)\n|\n|t:|1746122932\n|start\n|switch|p1a: Ogerpon|Ogerpon-Cornerstone, L50, F|100/100\n|switch|p1b: Calyrex|Calyrex-Shadow, L50|100/100\n|switch|p2a: Koraidon|Koraidon, L50|100/100\n|switch|p2b: Flutter Mane|Flutter Mane, L50|100/100\n|-ability|p1b: Calyrex|As One\n|-ability|p1b: Calyrex|Unnerve\n|-weather|SunnyDay|[from] ability: Orichalcum Pulse|[of] p2a: Koraidon\n|-activate|p2b: Flutter Mane|ability: Protosynthesis\n|-start|p2b: Flutter Mane|protosynthesisspe\n|-activate|p2a: Koraidon|Orichalcum Pulse|[source]\n|turn|1\n|inactive|kevsux has 30 seconds left.\n|\n|t:|1746122959\n|move|p1b: Calyrex|Protect|p1b: Calyrex\n|-singleturn|p1b: Calyrex|Protect\n|move|p1a: Ogerpon|Spiky Shield|p1a: Ogerpon\n|-singleturn|p1a: Ogerpon|move: Protect\n|move|p2b: Flutter Mane|Icy Wind|p1b: Calyrex|[spread] \n|-activate|p1a: Ogerpon|move: Protect\n|-activate|p1b: Calyrex|move: Protect\n|move|p2a: Koraidon|Close Combat|p1a: Ogerpon\n|-activate|p1a: Ogerpon|move: Protect\n|-damage|p2a: Koraidon|88/100|[from] Spiky Shield|[of] p1a: Ogerpon\n|\n|-weather|SunnyDay|[upkeep]\n|upkeep\n|turn|2\n|\n|t:|1746122978\n|move|p1a: Ogerpon|Follow Me|p1a: Ogerpon\n|-singleturn|p1a: Ogerpon|move: Follow Me\n|move|p2b: Flutter Mane|Icy Wind|p1b: Calyrex|[spread] p1a,p1b\n|-supereffective|p1a: Ogerpon\n|-damage|p1a: Ogerpon|68/100\n|-damage|p1b: Calyrex|87/100\n|-unboost|p1a: Ogerpon|spe|1\n|-unboost|p1b: Calyrex|spe|1\n|move|p2a: Koraidon|Flare Blitz|p1a: Ogerpon\n|-damage|p1a: Ogerpon|0 fnt\n|faint|p1a: Ogerpon\n|-damage|p2a: Koraidon|68/100|[from] Recoil\n|-damage|p2a: Koraidon|58/100|[from] item: Life Orb\n|move|p1b: Calyrex|Astral Barrage|p2b: Flutter Mane|[spread] p2a,p2b\n|-supereffective|p2b: Flutter Mane\n|-damage|p2a: Koraidon|1/100\n|-enditem|p2b: Flutter Mane|Focus Sash\n|-damage|p2b: Flutter Mane|1/100\n|\n|-weather|SunnyDay|[upkeep]\n|upkeep\n|\n|t:|1746122997\n|switch|p1a: Incineroar|Incineroar, L50, M|100/100\n|-ability|p1a: Incineroar|Intimidate|boost\n|-unboost|p2a: Koraidon|atk|1\n|-unboost|p2b: Flutter Mane|atk|1\n|turn|3\n|\n|t:|1746123009\n|switch|p1b: Terapagos|Terapagos, L50, M|100/100\n|-activate|p1b: Terapagos|ability: Tera Shift\n|detailschange|p1b: Terapagos|Terapagos-Terastal, L50, M\n|-heal|p1b: Terapagos|100/100|[silent]\n|move|p2a: Koraidon|Protect|p2a: Koraidon\n|-singleturn|p2a: Koraidon|Protect\n|move|p2b: Flutter Mane|Moonblast|p1a: Incineroar\n|-damage|p1a: Incineroar|48/100\n|-enditem|p1a: Incineroar|Sitrus Berry|[eat]\n|-heal|p1a: Incineroar|73/100|[from] item: Sitrus Berry\n|move|p1a: Incineroar|Knock Off|p2a: Koraidon\n|-activate|p2a: Koraidon|move: Protect\n|\n|-weather|SunnyDay|[upkeep]\n|upkeep\n|turn|4\n|\n|t:|1746123032\n|move|p2b: Flutter Mane|Moonblast|p1a: Incineroar\n|-damage|p1a: Incineroar|20/100\n|move|p2a: Koraidon|Close Combat|p1b: Terapagos\n|-activate|p1b: Terapagos|ability: Tera Shell\n|-resisted|p1b: Terapagos\n|-damage|p1b: Terapagos|75/100\n|-unboost|p2a: Koraidon|def|1\n|-unboost|p2a: Koraidon|spd|1\n|-damage|p2a: Koraidon|0 fnt|[from] item: Life Orb\n|faint|p2a: Koraidon\n|move|p1b: Terapagos|Tera Starstorm|p2b: Flutter Mane\n|-immune|p2b: Flutter Mane\n|move|p1a: Incineroar|Knock Off|p2b: Flutter Mane\n|-damage|p2b: Flutter Mane|0 fnt\n|faint|p2b: Flutter Mane\n|-end|p2b: Flutter Mane|Protosynthesis|[silent]\n|\n|-weather|SunnyDay|[upkeep]\n|-heal|p1b: Terapagos|81/100|[from] item: Leftovers\n|upkeep\n|\n|t:|1746123053\n|switch|p2b: Walking Wake|Walking Wake, L50|100/100\n|switch|p2a: Ho-Oh|Ho-Oh, L50|100/100\n|-activate|p2b: Walking Wake|ability: Protosynthesis\n|-start|p2b: Walking Wake|protosynthesisspe\n|turn|5\n|\n|t:|1746123065\n|move|p2b: Walking Wake|Hydro Steam|p1a: Incineroar\n|-supereffective|p1a: Incineroar\n|-damage|p1a: Incineroar|0 fnt\n|faint|p1a: Incineroar\n|move|p2a: Ho-Oh|Sacred Fire|p1b: Terapagos\n|-damage|p1b: Terapagos|31/100\n|-status|p1b: Terapagos|brn\n|move|p1b: Terapagos|Tera Starstorm|p2b: Walking Wake\n|-damage|p2b: Walking Wake|59/100\n|\n|-weather|none\n|-end|p2b: Walking Wake|Protosynthesis\n|-heal|p1b: Terapagos|37/100 brn|[from] item: Leftovers\n|-damage|p1b: Terapagos|31/100 brn|[from] brn\n|upkeep\n|\n|t:|1746123076\n|switch|p1a: Calyrex|Calyrex-Shadow, L50|87/100\n|-ability|p1a: Calyrex|As One\n|-ability|p1a: Calyrex|Unnerve\n|turn|6\n|\n|t:|1746123089\n|-terastallize|p1a: Calyrex|Ghost\n|move|p2b: Walking Wake|Protect|p2b: Walking Wake\n|-singleturn|p2b: Walking Wake|Protect\n|move|p1a: Calyrex|Astral Barrage|p2a: Ho-Oh|[spread] p2a\n|-activate|p2b: Walking Wake|move: Protect\n|-damage|p2a: Ho-Oh|56/100\n|move|p2a: Ho-Oh|Tailwind|p2a: Ho-Oh\n|-sidestart|p2: Dix6|move: Tailwind\n|move|p1b: Terapagos|Tera Starstorm|p2a: Ho-Oh\n|-crit|p2a: Ho-Oh\n|-damage|p2a: Ho-Oh|16/100\n|\n|-heal|p1b: Terapagos|37/100 brn|[from] item: Leftovers\n|-damage|p1b: Terapagos|31/100 brn|[from] brn\n|upkeep\n|turn|7\n|\n|t:|1746123112\n|move|p2b: Walking Wake|Snarl|p1a: Calyrex|[spread] p1a,p1b\n|-supereffective|p1a: Calyrex\n|-damage|p1a: Calyrex|62/100\n|-damage|p1b: Terapagos|22/100 brn\n|-unboost|p1a: Calyrex|spa|1\n|-unboost|p1b: Terapagos|spa|1\n|move|p2a: Ho-Oh|Sacred Fire|p1a: Calyrex\n|-damage|p1a: Calyrex|0 fnt\n|faint|p1a: Calyrex\n|move|p1b: Terapagos|Tera Starstorm|p2a: Ho-Oh\n|-damage|p2a: Ho-Oh|0 fnt\n|faint|p2a: Ho-Oh\n|\n|-heal|p1b: Terapagos|28/100 brn|[from] item: Leftovers\n|-damage|p1b: Terapagos|22/100 brn|[from] brn\n|upkeep\n|turn|8\n|\n|t:|1746123135\n|move|p2b: Walking Wake|Snarl|p1b: Terapagos\n|-damage|p1b: Terapagos|10/100 brn\n|-unboost|p1b: Terapagos|spa|1\n|move|p1b: Terapagos|Tera Starstorm|p2b: Walking Wake\n|-damage|p2b: Walking Wake|39/100\n|\n|-heal|p1b: Terapagos|16/100 brn|[from] item: Leftovers\n|-damage|p1b: Terapagos|10/100 brn|[from] brn\n|upkeep\n|turn|9\n|\n|t:|1746123149\n|move|p2b: Walking Wake|Snarl|p1b: Terapagos\n|-damage|p1b: Terapagos|0 fnt\n|faint|p1b: Terapagos\n|\n|win|Dix6\n||kevsux is ready for game 3.\n|l|\u2606Dix6\n|player|p2|\n||Dix6 is ready for game 3.\n|uhtml|next|Next: <a href=\"/battle-gen9vgc2025regibo3-2354827116\"><strong>Game 3 of 3</strong></a>\n", "uploadtime": 1746123499, "views": 10, "formatid": "gen9vgc2025regibo3", "rating": null, "private": 0, "password": null}