{"id": "gen9vgc2025regibo3-2354260931", "format": "[Gen 9] VGC 2025 Reg I (Bo3)", "players": ["Clickster1", "ManuButtowski"], "log": "|j|\u2606Clickster1\n|j|\u2606ManuButtowski\n|html|<table width=\"100%\"><tr><td align=\"left\">Clickster1</td><td align=\"right\">ManuButtowski</tr><tr><td align=\"left\"><i class=\"fa fa-circle-o\"></i> <i class=\"fa fa-circle-o\"></i> </td><td align=\"right\"><i class=\"fa fa-circle-o\"></i> <i class=\"fa fa-circle-o\"></i> </tr></table>\n|uhtml|bestof|<h2><strong>Game 1</strong> of <a href=\"/game-bestof3-gen9vgc2025regibo3-2354260930\">a best-of-3</a></h2>\n|t:|1746050207\n|gametype|doubles\n|player|p1|Clickster1|proton|1058\n|player|p2|ManuButtowski|marshal|1178\n|teamsize|p1|6\n|teamsize|p2|6\n|gen|9\n|tier|[Gen 9] VGC 2025 Reg I (Bo3)\n|rated|\n|rule|Species Clause: Limit one of each Pok\u00e9mon\n|rule|Item Clause: Limit 1 of each item\n|clearpoke\n|poke|p1|Lunala, L50|\n|poke|p1|Koraidon, L50|\n|poke|p1|Flutter Mane, L50|\n|poke|p1|Raging Bolt, L50|\n|poke|p1|Chi-Yu, L50|\n|poke|p1|Brute Bonnet, L50|\n|poke|p2|Koraidon, L50|\n|poke|p2|Ho-Oh, L50|\n|poke|p2|Flutter Mane, L50|\n|poke|p2|Raging Bolt, L50|\n|poke|p2|Chien-Pao, L50|\n|poke|p2|Amoonguss, L50, F|\n|teampreview|4\n|showteam|p1|Lunala||PowerHerb|ShadowShield|MeteorBeam,MoongeistBeam,WideGuard,TrickRoom||||||50|,,,,,Water]Koraidon||LifeOrb|OrichalcumPulse|CloseCombat,FlareBlitz,FlameCharge,Protect||||||50|,,,,,Fire]Flutter Mane||FocusSash|Protosynthesis|ShadowBall,Moonblast,IcyWind,Protect||||||50|,,,,,Normal]Raging Bolt||AssaultVest|Protosynthesis|Thunderclap,Thunderbolt,Electroweb,DracoMeteor||||||50|,,,,,Electric]Chi-Yu||ChoiceScarf|BeadsofRuin|HeatWave,Snarl,DarkPulse,Overheat||||||50|,,,,,Ghost]Brute Bonnet||CovertCloak|Protosynthesis|SeedBomb,SuckerPunch,RagePowder,Spore||||||50|,,,,,Water\n|showteam|p2|Koraidon||ClearAmulet|OrichalcumPulse|FlareBlitz,CollisionCourse,Uturn,Protect||||||50|,,,,,Fire]Ho-Oh||RockyHelmet|Regenerator|SacredFire,LifeDew,Tailwind,Protect||||||50|,,,,,Grass]Flutter Mane||ChoiceSpecs|Protosynthesis|Moonblast,DazzlingGleam,ShadowBall,IcyWind||||||50|,,,,,Fairy]Raging Bolt||AssaultVest|Protosynthesis|Thunderclap,DracoMeteor,Thunderbolt,Snarl||||||50|,,,,,Electric]Chien-Pao||FocusSash|SwordofRuin|IceSpinner,ThroatChop,SuckerPunch,Protect||||||50|,,,,,Stellar]Amoonguss||MentalHerb|Regenerator|Spore,RagePowder,PollenPuff,ClearSmog|||F|||50|,,,,,Fire\n|inactive|Battle timer is ON: inactive players will automatically lose when time's up. (requested by Clickster1)\n|inactive|Clickster1 has 60 seconds left.\n|inactive|ManuButtowski has 60 seconds left.\n|inactive|Clickster1 has 30 seconds left.\n|inactive|ManuButtowski has 30 seconds left.\n|\n|t:|1746050272\n|start\n|switch|p1a: Lunala|Lunala, L50|100/100\n|switch|p1b: Chi-Yu|Chi-Yu, L50|100/100\n|switch|p2a: Chien-Pao|Chien-Pao, L50|100/100\n|switch|p2b: Flutter Mane|Flutter Mane, L50|100/100\n|-ability|p1b: Chi-Yu|Beads of Ruin\n|-ability|p2a: Chien-Pao|Sword of Ruin\n|turn|1\n|inactive|Clickster1 has 30 seconds left.\n|inactive|ManuButtowski has 30 seconds left.\n|inactive|ManuButtowski has 20 seconds left.\n|inactive|ManuButtowski has 15 seconds left.\n|inactive|ManuButtowski has 10 seconds left.\n|\n|t:|1746050318\n|switch|p2a: Koraidon|Koraidon, L50|100/100\n|-weather|SunnyDay|[from] ability: Orichalcum Pulse|[of] p2a: Koraidon\n|-activate|p2b: Flutter Mane|ability: Protosynthesis\n|-start|p2b: Flutter Mane|protosynthesisspe\n|-activate|p2a: Koraidon|Orichalcum Pulse|[source]\n|-terastallize|p1a: Lunala|Water\n|move|p2b: Flutter Mane|Shadow Ball|p1a: Lunala\n|-damage|p1a: Lunala|70/100\n|-unboost|p1a: Lunala|spd|1\n|move|p1b: Chi-Yu|Snarl|p2a: Koraidon|[spread] p2a,p2b\n|-resisted|p2a: Koraidon\n|-damage|p2a: Koraidon|86/100\n|-damage|p2b: Flutter Mane|73/100\n|-unboost|p2b: Flutter Mane|spa|1\n|move|p1a: Lunala|Meteor Beam||[still]\n|-prepare|p1a: Lunala|Meteor Beam\n|-boost|p1a: Lunala|spa|1\n|-enditem|p1a: Lunala|Power Herb\n|-anim|p1a: Lunala|Meteor Beam|p2a: Koraidon\n|-resisted|p2a: Koraidon\n|-damage|p2a: Koraidon|42/100\n|\n|-weather|SunnyDay|[upkeep]\n|upkeep\n|turn|2\n|inactive|Clickster1 has 30 seconds left.\n|inactive|ManuButtowski has 30 seconds left.\n|inactive|Clickster1 has 20 seconds left.\n|inactive|ManuButtowski has 20 seconds left.\n|inactive|Clickster1 has 15 seconds left.\n|inactive|ManuButtowski has 15 seconds left.\n|inactive|ManuButtowski has 10 seconds left.\n|inactive|ManuButtowski has 5 seconds left.\n|\n|t:|1746050369\n|-end|p2b: Flutter Mane|Protosynthesis|[silent]\n|switch|p2b: Ho-Oh|Ho-Oh, L50|100/100\n|move|p2a: Koraidon|Protect|p2a: Koraidon\n|-singleturn|p2a: Koraidon|Protect\n|move|p1b: Chi-Yu|Snarl|p2b: Ho-Oh|[spread] p2b\n|-activate|p2a: Koraidon|move: Protect\n|-damage|p2b: Ho-Oh|83/100\n|-unboost|p2b: Ho-Oh|spa|1\n|move|p1a: Lunala|Moongeist Beam|p2a: Koraidon\n|-activate|p2a: Koraidon|move: Protect\n|\n|-weather|SunnyDay|[upkeep]\n|upkeep\n|turn|3\n|inactive|Clickster1 has 30 seconds left.\n|inactive|Clickster1 has 20 seconds left.\n|inactive|Clickster1 has 15 seconds left.\n|\n|t:|1746050417\n|switch|p1b: Raging Bolt|Raging Bolt, L50|100/100\n|-activate|p1b: Raging Bolt|ability: Protosynthesis\n|-start|p1b: Raging Bolt|protosynthesisspa\n|move|p2a: Koraidon|Collision Course|p1b: Raging Bolt\n|-damage|p1b: Raging Bolt|31/100\n|move|p1a: Lunala|Moongeist Beam|p2a: Koraidon\n|-damage|p2a: Koraidon|0 fnt\n|faint|p2a: Koraidon\n|move|p2b: Ho-Oh|Life Dew|p2b: Ho-Oh\n|-heal|p2b: Ho-Oh|100/100\n|\n|-weather|SunnyDay|[upkeep]\n|upkeep\n|\n|t:|1746050434\n|switch|p2a: Flutter Mane|Flutter Mane, L50|73/100\n|-activate|p2a: Flutter Mane|ability: Protosynthesis\n|-start|p2a: Flutter Mane|protosynthesisspe\n|turn|4\n|inactive|Clickster1 has 30 seconds left.\n|inactive|ManuButtowski has 30 seconds left.\n|\n|t:|1746050466\n|-terastallize|p2a: Flutter Mane|Fairy\n|move|p1b: Raging Bolt|Thunderclap|p2a: Flutter Mane\n|-damage|p2a: Flutter Mane|28/100\n|move|p2a: Flutter Mane|Dazzling Gleam|p1a: Lunala|[spread] p1a,p1b\n|-supereffective|p1b: Raging Bolt\n|-damage|p1a: Lunala|0 fnt\n|-damage|p1b: Raging Bolt|0 fnt\n|faint|p1a: Lunala\n|faint|p1b: Raging Bolt\n|-end|p1b: Raging Bolt|Protosynthesis|[silent]\n|move|p2b: Ho-Oh|Sacred Fire|p1: Lunala|[notarget]\n|-fail|p2b: Ho-Oh\n|\n|-weather|SunnyDay|[upkeep]\n|upkeep\n|\n|t:|1746050477\n|switch|p1a: Chi-Yu|Chi-Yu, L50|100/100\n|switch|p1b: Brute Bonnet|Brute Bonnet, L50|100/100\n|-ability|p1a: Chi-Yu|Beads of Ruin\n|-activate|p1b: Brute Bonnet|ability: Protosynthesis\n|-start|p1b: Brute Bonnet|protosynthesisdef\n|turn|5\n|inactive|Clickster1 has 30 seconds left.\n|inactive|ManuButtowski has 30 seconds left.\n|inactive|ManuButtowski has 20 seconds left.\n|inactive|Clickster1 has 20 seconds left.\n|inactive|ManuButtowski has 15 seconds left.\n|inactive|ManuButtowski has 10 seconds left.\n|inactive|Clickster1 has 15 seconds left.\n|\n|t:|1746050528\n|-end|p2a: Flutter Mane|Protosynthesis|[silent]\n|switch|p2a: Chien-Pao|Chien-Pao, L50|100/100\n|-ability|p2a: Chien-Pao|Sword of Ruin\n|move|p1a: Chi-Yu|Heat Wave|p2a: Chien-Pao|[spread] p2b\n|-miss|p1a: Chi-Yu|p2a: Chien-Pao\n|-resisted|p2b: Ho-Oh\n|-damage|p2b: Ho-Oh|79/100\n|move|p2b: Ho-Oh|Sacred Fire|p1b: Brute Bonnet\n|-supereffective|p1b: Brute Bonnet\n|-damage|p1b: Brute Bonnet|3/100\n|move|p1b: Brute Bonnet|Spore|p2b: Ho-Oh\n|-status|p2b: Ho-Oh|slp|[from] move: Spore\n|\n|-weather|none\n|-end|p1b: Brute Bonnet|Protosynthesis\n|upkeep\n|turn|6\n|inactive|ManuButtowski has 30 seconds left.\n|inactive|ManuButtowski has 20 seconds left.\n|inactive|ManuButtowski has 15 seconds left.\n|\n|t:|1746050569\n|move|p1b: Brute Bonnet|Rage Powder|p1b: Brute Bonnet\n|-singleturn|p1b: Brute Bonnet|move: Rage Powder\n|move|p1a: Chi-Yu|Heat Wave|p2a: Chien-Pao|[spread] p2a,p2b\n|-supereffective|p2a: Chien-Pao\n|-resisted|p2b: Ho-Oh\n|-enditem|p2a: Chien-Pao|Focus Sash\n|-damage|p2a: Chien-Pao|1/100\n|-damage|p2b: Ho-Oh|65/100 slp\n|move|p2a: Chien-Pao|Ice Spinner|p1b: Brute Bonnet\n|-supereffective|p1b: Brute Bonnet\n|-damage|p1b: Brute Bonnet|0 fnt\n|faint|p1b: Brute Bonnet\n|-end|p1b: Brute Bonnet|Protosynthesis|[silent]\n|cant|p2b: Ho-Oh|slp\n|\n|upkeep\n|turn|7\n|\n|t:|1746050591\n|move|p2a: Chien-Pao|Protect|p2a: Chien-Pao\n|-singleturn|p2a: Chien-Pao|Protect\n|move|p1a: Chi-Yu|Heat Wave|p2a: Chien-Pao|[spread] p2b\n|-activate|p2a: Chien-Pao|move: Protect\n|-resisted|p2b: Ho-Oh\n|-damage|p2b: Ho-Oh|51/100 slp\n|-curestatus|p2b: Ho-Oh|slp|[msg]\n|move|p2b: Ho-Oh|Tailwind|p2b: Ho-Oh\n|-sidestart|p2: ManuButtowski|move: Tailwind\n|\n|upkeep\n|turn|8\n|inactive|ManuButtowski has 30 seconds left.\n|\n|t:|1746050623\n|move|p2a: Chien-Pao|Throat Chop|p1a: Chi-Yu\n|-resisted|p1a: Chi-Yu\n|-damage|p1a: Chi-Yu|55/100\n|-start|p1a: Chi-Yu|Throat Chop|[silent]\n|move|p1a: Chi-Yu|Heat Wave|p2b: Ho-Oh|[spread] p2a,p2b\n|-supereffective|p2a: Chien-Pao\n|-resisted|p2b: Ho-Oh\n|-damage|p2a: Chien-Pao|0 fnt\n|-damage|p2b: Ho-Oh|35/100\n|faint|p2a: Chien-Pao\n|move|p2b: Ho-Oh|Sacred Fire|p1a: Chi-Yu\n|-resisted|p1a: Chi-Yu\n|-damage|p1a: Chi-Yu|12/100\n|\n|upkeep\n|\n|t:|1746050634\n|switch|p2a: Flutter Mane|Flutter Mane, L50, tera:Fairy|28/100\n|turn|9\n|\n|t:|1746050643\n|move|p2a: Flutter Mane|Moonblast|p1a: Chi-Yu\n|-damage|p1a: Chi-Yu|0 fnt\n|faint|p1a: Chi-Yu\n|\n|win|ManuButtowski\n||ManuButtowski is ready for game 2.\n|inactive|Clickster1 has 30 seconds to confirm battle start!\n||Clickster1 is ready for game 2.\n|uhtml|next|Next: <a href=\"/battle-gen9vgc2025regibo3-2354264978\"><strong>Game 2 of 3</strong></a>\n", "uploadtime": 1746051463, "views": 8, "formatid": "gen9vgc2025regibo3", "rating": null, "private": 0, "password": null}