{"id": "gen9vgc2025regibo3-2353893254", "format": "[Gen 9] VGC 2025 Reg I (Bo3)", "players": ["rafe_model_k", "corndog7"], "log": "|j|\u2606rafe_model_k\n|j|\u2606corndog7\n|html|<table width=\"100%\"><tr><td align=\"left\">rafe_model_k</td><td align=\"right\">corndog7</tr><tr><td align=\"left\"><i class=\"fa fa-circle-o\"></i> <i class=\"fa fa-circle-o\"></i> </td><td align=\"right\"><i class=\"fa fa-circle-o\"></i> <i class=\"fa fa-circle\"></i> </tr></table>\n|uhtml|bestof|<h2><strong>Game 2</strong> of <a href=\"/game-bestof3-gen9vgc2025regibo3-2353891252\">a best-of-3</a></h2>\n|t:|1746015874\n|gametype|doubles\n|player|p1|rafe_model_k|1|1199\n|player|p2|corndog7|265|1291\n|teamsize|p1|6\n|teamsize|p2|6\n|gen|9\n|tier|[Gen 9] VGC 2025 Reg I (Bo3)\n|rated|\n|rule|Species Clause: Limit one of each Pok\u00e9mon\n|rule|Item Clause: Limit 1 of each item\n|clearpoke\n|poke|p1|Groudon, L50|\n|poke|p1|Koraidon, L50|\n|poke|p1|Raging Bolt, L50|\n|poke|p1|Brute Bonnet, L50|\n|poke|p1|Flutter Mane, L50|\n|poke|p1|Chi-Yu, L50|\n|poke|p2|Miraidon, L50|\n|poke|p2|Farigiraf, L50, F|\n|poke|p2|Iron Hands, L50|\n|poke|p2|Ho-Oh, L50|\n|poke|p2|Ogerpon-Hearthflame, L50, F|\n|poke|p2|Chien-Pao, L50|\n|teampreview|4\n|showteam|p1|Groudon||AssaultVest|Drought|FirePunch,Crunch,HammerArm,PrecipiceBlades||||||50|,,,,,Fire]Koraidon||ClearAmulet|OrichalcumPulse|CloseCombat,FlareBlitz,FlameCharge,Protect||||||50|,,,,,Fire]Raging Bolt||LifeOrb|Protosynthesis|Thunderbolt,Thunderclap,DracoMeteor,Protect||||||50|,,,,,Electric]Brute Bonnet||SitrusBerry|Protosynthesis|SuckerPunch,LashOut,RagePowder,Spore||||||50|,,,,,Water]Flutter Mane||FocusSash|Protosynthesis|Protect,DazzlingGleam,ShadowBall,IcyWind||||||50|,,,,,Fairy]Chi-Yu||ChoiceScarf|BeadsofRuin|HeatWave,Flamethrower,Psychic,DarkPulse||||||50|,,,,,Ghost\n|showteam|p2|Miraidon||ChoiceSpecs|HadronEngine|ElectroDrift,DracoMeteor,DazzlingGleam,VoltSwitch||||||50|,,,,,Fairy]Farigiraf||ThroatSpray|ArmorTail|HyperVoice,PsychicNoise,TrickRoom,Protect|||F|||50|,,,,,Fairy]Iron Hands||AssaultVest|QuarkDrive|FakeOut,DrainPunch,LowKick,HeavySlam||||||50|,,,,,Water]Ho-Oh||ClearAmulet|Regenerator|SacredFire,BraveBird,Tailwind,Protect||||||50|,,,,,Grass]Ogerpon-Hearthflame||HearthflameMask|MoldBreaker|IvyCudgel,WoodHammer,FollowMe,SpikyShield|||F|||50|,,,,,Fire]Chien-Pao||FocusSash|SwordofRuin|IcicleCrash,SacredSword,SuckerPunch,Protect||||||50|,,,,,Ghost\n|inactive|Battle timer is ON: inactive players will automatically lose when time's up. (requested by corndog7)\n|inactive|rafe_model_k has 60 seconds left.\n|\n|t:|1746015907\n|start\n|switch|p1a: Raging Bolt|Raging Bolt, L50|100/100\n|switch|p1b: Groudon|Groudon, L50|100/100\n|switch|p2a: Miraidon|Miraidon, L50|100/100\n|switch|p2b: Ho-Oh|Ho-Oh, L50|100/100\n|-fieldstart|move: Electric Terrain|[from] ability: Hadron Engine|[of] p2a: Miraidon\n|-weather|SunnyDay|[from] ability: Drought|[of] p1b: Groudon\n|-activate|p1a: Raging Bolt|ability: Protosynthesis\n|-start|p1a: Raging Bolt|protosynthesisspa\n|turn|1\n|\n|t:|1746015932\n|move|p2a: Miraidon|Dazzling Gleam|p1b: Groudon|[spread] p1a,p1b\n|-supereffective|p1a: Raging Bolt\n|-damage|p1a: Raging Bolt|23/100\n|-damage|p1b: Groudon|78/100\n|move|p2b: Ho-Oh|Sacred Fire|p1b: Groudon\n|-damage|p1b: Groudon|20/100\n|move|p1b: Groudon|Fire Punch|p2b: Ho-Oh\n|-resisted|p2b: Ho-Oh\n|-damage|p2b: Ho-Oh|84/100\n|move|p1a: Raging Bolt|Thunderbolt|p2b: Ho-Oh\n|-supereffective|p2b: Ho-Oh\n|-damage|p2b: Ho-Oh|0 fnt\n|faint|p2b: Ho-Oh\n|-damage|p1a: Raging Bolt|13/100|[from] item: Life Orb\n|\n|-weather|SunnyDay|[upkeep]\n|upkeep\n|\n|t:|1746015945\n|switch|p2b: Ogerpon|Ogerpon-Hearthflame, L50, F|100/100\n|-ability|p2b: Ogerpon|Mold Breaker\n|turn|2\n|inactive|rafe_model_k has 30 seconds left.\n|inactive|rafe_model_k has 20 seconds left.\n|inactive|rafe_model_k has 15 seconds left.\n|inactive|rafe_model_k has 10 seconds left.\n|inactive|rafe_model_k has 5 seconds left.\n|\n|t:|1746015996\n|move|p1a: Raging Bolt|Protect|p1a: Raging Bolt\n|-singleturn|p1a: Raging Bolt|Protect\n|move|p2a: Miraidon|Dazzling Gleam|p1a: Raging Bolt|[spread] p1b\n|-activate|p1a: Raging Bolt|move: Protect\n|-damage|p1b: Groudon|0 fnt\n|faint|p1b: Groudon\n|move|p2b: Ogerpon|Ivy Cudgel|p1a: Raging Bolt|[anim] Ivy Cudgel Fire\n|-activate|p1a: Raging Bolt|move: Protect\n|\n|-weather|SunnyDay|[upkeep]\n|upkeep\n|\n|t:|1746016007\n|switch|p1b: Brute Bonnet|Brute Bonnet, L50|100/100\n|-activate|p1b: Brute Bonnet|ability: Protosynthesis\n|-start|p1b: Brute Bonnet|protosynthesisdef\n|turn|3\n|\n|t:|1746016026\n|move|p1a: Raging Bolt|Thunderclap|p2b: Ogerpon\n|-resisted|p2b: Ogerpon\n|-damage|p2b: Ogerpon|55/100\n|-damage|p1a: Raging Bolt|3/100|[from] item: Life Orb\n|move|p1b: Brute Bonnet|Sucker Punch|p2b: Ogerpon\n|-damage|p2b: Ogerpon|21/100\n|move|p2a: Miraidon|Dazzling Gleam|p1b: Brute Bonnet|[spread] p1a,p1b\n|-supereffective|p1a: Raging Bolt\n|-supereffective|p1b: Brute Bonnet\n|-damage|p1a: Raging Bolt|0 fnt\n|-damage|p1b: Brute Bonnet|42/100\n|-enditem|p1b: Brute Bonnet|Sitrus Berry|[eat]\n|-heal|p1b: Brute Bonnet|67/100|[from] item: Sitrus Berry\n|faint|p1a: Raging Bolt\n|-end|p1a: Raging Bolt|Protosynthesis|[silent]\n|move|p2b: Ogerpon|Wood Hammer|p1b: Brute Bonnet\n|-resisted|p1b: Brute Bonnet\n|-damage|p1b: Brute Bonnet|49/100\n|-damage|p2b: Ogerpon|13/100|[from] Recoil\n|\n|-weather|SunnyDay|[upkeep]\n|upkeep\n|\n|t:|1746016043\n|switch|p1a: Flutter Mane|Flutter Mane, L50|100/100\n|-activate|p1a: Flutter Mane|ability: Protosynthesis\n|-start|p1a: Flutter Mane|protosynthesisspe\n|turn|4\n|inactive|rafe_model_k has 30 seconds left.\n|\n|t:|1746016073\n|-terastallize|p1a: Flutter Mane|Fairy\n|-terastallize|p2a: Miraidon|Fairy\n|move|p2b: Ogerpon|Spiky Shield|p2b: Ogerpon\n|-singleturn|p2b: Ogerpon|move: Protect\n|move|p1b: Brute Bonnet|Sucker Punch|p2a: Miraidon\n|-resisted|p2a: Miraidon\n|-damage|p2a: Miraidon|85/100\n|move|p1a: Flutter Mane|Dazzling Gleam|p2b: Ogerpon|[spread] p2a\n|-activate|p2b: Ogerpon|move: Protect\n|-damage|p2a: Miraidon|48/100\n|move|p2a: Miraidon|Dazzling Gleam|p1a: Flutter Mane|[spread] p1a,p1b\n|-supereffective|p1b: Brute Bonnet\n|-damage|p1a: Flutter Mane|34/100\n|-damage|p1b: Brute Bonnet|0 fnt\n|faint|p1b: Brute Bonnet\n|-end|p1b: Brute Bonnet|Protosynthesis|[silent]\n|\n|-weather|SunnyDay|[upkeep]\n|upkeep\n|turn|5\n|\n|t:|1746016094\n|switch|p2a: Iron Hands|Iron Hands, L50|100/100\n|-activate|p2a: Iron Hands|ability: Quark Drive\n|-start|p2a: Iron Hands|quarkdriveatk\n|move|p1a: Flutter Mane|Dazzling Gleam|p2a: Iron Hands|[spread] p2a,p2b\n|-supereffective|p2a: Iron Hands\n|-resisted|p2b: Ogerpon\n|-damage|p2a: Iron Hands|57/100\n|-damage|p2b: Ogerpon|0 fnt\n|faint|p2b: Ogerpon\n|\n|-weather|none\n|-end|p1a: Flutter Mane|Protosynthesis\n|-fieldend|move: Electric Terrain\n|-end|p2a: Iron Hands|Quark Drive\n|upkeep\n|\n|t:|1746016095\n|switch|p2b: Miraidon|Miraidon, L50, tera:Fairy|48/100\n|-fieldstart|move: Electric Terrain|[from] ability: Hadron Engine|[of] p2b: Miraidon\n|-activate|p2a: Iron Hands|ability: Quark Drive\n|-start|p2a: Iron Hands|quarkdriveatk\n|turn|6\n|\n|t:|1746016109\n|move|p1a: Flutter Mane|Protect|p1a: Flutter Mane\n|-singleturn|p1a: Flutter Mane|Protect\n|move|p2a: Iron Hands|Fake Out|p1a: Flutter Mane\n|-activate|p1a: Flutter Mane|move: Protect\n|move|p2b: Miraidon|Electro Drift|p1a: Flutter Mane\n|-activate|p1a: Flutter Mane|move: Protect\n|\n|upkeep\n|turn|7\n|\n|t:|1746016115\n|move|p2b: Miraidon|Electro Drift|p1a: Flutter Mane\n|-damage|p1a: Flutter Mane|0 fnt\n|faint|p1a: Flutter Mane\n|-end|p1a: Flutter Mane|Protosynthesis|[silent]\n|\n|win|corndog7\n|raw|rafe_model_k's rating: 1199 &rarr; <strong>1180</strong><br />(-19 for losing)\n|raw|corndog7's rating: 1291 &rarr; <strong>1310</strong><br />(+19 for winning)\n", "uploadtime": 1746016116, "views": 6, "formatid": "gen9vgc2025regibo3", "rating": 1180, "private": 0, "password": null}