{"id": "gen9vgc2025regibo3-2355096024", "format": "[Gen 9] VGC 2025 Reg I (Bo3)", "players": ["Blackout6868", "grankie"], "log": "|j|\u2606Blackout6868\n|j|\u2606grankie\n|html|<table width=\"100%\"><tr><td align=\"left\">Blackout6868</td><td align=\"right\">grankie</tr><tr><td align=\"left\"><i class=\"fa fa-circle-o\"></i> <i class=\"fa fa-circle-o\"></i> </td><td align=\"right\"><i class=\"fa fa-circle-o\"></i> <i class=\"fa fa-circle-o\"></i> </tr></table>\n|uhtml|bestof|<h2><strong>Game 1</strong> of <a href=\"/game-bestof3-gen9vgc2025regibo3-2355096023\">a best-of-3</a></h2>\n|t:|1746151942\n|gametype|doubles\n|player|p1|Blackout6868|cynthia|1152\n|player|p2|grankie|baker|1172\n|teamsize|p1|6\n|teamsize|p2|6\n|gen|9\n|tier|[Gen 9] VGC 2025 Reg I (Bo3)\n|rated|\n|rule|Species Clause: Limit one of each Pok\u00e9mon\n|rule|Item Clause: Limit 1 of each item\n|clearpoke\n|poke|p1|Calyrex-Shadow, L50|\n|poke|p1|Miraidon, L50|\n|poke|p1|Tornadus, L50, M|\n|poke|p1|Urshifu-*, L50, M|\n|poke|p1|Iron Hands, L50|\n|poke|p1|Ogerpon-Hearthflame, L50, F|\n|poke|p2|Terapagos, L50, M|\n|poke|p2|Koraidon, L50|\n|poke|p2|Flutter Mane, L50|\n|poke|p2|Jumpluff, L50, M|\n|poke|p2|Raging Bolt, L50|\n|poke|p2|Incineroar, L50, M|\n|teampreview|4\n|showteam|p1|Calyrex-Shadow||LifeOrb|AsOneSpectrier|AstralBarrage,Psychic,TeraBlast,Protect||||||50|,,,,,Water]Miraidon||ChoiceSpecs|HadronEngine|ElectroDrift,VoltSwitch,DracoMeteor,DazzlingGleam||||||50|,,,,,Fairy]Tornadus||CovertCloak|Prankster|Tailwind,RainDance,BleakwindStorm,ScaryFace|||M|||50|,,,,,Dark]Urshifu-Rapid-Strike||ChoiceScarf|UnseenFist|AquaJet,SurgingStrikes,CloseCombat,Uturn|||M|||50|,,,,,Water]Iron Hands||AssaultVest|QuarkDrive|FakeOut,DrainPunch,LowKick,WildCharge||||||50|,,,,,Grass]Ogerpon-Hearthflame||HearthflameMask|MoldBreaker|HornLeech,IvyCudgel,FollowMe,SpikyShield|||F|||50|,,,,,Fire\n|showteam|p2|Terapagos||PowerHerb|TeraShift|MeteorBeam,TeraStarstorm,EarthPower,Protect|||M|||50|,,,,,Stellar]Koraidon||LifeOrb|OrichalcumPulse|CloseCombat,FlareBlitz,ScaleShot,Protect||||||50|,,,,,Ghost]Flutter Mane||FocusSash|Protosynthesis|Moonblast,IcyWind,ShadowBall,Protect||||||50|,,,,,Fairy]Jumpluff||WideLens|Chlorophyll|SleepPowder,Encore,Protect,Tailwind|||M|||50|,,,,,Water]Raging Bolt||AssaultVest|Protosynthesis|Thunderbolt,Snarl,Thunderclap,DracoMeteor||||||50|,,,,,Fairy]Incineroar||SafetyGoggles|Intimidate|FakeOut,PartingShot,KnockOff,FlareBlitz|||M|||50|,,,,,Water\n|inactive|Battle timer is ON: inactive players will automatically lose when time's up. (requested by Blackout6868)\n|inactive|grankie has 60 seconds left.\n|inactive|grankie has 30 seconds left.\n|\n|t:|1746152009\n|start\n|switch|p1a: Tornadus|Tornadus, L50, M|100/100\n|switch|p1b: Urshifu|Urshifu-Rapid-Strike, L50, M|100/100\n|switch|p2a: Raging Bolt|Raging Bolt, L50|100/100\n|switch|p2b: Incineroar|Incineroar, L50, M|100/100\n|-ability|p2b: Incineroar|Intimidate|boost\n|-unboost|p1a: Tornadus|atk|1\n|-unboost|p1b: Urshifu|atk|1\n|turn|1\n|inactive|grankie has 30 seconds left.\n|\n|t:|1746152035\n|switch|p1b: Miraidon|Miraidon, L50|100/100\n|-fieldstart|move: Electric Terrain|[from] ability: Hadron Engine|[of] p1b: Miraidon\n|switch|p2b: Terapagos|Terapagos, L50, M|100/100\n|-activate|p2b: Terapagos|ability: Tera Shift\n|detailschange|p2b: Terapagos|Terapagos-Terastal, L50, M\n|-heal|p2b: Terapagos|100/100|[silent]\n|move|p1a: Tornadus|Tailwind|p1a: Tornadus\n|-sidestart|p1: Blackout6868|move: Tailwind\n|move|p2a: Raging Bolt|Thunderbolt|p1b: Miraidon\n|-resisted|p1b: Miraidon\n|-crit|p1b: Miraidon\n|-damage|p1b: Miraidon|77/100\n|\n|upkeep\n|turn|2\n|inactive|grankie has 30 seconds left.\n|\n|t:|1746152061\n|-terastallize|p1b: Miraidon|Fairy\n|-terastallize|p2a: Raging Bolt|Fairy\n|move|p2b: Terapagos|Protect|p2b: Terapagos\n|-singleturn|p2b: Terapagos|Protect\n|move|p1b: Miraidon|Dazzling Gleam|p2a: Raging Bolt|[spread] p2a\n|-activate|p2b: Terapagos|move: Protect\n|-damage|p2a: Raging Bolt|60/100\n|move|p1a: Tornadus|Bleakwind Storm|p2a: Raging Bolt|[spread] \n|-activate|p2b: Terapagos|move: Protect\n|-miss|p1a: Tornadus|p2a: Raging Bolt\n|move|p2a: Raging Bolt|Draco Meteor|p1b: Miraidon\n|-immune|p1b: Miraidon\n|\n|upkeep\n|turn|3\n|inactive|grankie has 30 seconds left.\n|\n|t:|1746152095\n|move|p2a: Raging Bolt|Thunderclap|p1b: Miraidon\n|-damage|p1b: Miraidon|29/100\n|move|p1b: Miraidon|Dazzling Gleam|p2a: Raging Bolt|[spread] p2a,p2b\n|-activate|p2b: Terapagos|ability: Tera Shell\n|-resisted|p2b: Terapagos\n|-damage|p2a: Raging Bolt|21/100\n|-damage|p2b: Terapagos|76/100\n|move|p1a: Tornadus|Bleakwind Storm|p2a: Raging Bolt|[spread] p2b\n|-miss|p1a: Tornadus|p2a: Raging Bolt\n|-damage|p2b: Terapagos|49/100\n|-unboost|p2b: Terapagos|spe|1\n|move|p2b: Terapagos|Meteor Beam||[still]\n|-prepare|p2b: Terapagos|Meteor Beam\n|-boost|p2b: Terapagos|spa|1\n|-enditem|p2b: Terapagos|Power Herb\n|-anim|p2b: Terapagos|Meteor Beam|p1a: Tornadus|[miss]\n|-miss|p2b: Terapagos|p1a: Tornadus\n|\n|upkeep\n|turn|4\n|\n|t:|1746152113\n|move|p2a: Raging Bolt|Thunderclap|p1b: Miraidon\n|-crit|p1b: Miraidon\n|-damage|p1b: Miraidon|0 fnt\n|faint|p1b: Miraidon\n|move|p1a: Tornadus|Bleakwind Storm|p2b: Terapagos|[spread] p2a,p2b\n|-damage|p2a: Raging Bolt|1/100\n|-damage|p2b: Terapagos|22/100\n|-unboost|p2a: Raging Bolt|spe|1\n|move|p2b: Terapagos|Tera Starstorm|p1a: Tornadus\n|-damage|p1a: Tornadus|0 fnt\n|faint|p1a: Tornadus\n|\n|-sideend|p1: Blackout6868|move: Tailwind\n|upkeep\n|\n|t:|1746152124\n|switch|p1b: Urshifu|Urshifu-Rapid-Strike, L50, M|100/100\n|switch|p1a: Calyrex|Calyrex-Shadow, L50|100/100\n|-ability|p1a: Calyrex|As One\n|-ability|p1a: Calyrex|Unnerve\n|turn|5\n|\n|t:|1746152145\n|switch|p2b: Incineroar|Incineroar, L50, M|100/100\n|-ability|p2b: Incineroar|Intimidate|boost\n|-unboost|p1a: Calyrex|atk|1\n|-unboost|p1b: Urshifu|atk|1\n|move|p1b: Urshifu|Aqua Jet|p2a: Raging Bolt\n|-damage|p2a: Raging Bolt|0 fnt\n|faint|p2a: Raging Bolt\n|-end|p2a: Raging Bolt|Protosynthesis|[silent]\n|move|p1a: Calyrex|Psychic|p2b: Incineroar\n|-immune|p2b: Incineroar\n|\n|-fieldend|move: Electric Terrain\n|upkeep\n|\n|t:|1746152164\n|switch|p2a: Flutter Mane|Flutter Mane, L50|100/100\n|turn|6\n|\n|t:|1746152178\n|-end|p2a: Flutter Mane|Protosynthesis|[silent]\n|switch|p2a: Terapagos|Terapagos-Terastal, L50, M|22/100\n|move|p1b: Urshifu|Aqua Jet|p2a: Terapagos\n|-damage|p2a: Terapagos|8/100\n|move|p1a: Calyrex|Astral Barrage|p2a: Terapagos|[spread] p2b\n|-immune|p2a: Terapagos\n|-resisted|p2b: Incineroar\n|-damage|p2b: Incineroar|74/100\n|-damage|p1a: Calyrex|91/100|[from] item: Life Orb\n|move|p2b: Incineroar|Knock Off|p1a: Calyrex\n|-supereffective|p1a: Calyrex\n|-damage|p1a: Calyrex|0 fnt\n|-enditem|p1a: Calyrex|Life Orb|[from] move: Knock Off|[of] p2b: Incineroar\n|faint|p1a: Calyrex\n|\n|upkeep\n|turn|7\n|\n|t:|1746152192\n|move|p1b: Urshifu|Aqua Jet|p2a: Terapagos\n|-damage|p2a: Terapagos|0 fnt\n|faint|p2a: Terapagos\n|move|p2b: Incineroar|Flare Blitz|p1b: Urshifu\n|-resisted|p1b: Urshifu\n|-damage|p1b: Urshifu|73/100\n|-damage|p2b: Incineroar|66/100|[from] Recoil\n|\n|upkeep\n|\n|t:|1746152194\n|switch|p2a: Flutter Mane|Flutter Mane, L50|100/100\n|turn|8\n|-message|Blackout6868 forfeited.\n|\n|win|grankie\n|l|\u2606Blackout6868\n|player|p1|\n||Blackout6868 is ready for game 2.\n||grankie is ready for game 2.\n|uhtml|next|Next: <a href=\"/battle-gen9vgc2025regibo3-2355098012\"><strong>Game 2 of 3</strong></a>\n", "uploadtime": 1746152522, "views": 3, "formatid": "gen9vgc2025regibo3", "rating": null, "private": 0, "password": null}