{"id": "gen9vgc2025regibo3-2354363175", "format": "[Gen 9] VGC 2025 Reg I (Bo3)", "players": ["ImClarenceClaymore", "FIGHT ON STARMAN"], "log": "|j|\u2606ImClarenceClaymore\n|j|\u2606FIGHT ON STARMAN\n|html|<table width=\"100%\"><tr><td align=\"left\">ImClarenceClaymore</td><td align=\"right\">FIGHT ON STARMAN</tr><tr><td align=\"left\"><i class=\"fa fa-circle\"></i> <i class=\"fa fa-circle-o\"></i> </td><td align=\"right\"><i class=\"fa fa-circle-o\"></i> <i class=\"fa fa-circle\"></i> </tr></table>\n|uhtml|bestof|<h2><strong>Game 3</strong> of <a href=\"/game-bestof3-gen9vgc2025regibo3-2354355944\">a best-of-3</a></h2>\n|t:|1746062156\n|gametype|doubles\n|player|p1|ImClarenceClaymore|pokemaniac|1184\n|player|p2|FIGHT ON STARMAN|lucas|1171\n|teamsize|p1|6\n|teamsize|p2|6\n|gen|9\n|tier|[Gen 9] VGC 2025 Reg I (Bo3)\n|rated|\n|rule|Species Clause: Limit one of each Pok\u00e9mon\n|rule|Item Clause: Limit 1 of each item\n|clearpoke\n|poke|p1|Zamazenta-*, L50|\n|poke|p1|Calyrex-Shadow, L50|\n|poke|p1|Urshifu-*, L50, M|\n|poke|p1|Volcarona, L50, M|\n|poke|p1|Rillaboom, L50, F|\n|poke|p1|Whimsicott, L50, F|\n|poke|p2|Calyrex-Ice, L50|\n|poke|p2|Ho-Oh, L50|\n|poke|p2|Rillaboom, L50, M|\n|poke|p2|Samurott-Hisui, L50, M|\n|poke|p2|Landorus, L50, M|\n|poke|p2|Ogerpon-Cornerstone, L50, F|\n|teampreview|4\n|showteam|p1|Zamazenta-Crowned||RustedShield|DauntlessShield|Protect,BodyPress,behemothbash,WideGuard||||||50|,,,,,Dragon]Calyrex-Shadow||LifeOrb|AsOneSpectrier|Protect,AstralBarrage,PollenPuff,Psyshock||||||50|,,,,,Dark]Urshifu-Rapid-Strike||FocusSash|UnseenFist|Detect,SurgingStrikes,CloseCombat,Taunt|||M|||50|,,,,,Water]Volcarona||Leftovers|FlameBody|RagePowder,StruggleBug,WillOWisp,Overheat|||M|||50|,,,,,Water]Rillaboom||AssaultVest|GrassySurge|KnockOff,GrassyGlide,Uturn,FakeOut|||F|||50|,,,,,Fire]Whimsicott||CovertCloak|Prankster|Moonblast,Tailwind,Encore,LightScreen|||F|||50|,,,,,Dark\n|showteam|p2|Calyrex-Ice||ClearAmulet|AsOneGlastrier|GlacialLance,CloseCombat,TrickRoom,Protect||||||50|,,,,,Water]Ho-Oh||CovertCloak|Regenerator|SacredFire,BraveBird,Tailwind,Protect||||||50|,,,,,Grass]Rillaboom||AssaultVest|GrassySurge|FakeOut,GrassyGlide,WoodHammer,Uturn|||M|||50|,,,,,Fire]Samurott-Hisui||WhiteHerb|Sharpness|CeaselessEdge,AquaCutter,SacredSword,Protect|||M|||50|,,,,,Ghost]Landorus||LifeOrb|SheerForce|EarthPower,SludgeBomb,SandsearStorm,Protect|||M|||50|,,,,,Poison]Ogerpon-Cornerstone||CornerstoneMask|Sturdy|IvyCudgel,PowerWhip,SpikyShield,FollowMe|||F|||50|,,,,,Rock\n|inactive|Battle timer is ON: inactive players will automatically lose when time's up. (requested by FIGHT ON STARMAN)\n|inactive|ImClarenceClaymore has 60 seconds left.\n|\n|t:|1746062210\n|start\n|switch|p1a: Volcarona|Volcarona, L50, M|100/100\n|switch|p1b: Urshifu|Urshifu-Rapid-Strike, L50, M|100/100\n|switch|p2a: Ho-Oh|Ho-Oh, L50|100/100\n|switch|p2b: Rillaboom|Rillaboom, L50, M|100/100\n|-fieldstart|move: Grassy Terrain|[from] ability: Grassy Surge|[of] p2b: Rillaboom\n|turn|1\n|inactive|ImClarenceClaymore has 30 seconds left.\n|inactive|ImClarenceClaymore has 20 seconds left.\n|inactive|ImClarenceClaymore has 15 seconds left.\n|inactive|ImClarenceClaymore has 10 seconds left.\n|inactive|ImClarenceClaymore has 5 seconds left.\n|\n|t:|1746062260\n|move|p1b: Urshifu|Detect|p1b: Urshifu\n|-singleturn|p1b: Urshifu|Protect\n|move|p2b: Rillaboom|Fake Out|p1b: Urshifu\n|-activate|p1b: Urshifu|move: Protect\n|move|p1a: Volcarona|Will-O-Wisp|p2b: Rillaboom|[miss]\n|-miss|p1a: Volcarona|p2b: Rillaboom\n|move|p2a: Ho-Oh|Tailwind|p2a: Ho-Oh\n|-sidestart|p2: FIGHT ON STARMAN|move: Tailwind\n|\n|upkeep\n|turn|2\n|inactive|ImClarenceClaymore has 30 seconds left.\n|inactive|FIGHT ON STARMAN has 30 seconds left.\n|inactive|FIGHT ON STARMAN has 20 seconds left.\n|inactive|FIGHT ON STARMAN has 15 seconds left.\n|\n|t:|1746062303\n|-terastallize|p2a: Ho-Oh|Grass\n|move|p2b: Rillaboom|U-turn|p1b: Urshifu\n|-resisted|p1b: Urshifu\n|-damage|p1b: Urshifu|90/100\n|\n|t:|1746062308\n|switch|p2b: Landorus|Landorus, L50, M|100/100|[from] U-turn\n|move|p2a: Ho-Oh|Brave Bird|p1b: Urshifu\n|-supereffective|p1b: Urshifu\n|-damage|p1b: Urshifu|0 fnt\n|faint|p1b: Urshifu\n|-damage|p2a: Ho-Oh|76/100|[from] Recoil\n|move|p1a: Volcarona|Will-O-Wisp|p2a: Ho-Oh\n|-status|p2a: Ho-Oh|brn\n|\n|-heal|p2a: Ho-Oh|82/100 brn|[from] Grassy Terrain\n|-damage|p2a: Ho-Oh|76/100 brn|[from] brn\n|upkeep\n|inactive|ImClarenceClaymore has 30 seconds left.\n|inactive|ImClarenceClaymore has 20 seconds left.\n|inactive|ImClarenceClaymore has 15 seconds left.\n|\n|t:|1746062350\n|switch|p1b: Rillaboom|Rillaboom, L50, F, shiny|100/100\n|turn|3\n|inactive|FIGHT ON STARMAN has 30 seconds left.\n|\n|t:|1746062378\n|move|p2b: Landorus|Protect|p2b: Landorus\n|-singleturn|p2b: Landorus|Protect\n|move|p2a: Ho-Oh|Protect|p2a: Ho-Oh\n|-singleturn|p2a: Ho-Oh|Protect\n|move|p1b: Rillaboom|Fake Out|p2b: Landorus\n|-activate|p2b: Landorus|move: Protect\n|move|p1a: Volcarona|Overheat|p2b: Landorus\n|-activate|p2b: Landorus|move: Protect\n|\n|-heal|p2a: Ho-Oh|82/100 brn|[from] Grassy Terrain\n|-damage|p2a: Ho-Oh|76/100 brn|[from] brn\n|upkeep\n|turn|4\n|inactive|ImClarenceClaymore has 30 seconds left.\n|inactive|ImClarenceClaymore has 20 seconds left.\n|inactive|FIGHT ON STARMAN has 30 seconds left.\n|inactive|FIGHT ON STARMAN has 20 seconds left.\n|inactive|FIGHT ON STARMAN has 15 seconds left.\n|\n|t:|1746062431\n|move|p2b: Landorus|Earth Power|p1a: Volcarona\n|-damage|p1a: Volcarona|31/100\n|move|p2a: Ho-Oh|Brave Bird|p1a: Volcarona\n|-supereffective|p1a: Volcarona\n|-crit|p1a: Volcarona\n|-damage|p1a: Volcarona|0 fnt\n|faint|p1a: Volcarona\n|-damage|p2a: Ho-Oh|67/100 brn|[from] Recoil\n|move|p1b: Rillaboom|Knock Off|p2b: Landorus\n|-damage|p2b: Landorus|61/100\n|-enditem|p2b: Landorus|Life Orb|[from] move: Knock Off|[of] p1b: Rillaboom\n|\n|-heal|p2a: Ho-Oh|73/100 brn|[from] Grassy Terrain\n|-damage|p2a: Ho-Oh|67/100 brn|[from] brn\n|-sideend|p2: FIGHT ON STARMAN|move: Tailwind\n|upkeep\n|\n|t:|1746062450\n|switch|p1a: Calyrex|Calyrex-Shadow, L50|100/100\n|-ability|p1a: Calyrex|As One\n|-ability|p1a: Calyrex|Unnerve\n|turn|5\n|inactive|ImClarenceClaymore has 30 seconds left.\n|inactive|FIGHT ON STARMAN has 30 seconds left.\n|inactive|FIGHT ON STARMAN has 20 seconds left.\n|inactive|FIGHT ON STARMAN has 15 seconds left.\n|\n|t:|1746062494\n|move|p2b: Landorus|Protect|p2b: Landorus\n|-singleturn|p2b: Landorus|Protect\n|move|p1b: Rillaboom|Grassy Glide|p2a: Ho-Oh\n|-resisted|p2a: Ho-Oh\n|-damage|p2a: Ho-Oh|52/100 brn\n|move|p1a: Calyrex|Astral Barrage|p2b: Landorus|[spread] p2a\n|-activate|p2b: Landorus|move: Protect\n|-damage|p2a: Ho-Oh|13/100 brn\n|-damage|p1a: Calyrex|91/100|[from] item: Life Orb\n|move|p2a: Ho-Oh|Tailwind|p2a: Ho-Oh\n|-sidestart|p2: FIGHT ON STARMAN|move: Tailwind\n|\n|-heal|p2a: Ho-Oh|19/100 brn|[from] Grassy Terrain\n|-heal|p1a: Calyrex|97/100|[from] Grassy Terrain\n|-damage|p2a: Ho-Oh|13/100 brn|[from] brn\n|-fieldend|move: Grassy Terrain\n|upkeep\n|turn|6\n|inactive|ImClarenceClaymore has 30 seconds left.\n|inactive|ImClarenceClaymore has 20 seconds left.\n|inactive|ImClarenceClaymore has 15 seconds left.\n|inactive|ImClarenceClaymore has 10 seconds left.\n|\n|t:|1746062539\n|move|p2b: Landorus|Earth Power|p1a: Calyrex\n|-damage|p1a: Calyrex|44/100\n|move|p2a: Ho-Oh|Brave Bird|p1a: Calyrex\n|-damage|p1a: Calyrex|11/100\n|-damage|p2a: Ho-Oh|4/100 brn|[from] Recoil\n|move|p1a: Calyrex|Astral Barrage|p2a: Ho-Oh|[spread] p2a,p2b\n|-damage|p2a: Ho-Oh|0 fnt\n|-damage|p2b: Landorus|0 fnt\n|faint|p2a: Ho-Oh\n|faint|p2b: Landorus\n|-ability|p1a: Calyrex|Grim Neigh|boost\n|-boost|p1a: Calyrex|spa|2\n|-damage|p1a: Calyrex|1/100|[from] item: Life Orb\n|move|p1b: Rillaboom|Knock Off|p2: Ho-Oh|[notarget]\n|-fail|p1b: Rillaboom\n|\n|upkeep\n|\n|t:|1746062545\n|switch|p2b: Samurott|Samurott-Hisui, L50, M|100/100\n|switch|p2a: Rillaboom|Rillaboom, L50, M|100/100\n|-fieldstart|move: Grassy Terrain|[from] ability: Grassy Surge|[of] p2a: Rillaboom\n|turn|7\n|inactive|ImClarenceClaymore has 30 seconds left.\n|inactive|FIGHT ON STARMAN has 30 seconds left.\n|inactive|ImClarenceClaymore has 20 seconds left.\n|inactive|ImClarenceClaymore has 15 seconds left.\n|inactive|ImClarenceClaymore has 10 seconds left.\n|inactive|ImClarenceClaymore has 5 seconds left.\n|\n|t:|1746062600\n|move|p2a: Rillaboom|Grassy Glide|p1a: Calyrex\n|-damage|p1a: Calyrex|0 fnt\n|faint|p1a: Calyrex\n|move|p1b: Rillaboom|Grassy Glide|p2b: Samurott\n|-supereffective|p2b: Samurott\n|-damage|p2b: Samurott|18/100\n|move|p2b: Samurott|Ceaseless Edge|p1b: Rillaboom\n|-damage|p1b: Rillaboom|58/100\n|-sidestart|p1: ImClarenceClaymore|Spikes\n|\n|-heal|p2b: Samurott|24/100|[from] Grassy Terrain\n|-heal|p1b: Rillaboom|63/100|[from] Grassy Terrain\n|upkeep\n|turn|8\n|inactive|ImClarenceClaymore has 30 seconds left.\n|\n|t:|1746062632\n|-terastallize|p1b: Rillaboom|Fire\n|move|p2b: Samurott|Protect|p2b: Samurott\n|-singleturn|p2b: Samurott|Protect\n|move|p1b: Rillaboom|Grassy Glide|p2b: Samurott\n|-activate|p2b: Samurott|move: Protect\n|move|p2a: Rillaboom|U-turn|p1b: Rillaboom\n|-resisted|p1b: Rillaboom\n|-damage|p1b: Rillaboom|54/100\n|\n|-heal|p2b: Samurott|30/100|[from] Grassy Terrain\n|-heal|p1b: Rillaboom|60/100|[from] Grassy Terrain\n|-sideend|p2: FIGHT ON STARMAN|move: Tailwind\n|upkeep\n|turn|9\n|\n|t:|1746062647\n|move|p2b: Samurott|Protect||[still]\n|-fail|p2b: Samurott\n|move|p1b: Rillaboom|Grassy Glide|p2b: Samurott\n|-supereffective|p2b: Samurott\n|-damage|p2b: Samurott|0 fnt\n|faint|p2b: Samurott\n|move|p2a: Rillaboom|Wood Hammer|p1b: Rillaboom\n|-resisted|p1b: Rillaboom\n|-damage|p1b: Rillaboom|22/100\n|-damage|p2a: Rillaboom|88/100|[from] Recoil\n|\n|-heal|p2a: Rillaboom|94/100|[from] Grassy Terrain\n|-heal|p1b: Rillaboom|28/100|[from] Grassy Terrain\n|upkeep\n|turn|10\n|\n|t:|1746062662\n|move|p2a: Rillaboom|Wood Hammer|p1b: Rillaboom\n|-resisted|p1b: Rillaboom\n|-damage|p1b: Rillaboom|0 fnt\n|faint|p1b: Rillaboom\n|-damage|p2a: Rillaboom|85/100|[from] Recoil\n|\n|win|FIGHT ON STARMAN\n|raw|ImClarenceClaymore's rating: 1184 &rarr; <strong>1158</strong><br />(-26 for losing)\n|raw|FIGHT ON STARMAN's rating: 1171 &rarr; <strong>1197</strong><br />(+26 for winning)\n|c|\u2606FIGHT ON STARMAN|ggwp\n", "uploadtime": 1746062670, "views": 7, "formatid": "gen9vgc2025regibo3", "rating": 1158, "private": 0, "password": null}