{"id": "gen9vgc2025regibo3-2353310053", "format": "[Gen 9] VGC 2025 Reg I (Bo3)", "players": ["dambro222", "jambro31"], "log": "|j|\u2606dambro222\n|j|\u2606jambro31\n|html|<table width=\"100%\"><tr><td align=\"left\">dambro222</td><td align=\"right\">jambro31</tr><tr><td align=\"left\"><i class=\"fa fa-circle\"></i> <i class=\"fa fa-circle-o\"></i> </td><td align=\"right\"><i class=\"fa fa-circle-o\"></i> <i class=\"fa fa-circle\"></i> </tr></table>\n|uhtml|bestof|<h2><strong>Game 3</strong> of <a href=\"/game-bestof3-gen9vgc2025regibo3-2353303560\">a best-of-3</a></h2>\n|t:|1745945303\n|gametype|doubles\n|player|p1|dambro222|1|1051\n|player|p2|jambro31|pokemonranger-gen4|1087\n|teamsize|p1|6\n|teamsize|p2|6\n|gen|9\n|tier|[Gen 9] VGC 2025 Reg I (Bo3)\n|rated|\n|rule|Species Clause: Limit one of each Pok\u00e9mon\n|rule|Item Clause: Limit 1 of each item\n|clearpoke\n|poke|p1|Ho-Oh, L50|\n|poke|p1|Miraidon, L50|\n|poke|p1|Flutter Mane, L50|\n|poke|p1|Iron Hands, L50|\n|poke|p1|Urshifu-*, L50, M|\n|poke|p1|Iron Treads, L50|\n|poke|p2|Rillaboom, L50, M|\n|poke|p2|Kyogre, L50|\n|poke|p2|Zacian-*, L50|\n|poke|p2|Tornadus, L50, M|\n|poke|p2|Farigiraf, L50, M|\n|poke|p2|Rhydon, L50, F|\n|teampreview|4\n|showteam|p1|Ho-Oh||ClearAmulet|Regenerator|SacredFire,BraveBird,Tailwind,Protect||||||50|,,,,,Dragon]Miraidon||CovertCloak|HadronEngine|ElectroDrift,VoltSwitch,DracoMeteor,Protect||||||50|,,,,,Electric]Flutter Mane||BoosterEnergy|Protosynthesis|Moonblast,ShadowBall,IcyWind,Protect||||||50|,,,,,Fairy]Iron Hands||AssaultVest|QuarkDrive|FakeOut,DrainPunch,WildCharge,LowKick||||||50|,,,,,Water]Urshifu||FocusSash|UnseenFist|WickedBlow,CloseCombat,SuckerPunch,Detect|||M|||50|,,,,,Poison]Iron Treads||ChoiceBand|QuarkDrive|IronHead,HighHorsepower,KnockOff,SteelRoller||||||50|,,,,,Water\n|showteam|p2|Rillaboom||AssaultVest|GrassySurge|FakeOut,Uturn,GrassyGlide,HighHorsepower|||M|||50|,,,,,Water]Kyogre||ChoiceScarf|Drizzle|WaterSpout,IceBeam,Thunder,OriginPulse||||||50|,,,,,Water]Zacian-Crowned||RustedSword|IntrepidSword|behemothblade,PlayRough,Protect,SwordsDance||||||50|,,,,,Fairy]Tornadus||CovertCloak|Prankster|Tailwind,BleakwindStorm,Taunt,RainDance|||M|||50|,,,,,Dark]Farigiraf||ThroatSpray|ArmorTail|TrickRoom,PsychicNoise,HyperVoice,Protect|||M|||50|,,,,,Normal]Rhydon||Eviolite|LightningRod|DrillRun,HeavySlam,HelpingHand,BodyPress|||F|||50|,,,,,Grass\n|\n|t:|1745945330\n|start\n|switch|p1a: Flutter Mane|Flutter Mane, L50|100/100\n|switch|p1b: Miraidon|Miraidon, L50|100/100\n|switch|p2a: Kyogre|Kyogre, L50, shiny|100/100\n|switch|p2b: Zacian|Zacian-Crowned, L50|100/100\n|-weather|RainDance|[from] ability: Drizzle|[of] p2a: Kyogre\n|-ability|p2b: Zacian|Intrepid Sword|boost\n|-boost|p2b: Zacian|atk|1\n|-fieldstart|move: Electric Terrain|[from] ability: Hadron Engine|[of] p1b: Miraidon\n|-enditem|p1a: Flutter Mane|Booster Energy\n|-activate|p1a: Flutter Mane|ability: Protosynthesis|[fromitem]\n|-start|p1a: Flutter Mane|protosynthesisspe\n|turn|1\n|\n|t:|1745945349\n|-terastallize|p2a: Kyogre|Water\n|-terastallize|p1b: Miraidon|Electric\n|move|p1a: Flutter Mane|Icy Wind|p2a: Kyogre|[spread] p2a,p2b\n|-resisted|p2a: Kyogre\n|-resisted|p2b: Zacian\n|-damage|p2a: Kyogre|96/100\n|-damage|p2b: Zacian|94/100\n|-unboost|p2a: Kyogre|spe|1\n|-unboost|p2b: Zacian|spe|1\n|move|p1b: Miraidon|Electro Drift|p2b: Zacian\n|-crit|p2b: Zacian\n|-damage|p2b: Zacian|0 fnt\n|faint|p2b: Zacian\n|move|p2a: Kyogre|Water Spout|p1a: Flutter Mane|[spread] p1a,p1b\n|-crit|p1a: Flutter Mane\n|-damage|p1a: Flutter Mane|0 fnt\n|-damage|p1b: Miraidon|6/100\n|faint|p1a: Flutter Mane\n|-end|p1a: Flutter Mane|Protosynthesis|[silent]\n|\n|-weather|RainDance|[upkeep]\n|upkeep\n|\n|t:|1745945371\n|switch|p2b: Rillaboom|Rillaboom, L50, M|100/100\n|switch|p1a: Iron Hands|Iron Hands, L50|100/100\n|-fieldstart|move: Grassy Terrain|[from] ability: Grassy Surge|[of] p2b: Rillaboom\n|turn|2\n|\n|t:|1745945387\n|switch|p2a: Farigiraf|Farigiraf, L50, M|100/100\n|move|p2b: Rillaboom|Fake Out|p1b: Miraidon\n|-crit|p1b: Miraidon\n|-damage|p1b: Miraidon|0 fnt\n|faint|p1b: Miraidon\n|move|p1a: Iron Hands|Wild Charge|p2a: Farigiraf\n|-damage|p2a: Farigiraf|48/100\n|-damage|p1a: Iron Hands|87/100|[from] Recoil\n|\n|-weather|RainDance|[upkeep]\n|-heal|p2a: Farigiraf|54/100|[from] Grassy Terrain\n|-heal|p1a: Iron Hands|94/100|[from] Grassy Terrain\n|upkeep\n|\n|t:|1745945398\n|switch|p1b: Urshifu|Urshifu, L50, M|100/100\n|turn|3\n|\n|t:|1745945417\n|move|p2b: Rillaboom|Grassy Glide|p1b: Urshifu\n|-damage|p1b: Urshifu|65/100\n|move|p1b: Urshifu|Wicked Blow|p2a: Farigiraf\n|-supereffective|p2a: Farigiraf\n|-crit|p2a: Farigiraf\n|-damage|p2a: Farigiraf|0 fnt\n|faint|p2a: Farigiraf\n|move|p1a: Iron Hands|Low Kick|p2b: Rillaboom\n|-damage|p2b: Rillaboom|51/100\n|\n|-weather|RainDance|[upkeep]\n|-heal|p2b: Rillaboom|57/100|[from] Grassy Terrain\n|-heal|p1b: Urshifu|71/100|[from] Grassy Terrain\n|-heal|p1a: Iron Hands|99/100|[from] Grassy Terrain\n|upkeep\n|\n|t:|1745945426\n|switch|p2a: Kyogre|Kyogre, L50, shiny, tera:Water|96/100\n|turn|4\n|\n|t:|1745945434\n|move|p1b: Urshifu|Detect|p1b: Urshifu\n|-singleturn|p1b: Urshifu|Protect\n|move|p2a: Kyogre|Origin Pulse|p1b: Urshifu|[spread] p1a\n|-activate|p1b: Urshifu|move: Protect\n|-damage|p1a: Iron Hands|46/100\n|move|p2b: Rillaboom|U-turn|p1b: Urshifu\n|-activate|p1b: Urshifu|move: Protect\n|move|p1a: Iron Hands|Wild Charge|p2a: Kyogre\n|-supereffective|p2a: Kyogre\n|-damage|p2a: Kyogre|0 fnt\n|faint|p2a: Kyogre\n|-damage|p1a: Iron Hands|28/100|[from] Recoil\n|\n|-weather|RainDance|[upkeep]\n|-heal|p2b: Rillaboom|62/100|[from] Grassy Terrain\n|-heal|p1b: Urshifu|77/100|[from] Grassy Terrain\n|-heal|p1a: Iron Hands|34/100|[from] Grassy Terrain\n|upkeep\n|turn|5\n|\n|t:|1745945456\n|move|p2b: Rillaboom|U-turn|p1b: Urshifu\n|-damage|p1b: Urshifu|54/100\n|move|p1b: Urshifu|Wicked Blow|p2b: Rillaboom\n|-crit|p2b: Rillaboom\n|-damage|p2b: Rillaboom|0 fnt\n|faint|p2b: Rillaboom\n|\n|win|dambro222\n|raw|dambro222's rating: 1051 &rarr; <strong>1087</strong><br />(+36 for winning)\n|raw|jambro31's rating: 1087 &rarr; <strong>1062</strong><br />(-25 for losing)\n|l|\u2606jambro31\n|player|p2|\n|l|\u2606dambro222\n|player|p1|\n|j|\u2606dambro222\n|player|p1|dambro222|1|\n", "uploadtime": 1745945625, "views": 13, "formatid": "gen9vgc2025regibo3", "rating": 1062, "private": 0, "password": null}