{"id": "gen9vgc2025regibo3-2353655014", "format": "[Gen 9] VGC 2025 Reg I (Bo3)", "players": ["Mopp_Is_Here", "mil0battles"], "log": "|j|\u2606Mopp_Is_Here\n|j|\u2606mil0battles\n|html|<table width=\"100%\"><tr><td align=\"left\">Mopp_Is_Here</td><td align=\"right\">mil0battles</tr><tr><td align=\"left\"><i class=\"fa fa-circle-o\"></i> <i class=\"fa fa-circle-o\"></i> </td><td align=\"right\"><i class=\"fa fa-circle-o\"></i> <i class=\"fa fa-circle-o\"></i> </tr></table>\n|uhtml|bestof|<h2><strong>Game 1</strong> of <a href=\"/game-bestof3-gen9vgc2025regibo3-2353655013\">a best-of-3</a></h2>\n|t:|1745979595\n|gametype|doubles\n|player|p1|Mopp_Is_Here|backpacker|1075\n|player|p2|mil0battles|pokemonranger-gen4|1163\n|teamsize|p1|6\n|teamsize|p2|6\n|gen|9\n|tier|[Gen 9] VGC 2025 Reg I (Bo3)\n|rated|\n|rule|Species Clause: Limit one of each Pok\u00e9mon\n|rule|Item Clause: Limit 1 of each item\n|clearpoke\n|poke|p1|Miraidon, L50|\n|poke|p1|Iron Hands, L50|\n|poke|p1|Chi-Yu, L50|\n|poke|p1|Whimsicott, L50, M|\n|poke|p1|Urshifu-*, L50, F|\n|poke|p1|Terapagos, L50, M|\n|poke|p2|Zacian-*, L50|\n|poke|p2|Calyrex-Shadow, L50|\n|poke|p2|Tornadus, L50, M|\n|poke|p2|Indeedee-F, L50, F|\n|poke|p2|Urshifu-*, L50, F|\n|poke|p2|Ursaluna, L50, F|\n|teampreview|4\n|showteam|p1|Miraidon||LifeOrb|HadronEngine|ElectroDrift,DracoMeteor,Taunt,Protect||||||50|,,,,,Electric]Iron Hands||ClearAmulet|QuarkDrive|FakeOut,DrainPunch,WildCharge,Protect||||||50|,,,,,Grass]Chi-Yu||FocusSash|BeadsofRuin|HeatWave,DarkPulse,Overheat,Protect||||||50|,,,,,Fire]Whimsicott||MentalHerb|Prankster|Tailwind,Encore,EnergyBall,Taunt|||M|||50|,,,,,Ghost]Urshifu-Rapid-Strike||MysticWater|UnseenFist|AquaJet,SurgingStrikes,CloseCombat,Protect|||F|||50|,,,,,Water]Terapagos||Leftovers|TeraShift|TeraStarstorm,CalmMind,DarkPulse,Protect|||M|||50|,,,,,Stellar\n|showteam|p2|Zacian-Crowned||RustedSword|IntrepidSword|Protect,PlayRough,behemothblade,SacredSword||||||50|,,,,,Stellar]Calyrex-Shadow||LifeOrb|AsOneSpectrier|ExpandingForce,AstralBarrage,NastyPlot,Protect||||||50|,,,,,Normal]Tornadus||CovertCloak|Prankster|RainDance,Tailwind,BleakwindStorm,Taunt|||M|||50|,,,,,Dark]Indeedee-F||PsychicSeed|PsychicSurge|FollowMe,TrickRoom,Imprison,HelpingHand|||F|||50|,,,,,Fairy]Urshifu-Rapid-Strike||ChoiceScarf|UnseenFist|Coaching,SurgingStrikes,AquaJet,CloseCombat|||F|||50|,,,,,Stellar]Ursaluna||FlameOrb|Guts|Facade,HeadlongRush,RockSlide,Protect|||F|||50|,,,,,Fire\n|inactive|Battle timer is ON: inactive players will automatically lose when time's up. (requested by Mopp_Is_Here)\n|inactive|mil0battles has 60 seconds left.\n|\n|t:|1745979646\n|start\n|switch|p1a: Whimsiscott|Whimsicott, L50, M|100/100\n|switch|p1b: Yu-Chi|Chi-Yu, L50|100/100\n|switch|p2a: Tornadus|Tornadus, L50, M|100/100\n|switch|p2b: Urshifu|Urshifu-Rapid-Strike, L50, F|100/100\n|-ability|p1b: Yu-Chi|Beads of Ruin\n|turn|1\n|\n|t:|1745979661\n|switch|p1b: Dr.shifu|Urshifu-Rapid-Strike, L50, F|100/100\n|move|p2a: Tornadus|Rain Dance|p2a: Tornadus\n|-weather|RainDance\n|move|p1a: Whimsiscott|Tailwind|p1a: Whimsiscott\n|-sidestart|p1: Mopp_Is_Here|move: Tailwind\n|move|p2b: Urshifu|Surging Strikes|p1b: Dr.shifu\n|-resisted|p1b: Dr.shifu\n|-crit|p1b: Dr.shifu\n|-damage|p1b: Dr.shifu|83/100\n|-resisted|p1b: Dr.shifu\n|-crit|p1b: Dr.shifu\n|-damage|p1b: Dr.shifu|64/100\n|-resisted|p1b: Dr.shifu\n|-crit|p1b: Dr.shifu\n|-damage|p1b: Dr.shifu|48/100\n|-hitcount|p1b: Dr.shifu|3\n|\n|-weather|RainDance|[upkeep]\n|upkeep\n|turn|2\n|\n|t:|1745979682\n|-terastallize|p1b: Dr.shifu|Water\n|-terastallize|p2a: Tornadus|Dark\n|move|p1a: Whimsiscott|Taunt|p2a: Tornadus\n|-hint|Since gen 7, Dark is immune to Prankster moves.\n|-immune|p2a: Tornadus\n|move|p2a: Tornadus|Tailwind|p2a: Tornadus\n|-sidestart|p2: mil0battles|move: Tailwind\n|move|p2b: Urshifu|Surging Strikes|p1b: Dr.shifu\n|-resisted|p1b: Dr.shifu\n|-crit|p1b: Dr.shifu\n|-damage|p1b: Dr.shifu|32/100\n|-resisted|p1b: Dr.shifu\n|-crit|p1b: Dr.shifu\n|-damage|p1b: Dr.shifu|15/100\n|-resisted|p1b: Dr.shifu\n|-crit|p1b: Dr.shifu\n|-damage|p1b: Dr.shifu|0 fnt\n|faint|p1b: Dr.shifu\n|-hitcount|p1: Dr.shifu|3\n|\n|-weather|RainDance|[upkeep]\n|upkeep\n|\n|t:|1745979691\n|switch|p1b: Terrypagos|Terapagos, L50, M|100/100\n|-activate|p1b: Terrypagos|ability: Tera Shift\n|detailschange|p1b: Terrypagos|Terapagos-Terastal, L50, M\n|-heal|p1b: Terrypagos|100/100|[silent]\n|turn|3\n|\n|t:|1745979708\n|move|p2a: Tornadus|Taunt|p1b: Terrypagos\n|-start|p1b: Terrypagos|move: Taunt\n|move|p2b: Urshifu|Surging Strikes|p1b: Terrypagos\n|-activate|p1b: Terrypagos|ability: Tera Shell\n|-resisted|p1b: Terrypagos\n|-crit|p1b: Terrypagos\n|-damage|p1b: Terrypagos|87/100\n|-resisted|p1b: Terrypagos\n|-crit|p1b: Terrypagos\n|-damage|p1b: Terrypagos|72/100\n|-resisted|p1b: Terrypagos\n|-crit|p1b: Terrypagos\n|-damage|p1b: Terrypagos|60/100\n|-hitcount|p1b: Terrypagos|3\n|move|p1a: Whimsiscott|Energy Ball|p2b: Urshifu\n|-supereffective|p2b: Urshifu\n|-damage|p2b: Urshifu|0 fnt\n|faint|p2b: Urshifu\n|cant|p1b: Terrypagos|move: Taunt|Calm Mind\n|\n|-weather|RainDance|[upkeep]\n|-heal|p1b: Terrypagos|66/100|[from] item: Leftovers\n|upkeep\n|\n|t:|1745979725\n|switch|p2b: Zacian|Zacian-Crowned, L50|100/100\n|-ability|p2b: Zacian|Intrepid Sword|boost\n|-boost|p2b: Zacian|atk|1\n|turn|4\n|\n|t:|1745979738\n|move|p2b: Zacian|Behemoth Blade|p1a: Whimsiscott\n|-supereffective|p1a: Whimsiscott\n|-damage|p1a: Whimsiscott|0 fnt\n|faint|p1a: Whimsiscott\n|move|p2a: Tornadus|Bleakwind Storm|p1b: Terrypagos\n|-damage|p1b: Terrypagos|31/100\n|move|p1b: Terrypagos|Tera Starstorm|p2b: Zacian\n|-resisted|p2b: Zacian\n|-damage|p2b: Zacian|74/100\n|\n|-weather|RainDance|[upkeep]\n|-heal|p1b: Terrypagos|37/100|[from] item: Leftovers\n|-sideend|p1: Mopp_Is_Here|move: Tailwind\n|upkeep\n|\n|t:|1745979742\n|switch|p1a: Yu-Chi|Chi-Yu, L50|100/100\n|-ability|p1a: Yu-Chi|Beads of Ruin\n|turn|5\n|\n|t:|1745979757\n|move|p2b: Zacian|Sacred Sword|p1b: Terrypagos\n|-supereffective|p1b: Terrypagos\n|-damage|p1b: Terrypagos|0 fnt\n|faint|p1b: Terrypagos\n|move|p2a: Tornadus|Bleakwind Storm|p1a: Yu-Chi\n|-damage|p1a: Yu-Chi|47/100\n|move|p1a: Yu-Chi|Overheat|p2b: Zacian\n|-supereffective|p2b: Zacian\n|-damage|p2b: Zacian|0 fnt\n|-unboost|p1a: Yu-Chi|spa|2\n|faint|p2b: Zacian\n|\n|-weather|none\n|-sideend|p2: mil0battles|move: Tailwind\n|upkeep\n|\n|t:|1745979765\n|switch|p2b: Calyrex|Calyrex-Shadow, L50|100/100\n|-ability|p2b: Calyrex|As One\n|-ability|p2b: Calyrex|Unnerve\n|turn|6\n|\n|t:|1745979775\n|move|p2b: Calyrex|Astral Barrage|p1a: Yu-Chi\n|-resisted|p1a: Yu-Chi\n|-damage|p1a: Yu-Chi|0 fnt\n|faint|p1a: Yu-Chi\n|-damage|p2b: Calyrex|91/100|[from] item: Life Orb\n|\n|win|mil0battles\n||Mopp_Is_Here is ready for game 2.\n||mil0battles is ready for game 2.\n|uhtml|next|Next: <a href=\"/battle-gen9vgc2025regibo3-2353656483\"><strong>Game 2 of 3</strong></a>\n", "uploadtime": 1745979780, "views": 11, "formatid": "gen9vgc2025regibo3", "rating": null, "private": 0, "password": null}