{"id": "gen9vgc2025regibo3-2354576029", "format": "[Gen 9] VGC 2025 Reg I (Bo3)", "players": ["kakarotto_san6969", "DrXJ13"], "log": "|j|\u2606kakarotto_san6969\n|j|\u2606DrXJ13\n|html|<table width=\"100%\"><tr><td align=\"left\">kakarotto_san6969</td><td align=\"right\">DrXJ13</tr><tr><td align=\"left\"><i class=\"fa fa-circle-o\"></i> <i class=\"fa fa-circle-o\"></i> </td><td align=\"right\"><i class=\"fa fa-circle-o\"></i> <i class=\"fa fa-circle-o\"></i> </tr></table>\n|uhtml|bestof|<h2><strong>Game 1</strong> of <a href=\"/game-bestof3-gen9vgc2025regibo3-2354576028\">a best-of-3</a></h2>\n|t:|1746097313\n|gametype|doubles\n|player|p1|kakarotto_san6969|265|1036\n|player|p2|DrXJ13|clair|1093\n|teamsize|p1|6\n|teamsize|p2|6\n|gen|9\n|tier|[Gen 9] VGC 2025 Reg I (Bo3)\n|rated|\n|rule|Species Clause: Limit one of each Pok\u00e9mon\n|rule|Item Clause: Limit 1 of each item\n|clearpoke\n|poke|p1|Calyrex-Shadow, L50|\n|poke|p1|Smeargle, L50, M|\n|poke|p1|Ditto, L50|\n|poke|p1|Indeedee-F, L50, F|\n|poke|p1|Zamazenta-*, L50|\n|poke|p1|Walking Wake, L50|\n|poke|p2|Calyrex-Shadow, L50|\n|poke|p2|Terapagos, L50, M|\n|poke|p2|Tornadus, L50, M|\n|poke|p2|Urshifu-*, L50, M|\n|poke|p2|Incineroar, L50, F|\n|poke|p2|Ogerpon-Cornerstone, L50, F|\n|teampreview|4\n|showteam|p1|Calyrex-Shadow||SpellTag|AsOneSpectrier|AstralBarrage,GigaDrain,NastyPlot,Protect||||||50|,,,,,Grass]Smeargle||FocusSash|Moody|FakeOut,Spore,WideGuard,FollowMe|||M|||50|,,,,,Ghost]Ditto||ChoiceScarf|Imposter|Transform||||||50|,,,,,Stellar]Indeedee-F||PsychicSeed|PsychicSurge|FollowMe,HelpingHand,Psychic,Protect|||F|||50|,,,,,Dark]Zamazenta-Crowned||RustedShield|DauntlessShield|BodyPress,behemothbash,Protect,WideGuard||||||50|,,,,,Dragon]Walking Wake||ChoiceSpecs|Protosynthesis|HydroSteam,FlipTurn,DracoMeteor,Flamethrower||||||50|,,,,,Fire\n|showteam|p2|Calyrex-Shadow||LifeOrb|AsOneSpectrier|AstralBarrage,DrainingKiss,NastyPlot,Protect||||||50|,,,,,Fairy]Terapagos||ChoiceSpecs|TeraShift|TeraStarstorm,HyperBeam,EarthPower,IceBeam|||M|||50|,,,,,Stellar]Tornadus||CovertCloak|Prankster|Tailwind,BleakwindStorm,Taunt,RainDance|||M|||50|,,,,,Dark]Urshifu-Rapid-Strike||MysticWater|UnseenFist|SurgingStrikes,CloseCombat,AquaJet,Detect|||M|||50|,,,,,Grass]Incineroar||RockyHelmet|Intimidate|FakeOut,FlareBlitz,KnockOff,PartingShot|||F|||50|,,,,,Ghost]Ogerpon-Cornerstone||CornerstoneMask|Sturdy|IvyCudgel,WoodHammer,FollowMe,SpikyShield|||F|||50|,,,,,Rock\n|inactive|Battle timer is ON: inactive players will automatically lose when time's up. (requested by DrXJ13)\n|\n|t:|1746097339\n|start\n|switch|p1a: Calyrex|Calyrex-Shadow, L50|100/100\n|switch|p1b: Smeargle|Smeargle, L50, M, shiny|100/100\n|switch|p2a: Maximiliano|Tornadus, L50, M|100/100\n|switch|p2b: Sigmashio|Urshifu-Rapid-Strike, L50, M|100/100\n|-ability|p1a: Calyrex|As One\n|-ability|p1a: Calyrex|Unnerve\n|turn|1\n|inactive|kakarotto_san6969 has 30 seconds left.\n|inactive|DrXJ13 has 30 seconds left.\n|inactive|kakarotto_san6969 has 20 seconds left.\n|\n|t:|1746097376\n|switch|p1b: Indeedee|Indeedee-F, L50, F, shiny|100/100\n|-fieldstart|move: Psychic Terrain|[from] ability: Psychic Surge|[of] p1b: Indeedee\n|-enditem|p1b: Indeedee|Psychic Seed\n|-boost|p1b: Indeedee|spd|1|[from] item: Psychic Seed\n|move|p2b: Sigmashio|Detect|p2b: Sigmashio\n|-singleturn|p2b: Sigmashio|Protect\n|move|p2a: Maximiliano|Tailwind|p2a: Maximiliano\n|-sidestart|p2: DrXJ13|move: Tailwind\n|move|p1a: Calyrex|Giga Drain|p2b: Sigmashio\n|-activate|p2b: Sigmashio|move: Protect\n|\n|upkeep\n|turn|2\n|\n|t:|1746097397\n|-terastallize|p2b: Sigmashio|Grass\n|move|p1b: Indeedee|Follow Me|p1b: Indeedee\n|-singleturn|p1b: Indeedee|move: Follow Me\n|move|p2a: Maximiliano|Rain Dance|p2a: Maximiliano\n|-weather|RainDance\n|move|p2b: Sigmashio|Surging Strikes|p1b: Indeedee\n|-crit|p1b: Indeedee\n|-damage|p1b: Indeedee|60/100\n|-crit|p1b: Indeedee\n|-damage|p1b: Indeedee|16/100\n|-crit|p1b: Indeedee\n|-damage|p1b: Indeedee|0 fnt\n|faint|p1b: Indeedee\n|-hitcount|p1: Indeedee|3\n|move|p1a: Calyrex|Giga Drain|p2b: Sigmashio\n|-resisted|p2b: Sigmashio\n|-damage|p2b: Sigmashio|82/100\n|\n|-weather|RainDance|[upkeep]\n|upkeep\n|\n|t:|1746097415\n|switch|p1b: Smeargle|Smeargle, L50, M, shiny|100/100\n|turn|3\n|\n|t:|1746097428\n|move|p2b: Sigmashio|Detect|p2b: Sigmashio\n|-singleturn|p2b: Sigmashio|Protect\n|move|p1b: Smeargle|Follow Me|p1b: Smeargle\n|-singleturn|p1b: Smeargle|move: Follow Me\n|move|p2a: Maximiliano|Bleakwind Storm|p1a: Calyrex|[spread] p1a,p1b\n|-damage|p1a: Calyrex|69/100\n|-damage|p1b: Smeargle|16/100\n|-unboost|p1a: Calyrex|spe|1\n|move|p1a: Calyrex|Astral Barrage|p2a: Maximiliano|[spread] p2a\n|-activate|p2b: Sigmashio|move: Protect\n|-damage|p2a: Maximiliano|26/100\n|\n|-weather|RainDance|[upkeep]\n|-ability|p1b: Smeargle|Moody|boost\n|-boost|p1b: Smeargle|def|2\n|-unboost|p1b: Smeargle|atk|1\n|upkeep\n|turn|4\n|inactive|DrXJ13 has 30 seconds left.\n|\n|t:|1746097466\n|-terastallize|p1a: Calyrex|Grass\n|move|p1b: Smeargle|Wide Guard|p1b: Smeargle\n|-singleturn|p1b: Smeargle|Wide Guard\n|move|p2a: Maximiliano|Bleakwind Storm|p1b: Smeargle|[spread] \n|-activate|p1a: Calyrex|move: Wide Guard\n|-activate|p1b: Smeargle|move: Wide Guard\n|move|p2b: Sigmashio|Surging Strikes|p1a: Calyrex\n|-resisted|p1a: Calyrex\n|-crit|p1a: Calyrex\n|-damage|p1a: Calyrex|50/100\n|-resisted|p1a: Calyrex\n|-crit|p1a: Calyrex\n|-damage|p1a: Calyrex|32/100\n|-resisted|p1a: Calyrex\n|-crit|p1a: Calyrex\n|-damage|p1a: Calyrex|12/100\n|-hitcount|p1a: Calyrex|3\n|move|p1a: Calyrex|Giga Drain|p2b: Sigmashio\n|-resisted|p2b: Sigmashio\n|-damage|p2b: Sigmashio|54/100\n|-heal|p1a: Calyrex|27/100|[from] drain|[of] p2b: Sigmashio\n|\n|-weather|RainDance|[upkeep]\n|-sideend|p2: DrXJ13|move: Tailwind\n|-ability|p1b: Smeargle|Moody|boost\n|-boost|p1b: Smeargle|spd|2\n|-unboost|p1b: Smeargle|spe|1\n|upkeep\n|turn|5\n|inactive|kakarotto_san6969 has 30 seconds left.\n|inactive|DrXJ13 has 30 seconds left.\n|\n|t:|1746097496\n|switch|p1a: Zamazenta|Zamazenta-Crowned, L50|100/100\n|-ability|p1a: Zamazenta|Dauntless Shield|boost\n|-boost|p1a: Zamazenta|def|1\n|move|p2b: Sigmashio|Detect|p2b: Sigmashio\n|-singleturn|p2b: Sigmashio|Protect\n|move|p2a: Maximiliano|Tailwind|p2a: Maximiliano\n|-sidestart|p2: DrXJ13|move: Tailwind\n|move|p1b: Smeargle|Spore|p2a: Maximiliano\n|-status|p2a: Maximiliano|slp|[from] move: Spore\n|\n|-weather|RainDance|[upkeep]\n|-fieldend|move: Psychic Terrain\n|-ability|p1b: Smeargle|Moody|boost\n|-boost|p1b: Smeargle|atk|2\n|-unboost|p1b: Smeargle|spa|1\n|upkeep\n|turn|6\n|\n|t:|1746097526\n|switch|p2a: Cocinas locas|Ogerpon-Cornerstone, L50, F|100/100\n|switch|p1b: Calyrex|Calyrex-Shadow, L50, tera:Grass|27/100\n|-ability|p1b: Calyrex|As One\n|-ability|p1b: Calyrex|Unnerve\n|move|p2b: Sigmashio|Surging Strikes|p1a: Zamazenta\n|-crit|p1a: Zamazenta\n|-damage|p1a: Zamazenta|80/100\n|-crit|p1a: Zamazenta\n|-damage|p1a: Zamazenta|58/100\n|-crit|p1a: Zamazenta\n|-damage|p1a: Zamazenta|38/100\n|-hitcount|p1a: Zamazenta|3\n|move|p1a: Zamazenta|Body Press|p2b: Sigmashio\n|-damage|p2b: Sigmashio|0 fnt\n|faint|p2b: Sigmashio\n|\n|-weather|none\n|upkeep\n|\n|t:|1746097531\n|switch|p2b: Bragulat|Calyrex-Shadow, L50|100/100\n|-ability|p2b: Bragulat|As One\n|-ability|p2b: Bragulat|Unnerve\n|turn|7\n|inactive|kakarotto_san6969 has 30 seconds left.\n|\n|t:|1746097563\n|move|p1b: Calyrex|Protect|p1b: Calyrex\n|-singleturn|p1b: Calyrex|Protect\n|move|p1a: Zamazenta|Protect|p1a: Zamazenta\n|-singleturn|p1a: Zamazenta|Protect\n|move|p2b: Bragulat|Draining Kiss|p1a: Zamazenta\n|-activate|p1a: Zamazenta|move: Protect\n|move|p2a: Cocinas locas|Ivy Cudgel|p1b: Calyrex|[anim] Ivy Cudgel Rock\n|-activate|p1b: Calyrex|move: Protect\n|\n|upkeep\n|turn|8\n|inactive|kakarotto_san6969 has 30 seconds left.\n|\n|t:|1746097597\n|switch|p1b: Smeargle|Smeargle, L50, M, shiny|16/100\n|move|p2b: Bragulat|Astral Barrage|p1b: Smeargle|[spread] p1a\n|-immune|p1b: Smeargle\n|-damage|p1a: Zamazenta|0 fnt\n|faint|p1a: Zamazenta\n|-ability|p2b: Bragulat|Grim Neigh|boost\n|-boost|p2b: Bragulat|spa|1\n|-damage|p2b: Bragulat|91/100|[from] item: Life Orb\n|move|p2a: Cocinas locas|Ivy Cudgel|p1b: Smeargle|[anim] Ivy Cudgel Rock\n|-damage|p1b: Smeargle|0 fnt\n|faint|p1b: Smeargle\n|\n|-sideend|p2: DrXJ13|move: Tailwind\n|upkeep\n|\n|t:|1746097615\n|switch|p1a: Calyrex|Calyrex-Shadow, L50, tera:Grass|27/100\n|-ability|p1a: Calyrex|As One\n|-ability|p1a: Calyrex|Unnerve\n|turn|9\n|\n|t:|1746097624\n|move|p1a: Calyrex|Astral Barrage|p2b: Bragulat|[spread] p2a,p2b\n|-supereffective|p2b: Bragulat\n|-damage|p2a: Cocinas locas|23/100\n|-damage|p2b: Bragulat|0 fnt\n|faint|p2b: Bragulat\n|-ability|p1a: Calyrex|Grim Neigh|boost\n|-boost|p1a: Calyrex|spa|1\n|move|p2a: Cocinas locas|Ivy Cudgel|p1a: Calyrex|[anim] Ivy Cudgel Rock\n|-damage|p1a: Calyrex|0 fnt\n|faint|p1a: Calyrex\n|\n|win|DrXJ13\n||DrXJ13 is ready for game 2.\n|inactive|kakarotto_san6969 has 30 seconds to confirm battle start!\n||kakarotto_san6969 is ready for game 2.\n|uhtml|next|Next: <a href=\"/battle-gen9vgc2025regibo3-2354577958\"><strong>Game 2 of 3</strong></a>\n|l|\u2606kakarotto_san6969\n|player|p1|\n", "uploadtime": 1746098056, "views": 9, "formatid": "gen9vgc2025regibo3", "rating": null, "private": 0, "password": null}