{"id": "gen9vgc2025regibo3-2355100012", "format": "[Gen 9] VGC 2025 Reg I (Bo3)", "players": ["is_katabo", "zzzaap"], "log": "|j|\u2606is_katabo\n|j|\u2606zzzaap\n|html|<table width=\"100%\"><tr><td align=\"left\">is_katabo</td><td align=\"right\">zzzaap</tr><tr><td align=\"left\"><i class=\"fa fa-circle-o\"></i> <i class=\"fa fa-circle-o\"></i> </td><td align=\"right\"><i class=\"fa fa-circle-o\"></i> <i class=\"fa fa-circle-o\"></i> </tr></table>\n|uhtml|bestof|<h2><strong>Game 1</strong> of <a href=\"/game-bestof3-gen9vgc2025regibo3-2355100010\">a best-of-3</a></h2>\n|t:|1746152459\n|gametype|doubles\n|player|p1|is_katabo|caitlin|1223\n|player|p2|zzzaap|sailor|1155\n|teamsize|p1|6\n|teamsize|p2|6\n|gen|9\n|tier|[Gen 9] VGC 2025 Reg I (Bo3)\n|rated|\n|rule|Species Clause: Limit one of each Pok\u00e9mon\n|rule|Item Clause: Limit 1 of each item\n|clearpoke\n|poke|p1|Koraidon, L50|\n|poke|p1|Calyrex-Shadow, L50|\n|poke|p1|Chi-Yu, L50|\n|poke|p1|Indeedee-F, L50, F|\n|poke|p1|Brute Bonnet, L50|\n|poke|p1|Flutter Mane, L50|\n|poke|p2|Landorus, L50, M|\n|poke|p2|Terapagos, L50, M|\n|poke|p2|Ogerpon-Hearthflame, L50, F|\n|poke|p2|Calyrex-Shadow, L50|\n|poke|p2|Rillaboom, L50, F|\n|poke|p2|Incineroar, L50, F|\n|teampreview|4\n|showteam|p1|Koraidon||LifeOrb|OrichalcumPulse|CloseCombat,FlareBlitz,FlameCharge,Protect||||||50|,,,,,Fire]Calyrex-Shadow||FocusSash|AsOneSpectrier|AstralBarrage,ExpandingForce,ShadowBall,Protect||||||50|,,,,,Ghost]Chi-Yu||ChoiceScarf|BeadsofRuin|DarkPulse,Snarl,HeatWave,Overheat||||||50|,,,,,Ghost]Indeedee-F||RockyHelmet|PsychicSurge|Psychic,FollowMe,HelpingHand,TrickRoom|||F|||50|,,,,,Water]Brute Bonnet||CovertCloak|Protosynthesis|SeedBomb,SuckerPunch,RagePowder,Spore||||||50|,,,,,Fairy]Flutter Mane||BoosterEnergy|Protosynthesis|Moonblast,IcyWind,Taunt,Protect||||||50|,,,,,Water\n|showteam|p2|Landorus||ChoiceScarf|SheerForce|EarthPower,SludgeBomb,SandsearStorm,Uturn|||M|||50|,,,,,Poison]Terapagos||LifeOrb|TeraShift|TeraStarstorm,DazzlingGleam,EarthPower,Protect|||M|||50|,,,,,Stellar]Ogerpon-Hearthflame||HearthflameMask|MoldBreaker|FollowMe,SpikyShield,IvyCudgel,StompingTantrum|||F|||50|,,,,,Fire]Calyrex-Shadow||GrassySeed|AsOneSpectrier|GigaDrain,AstralBarrage,Protect,Encore||||||50|,,,,,Grass]Rillaboom||AssaultVest|GrassySurge|FakeOut,WoodHammer,GrassyGlide,Uturn|||F|||50|,,,,,Fire]Incineroar||SafetyGoggles|Intimidate|FakeOut,FlareBlitz,KnockOff,PartingShot|||F|||50|,,,,,Ghost\n|\n|t:|1746152513\n|start\n|switch|p1a: Shulker Box|Brute Bonnet, L50|100/100\n|switch|p1b: Ghast|Flutter Mane, L50|100/100\n|switch|p2a: Terapagos|Terapagos, L50, M|100/100\n|switch|p2b: Incineroar|Incineroar, L50, F|100/100\n|-activate|p2a: Terapagos|ability: Tera Shift\n|detailschange|p2a: Terapagos|Terapagos-Terastal, L50, M\n|-heal|p2a: Terapagos|100/100|[silent]\n|-ability|p2b: Incineroar|Intimidate|boost\n|-unboost|p1a: Shulker Box|atk|1\n|-unboost|p1b: Ghast|atk|1\n|-enditem|p1b: Ghast|Booster Energy\n|-activate|p1b: Ghast|ability: Protosynthesis|[fromitem]\n|-start|p1b: Ghast|protosynthesisspe\n|turn|1\n|\n|t:|1746152553\n|-end|p1a: Shulker Box|Protosynthesis|[silent]\n|switch|p1a: Chicken|Koraidon, L50|100/100\n|-weather|SunnyDay|[from] ability: Orichalcum Pulse|[of] p1a: Chicken\n|-activate|p1a: Chicken|Orichalcum Pulse|[source]\n|move|p1b: Ghast|Icy Wind|p2b: Incineroar|[spread] p2a,p2b\n|-activate|p2a: Terapagos|ability: Tera Shell\n|-resisted|p2a: Terapagos\n|-resisted|p2b: Incineroar\n|-damage|p2a: Terapagos|95/100\n|-damage|p2b: Incineroar|94/100\n|-unboost|p2a: Terapagos|spe|1\n|-unboost|p2b: Incineroar|spe|1\n|move|p2a: Terapagos|Tera Starstorm|p1a: Chicken\n|-damage|p1a: Chicken|23/100\n|-damage|p2a: Terapagos|85/100|[from] item: Life Orb\n|move|p2b: Incineroar|Flare Blitz|p1a: Chicken\n|-resisted|p1a: Chicken\n|-damage|p1a: Chicken|0 fnt\n|faint|p1a: Chicken\n|-damage|p2b: Incineroar|88/100|[from] Recoil\n|\n|-weather|SunnyDay|[upkeep]\n|upkeep\n|\n|t:|1746152579\n|switch|p1a: Pufferfish|Chi-Yu, L50|100/100\n|-ability|p1a: Pufferfish|Beads of Ruin\n|turn|2\n|\n|t:|1746152602\n|move|p2a: Terapagos|Protect|p2a: Terapagos\n|-singleturn|p2a: Terapagos|Protect\n|move|p1b: Ghast|Moonblast|p2b: Incineroar\n|-damage|p2b: Incineroar|27/100\n|-unboost|p2b: Incineroar|spa|1\n|move|p1a: Pufferfish|Heat Wave|p2b: Incineroar|[spread] p2b\n|-activate|p2a: Terapagos|move: Protect\n|-resisted|p2b: Incineroar\n|-damage|p2b: Incineroar|0 fnt\n|faint|p2b: Incineroar\n|\n|-weather|SunnyDay|[upkeep]\n|upkeep\n|\n|t:|1746152615\n|switch|p2b: Landorus|Landorus, L50, M|100/100\n|turn|3\n|\n|t:|1746152664\n|-terastallize|p2a: Terapagos|Stellar\n|detailschange|p2a: Terapagos|Terapagos-Stellar, L50, M, tera:Stellar\n|-heal|p2a: Terapagos|89/100|[silent]\n|-ability|p2a: Terapagos|Teraform Zero\n|-weather|none\n|move|p1b: Ghast|Icy Wind|p2a: Terapagos|[spread] p2a,p2b\n|-supereffective|p2b: Landorus\n|-damage|p2a: Terapagos|79/100\n|-damage|p2b: Landorus|25/100\n|-unboost|p2a: Terapagos|spe|1\n|-unboost|p2b: Landorus|spe|1\n|move|p1a: Pufferfish|Heat Wave|p2a: Terapagos|[spread] p2a,p2b\n|-damage|p2a: Terapagos|44/100\n|-damage|p2b: Landorus|0 fnt\n|faint|p2b: Landorus\n|move|p2a: Terapagos|Dazzling Gleam|p1a: Pufferfish|[spread] p1a,p1b\n|-damage|p1a: Pufferfish|57/100\n|-damage|p1b: Ghast|61/100\n|-damage|p2a: Terapagos|34/100|[from] item: Life Orb\n|\n|upkeep\n|\n|t:|1746152681\n|switch|p2b: Calyrex|Calyrex-Shadow, L50|100/100\n|-ability|p2b: Calyrex|As One\n|-ability|p2b: Calyrex|Unnerve\n|turn|4\n|\n|t:|1746152708\n|-terastallize|p1b: Ghast|Water\n|move|p2b: Calyrex|Protect|p2b: Calyrex\n|-singleturn|p2b: Calyrex|Protect\n|move|p1b: Ghast|Moonblast|p2b: Calyrex\n|-activate|p2b: Calyrex|move: Protect\n|move|p1a: Pufferfish|Heat Wave|p2b: Calyrex|[spread] p2a\n|-activate|p2b: Calyrex|move: Protect\n|-damage|p2a: Terapagos|0 fnt\n|faint|p2a: Terapagos\n|\n|upkeep\n|turn|5\n|\n|t:|1746152720\n|move|p1b: Ghast|Moonblast|p2b: Calyrex\n|-damage|p2b: Calyrex|45/100\n|-unboost|p2b: Calyrex|spa|1\n|move|p1a: Pufferfish|Heat Wave|p2b: Calyrex\n|-damage|p2b: Calyrex|0 fnt\n|faint|p2b: Calyrex\n|\n|win|is_katabo\n||zzzaap is ready for game 2.\n|inactive|is_katabo has 30 seconds to confirm battle start!\n||is_katabo is ready for game 2.\n|uhtml|next|Next: <a href=\"/battle-gen9vgc2025regibo3-2355102196\"><strong>Game 2 of 3</strong></a>\n", "uploadtime": 1746152728, "views": 3, "formatid": "gen9vgc2025regibo3", "rating": null, "private": 0, "password": null}