{"id": "gen9vgc2025regibo3-2354003422", "format": "[Gen 9] VGC 2025 Reg I (Bo3)", "players": ["ShadowReaperZYX", "Seanka"], "log": "|j|\u2606ShadowReaperZYX\n|j|\u203dSeanka\n|html|<table width=\"100%\"><tr><td align=\"left\">ShadowReaperZYX</td><td align=\"right\">Seanka</tr><tr><td align=\"left\"><i class=\"fa fa-circle-o\"></i> <i class=\"fa fa-circle-o\"></i> </td><td align=\"right\"><i class=\"fa fa-circle-o\"></i> <i class=\"fa fa-circle-o\"></i> </tr></table>\n|uhtml|bestof|<h2><strong>Game 1</strong> of <a href=\"/game-bestof3-gen9vgc2025regibo3-2354003421\">a best-of-3</a></h2>\n|t:|1746026621\n|gametype|doubles\n|player|p1|ShadowReaperZYX|marley|1093\n|player|p2|Seanka|101|1048\n|teamsize|p1|6\n|teamsize|p2|6\n|gen|9\n|tier|[Gen 9] VGC 2025 Reg I (Bo3)\n|rated|\n|rule|Species Clause: Limit one of each Pok\u00e9mon\n|rule|Item Clause: Limit 1 of each item\n|clearpoke\n|poke|p1|Miraidon, L50|\n|poke|p1|Calyrex-Ice, L50|\n|poke|p1|Ting-Lu, L50|\n|poke|p1|Mimikyu, L50, F|\n|poke|p1|Chi-Yu, L50|\n|poke|p1|Landorus, L50, M|\n|poke|p2|Calyrex-Ice, L50|\n|poke|p2|Farigiraf, L50, F|\n|poke|p2|Volcarona, L50, F|\n|poke|p2|Urshifu-*, L50, F|\n|poke|p2|Iron Valiant, L50|\n|poke|p2|Miraidon, L50|\n|teampreview|4\n|showteam|p1|Miraidon||ChoiceSpecs|HadronEngine|ElectroDrift,VoltSwitch,DracoMeteor,Discharge||||||50|,,,,,Electric]Calyrex-Ice||WeaknessPolicy|AsOneGlastrier|GlacialLance,HighHorsepower,TrickRoom,Protect||||||50|,,,,,Ground]Ting-Lu||AssaultVest|VesselofRuin|LashOut,StompingTantrum,BodyPress,Ruination||||||50|,,,,,Poison]Mimikyu||MentalHerb|Disguise|ShadowSneak,WillOWisp,Protect,TrickRoom|||F|||50|,,,,,Steel]Chi-Yu||ChoiceScarf|BeadsofRuin|HeatWave,Overheat,DarkPulse,TeraBlast||||||50|,,,,,Ground]Landorus||LifeOrb|SheerForce|EarthPower,SandsearStorm,SludgeBomb,Protect|||M|||50|,,,,,Ground\n|showteam|p2|Calyrex-Ice||ClearAmulet|AsOneGlastrier|GlacialLance,HighHorsepower,TrickRoom,Protect||||||50|,,,,,Water]Farigiraf||ElectricSeed|ArmorTail|FoulPlay,HelpingHand,TrickRoom,PsychicNoise|||F|||50|,,,,,Dark]Volcarona||RockyHelmet|FlameBody|FieryDance,RagePowder,Tailwind,WillOWisp|||F|||50|,,,,,Water]Urshifu-Rapid-Strike||FocusSash|UnseenFist|SurgingStrikes,CloseCombat,AquaJet,Detect|||F|||50|,,,,,Water]Iron Valiant||BoosterEnergy|QuarkDrive|SpiritBreak,Encore,Protect,Disable||||||50|,,,,,Ghost]Miraidon||ChoiceScarf|HadronEngine|ElectroDrift,DracoMeteor,VoltSwitch,Snarl||||||50|,,,,,Electric\n|inactive|Battle timer is ON: inactive players will automatically lose when time's up. (requested by ShadowReaperZYX)\n|\n|t:|1746026651\n|start\n|switch|p1a: Miraidon|Miraidon, L50|100/100\n|switch|p1b: Landorus|Landorus, L50, M|100/100\n|switch|p2a: Iron Valiant|Iron Valiant, L50|100/100\n|switch|p2b: Urshifu|Urshifu-Rapid-Strike, L50, F|100/100\n|-fieldstart|move: Electric Terrain|[from] ability: Hadron Engine|[of] p1a: Miraidon\n|-activate|p2a: Iron Valiant|ability: Quark Drive\n|-start|p2a: Iron Valiant|quarkdrivespe\n|turn|1\n|inactive|ShadowReaperZYX has 30 seconds left.\n|inactive|ShadowReaperZYX has 20 seconds left.\n|inactive|ShadowReaperZYX has 15 seconds left.\n|\n|t:|1746026693\n|-terastallize|p1a: Miraidon|Electric\n|move|p2a: Iron Valiant|Protect|p2a: Iron Valiant\n|-singleturn|p2a: Iron Valiant|Protect\n|move|p1a: Miraidon|Discharge|p2b: Urshifu|[spread] p2b\n|-activate|p2a: Iron Valiant|move: Protect\n|-immune|p1b: Landorus\n|-supereffective|p2b: Urshifu\n|-enditem|p2b: Urshifu|Focus Sash\n|-damage|p2b: Urshifu|1/100\n|-status|p2b: Urshifu|par\n|move|p1b: Landorus|Sludge Bomb|p2a: Iron Valiant\n|-activate|p2a: Iron Valiant|move: Protect\n|move|p2b: Urshifu|Surging Strikes|p1b: Landorus\n|-supereffective|p1b: Landorus\n|-crit|p1b: Landorus\n|-damage|p1b: Landorus|48/100\n|-supereffective|p1b: Landorus\n|-crit|p1b: Landorus\n|-damage|p1b: Landorus|0 fnt\n|faint|p1b: Landorus\n|-hitcount|p1: Landorus|2\n|\n|upkeep\n|\n|t:|1746026709\n|switch|p1b: Chi-Yu|Chi-Yu, L50|100/100\n|-ability|p1b: Chi-Yu|Beads of Ruin\n|turn|2\n|\n|t:|1746026725\n|move|p2b: Urshifu|Aqua Jet|p1b: Chi-Yu\n|-supereffective|p1b: Chi-Yu\n|-damage|p1b: Chi-Yu|16/100\n|move|p2a: Iron Valiant|Disable|p1a: Miraidon\n|-start|p1a: Miraidon|Disable|Discharge\n|move|p1b: Chi-Yu|Heat Wave|p2b: Urshifu|[spread] p2a,p2b\n|-resisted|p2b: Urshifu\n|-damage|p2a: Iron Valiant|28/100\n|-damage|p2b: Urshifu|0 fnt\n|faint|p2b: Urshifu\n|cant|p1a: Miraidon|Disable|Discharge\n|\n|upkeep\n|\n|t:|1746026735\n|switch|p2b: Calyrex|Calyrex-Ice, L50|100/100\n|-ability|p2b: Calyrex|As One\n|-ability|p2b: Calyrex|Unnerve\n|turn|3\n|\n|t:|1746026760\n|switch|p1a: Calyrex|Calyrex-Ice, L50|100/100\n|-ability|p1a: Calyrex|As One\n|-ability|p1a: Calyrex|Unnerve\n|move|p2a: Iron Valiant|Spirit Break|p1b: Chi-Yu\n|-damage|p1b: Chi-Yu|0 fnt\n|faint|p1b: Chi-Yu\n|move|p2b: Calyrex|Glacial Lance|p1a: Calyrex\n|-resisted|p1a: Calyrex\n|-damage|p1a: Calyrex|79/100\n|\n|upkeep\n|\n|t:|1746026771\n|switch|p1b: Miraidon|Miraidon, L50, tera:Electric|100/100\n|-activate|p1b: Miraidon|ability: Hadron Engine\n|turn|4\n|\n|t:|1746026793\n|move|p2a: Iron Valiant|Protect|p2a: Iron Valiant\n|-singleturn|p2a: Iron Valiant|Protect\n|move|p2b: Calyrex|Protect|p2b: Calyrex\n|-singleturn|p2b: Calyrex|Protect\n|move|p1b: Miraidon|Electro Drift|p2b: Calyrex\n|-activate|p2b: Calyrex|move: Protect\n|move|p1a: Calyrex|Glacial Lance|p2b: Calyrex|[spread] \n|-activate|p2a: Iron Valiant|move: Protect\n|-activate|p2b: Calyrex|move: Protect\n|\n|upkeep\n|turn|5\n|\n|t:|1746026803\n|move|p2a: Iron Valiant|Disable|p1b: Miraidon\n|-start|p1b: Miraidon|Disable|Electro Drift\n|cant|p1b: Miraidon|Disable|Electro Drift\n|move|p2b: Calyrex|Glacial Lance|p1a: Calyrex|[spread] p1a,p1b\n|-resisted|p1a: Calyrex\n|-damage|p1a: Calyrex|62/100\n|-damage|p1b: Miraidon|46/100\n|move|p1a: Calyrex|Glacial Lance|p2a: Iron Valiant|[spread] p2a,p2b\n|-resisted|p2b: Calyrex\n|-damage|p2a: Iron Valiant|0 fnt\n|-damage|p2b: Calyrex|83/100\n|faint|p2a: Iron Valiant\n|-end|p2a: Iron Valiant|Quark Drive|[silent]\n|-ability|p1a: Calyrex|Chilling Neigh|boost\n|-boost|p1a: Calyrex|atk|1\n|\n|-fieldend|move: Electric Terrain\n|upkeep\n|\n|t:|1746026811\n|switch|p2a: Miraidon|Miraidon, L50|100/100\n|-fieldstart|move: Electric Terrain|[from] ability: Hadron Engine|[of] p2a: Miraidon\n|turn|6\n|\n|t:|1746026823\n|-terastallize|p2a: Miraidon|Electric\n|move|p2a: Miraidon|Electro Drift|p1a: Calyrex\n|-damage|p1a: Calyrex|0 fnt\n|faint|p1a: Calyrex\n|-activate|p1b: Miraidon|move: Struggle\n|move|p1b: Miraidon|Struggle|p2a: Miraidon\n|-damage|p2a: Miraidon|93/100\n|-damage|p1b: Miraidon|20/100|[from] recoil\n|move|p2b: Calyrex|Glacial Lance|p1b: Miraidon\n|-damage|p1b: Miraidon|0 fnt\n|faint|p1b: Miraidon\n|\n|win|Seanka\n||ShadowReaperZYX is ready for game 2.\n||Seanka is ready for game 2.\n|uhtml|next|Next: <a href=\"/battle-gen9vgc2025regibo3-2354005801\"><strong>Game 2 of 3</strong></a>\n", "uploadtime": 1746027100, "views": 6, "formatid": "gen9vgc2025regibo3", "rating": null, "private": 0, "password": null}