{"id": "gen9vgc2025regibo3-2354736304", "format": "[Gen 9] VGC 2025 Reg I (Bo3)", "players": ["kanedaaaaaaaaaaa", "Virone"], "log": "|j|\u2606kanedaaaaaaaaaaa\n|j|\u2606Virone\n|html|<table width=\"100%\"><tr><td align=\"left\">kanedaaaaaaaaaaa</td><td align=\"right\">Virone</tr><tr><td align=\"left\"><i class=\"fa fa-circle-o\"></i> <i class=\"fa fa-circle-o\"></i> </td><td align=\"right\"><i class=\"fa fa-circle-o\"></i> <i class=\"fa fa-circle-o\"></i> </tr></table>\n|uhtml|bestof|<h2><strong>Game 1</strong> of <a href=\"/game-bestof3-gen9vgc2025regibo3-2354736302\">a best-of-3</a></h2>\n|t:|1746115225\n|gametype|doubles\n|player|p1|kanedaaaaaaaaaaa|mustard-champion|1068\n|player|p2|Virone|veteranf|1034\n|teamsize|p1|6\n|teamsize|p2|6\n|gen|9\n|tier|[Gen 9] VGC 2025 Reg I (Bo3)\n|rated|\n|rule|Species Clause: Limit one of each Pok\u00e9mon\n|rule|Item Clause: Limit 1 of each item\n|clearpoke\n|poke|p1|Lunala, L50|\n|poke|p1|Ursaluna, L50, F|\n|poke|p1|Smeargle, L50, F|\n|poke|p1|Calyrex-Ice, L50|\n|poke|p1|Electabuzz, L50, F|\n|poke|p1|Incineroar, L50, F|\n|poke|p2|Calyrex-Ice, L50|\n|poke|p2|Ninetales-Alola, L50, F|\n|poke|p2|Whimsicott, L50, F|\n|poke|p2|Indeedee-F, L50, F|\n|poke|p2|Raging Bolt, L50|\n|poke|p2|Miraidon, L50|\n|teampreview|4\n|showteam|p1|Lunala||PowerHerb|ShadowShield|MeteorBeam,WideGuard,TrickRoom,MoongeistBeam||||||50|,,,,,Dark]Ursaluna||FlameOrb|Guts|Earthquake,Facade,Crunch,Protect|||F|||50|,,,,,Ghost]Smeargle||FocusSash|Moody|Decorate,FakeOut,Spore,TrickRoom|||F|||50|,,,,,Ghost]Calyrex-Ice||LifeOrb|AsOneGlastrier|GlacialLance,CloseCombat,TrickRoom,Protect||||||50|,,,,,Psychic]Electabuzz||Eviolite|VitalSpirit|FollowMe,VoltSwitch,Taunt,Feint|||F|||50|,,,,,Ghost]Incineroar||SafetyGoggles|Intimidate|PartingShot,Taunt,FakeOut,KnockOff|||F|||50|,,,,,Fire\n|showteam|p2|Calyrex-Ice||WeaknessPolicy|AsOneGlastrier|GlacialLance,HighHorsepower,TrickRoom,Protect||||||50|,,,,,Grass]Ninetales-Alola||FocusSash|SnowWarning|FreezeDry,AuroraVeil,Blizzard,Protect|||F|||50|,,,,,Ghost]Whimsicott||CovertCloak|Prankster|Moonblast,Encore,LightScreen,Uturn|||F|||50|,,,,,Fire]Indeedee-F||SafetyGoggles|PsychicSurge|Psychic,FollowMe,TrickRoom,HelpingHand|||F|||50|,,,,,Fairy]Raging Bolt||BoosterEnergy|Protosynthesis|Thunderbolt,DragonPulse,Thunderclap,Protect||||||50|,,,,,Electric]Miraidon||ChoiceSpecs|HadronEngine|ElectroDrift,DragonPulse,VoltSwitch,DazzlingGleam||||||50|,,,,,Fairy\n|\n|t:|1746115284\n|start\n|switch|p1a: Incineroar|Incineroar, L50, F|100/100\n|switch|p1b: Smeargle|Smeargle, L50, F|100/100\n|switch|p2a: Whimsicott|Whimsicott, L50, F, shiny|100/100\n|switch|p2b: Miraidon|Miraidon, L50|100/100\n|-fieldstart|move: Electric Terrain|[from] ability: Hadron Engine|[of] p2b: Miraidon\n|-ability|p1a: Incineroar|Intimidate|boost\n|-unboost|p2a: Whimsicott|atk|1\n|-unboost|p2b: Miraidon|atk|1\n|turn|1\n|\n|t:|1746115317\n|switch|p2b: Calyrex|Calyrex-Ice, L50|100/100\n|-ability|p2b: Calyrex|As One\n|-ability|p2b: Calyrex|Unnerve\n|move|p1a: Incineroar|Fake Out|p2b: Calyrex\n|-damage|p2b: Calyrex|92/100\n|move|p2a: Whimsicott|U-turn|p2b: Calyrex\n|-supereffective|p2b: Calyrex\n|-damage|p2b: Calyrex|84/100\n|-enditem|p2b: Calyrex|Weakness Policy\n|-boost|p2b: Calyrex|atk|2|[from] item: Weakness Policy\n|-boost|p2b: Calyrex|spa|2|[from] item: Weakness Policy\n|\n|t:|1746115329\n|switch|p2a: Indeedee|Indeedee-F, L50, F|100/100|[from] U-turn\n|-fieldstart|move: Psychic Terrain|[from] ability: Psychic Surge|[of] p2a: Indeedee\n|move|p1b: Smeargle|Trick Room|p1b: Smeargle\n|-fieldstart|move: Trick Room|[of] p1b: Smeargle\n|\n|-ability|p1b: Smeargle|Moody|boost\n|-boost|p1b: Smeargle|spa|2\n|-unboost|p1b: Smeargle|spd|1\n|upkeep\n|turn|2\n|\n|t:|1746115357\n|move|p2a: Indeedee|Follow Me|p2a: Indeedee\n|-singleturn|p2a: Indeedee|move: Follow Me\n|move|p2b: Calyrex|Glacial Lance|p1b: Smeargle|[spread] p1a,p1b\n|-resisted|p1a: Incineroar\n|-damage|p1a: Incineroar|41/100\n|-enditem|p1b: Smeargle|Focus Sash\n|-damage|p1b: Smeargle|1/100\n|move|p1a: Incineroar|Knock Off|p2a: Indeedee\n|-supereffective|p2a: Indeedee\n|-damage|p2a: Indeedee|0 fnt\n|-enditem|p2a: Indeedee|Safety Goggles|[from] move: Knock Off|[of] p1a: Incineroar\n|faint|p2a: Indeedee\n|move|p1b: Smeargle|Spore|p2b: Calyrex\n|-status|p2b: Calyrex|slp|[from] move: Spore\n|\n|-ability|p1b: Smeargle|Moody|boost\n|-boost|p1b: Smeargle|spe|2\n|-unboost|p1b: Smeargle|atk|1\n|upkeep\n|\n|t:|1746115379\n|switch|p2a: Whimsicott|Whimsicott, L50, F, shiny|100/100\n|turn|3\n|\n|t:|1746115400\n|cant|p2b: Calyrex|slp\n|move|p1a: Incineroar|Parting Shot|p2b: Calyrex\n|-unboost|p2b: Calyrex|atk|1\n|-unboost|p2b: Calyrex|spa|1\n|\n|t:|1746115402\n|switch|p1a: Ursaluna|Ursaluna, L50, F|100/100|[from] Parting Shot\n|move|p2a: Whimsicott|Moonblast|p1b: Smeargle\n|-damage|p1b: Smeargle|0 fnt\n|faint|p1b: Smeargle\n|\n|-status|p1a: Ursaluna|brn|[from] item: Flame Orb\n|upkeep\n|\n|t:|1746115419\n|switch|p1b: Lunala|Lunala, L50|100/100\n|turn|4\n|\n|t:|1746115442\n|cant|p2b: Calyrex|slp\n|move|p2a: Whimsicott|Light Screen|p2a: Whimsicott\n|-sidestart|p2: Virone|move: Light Screen\n|move|p1a: Ursaluna|Crunch|p2b: Calyrex\n|-supereffective|p2b: Calyrex\n|-damage|p2b: Calyrex|28/100 slp\n|move|p1b: Lunala|Meteor Beam||[still]\n|-prepare|p1b: Lunala|Meteor Beam\n|-boost|p1b: Lunala|spa|1\n|-enditem|p1b: Lunala|Power Herb\n|-anim|p1b: Lunala|Meteor Beam|p2a: Whimsicott\n|-damage|p2a: Whimsicott|57/100\n|\n|-damage|p1a: Ursaluna|95/100 brn|[from] brn\n|upkeep\n|turn|5\n|\n|t:|1746115488\n|switch|p2b: Miraidon|Miraidon, L50|100/100\n|-fieldstart|move: Electric Terrain|[from] ability: Hadron Engine|[of] p2b: Miraidon\n|move|p2a: Whimsicott|Encore|p1b: Lunala\n|-start|p1b: Lunala|Encore\n|move|p1a: Ursaluna|Facade|p2b: Miraidon\n|-damage|p2b: Miraidon|0 fnt\n|faint|p2b: Miraidon\n|move|p1b: Lunala|Meteor Beam||[still]\n|-prepare|p1b: Lunala|Meteor Beam\n|-boost|p1b: Lunala|spa|1\n|\n|-damage|p1a: Ursaluna|89/100 brn|[from] brn\n|-fieldend|move: Trick Room\n|upkeep\n|-message|Virone forfeited.\n|\n|win|kanedaaaaaaaaaaa\n||Virone is ready for game 2.\n||kanedaaaaaaaaaaa is ready for game 2.\n|uhtml|next|Next: <a href=\"/battle-gen9vgc2025regibo3-2354739376\"><strong>Game 2 of 3</strong></a>\n", "uploadtime": 1746115780, "views": 21, "formatid": "gen9vgc2025regibo3", "rating": null, "private": 0, "password": null}