{"id": "gen9vgc2025regibo3-2353655892", "format": "[Gen 9] VGC 2025 Reg I (Bo3)", "players": ["untamedshane", "Shirteasy22"], "log": "|j|\u2606untamedshane\n|j|\u203dShirteasy22\n|html|<table width=\"100%\"><tr><td align=\"left\">untamedshane</td><td align=\"right\">Shirteasy22</tr><tr><td align=\"left\"><i class=\"fa fa-circle-o\"></i> <i class=\"fa fa-circle-o\"></i> </td><td align=\"right\"><i class=\"fa fa-circle-o\"></i> <i class=\"fa fa-circle-o\"></i> </tr></table>\n|uhtml|bestof|<h2><strong>Game 1</strong> of <a href=\"/game-bestof3-gen9vgc2025regibo3-2353655891\">a best-of-3</a></h2>\n|t:|1745979702\n|gametype|doubles\n|player|p1|untamedshane|sage|1045\n|player|p2|Shirteasy22|dancer|1124\n|teamsize|p1|6\n|teamsize|p2|6\n|gen|9\n|tier|[Gen 9] VGC 2025 Reg I (Bo3)\n|rated|\n|rule|Species Clause: Limit one of each Pok\u00e9mon\n|rule|Item Clause: Limit 1 of each item\n|clearpoke\n|poke|p1|Calyrex-Ice, L50|\n|poke|p1|Regieleki, L50|\n|poke|p1|Hawlucha, L50, M|\n|poke|p1|Oranguru, L50, M|\n|poke|p1|Palkia, L50|\n|poke|p1|Sableye, L50, M|\n|poke|p2|Calyrex-Shadow, L50|\n|poke|p2|Thundurus, L50, M|\n|poke|p2|Koraidon, L50|\n|poke|p2|Farigiraf, L50, F|\n|poke|p2|Incineroar, L50, M|\n|poke|p2|Ting-Lu, L50|\n|teampreview|4\n|showteam|p1|Calyrex-Ice||CovertCloak|AsOneGlastrier|GlacialLance,TrickRoom,HighHorsepower,Protect||||||50|,,,,,Ice]Regieleki||LifeOrb|Transistor|Explosion,SupercellSlam,ExtremeSpeed,Protect||||||50|,,,,,Normal]Hawlucha||WeaknessPolicy|Unburden|CloseCombat,TeraBlast,Protect,Acrobatics|||M|||50|,,,,,Ghost]Oranguru||MentalHerb|Telepathy|Instruct,TrickRoom,Protect,RockSlide|||M|||50|,,,,,Grass]Palkia||LustrousOrb|Telepathy|Flamethrower,Surf,SpacialRend,Protect||||||50|,,,,,Fire]Sableye||FocusSash|Prankster|Quash,Taunt,HelpingHand,ShadowSneak|||M|||50|,,,,,Steel\n|showteam|p2|Calyrex-Shadow||LifeOrb|AsOneSpectrier|AstralBarrage,Encore,Protect,DrainingKiss||||||50|,,,,,Fairy]Thundurus||WideLens|Prankster|ThunderWave,WildboltStorm,Protect,Taunt|||M|||50|,,,,,Steel]Koraidon||ClearAmulet|OrichalcumPulse|CollisionCourse,Protect,FlareBlitz,FlameCharge||||||50|,,,,,Fire]Farigiraf||SafetyGoggles|ArmorTail|Psychic,Imprison,TrickRoom,Protect|||F|||50|,,,,,Fire]Incineroar||ChopleBerry|Intimidate|FlareBlitz,KnockOff,PartingShot,FakeOut|||M|||50|,,,,,Water]Ting-Lu||AssaultVest|VesselofRuin|ThroatChop,Snarl,Fissure,StompingTantrum||||||50|,,,,,Ghost\n|\n|t:|1745979736\n|start\n|switch|p1a: Myguy|Sableye, L50, M|100/100\n|switch|p1b: El Shaner|Hawlucha, L50, M|100/100\n|switch|p2a: Calyrex|Calyrex-Shadow, L50|100/100\n|switch|p2b: Koraidon|Koraidon, L50|100/100\n|-ability|p2a: Calyrex|As One\n|-ability|p2a: Calyrex|Unnerve\n|-weather|SunnyDay|[from] ability: Orichalcum Pulse|[of] p2b: Koraidon\n|-activate|p2b: Koraidon|Orichalcum Pulse|[source]\n|turn|1\n|\n|t:|1745979771\n|switch|p2a: Thundurus|Thundurus, L50, M|100/100\n|move|p2b: Koraidon|Protect|p2b: Koraidon\n|-singleturn|p2b: Koraidon|Protect\n|move|p1b: El Shaner|Protect|p1b: El Shaner\n|-singleturn|p1b: El Shaner|Protect\n|move|p1a: Myguy|Taunt|p2b: Koraidon\n|-activate|p2b: Koraidon|move: Protect\n|\n|-weather|SunnyDay|[upkeep]\n|upkeep\n|turn|2\n|\n|t:|1745979804\n|-terastallize|p2b: Koraidon|Fire\n|-terastallize|p1b: El Shaner|Ghost\n|move|p2a: Thundurus|Thunder Wave|p1b: El Shaner\n|-status|p1b: El Shaner|par\n|move|p1a: Myguy|Shadow Sneak|p1b: El Shaner\n|-supereffective|p1b: El Shaner\n|-damage|p1b: El Shaner|69/100 par\n|-enditem|p1b: El Shaner|Weakness Policy\n|-boost|p1b: El Shaner|atk|2|[from] item: Weakness Policy\n|-boost|p1b: El Shaner|spa|2|[from] item: Weakness Policy\n|move|p2b: Koraidon|Flame Charge|p1b: El Shaner\n|-damage|p1b: El Shaner|0 fnt\n|-boost|p2b: Koraidon|spe|1\n|faint|p1b: El Shaner\n|\n|-weather|SunnyDay|[upkeep]\n|upkeep\n|\n|t:|1745979819\n|switch|p1b: Palkia|Palkia, L50|100/100\n|turn|3\n|\n|t:|1745979841\n|move|p2b: Koraidon|Protect|p2b: Koraidon\n|-singleturn|p2b: Koraidon|Protect\n|move|p2a: Thundurus|Taunt|p1a: Myguy\n|-hint|Since gen 7, Dark is immune to Prankster moves.\n|-immune|p1a: Myguy\n|move|p1a: Myguy|Quash|p2b: Koraidon\n|-activate|p2b: Koraidon|move: Protect\n|move|p1b: Palkia|Surf|p2a: Thundurus|[spread] p1a,p2a\n|-activate|p2b: Koraidon|move: Protect\n|-damage|p1a: Myguy|62/100\n|-damage|p2a: Thundurus|69/100\n|\n|-weather|SunnyDay|[upkeep]\n|upkeep\n|turn|4\n|inactive|Battle timer is ON: inactive players will automatically lose when time's up. (requested by untamedshane)\n|\n|t:|1745979878\n|switch|p2b: Calyrex|Calyrex-Shadow, L50|100/100\n|-ability|p2b: Calyrex|As One\n|-ability|p2b: Calyrex|Unnerve\n|move|p1a: Myguy|Quash||[still]\n|-fail|p1a: Myguy\n|move|p2a: Thundurus|Wildbolt Storm|p1b: Palkia|[spread] p1a,p1b\n|-damage|p1a: Myguy|16/100\n|-damage|p1b: Palkia|73/100\n|move|p1b: Palkia|Surf|p2b: Calyrex|[spread] p1a,p2a,p2b\n|-damage|p1a: Myguy|0 fnt\n|-damage|p2a: Thundurus|41/100\n|-damage|p2b: Calyrex|75/100\n|faint|p1a: Myguy\n|\n|-weather|SunnyDay|[upkeep]\n|upkeep\n|\n|t:|1745979892\n|switch|p1a: Regitechi|Regieleki, L50|100/100\n|turn|5\n|inactive|Shirteasy22 has 30 seconds left.\n|inactive|untamedshane has 30 seconds left.\n|inactive|Shirteasy22 has 20 seconds left.\n|\n|t:|1745979931\n|move|p1a: Regitechi|Protect|p1a: Regitechi\n|-singleturn|p1a: Regitechi|Protect\n|move|p2b: Calyrex|Protect|p2b: Calyrex\n|-singleturn|p2b: Calyrex|Protect\n|move|p1b: Palkia|Protect|p1b: Palkia\n|-singleturn|p1b: Palkia|Protect\n|move|p2a: Thundurus|Wildbolt Storm|p1b: Palkia|[spread] \n|-activate|p1a: Regitechi|move: Protect\n|-activate|p1b: Palkia|move: Protect\n|\n|-weather|none\n|upkeep\n|turn|6\n|inactive|Shirteasy22 has 30 seconds left.\n|\n|t:|1745979961\n|move|p2a: Thundurus|Thunder Wave|p1b: Palkia\n|-status|p1b: Palkia|par\n|move|p1a: Regitechi|Supercell Slam|p2b: Calyrex\n|-damage|p2b: Calyrex|0 fnt\n|faint|p2b: Calyrex\n|-damage|p1a: Regitechi|91/100|[from] item: Life Orb\n|move|p1b: Palkia|Spacial Rend|p2a: Thundurus\n|-damage|p2a: Thundurus|0 fnt\n|faint|p2a: Thundurus\n|\n|upkeep\n|\n|t:|1745979975\n|switch|p2b: Ting-Lu|Ting-Lu, L50|100/100\n|switch|p2a: Koraidon|Koraidon, L50, tera:Fire|100/100\n|-weather|SunnyDay|[from] ability: Orichalcum Pulse|[of] p2a: Koraidon\n|-activate|p2a: Koraidon|Orichalcum Pulse|[source]\n|-ability|p2b: Ting-Lu|Vessel of Ruin\n|turn|7\n|inactive|Shirteasy22 has 30 seconds left.\n|\n|t:|1745980000\n|move|p1a: Regitechi|Protect|p1a: Regitechi\n|-singleturn|p1a: Regitechi|Protect\n|cant|p1b: Palkia|par\n|move|p2a: Koraidon|Collision Course|p1b: Palkia\n|-damage|p1b: Palkia|11/100 par\n|move|p2b: Ting-Lu|Stomping Tantrum|p1a: Regitechi\n|-activate|p1a: Regitechi|move: Protect\n|\n|-weather|SunnyDay|[upkeep]\n|upkeep\n|turn|8\n|\n|t:|1745980025\n|move|p1a: Regitechi|Explosion|p2a: Koraidon|[spread] p2a,p2b\n|-activate|p1b: Palkia|ability: Telepathy\n|-crit|p2b: Ting-Lu\n|-damage|p2a: Koraidon|48/100\n|-damage|p2b: Ting-Lu|29/100\n|faint|p1a: Regitechi\n|move|p2a: Koraidon|Collision Course|p1b: Palkia\n|-damage|p1b: Palkia|0 fnt\n|faint|p1b: Palkia\n|\n|win|Shirteasy22\n|l|\u2606untamedshane\n|player|p1|\n|inactive|untamedshane has 30 seconds to confirm battle start!\n|inactive|Shirteasy22 has 30 seconds to confirm battle start!\n||untamedshane is ready for game 2.\n||Shirteasy22 is ready for game 2.\n|uhtml|next|Next: <a href=\"/battle-gen9vgc2025regibo3-2353658613\"><strong>Game 2 of 3</strong></a>\n", "uploadtime": 1745980371, "views": 6, "formatid": "gen9vgc2025regibo3", "rating": null, "private": 0, "password": null}