{"id": "gen9vgc2025regibo3-2355031376", "format": "[Gen 9] VGC 2025 Reg I (Bo3)", "players": ["hi we are twice", "true csr moment"], "log": "|j|\u2606hi we are twice\n|j|\u2606true csr moment\n|html|<table width=\"100%\"><tr><td align=\"left\">hi we are twice</td><td align=\"right\">true csr moment</tr><tr><td align=\"left\"><i class=\"fa fa-circle-o\"></i> <i class=\"fa fa-circle-o\"></i> </td><td align=\"right\"><i class=\"fa fa-circle-o\"></i> <i class=\"fa fa-circle-o\"></i> </tr></table>\n|uhtml|bestof|<h2><strong>Game 1</strong> of <a href=\"/game-bestof3-gen9vgc2025regibo3-2355031375\">a best-of-3</a></h2>\n|t:|1746144137\n|gametype|doubles\n|player|p1|hi we are twice|#scl4terrors2|1377\n|player|p2|true csr moment|miku-ground|1388\n|teamsize|p1|6\n|teamsize|p2|6\n|gen|9\n|tier|[Gen 9] VGC 2025 Reg I (Bo3)\n|rated|\n|rule|Species Clause: Limit one of each Pok\u00e9mon\n|rule|Item Clause: Limit 1 of each item\n|clearpoke\n|poke|p1|Calyrex-Shadow, L50|\n|poke|p1|Koraidon, L50|\n|poke|p1|Amoonguss, L50, F|\n|poke|p1|Raging Bolt, L50|\n|poke|p1|Chi-Yu, L50|\n|poke|p1|Flutter Mane, L50|\n|poke|p2|Koraidon, L50|\n|poke|p2|Raging Bolt, L50|\n|poke|p2|Incineroar, L50, M|\n|poke|p2|Calyrex-Shadow, L50|\n|poke|p2|Ogerpon-Cornerstone, L50, F|\n|poke|p2|Smeargle, L50, F|\n|teampreview|4\n|showteam|p1|Calyrex-Shadow||SpellTag|AsOneSpectrier|AstralBarrage,Psychic,NastyPlot,Protect||||||50|,,,,,Dark]Koraidon||ClearAmulet|OrichalcumPulse|CollisionCourse,FlareBlitz,FlameCharge,Protect||||||50|,,,,,Fire]Amoonguss||RockyHelmet|Regenerator|Spore,RagePowder,SludgeBomb,Protect|||F|||50|,,,,,Water]Raging Bolt||LifeOrb|Protosynthesis|Thunderclap,Thunderbolt,DracoMeteor,Protect||||||50|,,,,,Electric]Chi-Yu||ChoiceScarf|BeadsofRuin|HeatWave,Flamethrower,DarkPulse,Snarl||||||50|,,,,,Ghost]Flutter Mane||FocusSash|Protosynthesis|Moonblast,IcyWind,ThunderWave,FakeTears||||||50|,,,,,Fairy\n|showteam|p2|Koraidon||ClearAmulet|OrichalcumPulse|FlareBlitz,CollisionCourse,FlameCharge,Protect||||||50|,,,,,Fire]Raging Bolt||AssaultVest|Protosynthesis|Thunderbolt,DracoMeteor,Thunderclap,VoltSwitch||||||50|,,,,,Electric]Incineroar||RockyHelmet|Intimidate|KnockOff,FakeOut,PartingShot,WillOWisp|||M|||50|,,,,,Bug]Calyrex-Shadow||LifeOrb|AsOneSpectrier|AstralBarrage,Psychic,NastyPlot,Protect||||||50|,,,,,Dark]Ogerpon-Cornerstone||CornerstoneMask|Sturdy|IvyCudgel,PowerWhip,FollowMe,SpikyShield|||F|||50|,,,,,Rock]Smeargle||FocusSash|Moody|FollowMe,Spore,WideGuard,FakeOut|||F|||50|,,,,,Ghost\n|inactive|Battle timer is ON: inactive players will automatically lose when time's up. (requested by hi we are twice)\n|inactive|true csr moment also wants the timer to be on.\n|\n|t:|1746144164\n|start\n|switch|p1a: Chi-Yu|Chi-Yu, L50|100/100\n|switch|p1b: Flutter Mane|Flutter Mane, L50|100/100\n|switch|p2a: Koraidon|Koraidon, L50|100/100\n|switch|p2b: Smeargle|Smeargle, L50, F, shiny|100/100\n|-ability|p1a: Chi-Yu|Beads of Ruin\n|-weather|SunnyDay|[from] ability: Orichalcum Pulse|[of] p2a: Koraidon\n|-activate|p1b: Flutter Mane|ability: Protosynthesis\n|-start|p1b: Flutter Mane|protosynthesisspe\n|-activate|p2a: Koraidon|Orichalcum Pulse|[source]\n|turn|1\n|\n|t:|1746144185\n|-terastallize|p2a: Koraidon|Fire\n|move|p2b: Smeargle|Follow Me|p2b: Smeargle\n|-singleturn|p2b: Smeargle|move: Follow Me\n|move|p1b: Flutter Mane|Moonblast|p2b: Smeargle\n|-enditem|p2b: Smeargle|Focus Sash\n|-damage|p2b: Smeargle|1/100\n|move|p1a: Chi-Yu|Dark Pulse|p2b: Smeargle\n|-damage|p2b: Smeargle|0 fnt\n|faint|p2b: Smeargle\n|move|p2a: Koraidon|Flame Charge|p1b: Flutter Mane\n|-enditem|p1b: Flutter Mane|Focus Sash\n|-damage|p1b: Flutter Mane|1/100\n|-boost|p2a: Koraidon|spe|1\n|\n|-weather|SunnyDay|[upkeep]\n|upkeep\n|\n|t:|1746144195\n|switch|p2b: Incineroar|Incineroar, L50, M, shiny|100/100\n|-ability|p2b: Incineroar|Intimidate|boost\n|-unboost|p1a: Chi-Yu|atk|1\n|-unboost|p1b: Flutter Mane|atk|1\n|turn|2\n|\n|t:|1746144204\n|switch|p1a: Calyrex|Calyrex-Shadow, L50|100/100\n|-ability|p1a: Calyrex|As One\n|-ability|p1a: Calyrex|Unnerve\n|move|p2a: Koraidon|Protect|p2a: Koraidon\n|-singleturn|p2a: Koraidon|Protect\n|move|p1b: Flutter Mane|Thunder Wave|p2a: Koraidon\n|-activate|p2a: Koraidon|move: Protect\n|move|p2b: Incineroar|Knock Off|p1b: Flutter Mane\n|-damage|p1b: Flutter Mane|0 fnt\n|faint|p1b: Flutter Mane\n|-end|p1b: Flutter Mane|Protosynthesis|[silent]\n|\n|-weather|SunnyDay|[upkeep]\n|upkeep\n|\n|t:|1746144213\n|switch|p1b: Koraidon|Koraidon, L50|100/100\n|-activate|p1b: Koraidon|ability: Orichalcum Pulse\n|turn|3\n|\n|t:|1746144225\n|move|p2a: Koraidon|Collision Course|p1b: Koraidon\n|-damage|p1b: Koraidon|45/100\n|move|p1a: Calyrex|Astral Barrage|p2a: Koraidon|[spread] p2a,p2b\n|-resisted|p2b: Incineroar\n|-damage|p2a: Koraidon|51/100\n|-damage|p2b: Incineroar|76/100\n|move|p1b: Koraidon|Collision Course|p2b: Incineroar\n|-supereffective|p2b: Incineroar\n|-crit|p2b: Incineroar\n|-damage|p2b: Incineroar|0 fnt\n|-damage|p1b: Koraidon|29/100|[from] item: Rocky Helmet|[of] p2b: Incineroar\n|faint|p2b: Incineroar\n|\n|-weather|SunnyDay|[upkeep]\n|upkeep\n|\n|t:|1746144228\n|switch|p2b: Raging Bolt|Raging Bolt, L50|100/100\n|-activate|p2b: Raging Bolt|ability: Protosynthesis\n|-start|p2b: Raging Bolt|protosynthesisspa\n|turn|4\n|\n|t:|1746144244\n|move|p2a: Koraidon|Collision Course|p1b: Koraidon\n|-damage|p1b: Koraidon|0 fnt\n|faint|p1b: Koraidon\n|move|p1a: Calyrex|Astral Barrage|p2b: Raging Bolt|[spread] p2a,p2b\n|-damage|p2a: Koraidon|5/100\n|-damage|p2b: Raging Bolt|71/100\n|move|p2b: Raging Bolt|Thunderbolt|p1a: Calyrex\n|-damage|p1a: Calyrex|42/100\n|\n|-weather|SunnyDay|[upkeep]\n|upkeep\n|\n|t:|1746144246\n|switch|p1b: Chi-Yu|Chi-Yu, L50|100/100\n|-ability|p1b: Chi-Yu|Beads of Ruin\n|turn|5\n|\n|t:|1746144258\n|-terastallize|p1b: Chi-Yu|Ghost\n|move|p1a: Calyrex|Protect|p1a: Calyrex\n|-singleturn|p1a: Calyrex|Protect\n|move|p2b: Raging Bolt|Thunderclap||[still]\n|-fail|p2b: Raging Bolt\n|move|p2a: Koraidon|Flare Blitz|p1b: Chi-Yu\n|-damage|p1b: Chi-Yu|0 fnt\n|faint|p1b: Chi-Yu\n|-damage|p2a: Koraidon|0 fnt|[from] Recoil\n|faint|p2a: Koraidon\n|\n|-weather|none\n|-end|p2b: Raging Bolt|Protosynthesis\n|upkeep\n|turn|6\n|\n|t:|1746144268\n|move|p1a: Calyrex|Nasty Plot|p1a: Calyrex\n|-boost|p1a: Calyrex|spa|2\n|move|p2b: Raging Bolt|Thunderbolt|p1a: Calyrex\n|-damage|p1a: Calyrex|0 fnt\n|faint|p1a: Calyrex\n|\n|win|true csr moment\n||hi we are twice is ready for game 2.\n||true csr moment is ready for game 2.\n|uhtml|next|Next: <a href=\"/battle-gen9vgc2025regibo3-2355032501\"><strong>Game 2 of 3</strong></a>\n|l|\u2606hi we are twice\n|player|p1|\n", "uploadtime": 1746144596, "views": 21, "formatid": "gen9vgc2025regibo3", "rating": null, "private": 0, "password": null}