{"id": "gen9vgc2025regibo3-2354543469", "format": "[Gen 9] VGC 2025 Reg I (Bo3)", "players": ["carrotbeafsteak", "killfery"], "log": "|j|\u2606carrotbeafsteak\n|j|\u2606killfery\n|html|<table width=\"100%\"><tr><td align=\"left\">carrotbeafsteak</td><td align=\"right\">killfery</tr><tr><td align=\"left\"><i class=\"fa fa-circle\"></i> <i class=\"fa fa-circle-o\"></i> </td><td align=\"right\"><i class=\"fa fa-circle-o\"></i> <i class=\"fa fa-circle-o\"></i> </tr></table>\n|uhtml|bestof|<h2><strong>Game 2</strong> of <a href=\"/game-bestof3-gen9vgc2025regibo3-2354542361\">a best-of-3</a></h2>\n|t:|1746091363\n|gametype|doubles\n|player|p1|carrotbeafsteak|lady-gen4|1233\n|player|p2|killfery|harlequin|1107\n|teamsize|p1|6\n|teamsize|p2|6\n|gen|9\n|tier|[Gen 9] VGC 2025 Reg I (Bo3)\n|rated|\n|rule|Species Clause: Limit one of each Pok\u00e9mon\n|rule|Item Clause: Limit 1 of each item\n|clearpoke\n|poke|p1|Miraidon, L50|\n|poke|p1|Zamazenta-*, L50|\n|poke|p1|Bruxish, L50, F|\n|poke|p1|Gholdengo, L50|\n|poke|p1|Murkrow, L50, F|\n|poke|p1|Avalugg-Hisui, L50, M|\n|poke|p2|Zamazenta-*, L50|\n|poke|p2|Ting-Lu, L50|\n|poke|p2|Goodra-Hisui, L50, F|\n|poke|p2|Calyrex-Shadow, L50|\n|poke|p2|Chi-Yu, L50|\n|poke|p2|Whimsicott, L50, F|\n|teampreview|4\n|showteam|p1|Miraidon||LifeOrb|HadronEngine|Protect,ElectroDrift,DazzlingGleam,DracoMeteor||||||50|,,,,,Stellar]Zamazenta-Crowned||RustedShield|DauntlessShield|Protect,BodyPress,behemothbash,WideGuard||||||50|,,,,,Ghost]Bruxish||ChoiceScarf|Dazzling|WaveCrash,PsychicFangs,IcyWind,FlipTurn|||F|||50|,,,,,Normal]Gholdengo||ChoiceSpecs|GoodasGold|MakeItRain,SteelBeam,ShadowBall,PowerGem||||||50|,,,,,Steel]Murkrow||FocusSash|Prankster|Tailwind,Haze,Torment,DarkPulse|||F|||50|,,,,,Ghost]Avalugg-Hisui||LoadedDice|Sturdy|RockBlast,IcicleSpear,MirrorCoat,WideGuard|||M|||50|,,,,,Ghost\n|showteam|p2|Zamazenta-Crowned||RustedShield|DauntlessShield|Protect,behemothbash,WideGuard,BodyPress||||||50|,,,,,Fire]Ting-Lu||RockyHelmet|VesselofRuin|Fissure,Taunt,SandTomb,Ruination||||||50|,,,,,Dark]Goodra-Hisui||Leftovers|Gooey|Protect,BreakingSwipe,Shelter,BodyPress|||F|||50|,,,,,Bug]Calyrex-Shadow||FocusSash|AsOneSpectrier|Protect,AstralBarrage,Disable,WillOWisp||||||50|,,,,,Ghost]Chi-Yu||ChoiceScarf|BeadsofRuin|DarkPulse,HeatWave,Snarl,Overheat||||||50|,,,,,Ghost]Whimsicott||CovertCloak|Prankster|Moonblast,Taunt,Tailwind,Encore|||F|||50|,,,,,Dark\n|\n|t:|1746091379\n|start\n|switch|p1a: Murkrow|Murkrow, L50, F|100/100\n|switch|p1b: Miraidon|Miraidon, L50|100/100\n|switch|p2a: Chi-Yu|Chi-Yu, L50|100/100\n|switch|p2b: Whimsicott|Whimsicott, L50, F|100/100\n|-ability|p2a: Chi-Yu|Beads of Ruin\n|-fieldstart|move: Electric Terrain|[from] ability: Hadron Engine|[of] p1b: Miraidon\n|turn|1\n|\n|t:|1746091413\n|move|p2b: Whimsicott|Tailwind|p2b: Whimsicott\n|-sidestart|p2: killfery|move: Tailwind\n|move|p1a: Murkrow|Tailwind|p1a: Murkrow\n|-sidestart|p1: carrotbeafsteak|move: Tailwind\n|move|p2a: Chi-Yu|Dark Pulse|p1b: Miraidon\n|-damage|p1b: Miraidon|47/100\n|cant|p1b: Miraidon|flinch\n|\n|upkeep\n|turn|2\n|\n|t:|1746091432\n|switch|p1b: Zamazenta|Zamazenta-Crowned, L50|100/100\n|-ability|p1b: Zamazenta|Dauntless Shield|boost\n|-boost|p1b: Zamazenta|def|1\n|move|p1a: Murkrow|Torment|p2b: Whimsicott\n|-start|p2b: Whimsicott|Torment\n|move|p2a: Chi-Yu|Dark Pulse|p1b: Zamazenta\n|-resisted|p1b: Zamazenta\n|-damage|p1b: Zamazenta|80/100\n|move|p2b: Whimsicott|Moonblast|p1a: Murkrow\n|-supereffective|p1a: Murkrow\n|-enditem|p1a: Murkrow|Focus Sash\n|-damage|p1a: Murkrow|1/100\n|-unboost|p1a: Murkrow|spa|1\n|\n|upkeep\n|turn|3\n|\n|t:|1746091471\n|switch|p2a: Calyrex|Calyrex-Shadow, L50|100/100\n|-ability|p2a: Calyrex|As One\n|-ability|p2a: Calyrex|Unnerve\n|switch|p1a: Miraidon|Miraidon, L50|47/100\n|-activate|p1a: Miraidon|ability: Hadron Engine\n|move|p2b: Whimsicott|Taunt|p1b: Zamazenta\n|-start|p1b: Zamazenta|move: Taunt\n|move|p1b: Zamazenta|Behemoth Bash|p2b: Whimsicott\n|-supereffective|p2b: Whimsicott\n|-damage|p2b: Whimsicott|0 fnt\n|faint|p2b: Whimsicott\n|\n|upkeep\n|\n|t:|1746091492\n|switch|p2b: Chi-Yu|Chi-Yu, L50|100/100\n|-ability|p2b: Chi-Yu|Beads of Ruin\n|turn|4\n|\n|t:|1746091502\n|move|p1a: Miraidon|Protect|p1a: Miraidon\n|-singleturn|p1a: Miraidon|Protect\n|move|p2b: Chi-Yu|Heat Wave|p1a: Miraidon|[spread] p1b\n|-activate|p1a: Miraidon|move: Protect\n|-supereffective|p1b: Zamazenta\n|-damage|p1b: Zamazenta|5/100\n|move|p2a: Calyrex|Astral Barrage|p1b: Zamazenta|[spread] p1b\n|-activate|p1a: Miraidon|move: Protect\n|-damage|p1b: Zamazenta|0 fnt\n|faint|p1b: Zamazenta\n|-ability|p2a: Calyrex|Grim Neigh|boost\n|-boost|p2a: Calyrex|spa|1\n|\n|-sideend|p2: killfery|move: Tailwind\n|-sideend|p1: carrotbeafsteak|move: Tailwind\n|upkeep\n|\n|t:|1746091512\n|switch|p1b: Murkrow|Murkrow, L50, F|1/100\n|turn|5\n|inactive|Battle timer is ON: inactive players will automatically lose when time's up. (requested by killfery)\n|\n|t:|1746091523\n|switch|p2b: Zamazenta|Zamazenta-Crowned, L50|100/100\n|-ability|p2b: Zamazenta|Dauntless Shield|boost\n|-boost|p2b: Zamazenta|def|1\n|move|p1b: Murkrow|Tailwind|p1b: Murkrow\n|-sidestart|p1: carrotbeafsteak|move: Tailwind\n|move|p1a: Miraidon|Dazzling Gleam|p2a: Calyrex|[spread] p2a,p2b\n|-damage|p2a: Calyrex|63/100\n|-damage|p2b: Zamazenta|73/100\n|-damage|p1a: Miraidon|38/100|[from] item: Life Orb\n|move|p2a: Calyrex|Astral Barrage|p1b: Murkrow|[spread] p1a,p1b\n|-resisted|p1b: Murkrow\n|-damage|p1a: Miraidon|0 fnt\n|-damage|p1b: Murkrow|0 fnt\n|faint|p1a: Miraidon\n|faint|p1b: Murkrow\n|-ability|p2a: Calyrex|Grim Neigh|boost\n|-boost|p2a: Calyrex|spa|2\n|\n|-fieldend|move: Electric Terrain\n|upkeep\n|\n|t:|1746091537\n|switch|p1a: Avalugg|Avalugg-Hisui, L50, M|100/100\n|turn|6\n|\n|t:|1746091542\n|move|p2a: Calyrex|Will-O-Wisp|p1a: Avalugg\n|-status|p1a: Avalugg|brn\n|move|p2b: Zamazenta|Body Press|p1a: Avalugg\n|-supereffective|p1a: Avalugg\n|-ability|p1a: Avalugg|Sturdy\n|-damage|p1a: Avalugg|1/100 brn\n|move|p1a: Avalugg|Icicle Spear|p2a: Calyrex\n|-damage|p2a: Calyrex|56/100\n|-damage|p2a: Calyrex|49/100\n|-damage|p2a: Calyrex|42/100\n|-damage|p2a: Calyrex|36/100\n|-hitcount|p2a: Calyrex|4\n|\n|-damage|p1a: Avalugg|0 fnt|[from] brn\n|faint|p1a: Avalugg\n|\n|win|killfery\n||carrotbeafsteak is ready for game 3.\n||killfery is ready for game 3.\n|uhtml|next|Next: <a href=\"/battle-gen9vgc2025regibo3-2354544442\"><strong>Game 3 of 3</strong></a>\n|l|\u2606killfery\n|player|p2|\n|l|\u2606carrotbeafsteak\n|player|p1|\n", "uploadtime": 1746091817, "views": 12, "formatid": "gen9vgc2025regibo3", "rating": null, "private": 0, "password": null}