{"id": "gen9vgc2025regibo3-2353508370", "format": "[Gen 9] VGC 2025 Reg I (Bo3)", "players": ["PeePooBum", "messi-05"], "log": "|j|\u2606PeePooBum\n|j|\u2606messi-05\n|html|<table width=\"100%\"><tr><td align=\"left\">PeePooBum</td><td align=\"right\">messi-05</tr><tr><td align=\"left\"><i class=\"fa fa-circle-o\"></i> <i class=\"fa fa-circle-o\"></i> </td><td align=\"right\"><i class=\"fa fa-circle-o\"></i> <i class=\"fa fa-circle-o\"></i> </tr></table>\n|uhtml|bestof|<h2><strong>Game 1</strong> of <a href=\"/game-bestof3-gen9vgc2025regibo3-2353508369\">a best-of-3</a></h2>\n|t:|1745962668\n|gametype|doubles\n|player|p1|PeePooBum|101|1072\n|player|p2|messi-05|170|1117\n|teamsize|p1|6\n|teamsize|p2|6\n|gen|9\n|tier|[Gen 9] VGC 2025 Reg I (Bo3)\n|rated|\n|rule|Species Clause: Limit one of each Pok\u00e9mon\n|rule|Item Clause: Limit 1 of each item\n|clearpoke\n|poke|p1|Koraidon, L50|\n|poke|p1|Solgaleo, L50|\n|poke|p1|Flutter Mane, L50|\n|poke|p1|Ogerpon-Cornerstone, L50, F|\n|poke|p1|Brute Bonnet, L50|\n|poke|p1|Gastrodon-East, L50, M|\n|poke|p2|Terapagos, L50, M|\n|poke|p2|Koraidon, L50|\n|poke|p2|Incineroar, L50, M|\n|poke|p2|Rillaboom, L50, M|\n|poke|p2|Ogerpon-Cornerstone, L50, F|\n|poke|p2|Flutter Mane, L50|\n|teampreview|4\n|showteam|p1|Koraidon||ClearAmulet|OrichalcumPulse|FlareBlitz,FlameCharge,CollisionCourse,Protect||||||50|,,,,,Fire]Solgaleo||WeaknessPolicy|FullMetalBody|SunsteelStrike,PsychicFangs,WideGuard,Protect||||||50|,,,,,Flying]Flutter Mane||FocusSash|Protosynthesis|Moonblast,ShadowBall,IcyWind,Protect||||||50|,,,,,Normal]Ogerpon-Cornerstone||CornerstoneMask|Sturdy|PowerWhip,IvyCudgel,FollowMe,SpikyShield|||F|||50|,,,,,Rock]Brute Bonnet||RockyHelmet|Protosynthesis|Spore,RagePowder,SeedBomb,SuckerPunch||||||50|,,,,,Water]Gastrodon-East||SafetyGoggles|StormDrain|ClearSmog,EarthPower,Yawn,Recover|||M|||50|,,,,,Fire\n|showteam|p2|Terapagos||Leftovers|TeraShift|TeraStarstorm,CalmMind,Substitute,Protect|||M|||50|,,,,,Stellar]Koraidon||LifeOrb|OrichalcumPulse|FlareBlitz,CloseCombat,FlameCharge,Protect||||||50|,,,,,Fire]Incineroar||RockyHelmet|Intimidate|KnockOff,PartingShot,WillOWisp,FakeOut|||M|||50|,,,,,Water]Rillaboom||AssaultVest|GrassySurge|WoodHammer,GrassyGlide,Uturn,FakeOut|||M|||50|,,,,,Water]Ogerpon-Cornerstone||CornerstoneMask|Sturdy|IvyCudgel,GrassyGlide,FollowMe,SpikyShield|||F|||50|,,,,,Rock]Flutter Mane||FocusSash|Protosynthesis|Moonblast,DazzlingGleam,ShadowBall,IcyWind||||||50|,,,,,Fairy\n|inactive|Battle timer is ON: inactive players will automatically lose when time's up. (requested by messi-05)\n|inactive|PeePooBum has 60 seconds left.\n|inactive|messi-05 has 60 seconds left.\n|inactive|messi-05 has 30 seconds left.\n|inactive|messi-05 has 20 seconds left.\n|inactive|messi-05 has 15 seconds left.\n|inactive|messi-05 has 10 seconds left.\n|\n|t:|1745962752\n|start\n|switch|p1a: Brute Bonnet|Brute Bonnet, L50|100/100\n|switch|p1b: Flutter Mane|Flutter Mane, L50|100/100\n|switch|p2a: Terapagos|Terapagos, L50, M|100/100\n|switch|p2b: Incineroar|Incineroar, L50, M|100/100\n|-activate|p2a: Terapagos|ability: Tera Shift\n|detailschange|p2a: Terapagos|Terapagos-Terastal, L50, M\n|-heal|p2a: Terapagos|100/100|[silent]\n|-ability|p2b: Incineroar|Intimidate|boost\n|-unboost|p1a: Brute Bonnet|atk|1\n|-unboost|p1b: Flutter Mane|atk|1\n|turn|1\n|inactive|PeePooBum has 30 seconds left.\n|inactive|messi-05 has 30 seconds left.\n|\n|t:|1745962780\n|-terastallize|p2a: Terapagos|Stellar\n|detailschange|p2a: Terapagos|Terapagos-Stellar, L50, M, tera:Stellar\n|-heal|p2a: Terapagos|100/100|[silent]\n|move|p2b: Incineroar|Fake Out|p1a: Brute Bonnet\n|-damage|p1a: Brute Bonnet|93/100\n|-damage|p2b: Incineroar|84/100|[from] item: Rocky Helmet|[of] p1a: Brute Bonnet\n|move|p1b: Flutter Mane|Moonblast|p2b: Incineroar\n|-damage|p2b: Incineroar|37/100\n|-unboost|p2b: Incineroar|spa|1\n|move|p2a: Terapagos|Tera Starstorm|p1a: Brute Bonnet|[spread] p1a,p1b\n|-damage|p1a: Brute Bonnet|66/100\n|-damage|p1b: Flutter Mane|54/100\n|cant|p1a: Brute Bonnet|flinch\n|\n|upkeep\n|turn|2\n|\n|t:|1745962805\n|switch|p2b: Rillaboom|Rillaboom, L50, M|100/100\n|-fieldstart|move: Grassy Terrain|[from] ability: Grassy Surge|[of] p2b: Rillaboom\n|move|p2a: Terapagos|Protect|p2a: Terapagos\n|-singleturn|p2a: Terapagos|Protect\n|move|p1b: Flutter Mane|Moonblast|p2b: Rillaboom\n|-damage|p2b: Rillaboom|65/100\n|move|p1a: Brute Bonnet|Spore|p2a: Terapagos\n|-activate|p2a: Terapagos|move: Protect\n|\n|-heal|p1b: Flutter Mane|60/100|[from] Grassy Terrain\n|-heal|p2b: Rillaboom|71/100|[from] Grassy Terrain\n|-heal|p1a: Brute Bonnet|72/100|[from] Grassy Terrain\n|upkeep\n|turn|3\n|\n|t:|1745962828\n|-end|p1b: Flutter Mane|Protosynthesis|[silent]\n|switch|p1b: Koraidon|Koraidon, L50|100/100\n|-weather|SunnyDay|[from] ability: Orichalcum Pulse|[of] p1b: Koraidon\n|-activate|p1a: Brute Bonnet|ability: Protosynthesis\n|-start|p1a: Brute Bonnet|protosynthesisdef\n|-activate|p1b: Koraidon|Orichalcum Pulse|[source]\n|move|p2b: Rillaboom|Fake Out|p1a: Brute Bonnet\n|-damage|p1a: Brute Bonnet|64/100\n|-damage|p2b: Rillaboom|55/100|[from] item: Rocky Helmet|[of] p1a: Brute Bonnet\n|move|p2a: Terapagos|Substitute|p2a: Terapagos\n|-start|p2a: Terapagos|Substitute\n|-damage|p2a: Terapagos|76/100\n|cant|p1a: Brute Bonnet|flinch\n|\n|-weather|SunnyDay|[upkeep]\n|-heal|p2b: Rillaboom|60/100|[from] Grassy Terrain\n|-heal|p2a: Terapagos|82/100|[from] Grassy Terrain\n|-heal|p2a: Terapagos|88/100|[from] item: Leftovers\n|-heal|p1a: Brute Bonnet|70/100|[from] Grassy Terrain\n|upkeep\n|turn|4\n|inactive|PeePooBum has 30 seconds left.\n|\n|t:|1745962862\n|switch|p2b: Incineroar|Incineroar, L50, M|37/100\n|-ability|p2b: Incineroar|Intimidate|boost\n|-unboost|p1a: Brute Bonnet|atk|1\n|-fail|p1b: Koraidon|unboost|[from] item: Clear Amulet|[of] p1b: Koraidon\n|move|p2a: Terapagos|Protect|p2a: Terapagos\n|-singleturn|p2a: Terapagos|Protect\n|move|p1b: Koraidon|Collision Course|p2a: Terapagos\n|-activate|p2a: Terapagos|move: Protect\n|move|p1a: Brute Bonnet|Spore|p2a: Terapagos\n|-activate|p2a: Terapagos|move: Protect\n|\n|-weather|SunnyDay|[upkeep]\n|-heal|p2a: Terapagos|94/100|[from] Grassy Terrain\n|-heal|p2a: Terapagos|100/100|[from] item: Leftovers\n|-heal|p2b: Incineroar|43/100|[from] Grassy Terrain\n|-heal|p1a: Brute Bonnet|76/100|[from] Grassy Terrain\n|upkeep\n|turn|5\n|inactive|messi-05 has 30 seconds left.\n|\n|t:|1745962887\n|move|p2b: Incineroar|Fake Out|p1a: Brute Bonnet\n|-crit|p1a: Brute Bonnet\n|-damage|p1a: Brute Bonnet|68/100\n|-damage|p2b: Incineroar|26/100|[from] item: Rocky Helmet|[of] p1a: Brute Bonnet\n|move|p1b: Koraidon|Collision Course|p2a: Terapagos\n|-supereffective|p2a: Terapagos\n|-end|p2a: Terapagos|Substitute\n|move|p2a: Terapagos|Tera Starstorm|p1b: Koraidon|[spread] p1a,p1b\n|-damage|p1a: Brute Bonnet|38/100\n|-damage|p1b: Koraidon|58/100\n|cant|p1a: Brute Bonnet|flinch\n|\n|-weather|SunnyDay|[upkeep]\n|-heal|p1b: Koraidon|64/100|[from] Grassy Terrain\n|-heal|p2b: Incineroar|32/100|[from] Grassy Terrain\n|-heal|p1a: Brute Bonnet|44/100|[from] Grassy Terrain\n|upkeep\n|turn|6\n|\n|t:|1745962908\n|move|p2a: Terapagos|Protect|p2a: Terapagos\n|-singleturn|p2a: Terapagos|Protect\n|move|p1b: Koraidon|Collision Course|p2b: Incineroar\n|-supereffective|p2b: Incineroar\n|-crit|p2b: Incineroar\n|-damage|p2b: Incineroar|0 fnt\n|-damage|p1b: Koraidon|47/100|[from] item: Rocky Helmet|[of] p2b: Incineroar\n|faint|p2b: Incineroar\n|move|p1a: Brute Bonnet|Spore|p2a: Terapagos\n|-activate|p2a: Terapagos|move: Protect\n|\n|-weather|SunnyDay|[upkeep]\n|-heal|p1b: Koraidon|53/100|[from] Grassy Terrain\n|-heal|p1a: Brute Bonnet|50/100|[from] Grassy Terrain\n|-fieldend|move: Grassy Terrain\n|upkeep\n|\n|t:|1745962919\n|switch|p2b: Rillaboom|Rillaboom, L50, M|60/100\n|-fieldstart|move: Grassy Terrain|[from] ability: Grassy Surge|[of] p2b: Rillaboom\n|turn|7\n|\n|t:|1745962937\n|-end|p1a: Brute Bonnet|Protosynthesis|[silent]\n|switch|p1a: Flutter Mane|Flutter Mane, L50|60/100\n|-activate|p1a: Flutter Mane|ability: Protosynthesis\n|-start|p1a: Flutter Mane|protosynthesisspe\n|move|p2b: Rillaboom|Fake Out|p1a: Flutter Mane\n|-immune|p1a: Flutter Mane\n|move|p1b: Koraidon|Flame Charge|p2b: Rillaboom\n|-supereffective|p2b: Rillaboom\n|-damage|p2b: Rillaboom|0 fnt\n|-boost|p1b: Koraidon|spe|1\n|faint|p2b: Rillaboom\n|move|p2a: Terapagos|Tera Starstorm|p1a: Flutter Mane|[spread] p1a,p1b\n|-damage|p1a: Flutter Mane|12/100\n|-damage|p1b: Koraidon|12/100\n|\n|-weather|none\n|-end|p1a: Flutter Mane|Protosynthesis\n|-heal|p1a: Flutter Mane|18/100|[from] Grassy Terrain\n|-heal|p1b: Koraidon|18/100|[from] Grassy Terrain\n|upkeep\n|\n|t:|1745962951\n|switch|p2b: Koraidon|Koraidon, L50|100/100\n|-weather|SunnyDay|[from] ability: Orichalcum Pulse|[of] p2b: Koraidon\n|-activate|p1a: Flutter Mane|ability: Protosynthesis\n|-start|p1a: Flutter Mane|protosynthesisspe\n|-activate|p2b: Koraidon|Orichalcum Pulse|[source]\n|turn|8\n|\n|t:|1745962968\n|move|p2b: Koraidon|Protect|p2b: Koraidon\n|-singleturn|p2b: Koraidon|Protect\n|move|p1b: Koraidon|Collision Course|p2a: Terapagos\n|-supereffective|p2a: Terapagos\n|-damage|p2a: Terapagos|0 fnt\n|faint|p2a: Terapagos\n|move|p1a: Flutter Mane|Moonblast|p2b: Koraidon\n|-activate|p2b: Koraidon|move: Protect\n|\n|-weather|SunnyDay|[upkeep]\n|-heal|p1b: Koraidon|24/100|[from] Grassy Terrain\n|-heal|p1a: Flutter Mane|24/100|[from] Grassy Terrain\n|upkeep\n|turn|9\n|-message|messi-05 forfeited.\n|\n|win|PeePooBum\n|l|\u2606messi-05\n|player|p2|\n||messi-05 is ready for game 2.\n||PeePooBum is ready for game 2.\n|uhtml|next|Next: <a href=\"/battle-gen9vgc2025regibo3-2353511379\"><strong>Game 2 of 3</strong></a>\n", "uploadtime": 1745963247, "views": 22, "formatid": "gen9vgc2025regibo3", "rating": null, "private": 0, "password": null}