{"id": "gen9vgc2025regibo3-2353924879", "format": "[Gen 9] VGC 2025 Reg I (Bo3)", "players": ["adn46r1", "Jun local"], "log": "|j|\u2606adn46r1\n|j|\u2606Jun local\n|html|<table width=\"100%\"><tr><td align=\"left\">adn46r1</td><td align=\"right\">Jun local</tr><tr><td align=\"left\"><i class=\"fa fa-circle-o\"></i> <i class=\"fa fa-circle-o\"></i> </td><td align=\"right\"><i class=\"fa fa-circle-o\"></i> <i class=\"fa fa-circle-o\"></i> </tr></table>\n|uhtml|bestof|<h2><strong>Game 1</strong> of <a href=\"/game-bestof3-gen9vgc2025regibo3-2353924878\">a best-of-3</a></h2>\n|t:|1746019420\n|gametype|doubles\n|player|p1|adn46r1|101|1159\n|player|p2|Jun local|burglar|1069\n|teamsize|p1|6\n|teamsize|p2|6\n|gen|9\n|tier|[Gen 9] VGC 2025 Reg I (Bo3)\n|rated|\n|rule|Species Clause: Limit one of each Pok\u00e9mon\n|rule|Item Clause: Limit 1 of each item\n|clearpoke\n|poke|p1|Zacian-*, L50|\n|poke|p1|Urshifu-*, L50, M|\n|poke|p1|Tornadus, L50, M|\n|poke|p1|Incineroar, L50, F|\n|poke|p1|Rillaboom, L50, F|\n|poke|p1|Kyogre, L50|\n|poke|p2|Kyogre, L50|\n|poke|p2|Calyrex-Ice, L50|\n|poke|p2|Regieleki, L50|\n|poke|p2|Landorus, L50, M|\n|poke|p2|Ogerpon-Cornerstone, L50, F|\n|poke|p2|Rillaboom, L50, M|\n|teampreview|4\n|showteam|p1|Zacian-Crowned||RustedSword|IntrepidSword|behemothblade,Protect,PlayRough,SacredSword||||||50|,,,,,Fairy]Urshifu||FocusSash|UnseenFist|WickedBlow,SuckerPunch,CloseCombat,Detect|||M|||50|,,,,,Dark]Tornadus||CovertCloak|Prankster|Tailwind,Hurricane,IcyWind,Taunt|||M|||50|,,,,,Dark]Incineroar||SafetyGoggles|Intimidate|FakeOut,KnockOff,PartingShot,FlareBlitz|||F|||50|,,,,,Water]Rillaboom||AssaultVest|GrassySurge|FakeOut,GrassyGlide,WoodHammer,Uturn|||F|||50|,,,,,Fire]Kyogre||MysticWater|Drizzle|OriginPulse,IceBeam,WaterSpout,Protect||||||50|,,,,,Grass\n|showteam|p2|Kyogre||MysticWater|Drizzle|WaterSpout,OriginPulse,HydroPump,Protect||||||50|,,,,,Grass]Calyrex-Ice||ClearAmulet|AsOneGlastrier|GlacialLance,TrickRoom,Imprison,Protect||||||50|,,,,,Water]Regieleki||FocusSash|Transistor|Thunderbolt,Electroweb,VoltSwitch,Protect||||||50|,,,,,Electric]Landorus||LifeOrb|SheerForce|EarthPower,SandsearStorm,SludgeBomb,Protect|||M|||50|,,,,,Water]Ogerpon-Cornerstone||CornerstoneMask|Sturdy|IvyCudgel,FollowMe,SpikyShield,Encore|||F|||50|,,,,,Rock]Rillaboom||AssaultVest|GrassySurge|GrassyGlide,WoodHammer,FakeOut,Uturn|||M|||50|,,,,,Fire\n|inactive|Battle timer is ON: inactive players will automatically lose when time's up. (requested by adn46r1)\n|inactive|Jun local has 60 seconds left.\n|\n|t:|1746019475\n|start\n|switch|p1a: Kyogre|Kyogre, L50|100/100\n|switch|p1b: Zacian|Zacian-Crowned, L50, shiny|100/100\n|switch|p2a: Calyrex|Calyrex-Ice, L50|100/100\n|switch|p2b: Ogerpon|Ogerpon-Cornerstone, L50, F|100/100\n|-ability|p2a: Calyrex|As One\n|-ability|p2a: Calyrex|Unnerve\n|-ability|p1b: Zacian|Intrepid Sword|boost\n|-boost|p1b: Zacian|atk|1\n|-weather|RainDance|[from] ability: Drizzle|[of] p1a: Kyogre\n|turn|1\n|\n|t:|1746019498\n|-terastallize|p2a: Calyrex|Water\n|move|p2b: Ogerpon|Follow Me|p2b: Ogerpon\n|-singleturn|p2b: Ogerpon|move: Follow Me\n|move|p1b: Zacian|Behemoth Blade|p2b: Ogerpon\n|-supereffective|p2b: Ogerpon\n|-ability|p2b: Ogerpon|Sturdy\n|-damage|p2b: Ogerpon|1/100\n|move|p1a: Kyogre|Water Spout|p2b: Ogerpon|[spread] p2a,p2b\n|-resisted|p2a: Calyrex\n|-damage|p2a: Calyrex|62/100\n|-damage|p2b: Ogerpon|0 fnt\n|faint|p2b: Ogerpon\n|move|p2a: Calyrex|Trick Room|p2a: Calyrex\n|-fieldstart|move: Trick Room|[of] p2a: Calyrex\n|\n|-weather|RainDance|[upkeep]\n|upkeep\n|\n|t:|1746019519\n|switch|p2b: Landorus|Landorus, L50, M|100/100\n|turn|2\n|\n|t:|1746019533\n|move|p1b: Zacian|Protect|p1b: Zacian\n|-singleturn|p1b: Zacian|Protect\n|move|p2a: Calyrex|Glacial Lance|p1a: Kyogre|[spread] p1a\n|-activate|p1b: Zacian|move: Protect\n|-resisted|p1a: Kyogre\n|-damage|p1a: Kyogre|71/100\n|move|p2b: Landorus|Sandsear Storm|p1b: Zacian|[spread] p1a\n|-activate|p1b: Zacian|move: Protect\n|-damage|p1a: Kyogre|24/100\n|move|p1a: Kyogre|Origin Pulse|p2b: Landorus|[spread] p2b\n|-miss|p1a: Kyogre|p2a: Calyrex\n|-supereffective|p2b: Landorus\n|-damage|p2b: Landorus|0 fnt\n|faint|p2b: Landorus\n|\n|-weather|RainDance|[upkeep]\n|upkeep\n|\n|t:|1746019551\n|switch|p2b: Kyogre|Kyogre, L50|100/100\n|turn|3\n|\n|t:|1746019566\n|-terastallize|p1b: Zacian|Fairy\n|move|p1a: Kyogre|Protect|p1a: Kyogre\n|-singleturn|p1a: Kyogre|Protect\n|move|p2a: Calyrex|Glacial Lance|p1b: Zacian|[spread] p1b\n|-activate|p1a: Kyogre|move: Protect\n|-damage|p1b: Zacian|43/100\n|move|p2b: Kyogre|Water Spout|p1a: Kyogre|[spread] p1b\n|-activate|p1a: Kyogre|move: Protect\n|-damage|p1b: Zacian|0 fnt\n|faint|p1b: Zacian\n|\n|-weather|RainDance|[upkeep]\n|upkeep\n|\n|t:|1746019578\n|switch|p1b: Rillaboom|Rillaboom, L50, F|100/100\n|-fieldstart|move: Grassy Terrain|[from] ability: Grassy Surge|[of] p1b: Rillaboom\n|turn|4\n|\n|t:|1746019597\n|move|p1b: Rillaboom|Grassy Glide|p2a: Calyrex\n|-supereffective|p2a: Calyrex\n|-damage|p2a: Calyrex|19/100\n|move|p2a: Calyrex|Glacial Lance|p1a: Kyogre|[spread] p1a,p1b\n|-resisted|p1a: Kyogre\n|-supereffective|p1b: Rillaboom\n|-damage|p1a: Kyogre|0 fnt\n|-damage|p1b: Rillaboom|0 fnt\n|faint|p1a: Kyogre\n|faint|p1b: Rillaboom\n|-ability|p2a: Calyrex|Chilling Neigh|boost\n|-boost|p2a: Calyrex|atk|2\n|move|p2b: Kyogre|Water Spout|p1: Kyogre|[notarget]\n|-fail|p2b: Kyogre\n|\n|-weather|RainDance|[upkeep]\n|-heal|p2a: Calyrex|25/100|[from] Grassy Terrain\n|upkeep\n|\n|t:|1746019603\n|switch|p1a: Urshifu|Urshifu, L50, M|100/100\n|turn|5\n|\n|t:|1746019619\n|move|p1a: Urshifu|Detect|p1a: Urshifu\n|-singleturn|p1a: Urshifu|Protect\n|move|p2a: Calyrex|Glacial Lance|p1a: Urshifu\n|-activate|p1a: Urshifu|move: Protect\n|move|p2b: Kyogre|Water Spout|p1a: Urshifu\n|-activate|p1a: Urshifu|move: Protect\n|\n|-weather|none\n|-heal|p2a: Calyrex|31/100|[from] Grassy Terrain\n|-fieldend|move: Trick Room\n|upkeep\n|turn|6\n|\n|t:|1746019637\n|move|p1a: Urshifu|Wicked Blow|p2a: Calyrex\n|-crit|p2a: Calyrex\n|-damage|p2a: Calyrex|0 fnt\n|faint|p2a: Calyrex\n|move|p2b: Kyogre|Origin Pulse|p1a: Urshifu\n|-enditem|p1a: Urshifu|Focus Sash\n|-damage|p1a: Urshifu|1/100\n|\n|-heal|p1a: Urshifu|7/100|[from] Grassy Terrain\n|upkeep\n|turn|7\n|\n|t:|1746019649\n|move|p1a: Urshifu|Detect|p1a: Urshifu\n|-singleturn|p1a: Urshifu|Protect\n|move|p2b: Kyogre|Water Spout|p1a: Urshifu\n|-activate|p1a: Urshifu|move: Protect\n|\n|-heal|p1a: Urshifu|14/100|[from] Grassy Terrain\n|upkeep\n|turn|8\n|\n|t:|1746019654\n|move|p1a: Urshifu|Wicked Blow|p2b: Kyogre\n|-crit|p2b: Kyogre\n|-damage|p2b: Kyogre|36/100\n|move|p2b: Kyogre|Water Spout|p1a: Urshifu\n|-damage|p1a: Urshifu|0 fnt\n|faint|p1a: Urshifu\n|\n|win|Jun local\n||adn46r1 is ready for game 2.\n", "uploadtime": 1746019663, "views": 6, "formatid": "gen9vgc2025regibo3", "rating": null, "private": 0, "password": null}