{"id": "gen9vgc2025regibo3-2353736998", "format": "[Gen 9] VGC 2025 Reg I (Bo3)", "players": ["Yggdrasil1992", "Villbs2"], "log": "|j|\u2606Yggdrasil1992\n|j|\u2606Villbs2\n|html|<table width=\"100%\"><tr><td align=\"left\">Yggdrasil1992</td><td align=\"right\">Villbs2</tr><tr><td align=\"left\"><i class=\"fa fa-circle-o\"></i> <i class=\"fa fa-circle-o\"></i> </td><td align=\"right\"><i class=\"fa fa-circle-o\"></i> <i class=\"fa fa-circle-o\"></i> </tr></table>\n|uhtml|bestof|<h2><strong>Game 1</strong> of <a href=\"/game-bestof3-gen9vgc2025regibo3-2353736997\">a best-of-3</a></h2>\n|t:|1745991221\n|gametype|doubles\n|player|p1|Yggdrasil1992|266|1065\n|player|p2|Villbs2|265|1129\n|teamsize|p1|6\n|teamsize|p2|6\n|gen|9\n|tier|[Gen 9] VGC 2025 Reg I (Bo3)\n|rated|\n|rule|Species Clause: Limit one of each Pok\u00e9mon\n|rule|Item Clause: Limit 1 of each item\n|clearpoke\n|poke|p1|Alcremie, L50, F|\n|poke|p1|Kyogre, L50|\n|poke|p1|Calyrex-Ice, L50|\n|poke|p1|Grimmsnarl, L50, M|\n|poke|p1|Thundurus, L50, M|\n|poke|p1|Ceruledge, L50, M|\n|poke|p2|Ogerpon-Cornerstone, L50, F|\n|poke|p2|Zamazenta-*, L50|\n|poke|p2|Calyrex-Shadow, L50|\n|poke|p2|Incineroar, L50, F|\n|poke|p2|Rillaboom, L50, M|\n|poke|p2|Urshifu-*, L50, M|\n|teampreview|4\n|showteam|p1|Alcremie||SitrusBerry|AromaVeil|Decorate,Encore,DrainingKiss,HelpingHand|||F|||50|,,,,,Poison]Kyogre||Leftovers|Drizzle|WaterSpout,AquaRing,TeraBlast,Protect||||||50|,,,,,Ground]Calyrex-Ice||CovertCloak|AsOneGlastrier|GlacialLance,DrainingKiss,CalmMind,TrickRoom||||||50|,,,,,Fairy]Grimmsnarl||AbilityShield|Prankster|ThunderWave,SuckerPunch,PlayRough,FalseSurrender|||M|||50|,,,,,Ghost]Thundurus||FocusSash|Prankster|ThunderWave,SludgeBomb,Taunt,WildboltStorm|||M|||50|,,,,,Electric]Ceruledge||PowerHerb|FlashFire|BitterBlade,BulkUp,Protect,PhantomForce|||M|||50|,,,,,Grass\n|showteam|p2|Ogerpon-Cornerstone||CornerstoneMask|Sturdy|FollowMe,IvyCudgel,SpikyShield,WoodHammer|||F|||50|,,,,,Rock]Zamazenta-Crowned||RustedShield|DauntlessShield|BodyPress,WideGuard,Protect,behemothbash||||||50|,,,,,Dragon]Calyrex-Shadow||FocusSash|AsOneSpectrier|AstralBarrage,WillOWisp,Protect,Psychic||||||50|,,,,,Dark]Incineroar||RockyHelmet|Intimidate|FakeOut,FlareBlitz,KnockOff,PartingShot|||F|||50|,,,,,Water]Rillaboom||AssaultVest|GrassySurge|FakeOut,GrassyGlide,Uturn,WoodHammer|||M|||50|,,,,,Fire]Urshifu-Rapid-Strike||MysticWater|UnseenFist|AquaJet,CloseCombat,SurgingStrikes,Protect|||M|||50|,,,,,Water\n|\n|t:|1745991297\n|start\n|switch|p1a: Grimmsnarl|Grimmsnarl, L50, M|100/100\n|switch|p1b: Ceruledge|Ceruledge, L50, M|100/100\n|switch|p2a: Zamazenta|Zamazenta-Crowned, L50|100/100\n|switch|p2b: Incineroar|Incineroar, L50, F, shiny|100/100\n|-ability|p2a: Zamazenta|Dauntless Shield|boost\n|-boost|p2a: Zamazenta|def|1\n|-ability|p2b: Incineroar|Intimidate|boost\n|-unboost|p1a: Grimmsnarl|atk|1\n|-unboost|p1b: Ceruledge|atk|1\n|turn|1\n|\n|t:|1745991329\n|switch|p1a: Kyogre|Kyogre, L50|100/100\n|-weather|RainDance|[from] ability: Drizzle|[of] p1a: Kyogre\n|move|p2a: Zamazenta|Protect|p2a: Zamazenta\n|-singleturn|p2a: Zamazenta|Protect\n|move|p1b: Ceruledge|Bulk Up|p1b: Ceruledge\n|-boost|p1b: Ceruledge|atk|1\n|-boost|p1b: Ceruledge|def|1\n|move|p2b: Incineroar|Knock Off|p1b: Ceruledge\n|-supereffective|p1b: Ceruledge\n|-damage|p1b: Ceruledge|45/100\n|-enditem|p1b: Ceruledge|Power Herb|[from] move: Knock Off|[of] p2b: Incineroar\n|\n|-weather|RainDance|[upkeep]\n|upkeep\n|turn|2\n|\n|t:|1745991396\n|-terastallize|p2a: Zamazenta|Dragon\n|move|p1b: Ceruledge|Protect|p1b: Ceruledge\n|-singleturn|p1b: Ceruledge|Protect\n|move|p2a: Zamazenta|Wide Guard|p2a: Zamazenta\n|-singleturn|p2a: Zamazenta|Wide Guard\n|move|p1a: Kyogre|Aqua Ring|p1a: Kyogre\n|-start|p1a: Kyogre|Aqua Ring\n|move|p2b: Incineroar|Parting Shot|p1a: Kyogre\n|-unboost|p1a: Kyogre|atk|1\n|-unboost|p1a: Kyogre|spa|1\n|\n|t:|1745991409\n|switch|p2b: Rillaboom|Rillaboom, L50, M|100/100|[from] Parting Shot\n|-fieldstart|move: Grassy Terrain|[from] ability: Grassy Surge|[of] p2b: Rillaboom\n|\n|-weather|RainDance|[upkeep]\n|-heal|p1b: Ceruledge|51/100|[from] Grassy Terrain\n|upkeep\n|turn|3\n|\n|t:|1745991449\n|move|p2b: Rillaboom|Grassy Glide|p1a: Kyogre\n|-supereffective|p1a: Kyogre\n|-damage|p1a: Kyogre|52/100\n|move|p2a: Zamazenta|Body Press|p1a: Kyogre\n|-damage|p1a: Kyogre|8/100\n|move|p1a: Kyogre|Water Spout|p2a: Zamazenta|[spread] p2a,p2b\n|-resisted|p2a: Zamazenta\n|-resisted|p2b: Rillaboom\n|-damage|p2a: Zamazenta|99/100\n|-damage|p2b: Rillaboom|99/100\n|move|p1b: Ceruledge|Bitter Blade|p2b: Rillaboom\n|-supereffective|p2b: Rillaboom\n|-damage|p2b: Rillaboom|61/100\n|-heal|p1b: Ceruledge|77/100|[from] drain|[of] p2b: Rillaboom\n|\n|-weather|RainDance|[upkeep]\n|-heal|p2a: Zamazenta|100/100|[from] Grassy Terrain\n|-heal|p1a: Kyogre|14/100|[from] Grassy Terrain\n|-heal|p1a: Kyogre|20/100|[from] item: Leftovers\n|-heal|p1b: Ceruledge|83/100|[from] Grassy Terrain\n|-heal|p2b: Rillaboom|67/100|[from] Grassy Terrain\n|-heal|p1a: Kyogre|25/100|[from] Aqua Ring\n|upkeep\n|turn|4\n|\n|t:|1745991486\n|switch|p2b: Urshifu|Urshifu-Rapid-Strike, L50, M|100/100\n|move|p1a: Kyogre|Protect|p1a: Kyogre\n|-singleturn|p1a: Kyogre|Protect\n|move|p2a: Zamazenta|Body Press|p1a: Kyogre\n|-activate|p1a: Kyogre|move: Protect\n|move|p1b: Ceruledge|Bitter Blade|p2b: Urshifu\n|-resisted|p2b: Urshifu\n|-damage|p2b: Urshifu|89/100\n|-heal|p1b: Ceruledge|90/100|[from] drain|[of] p2b: Urshifu\n|\n|-weather|RainDance|[upkeep]\n|-heal|p2b: Urshifu|95/100|[from] Grassy Terrain\n|-heal|p1a: Kyogre|31/100|[from] Grassy Terrain\n|-heal|p1a: Kyogre|37/100|[from] item: Leftovers\n|-heal|p1b: Ceruledge|96/100|[from] Grassy Terrain\n|-heal|p1a: Kyogre|43/100|[from] Aqua Ring\n|upkeep\n|turn|5\n|\n|t:|1745991547\n|switch|p1a: Calyrex|Calyrex-Ice, L50|100/100\n|-ability|p1a: Calyrex|As One\n|-ability|p1a: Calyrex|Unnerve\n|-terastallize|p1b: Ceruledge|Grass\n|move|p2a: Zamazenta|Body Press|p1a: Calyrex\n|-damage|p1a: Calyrex|60/100\n|move|p2b: Urshifu|Surging Strikes|p1b: Ceruledge\n|-resisted|p1b: Ceruledge\n|-crit|p1b: Ceruledge\n|-damage|p1b: Ceruledge|74/100\n|-resisted|p1b: Ceruledge\n|-crit|p1b: Ceruledge\n|-damage|p1b: Ceruledge|50/100\n|-resisted|p1b: Ceruledge\n|-crit|p1b: Ceruledge\n|-damage|p1b: Ceruledge|28/100\n|-hitcount|p1b: Ceruledge|3\n|move|p1b: Ceruledge|Bulk Up|p1b: Ceruledge\n|-boost|p1b: Ceruledge|atk|1\n|-boost|p1b: Ceruledge|def|1\n|\n|-weather|none\n|-heal|p2b: Urshifu|100/100|[from] Grassy Terrain\n|-heal|p1b: Ceruledge|34/100|[from] Grassy Terrain\n|-heal|p1a: Calyrex|66/100|[from] Grassy Terrain\n|upkeep\n|turn|6\n|\n|t:|1745991583\n|move|p1b: Ceruledge|Protect|p1b: Ceruledge\n|-singleturn|p1b: Ceruledge|Protect\n|move|p2a: Zamazenta|Body Press|p1b: Ceruledge\n|-activate|p1b: Ceruledge|move: Protect\n|move|p2b: Urshifu|Surging Strikes|p1b: Ceruledge\n|-resisted|p1b: Ceruledge\n|-crit|p1b: Ceruledge\n|-damage|p1b: Ceruledge|20/100\n|-resisted|p1b: Ceruledge\n|-crit|p1b: Ceruledge\n|-damage|p1b: Ceruledge|6/100\n|-resisted|p1b: Ceruledge\n|-crit|p1b: Ceruledge\n|-damage|p1b: Ceruledge|0 fnt\n|faint|p1b: Ceruledge\n|-hitcount|p1: Ceruledge|3\n|move|p1a: Calyrex|Trick Room|p1a: Calyrex\n|-fieldstart|move: Trick Room|[of] p1a: Calyrex\n|\n|-heal|p1a: Calyrex|72/100|[from] Grassy Terrain\n|-fieldend|move: Grassy Terrain\n|upkeep\n|\n|t:|1745991604\n|switch|p1b: Grimmsnarl|Grimmsnarl, L50, M|100/100\n|turn|7\n|\n|t:|1745991640\n|move|p1a: Calyrex|Glacial Lance|p2b: Urshifu|[spread] p2a,p2b\n|-supereffective|p2a: Zamazenta\n|-resisted|p2b: Urshifu\n|-damage|p2a: Zamazenta|43/100\n|-damage|p2b: Urshifu|74/100\n|move|p1b: Grimmsnarl|Play Rough|p2b: Urshifu\n|-supereffective|p2b: Urshifu\n|-damage|p2b: Urshifu|0 fnt\n|faint|p2b: Urshifu\n|move|p2a: Zamazenta|Behemoth Bash|p1a: Calyrex\n|-supereffective|p1a: Calyrex\n|-damage|p1a: Calyrex|7/100\n|\n|upkeep\n|\n|t:|1745991656\n|switch|p2b: Rillaboom|Rillaboom, L50, M|67/100\n|-fieldstart|move: Grassy Terrain|[from] ability: Grassy Surge|[of] p2b: Rillaboom\n|turn|8\n|\n|t:|1745991686\n|switch|p1a: Kyogre|Kyogre, L50|43/100\n|-weather|RainDance|[from] ability: Drizzle|[of] p1a: Kyogre\n|move|p1b: Grimmsnarl|Thunder Wave|p2b: Rillaboom\n|-status|p2b: Rillaboom|par\n|cant|p2b: Rillaboom|par\n|move|p2a: Zamazenta|Behemoth Bash|p1b: Grimmsnarl\n|-supereffective|p1b: Grimmsnarl\n|-damage|p1b: Grimmsnarl|0 fnt\n|faint|p1b: Grimmsnarl\n|\n|-weather|RainDance|[upkeep]\n|-heal|p2b: Rillaboom|73/100 par|[from] Grassy Terrain\n|-heal|p1a: Kyogre|49/100|[from] Grassy Terrain\n|-heal|p1a: Kyogre|55/100|[from] item: Leftovers\n|-heal|p2a: Zamazenta|49/100|[from] Grassy Terrain\n|upkeep\n|\n|t:|1745991702\n|switch|p1b: Calyrex|Calyrex-Ice, L50|7/100\n|-ability|p1b: Calyrex|As One\n|-ability|p1b: Calyrex|Unnerve\n|turn|9\n|\n|t:|1745991728\n|move|p2b: Rillaboom|Grassy Glide|p1b: Calyrex\n|-damage|p1b: Calyrex|0 fnt\n|faint|p1b: Calyrex\n|move|p1a: Kyogre|Tera Blast|p2a: Zamazenta\n|-damage|p2a: Zamazenta|29/100\n|move|p2a: Zamazenta|Body Press|p1a: Kyogre\n|-damage|p1a: Kyogre|8/100\n|\n|-weather|RainDance|[upkeep]\n|-heal|p2b: Rillaboom|79/100 par|[from] Grassy Terrain\n|-heal|p1a: Kyogre|14/100|[from] Grassy Terrain\n|-heal|p1a: Kyogre|20/100|[from] item: Leftovers\n|-heal|p2a: Zamazenta|36/100|[from] Grassy Terrain\n|upkeep\n|turn|10\n|-message|Yggdrasil1992 forfeited.\n|\n|win|Villbs2\n|l|\u2606Yggdrasil1992\n|player|p1|\n||Yggdrasil1992 is ready for game 2.\n||Villbs2 is ready for game 2.\n|uhtml|next|Next: <a href=\"/battle-gen9vgc2025regibo3-2353740011\"><strong>Game 2 of 3</strong></a>\n", "uploadtime": 1745992143, "views": 24, "formatid": "gen9vgc2025regibo3", "rating": null, "private": 0, "password": null}