{"id": "gen9vgc2025regibo3-2355129099", "format": "[Gen 9] VGC 2025 Reg I (Bo3)", "players": ["bodhidelbarrio", "papabell"], "log": "|j|\u2606bodhidelbarrio\n|j|\u2606papabell\n|html|<table width=\"100%\"><tr><td align=\"left\">bodhidelbarrio</td><td align=\"right\">papabell</tr><tr><td align=\"left\"><i class=\"fa fa-circle-o\"></i> <i class=\"fa fa-circle-o\"></i> </td><td align=\"right\"><i class=\"fa fa-circle-o\"></i> <i class=\"fa fa-circle\"></i> </tr></table>\n|uhtml|bestof|<h2><strong>Game 2</strong> of <a href=\"/game-bestof3-gen9vgc2025regibo3-2355127713\">a best-of-3</a></h2>\n|t:|1746156169\n|gametype|doubles\n|player|p1|bodhidelbarrio|drayton|1388\n|player|p2|papabell|acetrainerf-gen4dp|1325\n|teamsize|p1|6\n|teamsize|p2|6\n|gen|9\n|tier|[Gen 9] VGC 2025 Reg I (Bo3)\n|rated|\n|rule|Species Clause: Limit one of each Pok\u00e9mon\n|rule|Item Clause: Limit 1 of each item\n|clearpoke\n|poke|p1|Smeargle, L50, M|\n|poke|p1|Torkoal, L50, M|\n|poke|p1|Calyrex-Ice, L50|\n|poke|p1|Urshifu-*, L50, F|\n|poke|p1|Miraidon, L50|\n|poke|p1|Farigiraf, L50, F|\n|poke|p2|Koraidon, L50|\n|poke|p2|Calyrex-Shadow, L50|\n|poke|p2|Brute Bonnet, L50|\n|poke|p2|Whimsicott, L50, F|\n|poke|p2|Chi-Yu, L50|\n|poke|p2|Clefairy, L50, M|\n|teampreview|4\n|showteam|p1|Smeargle||FocusSash|Technician|FakeOut,Feint,FollowMe,WideGuard|||M|||50|,,,,,Grass]Torkoal||Charcoal|Drought|Eruption,WeatherBall,HeatWave,Protect|||M|||50|,,,,,Fire]Calyrex-Ice||ClearAmulet|AsOneGlastrier|HighHorsepower,GlacialLance,Protect,TrickRoom||||||50|,,,,,Fire]Urshifu||ChoiceBand|UnseenFist|WickedBlow,SuckerPunch,CloseCombat,IronHead|||F|||50|,,,,,Grass]Miraidon||ChoiceScarf|HadronEngine|Snarl,ElectroDrift,VoltSwitch,DracoMeteor||||||50|,,,,,Electric]Farigiraf||ElectricSeed|ArmorTail|Psychic,FoulPlay,TrickRoom,Protect|||F|||50|,,,,,Water\n|showteam|p2|Koraidon||LifeOrb|OrichalcumPulse|Protect,CloseCombat,FlareBlitz,FlameCharge||||||50|,,,,,Fire]Calyrex-Shadow||FocusSash|AsOneSpectrier|Protect,AstralBarrage,Psychic,Disable||||||50|,,,,,Ghost]Brute Bonnet||RockyHelmet|Protosynthesis|RagePowder,Spore,SuckerPunch,PollenPuff||||||50|,,,,,Water]Whimsicott||CovertCloak|Prankster|Moonblast,Tailwind,Encore,HelpingHand|||F|||50|,,,,,Dark]Chi-Yu||ChoiceScarf|BeadsofRuin|HeatWave,Overheat,Snarl,DarkPulse||||||50|,,,,,Fire]Clefairy||Eviolite|FriendGuard|Protect,FollowMe,AfterYou,HelpingHand|||M|||50|,,,,,Ground\n|inactive|Battle timer is ON: inactive players will automatically lose when time's up. (requested by bodhidelbarrio)\n|\n|t:|1746156193\n|start\n|switch|p1a: F. Botero|Smeargle, L50, M|100/100\n|switch|p1b: BoJack|Calyrex-Ice, L50|100/100\n|switch|p2a: Calyrex|Calyrex-Shadow, L50|100/100\n|switch|p2b: Brute Bonnet|Brute Bonnet, L50|100/100\n|-ability|p2a: Calyrex|As One\n|-ability|p2a: Calyrex|Unnerve\n|-ability|p1b: BoJack|As One\n|-ability|p1b: BoJack|Unnerve\n|turn|1\n|inactive|bodhidelbarrio has 30 seconds left.\n|inactive|bodhidelbarrio has 20 seconds left.\n|\n|t:|1746156232\n|-terastallize|p1b: BoJack|Fire\n|move|p1a: F. Botero|Fake Out|p2b: Brute Bonnet\n|-damage|p2b: Brute Bonnet|96/100\n|-damage|p1a: F. Botero|84/100|[from] item: Rocky Helmet|[of] p2b: Brute Bonnet\n|move|p2a: Calyrex|Psychic|p1a: F. Botero\n|-damage|p1a: F. Botero|0 fnt\n|faint|p1a: F. Botero\n|-ability|p2a: Calyrex|Grim Neigh|boost\n|-boost|p2a: Calyrex|spa|1\n|cant|p2b: Brute Bonnet|flinch\n|move|p1b: BoJack|Glacial Lance|p2b: Brute Bonnet|[spread] p2a,p2b\n|-supereffective|p2b: Brute Bonnet\n|-damage|p2a: Calyrex|31/100\n|-damage|p2b: Brute Bonnet|12/100\n|\n|upkeep\n|\n|t:|1746156246\n|switch|p1a: Urshifu|Urshifu, L50, F|100/100\n|turn|2\n|\n|t:|1746156254\n|switch|p2a: Clefairy|Clefairy, L50, M|100/100\n|move|p1a: Urshifu|Sucker Punch||[still]\n|-fail|p1a: Urshifu\n|move|p2b: Brute Bonnet|Spore|p1b: BoJack\n|-status|p1b: BoJack|slp|[from] move: Spore\n|cant|p1b: BoJack|slp\n|\n|upkeep\n|turn|3\n|inactive|papabell has 30 seconds left.\n|\n|t:|1746156280\n|switch|p1a: Tatewari|Torkoal, L50, M|100/100\n|-weather|SunnyDay|[from] ability: Drought|[of] p1a: Tatewari\n|-activate|p2b: Brute Bonnet|ability: Protosynthesis\n|-start|p2b: Brute Bonnet|protosynthesisdef\n|switch|p2a: Koraidon|Koraidon, L50|100/100\n|-activate|p2a: Koraidon|ability: Orichalcum Pulse\n|move|p2b: Brute Bonnet|Spore|p1a: Tatewari\n|-status|p1a: Tatewari|slp|[from] move: Spore\n|-curestatus|p1b: BoJack|slp|[msg]\n|move|p1b: BoJack|Trick Room|p1b: BoJack\n|-fieldstart|move: Trick Room|[of] p1b: BoJack\n|\n|-weather|SunnyDay|[upkeep]\n|upkeep\n|turn|4\n|inactive|bodhidelbarrio has 30 seconds left.\n|\n|t:|1746156306\n|-end|p2b: Brute Bonnet|Protosynthesis|[silent]\n|switch|p2b: Clefairy|Clefairy, L50, M|100/100\n|-terastallize|p2a: Koraidon|Fire\n|cant|p1a: Tatewari|slp\n|move|p1b: BoJack|Glacial Lance|p2a: Koraidon|[spread] p2a,p2b\n|-resisted|p2a: Koraidon\n|-damage|p2a: Koraidon|82/100\n|-damage|p2b: Clefairy|58/100\n|move|p2a: Koraidon|Close Combat|p1a: Tatewari\n|-damage|p1a: Tatewari|10/100 slp\n|-unboost|p2a: Koraidon|def|1\n|-unboost|p2a: Koraidon|spd|1\n|-damage|p2a: Koraidon|73/100|[from] item: Life Orb\n|\n|-weather|SunnyDay|[upkeep]\n|upkeep\n|turn|5\n|\n|t:|1746156321\n|move|p2b: Clefairy|Protect|p2b: Clefairy\n|-singleturn|p2b: Clefairy|Protect\n|cant|p1a: Tatewari|slp\n|move|p1b: BoJack|Glacial Lance|p2a: Koraidon|[spread] p2a\n|-activate|p2b: Clefairy|move: Protect\n|-resisted|p2a: Koraidon\n|-damage|p2a: Koraidon|43/100\n|move|p2a: Koraidon|Flame Charge|p1a: Tatewari\n|-resisted|p1a: Tatewari\n|-damage|p1a: Tatewari|0 fnt\n|-boost|p2a: Koraidon|spe|1\n|faint|p1a: Tatewari\n|-damage|p2a: Koraidon|33/100|[from] item: Life Orb\n|\n|-weather|SunnyDay|[upkeep]\n|upkeep\n|\n|t:|1746156324\n|switch|p1a: Urshifu|Urshifu, L50, F|100/100\n|turn|6\n|\n|t:|1746156336\n|move|p1a: Urshifu|Sucker Punch|p2a: Koraidon\n|-damage|p2a: Koraidon|0 fnt\n|faint|p2a: Koraidon\n|move|p2b: Clefairy|After You|p2: Koraidon|[notarget]\n|-fail|p2b: Clefairy\n|move|p1b: BoJack|Glacial Lance|p2b: Clefairy\n|-damage|p2b: Clefairy|0 fnt\n|faint|p2b: Clefairy\n|-ability|p1b: BoJack|Chilling Neigh|boost\n|-boost|p1b: BoJack|atk|1\n|\n|-weather|SunnyDay|[upkeep]\n|upkeep\n|\n|t:|1746156341\n|switch|p2b: Brute Bonnet|Brute Bonnet, L50|12/100\n|switch|p2a: Calyrex|Calyrex-Shadow, L50|31/100\n|-ability|p2a: Calyrex|As One\n|-ability|p2a: Calyrex|Unnerve\n|-activate|p2b: Brute Bonnet|ability: Protosynthesis\n|-start|p2b: Brute Bonnet|protosynthesisdef\n|turn|7\n|-message|papabell forfeited.\n|\n|win|bodhidelbarrio\n|l|\u2606papabell\n|player|p2|\n||bodhidelbarrio is ready for game 3.\n||papabell is ready for game 3.\n|uhtml|next|Next: <a href=\"/battle-gen9vgc2025regibo3-2355130501\"><strong>Game 3 of 3</strong></a>\n", "uploadtime": 1746156621, "views": 3, "formatid": "gen9vgc2025regibo3", "rating": null, "private": 0, "password": null}