{"id": "gen9vgc2025regibo3-2353575700", "format": "[Gen 9] VGC 2025 Reg I (Bo3)", "players": ["waveniki", "acheimassa"], "log": "|j|\u2606waveniki\n|j|\u2606acheimassa\n|html|<table width=\"100%\"><tr><td align=\"left\">waveniki</td><td align=\"right\">acheimassa</tr><tr><td align=\"left\"><i class=\"fa fa-circle-o\"></i> <i class=\"fa fa-circle-o\"></i> </td><td align=\"right\"><i class=\"fa fa-circle-o\"></i> <i class=\"fa fa-circle-o\"></i> </tr></table>\n|uhtml|bestof|<h2><strong>Game 1</strong> of <a href=\"/game-bestof3-gen9vgc2025regibo3-2353575699\">a best-of-3</a></h2>\n|t:|1745970185\n|gametype|doubles\n|player|p1|waveniki|clerk|1221\n|player|p2|acheimassa|266|1115\n|teamsize|p1|6\n|teamsize|p2|6\n|gen|9\n|tier|[Gen 9] VGC 2025 Reg I (Bo3)\n|rated|\n|rule|Species Clause: Limit one of each Pok\u00e9mon\n|rule|Item Clause: Limit 1 of each item\n|clearpoke\n|poke|p1|Terapagos, L50, M|\n|poke|p1|Koraidon, L50|\n|poke|p1|Incineroar, L50, M|\n|poke|p1|Flutter Mane, L50|\n|poke|p1|Raging Bolt, L50|\n|poke|p1|Ogerpon-Cornerstone, L50, F|\n|poke|p2|Dondozo, L50, F|\n|poke|p2|Tatsugiri-Droopy, L50, F|\n|poke|p2|Koraidon, L50|\n|poke|p2|Calyrex-Shadow, L50|\n|poke|p2|Weezing-Galar, L50, F|\n|poke|p2|Chi-Yu, L50|\n|teampreview|4\n|showteam|p1|Terapagos||Leftovers|TeraShift|TeraStarstorm,EarthPower,CalmMind,Protect|||M|||50|,,,,,Stellar]Koraidon||LifeOrb|OrichalcumPulse|CloseCombat,FlareBlitz,FlameCharge,Protect||||||50|,,,,,Fire]Incineroar||RockyHelmet|Intimidate|FakeOut,FlareBlitz,KnockOff,PartingShot|||M|||50|,,,,,Bug]Flutter Mane||FocusSash|Protosynthesis|Moonblast,ShadowBall,IcyWind,Protect||||||50|,,,,,Stellar]Raging Bolt||AssaultVest|Protosynthesis|Thunderbolt,Thunderclap,Snarl,DracoMeteor||||||50|,,,,,Electric]Ogerpon-Cornerstone||CornerstoneMask|Sturdy|IvyCudgel,PowerWhip,FollowMe,SpikyShield|||F|||50|,,,,,Rock\n|showteam|p2|Dondozo||Leftovers|Unaware|WaveCrash,Earthquake,BodyPress,Protect|||F|||50|,,,,,Grass]Tatsugiri-Droopy||FocusSash|Commander|Protect,IcyWind,MuddyWater,DracoMeteor|||F|||50|,,,,,Normal]Koraidon||AbilityShield|OrichalcumPulse|FlareBlitz,DragonClaw,CollisionCourse,Protect||||||50|,,,,,Fire]Calyrex-Shadow||LifeOrb|AsOneSpectrier|AstralBarrage,Psychic,PollenPuff,Protect||||||50|,,,,,Dark]Weezing-Galar||SitrusBerry|NeutralizingGas|StrangeSteam,PoisonGas,ToxicSpikes,Protect|||F|||50|,,,,,Dark]Chi-Yu||ChoiceScarf|BeadsofRuin|HeatWave,Overheat,ScaryFace,Snarl||||||50|,,,,,Ghost\n|inactive|Battle timer is ON: inactive players will automatically lose when time's up. (requested by waveniki)\n|inactive|acheimassa has 60 seconds left.\n|\n|t:|1745970217\n|start\n|switch|p1a: Flutter Mane|Flutter Mane, L50|100/100\n|switch|p1b: Incineroar|Incineroar, L50, M|100/100\n|switch|p2a: Annie|Calyrex-Shadow, L50|100/100\n|switch|p2b: Zeke|Weezing-Galar, L50, F, shiny|100/100\n|-ability|p2b: Zeke|Neutralizing Gas\n|-ability|p2a: Annie|As One\n|-ability|p2a: Annie|Unnerve\n|turn|1\n|\n|t:|1745970240\n|move|p2a: Annie|Protect|p2a: Annie\n|-singleturn|p2a: Annie|Protect\n|move|p1b: Incineroar|Fake Out|p2b: Zeke\n|-damage|p2b: Zeke|92/100\n|move|p1a: Flutter Mane|Shadow Ball|p2a: Annie\n|-activate|p2a: Annie|move: Protect\n|cant|p2b: Zeke|flinch\n|\n|upkeep\n|turn|2\n|\n|t:|1745970250\n|-terastallize|p2a: Annie|Dark\n|move|p2a: Annie|Astral Barrage|p1a: Flutter Mane|[spread] p1a,p1b\n|-supereffective|p1a: Flutter Mane\n|-resisted|p1b: Incineroar\n|-enditem|p1a: Flutter Mane|Focus Sash\n|-damage|p1a: Flutter Mane|1/100\n|-damage|p1b: Incineroar|67/100\n|-damage|p2a: Annie|91/100|[from] item: Life Orb\n|move|p1a: Flutter Mane|Moonblast|p2a: Annie\n|-supereffective|p2a: Annie\n|-damage|p2a: Annie|0 fnt\n|faint|p2a: Annie\n|move|p2b: Zeke|Toxic Spikes|p1a: Flutter Mane\n|-sidestart|p1: waveniki|move: Toxic Spikes\n|move|p1b: Incineroar|Flare Blitz|p2b: Zeke\n|-damage|p2b: Zeke|53/100\n|-damage|p1b: Incineroar|56/100|[from] Recoil\n|\n|upkeep\n|\n|t:|1745970262\n|switch|p2a: Bertolt|Dondozo, L50, F|100/100\n|turn|3\n|\n|t:|1745970280\n|move|p2a: Bertolt|Protect|p2a: Bertolt\n|-singleturn|p2a: Bertolt|Protect\n|move|p1a: Flutter Mane|Icy Wind|p2b: Zeke|[spread] \n|-activate|p2a: Bertolt|move: Protect\n|-miss|p1a: Flutter Mane|p2b: Zeke\n|move|p2b: Zeke|Poison Gas|p1b: Incineroar|[spread] p1a\n|-miss|p2b: Zeke|p1b: Incineroar\n|-status|p1a: Flutter Mane|psn\n|move|p1b: Incineroar|Knock Off|p2a: Bertolt\n|-activate|p2a: Bertolt|move: Protect\n|\n|-damage|p1a: Flutter Mane|0 fnt|[from] psn\n|faint|p1a: Flutter Mane\n|-end|p1a: Flutter Mane|Protosynthesis|[silent]\n|upkeep\n|\n|t:|1745970283\n|switch|p1a: Koraidon|Koraidon, L50|100/100\n|-status|p1a: Koraidon|psn\n|turn|4\n|inactive|acheimassa has 30 seconds left.\n|\n|t:|1745970311\n|-end|p2b: Zeke|ability: Neutralizing Gas\n|-weather|SunnyDay|[from] ability: Orichalcum Pulse|[of] p1a: Koraidon\n|-activate|p1a: Koraidon|Orichalcum Pulse|[source]\n|-ability|p1b: Incineroar|Intimidate|boost\n|-unboost|p2a: Bertolt|atk|1\n|-unboost|p2b: Zeke|atk|1\n|switch|p2b: Reiner|Tatsugiri-Droopy, L50, F, shiny|100/100\n|-activate|p2b: Reiner|ability: Commander|[of] p2a: Bertolt\n|-boost|p2a: Bertolt|atk|2\n|-boost|p2a: Bertolt|spa|2\n|-boost|p2a: Bertolt|spe|2\n|-boost|p2a: Bertolt|def|2\n|-boost|p2a: Bertolt|spd|2\n|move|p1a: Koraidon|Protect|p1a: Koraidon\n|-singleturn|p1a: Koraidon|Protect\n|move|p2a: Bertolt|Earthquake|p1b: Incineroar|[spread] p1b\n|-miss|p2a: Bertolt|p2b: Reiner\n|-activate|p1a: Koraidon|move: Protect\n|-supereffective|p1b: Incineroar\n|-crit|p1b: Incineroar\n|-damage|p1b: Incineroar|0 fnt\n|faint|p1b: Incineroar\n|\n|-weather|SunnyDay|[upkeep]\n|-damage|p1a: Koraidon|88/100 psn|[from] psn\n|upkeep\n|\n|t:|1745970315\n|switch|p1b: Raging Bolt|Raging Bolt, L50|100/100\n|-status|p1b: Raging Bolt|psn\n|-activate|p1b: Raging Bolt|ability: Protosynthesis\n|-start|p1b: Raging Bolt|protosynthesisspa\n|turn|5\n|\n|t:|1745970333\n|-terastallize|p1b: Raging Bolt|Electric\n|move|p2a: Bertolt|Protect|p2a: Bertolt\n|-singleturn|p2a: Bertolt|Protect\n|move|p1a: Koraidon|Flare Blitz|p2a: Bertolt\n|-activate|p2a: Bertolt|move: Protect\n|move|p1b: Raging Bolt|Thunderbolt|p2a: Bertolt\n|-activate|p2a: Bertolt|move: Protect\n|\n|-weather|SunnyDay|[upkeep]\n|-damage|p1a: Koraidon|75/100 psn|[from] psn\n|-damage|p1b: Raging Bolt|88/100 psn|[from] psn\n|upkeep\n|turn|6\n|\n|t:|1745970356\n|move|p1b: Raging Bolt|Thunderclap|p2a: Bertolt\n|-supereffective|p2a: Bertolt\n|-damage|p2a: Bertolt|44/100\n|move|p1a: Koraidon|Flare Blitz|p2a: Bertolt\n|-resisted|p2a: Bertolt\n|-damage|p2a: Bertolt|27/100\n|-damage|p1a: Koraidon|68/100 psn|[from] Recoil\n|-damage|p1a: Koraidon|58/100 psn|[from] item: Life Orb\n|move|p2a: Bertolt|Earthquake|p1b: Raging Bolt|[spread] p1a,p1b\n|-miss|p2a: Bertolt|p2b: Reiner\n|-supereffective|p1b: Raging Bolt\n|-damage|p1a: Koraidon|36/100 psn\n|-damage|p1b: Raging Bolt|45/100 psn\n|\n|-weather|SunnyDay|[upkeep]\n|-heal|p2a: Bertolt|33/100|[from] item: Leftovers\n|-damage|p1a: Koraidon|24/100 psn|[from] psn\n|-damage|p1b: Raging Bolt|33/100 psn|[from] psn\n|upkeep\n|turn|7\n|\n|t:|1745970364\n|move|p1a: Koraidon|Protect|p1a: Koraidon\n|-singleturn|p1a: Koraidon|Protect\n|move|p2a: Bertolt|Protect|p2a: Bertolt\n|-singleturn|p2a: Bertolt|Protect\n|move|p1b: Raging Bolt|Thunderbolt|p2a: Bertolt\n|-activate|p2a: Bertolt|move: Protect\n|\n|-weather|SunnyDay|[upkeep]\n|-heal|p2a: Bertolt|39/100|[from] item: Leftovers\n|-damage|p1a: Koraidon|11/100 psn|[from] psn\n|-damage|p1b: Raging Bolt|20/100 psn|[from] psn\n|upkeep\n|turn|8\n|\n|t:|1745970370\n|move|p2a: Bertolt|Protect||[still]\n|-fail|p2a: Bertolt\n|move|p1b: Raging Bolt|Thunderclap||[still]\n|-fail|p1b: Raging Bolt\n|move|p1a: Koraidon|Close Combat|p2a: Bertolt\n|-damage|p2a: Bertolt|8/100\n|-unboost|p1a: Koraidon|def|1\n|-unboost|p1a: Koraidon|spd|1\n|-damage|p1a: Koraidon|2/100 psn|[from] item: Life Orb\n|\n|-weather|none\n|-end|p1b: Raging Bolt|Protosynthesis\n|-heal|p2a: Bertolt|14/100|[from] item: Leftovers\n|-damage|p1a: Koraidon|0 fnt|[from] psn\n|faint|p1a: Koraidon\n|-damage|p1b: Raging Bolt|8/100 psn|[from] psn\n|upkeep\n|turn|9\n|\n|t:|1745970377\n|move|p2a: Bertolt|Protect|p2a: Bertolt\n|-singleturn|p2a: Bertolt|Protect\n|move|p1b: Raging Bolt|Thunderbolt|p2a: Bertolt\n|-activate|p2a: Bertolt|move: Protect\n|\n|-heal|p2a: Bertolt|20/100|[from] item: Leftovers\n|-damage|p1b: Raging Bolt|0 fnt|[from] psn\n|faint|p1b: Raging Bolt\n|-end|p1b: Raging Bolt|Protosynthesis|[silent]\n|\n|win|acheimassa\n||acheimassa is ready for game 2.\n|inactive|waveniki has 30 seconds to confirm battle start!\n|inactive|waveniki has 20 seconds to confirm battle start!\n|inactive|waveniki has 10 seconds to confirm battle start!\n||waveniki is ready for game 2.\n|uhtml|next|Next: <a href=\"/battle-gen9vgc2025regibo3-2353577644\"><strong>Game 2 of 3</strong></a>\n", "uploadtime": 1745970383, "views": 25, "formatid": "gen9vgc2025regibo3", "rating": null, "private": 0, "password": null}