{"id": "gen9vgc2025regibo3-2354052857", "format": "[Gen 9] VGC 2025 Reg I (Bo3)", "players": ["Slackermaru", "GeorgeSea"], "log": "|j|\u2606Slackermaru\n|j|\u2606GeorgeSea\n|html|<table width=\"100%\"><tr><td align=\"left\">Slackermaru</td><td align=\"right\">GeorgeSea</tr><tr><td align=\"left\"><i class=\"fa fa-circle-o\"></i> <i class=\"fa fa-circle-o\"></i> </td><td align=\"right\"><i class=\"fa fa-circle-o\"></i> <i class=\"fa fa-circle\"></i> </tr></table>\n|uhtml|bestof|<h2><strong>Game 2</strong> of <a href=\"/game-bestof3-gen9vgc2025regibo3-2354050236\">a best-of-3</a></h2>\n|t:|1746030818\n|gametype|doubles\n|player|p1|Slackermaru|workerice|1449\n|player|p2|GeorgeSea|firebreather|1397\n|teamsize|p1|6\n|teamsize|p2|6\n|gen|9\n|tier|[Gen 9] VGC 2025 Reg I (Bo3)\n|rated|\n|rule|Species Clause: Limit one of each Pok\u00e9mon\n|rule|Item Clause: Limit 1 of each item\n|clearpoke\n|poke|p1|Calyrex-Ice, L50|\n|poke|p1|Miraidon, L50|\n|poke|p1|Farigiraf, L50, M|\n|poke|p1|Incineroar, L50, M|\n|poke|p1|Landorus, L50, M|\n|poke|p1|Urshifu-*, L50, M|\n|poke|p2|Groudon, L50|\n|poke|p2|Calyrex-Shadow, L50|\n|poke|p2|Raging Bolt, L50|\n|poke|p2|Grimmsnarl, L50, M|\n|poke|p2|Incineroar, L50, F|\n|poke|p2|Amoonguss, L50, M|\n|teampreview|4\n|showteam|p1|Calyrex-Ice||ClearAmulet|AsOneGlastrier|Protect,GlacialLance,HighHorsepower,TrickRoom||||||50|,,,,,Water]Miraidon||ChoiceSpecs|HadronEngine|ElectroDrift,VoltSwitch,DazzlingGleam,DracoMeteor||||||50|,,,,,Fairy]Farigiraf||ElectricSeed|ArmorTail|FoulPlay,Psychic,HelpingHand,TrickRoom|||M|||50|,,,,,Water]Incineroar||AssaultVest|Intimidate|FlareBlitz,Uturn,FakeOut,KnockOff|||M|||50|,,,,,Water]Landorus||ChoiceScarf|SheerForce|EarthPower,SandsearStorm,SludgeBomb,Psychic|||M|||50|,,,,,Water]Urshifu-Rapid-Strike||FocusSash|UnseenFist|SurgingStrikes,AquaJet,CloseCombat,Detect|||M|||50|,,,,,Stellar\n|showteam|p2|Groudon||ClearAmulet|Drought|Protect,HeatCrash,StompingTantrum,PrecipiceBlades||||||50|,,,,,Fire]Calyrex-Shadow||FocusSash|AsOneSpectrier|Protect,AstralBarrage,Psychic,Encore||||||50|,,,,,Ghost]Raging Bolt||AssaultVest|Protosynthesis|Thunderbolt,Thunderclap,DracoMeteor,VoltSwitch||||||50|,,,,,Fairy]Grimmsnarl||LightClay|Prankster|SpiritBreak,Reflect,LightScreen,ThunderWave|||M|||50|,,,,,Ghost]Incineroar||SafetyGoggles|Intimidate|KnockOff,FakeOut,WillOWisp,PartingShot|||F|||50|,,,,,Ghost]Amoonguss||RockyHelmet|Regenerator|RagePowder,Spore,PollenPuff,ClearSmog|||M|||50|,,,,,Water\n|inactive|Battle timer is ON: inactive players will automatically lose when time's up. (requested by GeorgeSea)\n|inactive|GeorgeSea has 60 seconds left.\n|\n|t:|1746030859\n|start\n|switch|p1a: Miraidon|Miraidon, L50|100/100\n|switch|p1b: Farigiraf|Farigiraf, L50, M|100/100\n|switch|p2a: Groudon|Groudon, L50|100/100\n|switch|p2b: Grimmsnarl|Grimmsnarl, L50, M|100/100\n|-fieldstart|move: Electric Terrain|[from] ability: Hadron Engine|[of] p1a: Miraidon\n|-enditem|p1b: Farigiraf|Electric Seed\n|-boost|p1b: Farigiraf|def|1|[from] item: Electric Seed\n|-weather|SunnyDay|[from] ability: Drought|[of] p2a: Groudon\n|turn|1\n|inactive|Slackermaru has 30 seconds left.\n|inactive|Slackermaru has 20 seconds left.\n|inactive|Slackermaru has 15 seconds left.\n|\n|t:|1746030901\n|-terastallize|p1a: Miraidon|Fairy\n|move|p1b: Farigiraf|Helping Hand|p1a: Miraidon\n|-singleturn|p1a: Miraidon|Helping Hand|[of] p1b: Farigiraf\n|move|p2b: Grimmsnarl|Light Screen|p2b: Grimmsnarl\n|-sidestart|p2: GeorgeSea|move: Light Screen\n|move|p1a: Miraidon|Dazzling Gleam|p2b: Grimmsnarl|[spread] p2a,p2b\n|-supereffective|p2b: Grimmsnarl\n|-damage|p2a: Groudon|35/100\n|-damage|p2b: Grimmsnarl|0 fnt\n|faint|p2b: Grimmsnarl\n|move|p2a: Groudon|Precipice Blades|p1b: Farigiraf|[spread] p1a,p1b\n|-damage|p1a: Miraidon|52/100\n|-damage|p1b: Farigiraf|70/100\n|\n|-weather|SunnyDay|[upkeep]\n|upkeep\n|\n|t:|1746030916\n|switch|p2b: Calyrex|Calyrex-Shadow, L50|100/100\n|-ability|p2b: Calyrex|As One\n|-ability|p2b: Calyrex|Unnerve\n|turn|2\n|inactive|GeorgeSea has 30 seconds left.\n|\n|t:|1746030945\n|-terastallize|p2a: Groudon|Fire\n|move|p2b: Calyrex|Astral Barrage|p1a: Miraidon|[spread] p1a\n|-immune|p1b: Farigiraf\n|-damage|p1a: Miraidon|10/100\n|move|p1a: Miraidon|Dazzling Gleam|p2a: Groudon|[spread] p2a,p2b\n|-resisted|p2a: Groudon\n|-damage|p2a: Groudon|12/100\n|-damage|p2b: Calyrex|56/100\n|move|p2a: Groudon|Heat Crash|p1b: Farigiraf\n|-damage|p1b: Farigiraf|6/100\n|move|p1b: Farigiraf|Trick Room|p1b: Farigiraf\n|-fieldstart|move: Trick Room|[of] p1b: Farigiraf\n|\n|-weather|SunnyDay|[upkeep]\n|upkeep\n|turn|3\n|\n|t:|1746030966\n|move|p2a: Groudon|Protect|p2a: Groudon\n|-singleturn|p2a: Groudon|Protect\n|move|p1b: Farigiraf|Foul Play|p2a: Groudon\n|-activate|p2a: Groudon|move: Protect\n|move|p1a: Miraidon|Dazzling Gleam|p2a: Groudon|[spread] p2b\n|-activate|p2a: Groudon|move: Protect\n|-damage|p2b: Calyrex|7/100\n|move|p2b: Calyrex|Astral Barrage|p1a: Miraidon|[spread] p1a\n|-immune|p1b: Farigiraf\n|-crit|p1a: Miraidon\n|-damage|p1a: Miraidon|0 fnt\n|faint|p1a: Miraidon\n|-ability|p2b: Calyrex|Grim Neigh|boost\n|-boost|p2b: Calyrex|spa|1\n|\n|-weather|SunnyDay|[upkeep]\n|upkeep\n|\n|t:|1746030981\n|switch|p1a: Calyrex|Calyrex-Ice, L50|100/100\n|-ability|p1a: Calyrex|As One\n|-ability|p1a: Calyrex|Unnerve\n|turn|4\n|\n|t:|1746030994\n|move|p2b: Calyrex|Protect|p2b: Calyrex\n|-singleturn|p2b: Calyrex|Protect\n|move|p1b: Farigiraf|Foul Play|p2b: Calyrex\n|-activate|p2b: Calyrex|move: Protect\n|move|p1a: Calyrex|Glacial Lance|p2b: Calyrex|[spread] p2a\n|-activate|p2b: Calyrex|move: Protect\n|-resisted|p2a: Groudon\n|-damage|p2a: Groudon|0 fnt\n|faint|p2a: Groudon\n|-ability|p1a: Calyrex|Chilling Neigh|boost\n|-boost|p1a: Calyrex|atk|1\n|\n|-weather|SunnyDay|[upkeep]\n|upkeep\n|\n|t:|1746031003\n|switch|p2a: Incineroar|Incineroar, L50, F|100/100\n|-ability|p2a: Incineroar|Intimidate|boost\n|-fail|p1a: Calyrex|unboost|[from] item: Clear Amulet|[of] p1a: Calyrex\n|-unboost|p1b: Farigiraf|atk|1\n|turn|5\n|\n|t:|1746031015\n|move|p1b: Farigiraf|Helping Hand|p1a: Calyrex\n|-singleturn|p1a: Calyrex|Helping Hand|[of] p1b: Farigiraf\n|move|p2b: Calyrex|Protect||[still]\n|-fail|p2b: Calyrex\n|move|p2a: Incineroar|Will-O-Wisp|p1a: Calyrex\n|-status|p1a: Calyrex|brn\n|move|p1a: Calyrex|Glacial Lance|p2a: Incineroar|[spread] p2a,p2b\n|-resisted|p2a: Incineroar\n|-damage|p2a: Incineroar|80/100\n|-damage|p2b: Calyrex|0 fnt\n|faint|p2b: Calyrex\n|-ability|p1a: Calyrex|Chilling Neigh|boost\n|-boost|p1a: Calyrex|atk|1\n|\n|-weather|none\n|-damage|p1a: Calyrex|95/100 brn|[from] brn\n|-fieldend|move: Electric Terrain\n|upkeep\n|turn|6\n|\n|t:|1746031031\n|move|p1b: Farigiraf|Helping Hand|p1a: Calyrex\n|-singleturn|p1a: Calyrex|Helping Hand|[of] p1b: Farigiraf\n|move|p2a: Incineroar|Knock Off|p1b: Farigiraf\n|-supereffective|p1b: Farigiraf\n|-damage|p1b: Farigiraf|0 fnt\n|faint|p1b: Farigiraf\n|move|p1a: Calyrex|High Horsepower|p2a: Incineroar\n|-supereffective|p2a: Incineroar\n|-damage|p2a: Incineroar|0 fnt\n|faint|p2a: Incineroar\n|\n|win|Slackermaru\n||GeorgeSea is ready for game 3.\n||Slackermaru is ready for game 3.\n|uhtml|next|Next: <a href=\"/battle-gen9vgc2025regibo3-2354055436\"><strong>Game 3 of 3</strong></a>\n|l|\u2606GeorgeSea\n|player|p2|\n|l|\u2606Slackermaru\n|player|p1|\n", "uploadtime": 1746031327, "views": 9, "formatid": "gen9vgc2025regibo3", "rating": null, "private": 0, "password": null}