{"id": "gen9vgc2025regibo3-2353921377", "format": "[Gen 9] VGC 2025 Reg I (Bo3)", "players": ["gundi8", "Beabb"], "log": "|j|\u2606gundi8\n|j|\u2606Beabb\n|html|<table width=\"100%\"><tr><td align=\"left\">gundi8</td><td align=\"right\">Beabb</tr><tr><td align=\"left\"><i class=\"fa fa-circle-o\"></i> <i class=\"fa fa-circle-o\"></i> </td><td align=\"right\"><i class=\"fa fa-circle-o\"></i> <i class=\"fa fa-circle\"></i> </tr></table>\n|uhtml|bestof|<h2><strong>Game 2</strong> of <a href=\"/game-bestof3-gen9vgc2025regibo3-2353918519\">a best-of-3</a></h2>\n|t:|1746019063\n|gametype|doubles\n|player|p1|gundi8|ethan-gen2|1230\n|player|p2|Beabb|2|1251\n|teamsize|p1|6\n|teamsize|p2|6\n|gen|9\n|tier|[Gen 9] VGC 2025 Reg I (Bo3)\n|rated|\n|rule|Species Clause: Limit one of each Pok\u00e9mon\n|rule|Item Clause: Limit 1 of each item\n|clearpoke\n|poke|p1|Calyrex-Shadow, L50|\n|poke|p1|Koraidon, L50|\n|poke|p1|Ditto, L50|\n|poke|p1|Brute Bonnet, L50|\n|poke|p1|Whimsicott, L50, F|\n|poke|p1|Chi-Yu, L50|\n|poke|p2|Calyrex-Shadow, L50|\n|poke|p2|Terapagos, L50, M|\n|poke|p2|Incineroar, L50, M|\n|poke|p2|Rillaboom, L50, M|\n|poke|p2|Amoonguss, L50, M|\n|poke|p2|Urshifu-*, L50, F|\n|teampreview|4\n|showteam|p1|Calyrex-Shadow||LifeOrb|AsOneSpectrier|AstralBarrage,Psychic,Substitute,Protect||||||50|,,,,,Ghost]Koraidon||ClearAmulet|OrichalcumPulse|CollisionCourse,FlameCharge,FlareBlitz,Protect||||||50|,,,,,Fire]Ditto||FocusSash|Imposter|Transform||||||50|,,,,,Normal]Brute Bonnet||RockyHelmet|Protosynthesis|SeedBomb,SuckerPunch,Spore,RagePowder||||||50|,,,,,Water]Whimsicott||CovertCloak|Prankster|Moonblast,LightScreen,Tailwind,Encore|||F|||50|,,,,,Dark]Chi-Yu||ChoiceScarf|BeadsofRuin|HeatWave,Snarl,Overheat,DarkPulse||||||50|,,,,,Ghost\n|showteam|p2|Calyrex-Shadow||FocusSash|AsOneSpectrier|AstralBarrage,WillOWisp,Disable,Protect||||||50|,,,,,Ghost]Terapagos||Leftovers|TeraShift|TeraStarstorm,EarthPower,CalmMind,Protect|||M|||50|,,,,,Stellar]Incineroar||SafetyGoggles|Intimidate|WillOWisp,KnockOff,FakeOut,PartingShot|||M|||50|,,,,,Bug]Rillaboom||AssaultVest|GrassySurge|FakeOut,WoodHammer,Uturn,GrassyGlide|||M|||50|,,,,,Grass]Amoonguss||RockyHelmet|Regenerator|Protect,Spore,RagePowder,SludgeBomb|||M|||50|,,,,,Water]Urshifu-Rapid-Strike||ChoiceScarf|UnseenFist|RockTomb,SurgingStrikes,Uturn,CloseCombat|||F|||50|,,,,,Water\n|inactive|Battle timer is ON: inactive players will automatically lose when time's up. (requested by gundi8)\n|inactive|gundi8 has 60 seconds left.\n|\n|t:|1746019109\n|start\n|switch|p1a: Koraidon|Koraidon, L50|100/100\n|switch|p1b: Whimsicott|Whimsicott, L50, F|100/100\n|switch|p2a: Incineroar|Incineroar, L50, M|100/100\n|switch|p2b: Terapagos|Terapagos, L50, M|100/100\n|-activate|p2b: Terapagos|ability: Tera Shift\n|detailschange|p2b: Terapagos|Terapagos-Terastal, L50, M\n|-heal|p2b: Terapagos|100/100|[silent]\n|-weather|SunnyDay|[from] ability: Orichalcum Pulse|[of] p1a: Koraidon\n|-activate|p1a: Koraidon|Orichalcum Pulse|[source]\n|-ability|p2a: Incineroar|Intimidate|boost\n|-fail|p1a: Koraidon|unboost|[from] item: Clear Amulet|[of] p1a: Koraidon\n|-unboost|p1b: Whimsicott|atk|1\n|turn|1\n|inactive|Beabb has 30 seconds left.\n|\n|t:|1746019140\n|-terastallize|p2a: Incineroar|Bug\n|move|p1b: Whimsicott|Light Screen|p1b: Whimsicott\n|-sidestart|p1: gundi8|move: Light Screen\n|move|p1a: Koraidon|Collision Course|p2a: Incineroar\n|-resisted|p2a: Incineroar\n|-damage|p2a: Incineroar|74/100\n|move|p2b: Terapagos|Tera Starstorm|p1b: Whimsicott\n|-damage|p1b: Whimsicott|62/100\n|move|p2a: Incineroar|Will-O-Wisp|p1a: Koraidon\n|-status|p1a: Koraidon|brn\n|\n|-weather|SunnyDay|[upkeep]\n|-damage|p1a: Koraidon|94/100 brn|[from] brn\n|upkeep\n|turn|2\n|inactive|gundi8 has 30 seconds left.\n|inactive|gundi8 has 20 seconds left.\n|inactive|gundi8 has 15 seconds left.\n|\n|t:|1746019182\n|move|p1a: Koraidon|Flare Blitz|p2a: Incineroar\n|-supereffective|p2a: Incineroar\n|-damage|p2a: Incineroar|7/100\n|-status|p2a: Incineroar|brn\n|-damage|p1a: Koraidon|71/100 brn|[from] Recoil\n|move|p1b: Whimsicott|Moonblast|p2a: Incineroar\n|-damage|p2a: Incineroar|0 fnt\n|faint|p2a: Incineroar\n|move|p2b: Terapagos|Tera Starstorm|p1b: Whimsicott\n|-damage|p1b: Whimsicott|25/100\n|\n|-weather|SunnyDay|[upkeep]\n|-damage|p1a: Koraidon|65/100 brn|[from] brn\n|upkeep\n|\n|t:|1746019195\n|switch|p2a: Calyrex|Calyrex-Shadow, L50|100/100\n|-ability|p2a: Calyrex|As One\n|-ability|p2a: Calyrex|Unnerve\n|turn|3\n|\n|t:|1746019204\n|move|p1b: Whimsicott|Tailwind|p1b: Whimsicott\n|-sidestart|p1: gundi8|move: Tailwind\n|move|p1a: Koraidon|Flare Blitz|p2a: Calyrex\n|-damage|p2a: Calyrex|51/100\n|-status|p2a: Calyrex|brn\n|-damage|p1a: Koraidon|50/100 brn|[from] Recoil\n|move|p2a: Calyrex|Astral Barrage|p1b: Whimsicott|[spread] p1a,p1b\n|-damage|p1a: Koraidon|18/100 brn\n|-damage|p1b: Whimsicott|0 fnt\n|faint|p1b: Whimsicott\n|-ability|p2a: Calyrex|Grim Neigh|boost\n|-boost|p2a: Calyrex|spa|1\n|move|p2b: Terapagos|Calm Mind|p2b: Terapagos\n|-boost|p2b: Terapagos|spa|1\n|-boost|p2b: Terapagos|spd|1\n|\n|-weather|SunnyDay|[upkeep]\n|-damage|p1a: Koraidon|12/100 brn|[from] brn\n|-damage|p2a: Calyrex|45/100 brn|[from] brn\n|upkeep\n|\n|t:|1746019217\n|switch|p1b: Chi-Yu|Chi-Yu, L50|100/100\n|-ability|p1b: Chi-Yu|Beads of Ruin\n|turn|4\n|\n|t:|1746019239\n|move|p1b: Chi-Yu|Snarl|p2b: Terapagos|[spread] p2a,p2b\n|-supereffective|p2a: Calyrex\n|-activate|p2b: Terapagos|ability: Tera Shell\n|-resisted|p2b: Terapagos\n|-damage|p2a: Calyrex|0 fnt\n|-damage|p2b: Terapagos|91/100\n|-unboost|p2b: Terapagos|spa|1\n|faint|p2a: Calyrex\n|move|p1a: Koraidon|Collision Course|p2b: Terapagos\n|-supereffective|p2b: Terapagos\n|-damage|p2b: Terapagos|25/100\n|move|p2b: Terapagos|Earth Power|p1b: Chi-Yu\n|-supereffective|p1b: Chi-Yu\n|-damage|p1b: Chi-Yu|58/100\n|\n|-weather|SunnyDay|[upkeep]\n|-heal|p2b: Terapagos|32/100|[from] item: Leftovers\n|-damage|p1a: Koraidon|6/100 brn|[from] brn\n|upkeep\n|\n|t:|1746019244\n|switch|p2a: Rillaboom|Rillaboom, L50, M|100/100\n|-fieldstart|move: Grassy Terrain|[from] ability: Grassy Surge|[of] p2a: Rillaboom\n|turn|5\n|\n|t:|1746019262\n|move|p2a: Rillaboom|Fake Out|p1b: Chi-Yu\n|-damage|p1b: Chi-Yu|38/100\n|cant|p1b: Chi-Yu|flinch\n|move|p1a: Koraidon|Collision Course|p2b: Terapagos\n|-supereffective|p2b: Terapagos\n|-damage|p2b: Terapagos|0 fnt\n|faint|p2b: Terapagos\n|\n|-weather|none\n|-heal|p1b: Chi-Yu|44/100|[from] Grassy Terrain\n|-heal|p1a: Koraidon|12/100 brn|[from] Grassy Terrain\n|-damage|p1a: Koraidon|6/100 brn|[from] brn\n|-sideend|p1: gundi8|move: Light Screen\n|upkeep\n|turn|6\n|-message|Beabb forfeited.\n|\n|win|gundi8\n|l|\u2606Beabb\n|player|p2|\n||Beabb is ready for game 3.\n", "uploadtime": 1746019274, "views": 10, "formatid": "gen9vgc2025regibo3", "rating": null, "private": 0, "password": null}