{"id": "gen9vgc2025regibo3-2353754121", "format": "[Gen 9] VGC 2025 Reg I (Bo3)", "players": ["miraidons the goat", "dolivo1122"], "log": "|j|\u2606miraidons the goat\n|j|\u2606dolivo1122\n|html|<table width=\"100%\"><tr><td align=\"left\">miraidons the goat</td><td align=\"right\">dolivo1122</tr><tr><td align=\"left\"><i class=\"fa fa-circle-o\"></i> <i class=\"fa fa-circle-o\"></i> </td><td align=\"right\"><i class=\"fa fa-circle-o\"></i> <i class=\"fa fa-circle\"></i> </tr></table>\n|uhtml|bestof|<h2><strong>Game 2</strong> of <a href=\"/game-bestof3-gen9vgc2025regibo3-2353753168\">a best-of-3</a></h2>\n|t:|1745994291\n|gametype|doubles\n|player|p1|miraidons the goat|lillie-masters|1228\n|player|p2|dolivo1122|265|1155\n|teamsize|p1|6\n|teamsize|p2|6\n|gen|9\n|tier|[Gen 9] VGC 2025 Reg I (Bo3)\n|rated|\n|rule|Species Clause: Limit one of each Pok\u00e9mon\n|rule|Item Clause: Limit 1 of each item\n|clearpoke\n|poke|p1|Calyrex-Shadow, L50|\n|poke|p1|Koraidon, L50|\n|poke|p1|Chi-Yu, L50|\n|poke|p1|Indeedee-F, L50, F|\n|poke|p1|Whimsicott, L50, F|\n|poke|p1|Ditto, L50|\n|poke|p2|Rayquaza, L50|\n|poke|p2|Chien-Pao, L50|\n|poke|p2|Incineroar, L50, F|\n|poke|p2|Miraidon, L50|\n|poke|p2|Iron Hands, L50|\n|poke|p2|Dragonite, L50, M|\n|teampreview|4\n|showteam|p1|Calyrex-Shadow||ChoiceSpecs|AsOneSpectrier|AstralBarrage,ExpandingForce,PollenPuff,Psyshock||||||50|,,,,,Dark]Koraidon||LifeOrb|OrichalcumPulse|CloseCombat,FlareBlitz,DragonClaw,Protect||||||50|,,,,,Fire]Chi-Yu||ChoiceScarf|BeadsofRuin|Snarl,DarkPulse,HeatWave,Overheat||||||50|,,,,,Fire]Indeedee-F||PsychicSeed|PsychicSurge|FollowMe,TrickRoom,HelpingHand,Psychic|||F|||50|,,,,,Steel]Whimsicott||CovertCloak|Prankster|Tailwind,Encore,Moonblast,SunnyDay|||F|||50|,,,,,Dark]Ditto||FocusSash|Imposter|Transform||||||50|,,,,,Ghost\n|showteam|p2|Rayquaza||ClearAmulet|AirLock|ExtremeSpeed,DragonAscent,SwordsDance,Protect||||||50|,,,,,Normal]Chien-Pao||FocusSash|SwordofRuin|IceSpinner,SuckerPunch,SacredSword,Protect||||||50|,,,,,Ghost]Incineroar||SafetyGoggles|Intimidate|FakeOut,FlareBlitz,KnockOff,PartingShot|||F|||50|,,,,,Ghost]Miraidon||ChoiceSpecs|HadronEngine|ElectroDrift,VoltSwitch,DracoMeteor,DazzlingGleam||||||50|,,,,,Electric]Iron Hands||AssaultVest|QuarkDrive|FakeOut,WildCharge,HeavySlam,DrainPunch||||||50|,,,,,Grass]Dragonite||ChoiceBand|InnerFocus|ExtremeSpeed,Outrage,IronHead,Earthquake|||M|||50|,,,,,Normal\n|inactive|Battle timer is ON: inactive players will automatically lose when time's up. (requested by dolivo1122)\n|\n|t:|1745994315\n|start\n|switch|p1a: fat|Indeedee-F, L50, F, shiny|100/100\n|switch|p1b: mental trauma|Calyrex-Shadow, L50|100/100\n|switch|p2a: Rayquaza|Rayquaza, L50|100/100\n|switch|p2b: Incineroar|Incineroar, L50, F|100/100\n|-ability|p1b: mental trauma|As One\n|-ability|p1b: mental trauma|Unnerve\n|-ability|p2a: Rayquaza|Air Lock\n|-fieldstart|move: Psychic Terrain|[from] ability: Psychic Surge|[of] p1a: fat\n|-enditem|p1a: fat|Psychic Seed\n|-boost|p1a: fat|spd|1|[from] item: Psychic Seed\n|-ability|p2b: Incineroar|Intimidate|boost\n|-unboost|p1a: fat|atk|1\n|-unboost|p1b: mental trauma|atk|1\n|turn|1\n|inactive|dolivo1122 has 30 seconds left.\n|\n|t:|1745994340\n|move|p2a: Rayquaza|Protect|p2a: Rayquaza\n|-singleturn|p2a: Rayquaza|Protect\n|move|p1a: fat|Follow Me|p1a: fat\n|-singleturn|p1a: fat|move: Follow Me\n|move|p1b: mental trauma|Expanding Force|p2b: Incineroar|[spread] \n|-activate|p2a: Rayquaza|move: Protect\n|-immune|p2b: Incineroar\n|move|p2b: Incineroar|Knock Off|p1a: fat\n|-supereffective|p1a: fat\n|-damage|p1a: fat|25/100\n|\n|upkeep\n|turn|2\n|\n|t:|1745994362\n|switch|p2a: Chien-Pao|Chien-Pao, L50|100/100\n|-ability|p2a: Chien-Pao|Sword of Ruin\n|move|p1a: fat|Follow Me|p1a: fat\n|-singleturn|p1a: fat|move: Follow Me\n|move|p1b: mental trauma|Expanding Force|p2b: Incineroar|[spread] \n|-immune|p2a: Chien-Pao\n|-immune|p2b: Incineroar\n|move|p2b: Incineroar|Knock Off|p1a: fat\n|-supereffective|p1a: fat\n|-damage|p1a: fat|0 fnt\n|faint|p1a: fat\n|\n|upkeep\n|\n|t:|1745994376\n|switch|p1a: better bike|Koraidon, L50|100/100\n|-weather|SunnyDay|[from] ability: Orichalcum Pulse|[of] p1a: better bike\n|-activate|p1a: better bike|Orichalcum Pulse|[source]\n|turn|3\n|inactive|dolivo1122 has 30 seconds left.\n|\n|t:|1745994409\n|switch|p1b: copycat|Ditto, L50, shiny|100/100\n|-transform|p1b: copycat|p2a: Chien-Pao|[from] ability: Imposter\n|-ability|p1b: copycat|Sword of Ruin\n|-terastallize|p1a: better bike|Fire\n|move|p1a: better bike|Close Combat|p2b: Incineroar\n|-supereffective|p2b: Incineroar\n|-damage|p2b: Incineroar|0 fnt\n|-unboost|p1a: better bike|def|1\n|-unboost|p1a: better bike|spd|1\n|faint|p2b: Incineroar\n|-damage|p1a: better bike|91/100|[from] item: Life Orb\n|move|p2a: Chien-Pao|Ice Spinner|p1a: better bike\n|-resisted|p1a: better bike\n|-damage|p1a: better bike|49/100\n|-fieldend|move: Psychic Terrain\n|\n|-weather|SunnyDay|[upkeep]\n|upkeep\n|\n|t:|1745994434\n|switch|p2b: Rayquaza|Rayquaza, L50|100/100\n|-ability|p2b: Rayquaza|Air Lock\n|turn|4\n|\n|t:|1745994451\n|switch|p1a: mental trauma|Calyrex-Shadow, L50|100/100\n|-ability|p1a: mental trauma|As One\n|-ability|p1a: mental trauma|Unnerve\n|-terastallize|p2b: Rayquaza|Normal\n|move|p2b: Rayquaza|Extreme Speed|p1b: copycat\n|-damage|p1b: copycat|31/100\n|move|p2a: Chien-Pao|Sucker Punch||[still]\n|-fail|p2a: Chien-Pao\n|move|p1b: copycat|Ice Spinner|p2b: Rayquaza\n|-damage|p2b: Rayquaza|42/100\n|\n|-weather|SunnyDay|[upkeep]\n|upkeep\n|turn|5\n|\n|t:|1745994472\n|move|p2b: Rayquaza|Extreme Speed|p1b: copycat\n|-damage|p1b: copycat|0 fnt\n|faint|p1b: copycat\n|move|p2a: Chien-Pao|Sucker Punch|p1a: mental trauma\n|-supereffective|p1a: mental trauma\n|-damage|p1a: mental trauma|0 fnt\n|faint|p1a: mental trauma\n|\n|-weather|SunnyDay|[upkeep]\n|upkeep\n|\n|t:|1745994483\n|switch|p1b: better bike|Koraidon, L50, tera:Fire|49/100\n|turn|6\n|\n|t:|1745994495\n|move|p2b: Rayquaza|Extreme Speed|p1b: better bike\n|-crit|p1b: better bike\n|-damage|p1b: better bike|0 fnt\n|faint|p1b: better bike\n|\n|win|dolivo1122\n|raw|miraidons the goat's rating: 1228 &rarr; <strong>1198</strong><br />(-30 for losing)\n|raw|dolivo1122's rating: 1155 &rarr; <strong>1185</strong><br />(+30 for winning)\n", "uploadtime": 1745994500, "views": 17, "formatid": "gen9vgc2025regibo3", "rating": 1185, "private": 0, "password": null}