{"id": "gen9vgc2025regibo3-2354095354", "format": "[Gen 9] VGC 2025 Reg I (Bo3)", "players": ["Yoddle Yoddle", "cubox11n"], "log": "|j|\u2606Yoddle Yoddle\n|j|\u2606cubox11n\n|html|<table width=\"100%\"><tr><td align=\"left\">Yoddle Yoddle</td><td align=\"right\">cubox11n</tr><tr><td align=\"left\"><i class=\"fa fa-circle-o\"></i> <i class=\"fa fa-circle-o\"></i> </td><td align=\"right\"><i class=\"fa fa-circle-o\"></i> <i class=\"fa fa-circle\"></i> </tr></table>\n|uhtml|bestof|<h2><strong>Game 2</strong> of <a href=\"/game-bestof3-gen9vgc2025regibo3-2354092827\">a best-of-3</a></h2>\n|t:|1746034435\n|gametype|doubles\n|player|p1|Yoddle Yoddle|backpacker|1244\n|player|p2|cubox11n|crasherwake|1246\n|teamsize|p1|6\n|teamsize|p2|6\n|gen|9\n|tier|[Gen 9] VGC 2025 Reg I (Bo3)\n|rated|\n|rule|Species Clause: Limit one of each Pok\u00e9mon\n|rule|Item Clause: Limit 1 of each item\n|clearpoke\n|poke|p1|Zamazenta-*, L50|\n|poke|p1|Chien-Pao, L50|\n|poke|p1|Lunala, L50|\n|poke|p1|Indeedee-F, L50, F|\n|poke|p1|Sneasler, L50, M|\n|poke|p1|Gouging Fire, L50|\n|poke|p2|Miraidon, L50|\n|poke|p2|Calyrex-Ice, L50|\n|poke|p2|Urshifu-*, L50, M|\n|poke|p2|Volcarona, L50, F|\n|poke|p2|Grimmsnarl, L50, M|\n|poke|p2|Ditto, L50|\n|teampreview|4\n|showteam|p1|Zamazenta-Crowned||RustedShield|DauntlessShield|behemothbash,BodyPress,Protect,WideGuard||||||50|,,,,,Dragon]Chien-Pao||FocusSash|SwordofRuin|Protect,Crunch,SacredSword,IcyWind||||||50|,,,,,Stellar]Lunala||PowerHerb|ShadowShield|MoongeistBeam,ExpandingForce,MeteorBeam,TrickRoom||||||50|,,,,,Water]Indeedee-F||SafetyGoggles|PsychicSurge|FollowMe,TrickRoom,AlluringVoice,HealPulse|||F|||50|,,,,,Fairy]Sneasler||PsychicSeed|Unburden|DireClaw,ThroatChop,ToxicSpikes,CloseCombat|||M|||50|,,,,,Ghost]Gouging Fire||BoosterEnergy|Protosynthesis|BurningBulwark,Howl,FlareBlitz,DragonClaw||||||50|,,,,,Water\n|showteam|p2|Miraidon||ChoiceSpecs|HadronEngine|ElectroDrift,DracoMeteor,DazzlingGleam,VoltSwitch||||||50|,,,,,Fairy]Calyrex-Ice||ClearAmulet|AsOneGlastrier|GlacialLance,HighHorsepower,TrickRoom,Protect||||||50|,,,,,Water]Urshifu-Rapid-Strike||MysticWater|UnseenFist|SurgingStrikes,CloseCombat,Taunt,Protect|||M|||50|,,,,,Poison]Volcarona||SitrusBerry|FlameBody|FieryDance,QuiverDance,GigaDrain,Protect|||F|||50|,,,,,Grass]Grimmsnarl||LightClay|Prankster|FoulPlay,ThunderWave,LightScreen,Reflect|||M|||50|,,,,,Ghost]Ditto||FocusSash|Imposter|Transform||||||50|,,,,,Normal\n|inactive|Battle timer is ON: inactive players will automatically lose when time's up. (requested by Yoddle Yoddle)\n|\n|t:|1746034485\n|start\n|switch|p1a: Sneasler|Sneasler, L50, M|100/100\n|switch|p1b: Indeedee|Indeedee-F, L50, F|100/100\n|switch|p2a: Grimmsnarl|Grimmsnarl, L50, M|100/100\n|switch|p2b: Miraidon|Miraidon, L50|100/100\n|-fieldstart|move: Electric Terrain|[from] ability: Hadron Engine|[of] p2b: Miraidon\n|-fieldstart|move: Psychic Terrain|[from] ability: Psychic Surge|[of] p1b: Indeedee\n|-enditem|p1a: Sneasler|Psychic Seed\n|-boost|p1a: Sneasler|spd|1|[from] item: Psychic Seed\n|turn|1\n|\n|t:|1746034504\n|move|p2a: Grimmsnarl|Reflect|p2a: Grimmsnarl\n|-sidestart|p2: cubox11n|Reflect\n|move|p1a: Sneasler|Toxic Spikes|p2b: Miraidon\n|-sidestart|p2: cubox11n|move: Toxic Spikes\n|move|p2b: Miraidon|Volt Switch|p1a: Sneasler\n|-damage|p1a: Sneasler|56/100\n|\n|t:|1746034510\n|switch|p2b: Calyrex|Calyrex-Ice, L50|100/100|[from] Volt Switch\n|-ability|p2b: Calyrex|As One\n|-ability|p2b: Calyrex|Unnerve\n|-status|p2b: Calyrex|psn\n|move|p1b: Indeedee|Heal Pulse|p1a: Sneasler\n|-heal|p1a: Sneasler|100/100\n|\n|-damage|p2b: Calyrex|88/100 psn|[from] psn\n|upkeep\n|turn|2\n|inactive|cubox11n has 30 seconds left.\n|inactive|Yoddle Yoddle has 30 seconds left.\n|\n|t:|1746034547\n|move|p1b: Indeedee|Follow Me|p1b: Indeedee\n|-singleturn|p1b: Indeedee|move: Follow Me\n|move|p2a: Grimmsnarl|Light Screen|p2a: Grimmsnarl\n|-sidestart|p2: cubox11n|move: Light Screen\n|move|p1a: Sneasler|Dire Claw|p2a: Grimmsnarl\n|-supereffective|p2a: Grimmsnarl\n|-damage|p2a: Grimmsnarl|39/100\n|-status|p2a: Grimmsnarl|psn\n|move|p2b: Calyrex|Glacial Lance|p1a: Sneasler|[spread] p1a,p1b\n|-crit|p1b: Indeedee\n|-damage|p1a: Sneasler|8/100\n|-damage|p1b: Indeedee|15/100\n|\n|-damage|p2a: Grimmsnarl|27/100 psn|[from] psn\n|-damage|p2b: Calyrex|76/100 psn|[from] psn\n|upkeep\n|turn|3\n|\n|t:|1746034567\n|move|p1a: Sneasler|Close Combat|p2b: Calyrex\n|-damage|p2b: Calyrex|46/100 psn\n|-unboost|p1a: Sneasler|def|1\n|-unboost|p1a: Sneasler|spd|1\n|move|p1b: Indeedee|Alluring Voice|p2a: Grimmsnarl\n|-supereffective|p2a: Grimmsnarl\n|-damage|p2a: Grimmsnarl|5/100 psn\n|move|p2a: Grimmsnarl|Foul Play|p1b: Indeedee\n|-supereffective|p1b: Indeedee\n|-damage|p1b: Indeedee|0 fnt\n|faint|p1b: Indeedee\n|move|p2b: Calyrex|Glacial Lance|p1a: Sneasler\n|-damage|p1a: Sneasler|0 fnt\n|faint|p1a: Sneasler\n|-ability|p2b: Calyrex|Chilling Neigh|boost\n|-boost|p2b: Calyrex|atk|1\n|\n|-damage|p2a: Grimmsnarl|0 fnt|[from] psn\n|faint|p2a: Grimmsnarl\n|-damage|p2b: Calyrex|34/100 psn|[from] psn\n|upkeep\n|\n|t:|1746034573\n|switch|p1a: Lunala|Lunala, L50|100/100\n|switch|p1b: Gouging Fire|Gouging Fire, L50|100/100\n|switch|p2a: Miraidon|Miraidon, L50|100/100\n|-status|p2a: Miraidon|psn\n|-fieldstart|move: Electric Terrain|[from] ability: Hadron Engine|[of] p2a: Miraidon\n|-enditem|p1b: Gouging Fire|Booster Energy\n|-activate|p1b: Gouging Fire|ability: Protosynthesis|[fromitem]\n|-start|p1b: Gouging Fire|protosynthesisspe\n|turn|4\n|\n|t:|1746034600\n|-terastallize|p2a: Miraidon|Fairy\n|move|p1b: Gouging Fire|Flare Blitz|p2b: Calyrex\n|-supereffective|p2b: Calyrex\n|-damage|p2b: Calyrex|0 fnt\n|faint|p2b: Calyrex\n|-damage|p1b: Gouging Fire|89/100|[from] Recoil\n|move|p2a: Miraidon|Draco Meteor|p1b: Gouging Fire\n|-supereffective|p1b: Gouging Fire\n|-damage|p1b: Gouging Fire|0 fnt\n|-unboost|p2a: Miraidon|spa|2\n|faint|p1b: Gouging Fire\n|-end|p1b: Gouging Fire|Protosynthesis|[silent]\n|move|p1a: Lunala|Meteor Beam||[still]\n|-prepare|p1a: Lunala|Meteor Beam\n|-boost|p1a: Lunala|spa|1\n|-enditem|p1a: Lunala|Power Herb\n|-anim|p1a: Lunala|Meteor Beam|p2a: Miraidon\n|-damage|p2a: Miraidon|65/100 psn\n|\n|-damage|p2a: Miraidon|53/100 psn|[from] psn\n|upkeep\n|\n|t:|1746034605\n|switch|p2b: Volcarona|Volcarona, L50, F|100/100\n|-status|p2b: Volcarona|psn\n|turn|5\n|\n|t:|1746034615\n|move|p2a: Miraidon|Draco Meteor|p1a: Lunala\n|-damage|p1a: Lunala|75/100\n|-unboost|p2a: Miraidon|spa|2\n|move|p2b: Volcarona|Quiver Dance|p2b: Volcarona\n|-boost|p2b: Volcarona|spa|1\n|-boost|p2b: Volcarona|spd|1\n|-boost|p2b: Volcarona|spe|1\n|move|p1a: Lunala|Trick Room|p1a: Lunala\n|-fieldstart|move: Trick Room|[of] p1a: Lunala\n|\n|-damage|p2a: Miraidon|41/100 psn|[from] psn\n|-damage|p2b: Volcarona|88/100 psn|[from] psn\n|upkeep\n|turn|6\n|\n|t:|1746034625\n|move|p1a: Lunala|Meteor Beam||[still]\n|-prepare|p1a: Lunala|Meteor Beam\n|-boost|p1a: Lunala|spa|1\n|move|p2a: Miraidon|Draco Meteor|p1a: Lunala|[miss]\n|-miss|p2a: Miraidon|p1a: Lunala\n|move|p2b: Volcarona|Fiery Dance|p1a: Lunala\n|-damage|p1a: Lunala|34/100\n|\n|-damage|p2a: Miraidon|28/100 psn|[from] psn\n|-damage|p2b: Volcarona|75/100 psn|[from] psn\n|upkeep\n|turn|7\n|\n|t:|1746034633\n|move|p1a: Lunala|Meteor Beam|p2b: Volcarona|[from] lockedmove\n|-supereffective|p2b: Volcarona\n|-damage|p2b: Volcarona|0 fnt\n|faint|p2b: Volcarona\n|move|p2a: Miraidon|Draco Meteor|p1a: Lunala\n|-damage|p1a: Lunala|0 fnt\n|-unboost|p2a: Miraidon|spa|2\n|faint|p1a: Lunala\n|\n|win|cubox11n\n|raw|Yoddle Yoddle's rating: 1244 &rarr; <strong>1219</strong><br />(-25 for losing)\n|raw|cubox11n's rating: 1246 &rarr; <strong>1271</strong><br />(+25 for winning)\n|l|\u2606Yoddle Yoddle\n|player|p1|\n|j|\u2606Yoddle Yoddle\n|player|p1|Yoddle Yoddle|backpacker|\n|l|\u2606Yoddle Yoddle\n|player|p1|\n", "uploadtime": 1746034681, "views": 17, "formatid": "gen9vgc2025regibo3", "rating": 1219, "private": 0, "password": null}