{"id": "gen9vgc2025regibo3-2353622786", "format": "[Gen 9] VGC 2025 Reg I (Bo3)", "players": ["dikvandijk", "CityPopThatThang"], "log": "|j|\u2606dikvandijk\n|j|\u2606CityPopThatThang\n|html|<table width=\"100%\"><tr><td align=\"left\">dikvandijk</td><td align=\"right\">CityPopThatThang</tr><tr><td align=\"left\"><i class=\"fa fa-circle-o\"></i> <i class=\"fa fa-circle-o\"></i> </td><td align=\"right\"><i class=\"fa fa-circle-o\"></i> <i class=\"fa fa-circle-o\"></i> </tr></table>\n|uhtml|bestof|<h2><strong>Game 1</strong> of <a href=\"/game-bestof3-gen9vgc2025regibo3-2353622785\">a best-of-3</a></h2>\n|t:|1745975765\n|gametype|doubles\n|player|p1|dikvandijk|1|1021\n|player|p2|CityPopThatThang|guzma|1042\n|teamsize|p1|6\n|teamsize|p2|6\n|gen|9\n|tier|[Gen 9] VGC 2025 Reg I (Bo3)\n|rated|\n|rule|Species Clause: Limit one of each Pok\u00e9mon\n|rule|Item Clause: Limit 1 of each item\n|clearpoke\n|poke|p1|Miraidon, L50|\n|poke|p1|Zamazenta-*, L50|\n|poke|p1|Chi-Yu, L50|\n|poke|p1|Amoonguss, L50, M|\n|poke|p1|Tornadus, L50, M|\n|poke|p1|Urshifu-*, L50, M|\n|poke|p2|Calyrex-Ice, L50|\n|poke|p2|Lunala, L50|\n|poke|p2|Indeedee-F, L50, F|\n|poke|p2|Ursaluna-Bloodmoon, L50, M|\n|poke|p2|Urshifu-*, L50, F|\n|poke|p2|Smeargle, L50, F|\n|teampreview|4\n|showteam|p1|Miraidon||LifeOrb|HadronEngine|ElectroDrift,DazzlingGleam,CalmMind,Protect||||||50|,,,,,Electric]Zamazenta-Crowned||RustedShield|DauntlessShield|BodyPress,behemothbash,WideGuard,IronDefense||||||50|,,,,,Dragon]Chi-Yu||ChoiceScarf|BeadsofRuin|HeatWave,Overheat,DarkPulse,Snarl||||||50|,,,,,Dark]Amoonguss||RockyHelmet|Regenerator|Spore,RagePowder,SludgeBomb,Protect|||M|||50|,,,,,Dark]Tornadus||CovertCloak|Prankster|BleakwindStorm,Tailwind,Taunt,HeatWave|||M|||50|,,,,,Steel]Urshifu-Rapid-Strike||FocusSash|UnseenFist|PoisonJab,Detect,SurgingStrikes,CloseCombat|||M|||50|,,,,,Water\n|showteam|p2|Calyrex-Ice||NeverMeltIce|AsOneGlastrier|GlacialLance,HighHorsepower,TrickRoom,Protect||||||50|,,,,,Fire]Lunala||PowerHerb|ShadowShield|MoongeistBeam,ExpandingForce,MeteorBeam,TrickRoom||||||50|,,,,,Water]Indeedee-F||PsychicSeed|PsychicSurge|AlluringVoice,TrickRoom,FollowMe,HealPulse|||F|||50|,,,,,Fairy]Ursaluna-Bloodmoon||LifeOrb|MindsEye|HyperVoice,EarthPower,BloodMoon,Protect|||M|||50|,,,,,Poison]Urshifu||ChoiceBand|UnseenFist|WickedBlow,CloseCombat,SuckerPunch,IronHead|||F|||50|,,,,,Grass]Smeargle||FocusSash|OwnTempo|FollowMe,FakeOut,Spore,Decorate|||F|||50|,,,,,Grass\n|inactive|Battle timer is ON: inactive players will automatically lose when time's up. (requested by dikvandijk)\n|inactive|CityPopThatThang has 60 seconds left.\n|inactive|CityPopThatThang has 30 seconds left.\n|inactive|CityPopThatThang has 20 seconds left.\n|inactive|CityPopThatThang has 15 seconds left.\n|inactive|CityPopThatThang has 10 seconds left.\n|\n|t:|1745975871\n|start\n|switch|p1a: Tornadus|Tornadus, L50, M|100/100\n|switch|p1b: Zamazenta|Zamazenta-Crowned, L50|100/100\n|switch|p2a: Smeargle|Smeargle, L50, F|100/100\n|switch|p2b: Calyrex|Calyrex-Ice, L50|100/100\n|-ability|p2b: Calyrex|As One\n|-ability|p2b: Calyrex|Unnerve\n|-ability|p1b: Zamazenta|Dauntless Shield|boost\n|-boost|p1b: Zamazenta|def|1\n|turn|1\n|inactive|dikvandijk has 30 seconds left.\n|inactive|CityPopThatThang has 30 seconds left.\n|inactive|dikvandijk has 20 seconds left.\n|inactive|CityPopThatThang has 20 seconds left.\n|inactive|dikvandijk has 15 seconds left.\n|inactive|CityPopThatThang has 15 seconds left.\n|inactive|CityPopThatThang has 10 seconds left.\n|\n|t:|1745975920\n|switch|p1b: Amoonguss|Amoonguss, L50, M|100/100\n|switch|p2b: Indeedee|Indeedee-F, L50, F|100/100\n|-fieldstart|move: Psychic Terrain|[from] ability: Psychic Surge|[of] p2b: Indeedee\n|-enditem|p2b: Indeedee|Psychic Seed\n|-boost|p2b: Indeedee|spd|1|[from] item: Psychic Seed\n|move|p1a: Tornadus|Taunt|p2b: Indeedee\n|-activate|p2b: Indeedee|move: Psychic Terrain\n|move|p2a: Smeargle|Spore|p1b: Amoonguss\n|-immune|p1b: Amoonguss\n|\n|upkeep\n|turn|2\n|\n|t:|1745975941\n|switch|p2a: Calyrex|Calyrex-Ice, L50|100/100\n|-ability|p2a: Calyrex|As One\n|-ability|p2a: Calyrex|Unnerve\n|move|p2b: Indeedee|Follow Me|p2b: Indeedee\n|-singleturn|p2b: Indeedee|move: Follow Me\n|move|p1b: Amoonguss|Rage Powder|p1b: Amoonguss\n|-singleturn|p1b: Amoonguss|move: Rage Powder\n|move|p1a: Tornadus|Bleakwind Storm|p2b: Indeedee|[spread] p2a,p2b\n|-damage|p2a: Calyrex|74/100\n|-damage|p2b: Indeedee|74/100\n|-unboost|p2b: Indeedee|spe|1\n|\n|upkeep\n|turn|3\n|inactive|CityPopThatThang has 30 seconds left.\n|\n|t:|1745975970\n|move|p1a: Tornadus|Bleakwind Storm|p2b: Indeedee|[spread] p2a,p2b\n|-damage|p2a: Calyrex|50/100\n|-damage|p2b: Indeedee|50/100\n|-unboost|p2a: Calyrex|spe|1\n|move|p2b: Indeedee|Alluring Voice|p1b: Amoonguss\n|-resisted|p1b: Amoonguss\n|-damage|p1b: Amoonguss|95/100\n|move|p1b: Amoonguss|Spore|p2a: Calyrex\n|-status|p2a: Calyrex|slp|[from] move: Spore\n|cant|p2a: Calyrex|slp\n|\n|upkeep\n|turn|4\n|\n|t:|1745975985\n|switch|p1b: Chi-Yu|Chi-Yu, L50|100/100\n|-ability|p1b: Chi-Yu|Beads of Ruin\n|move|p2b: Indeedee|Follow Me|p2b: Indeedee\n|-singleturn|p2b: Indeedee|move: Follow Me\n|move|p1a: Tornadus|Heat Wave|p2b: Indeedee|[spread] p2a,p2b\n|-supereffective|p2a: Calyrex\n|-damage|p2a: Calyrex|11/100 slp\n|-damage|p2b: Indeedee|28/100\n|cant|p2a: Calyrex|slp\n|\n|upkeep\n|turn|5\n|\n|t:|1745976002\n|switch|p2a: Lunala|Lunala, L50|100/100\n|-terastallize|p2b: Indeedee|Fairy\n|move|p1b: Chi-Yu|Snarl|p2a: Lunala|[spread] p2a\n|-miss|p1b: Chi-Yu|p2b: Indeedee\n|-supereffective|p2a: Lunala\n|-damage|p2a: Lunala|62/100\n|-unboost|p2a: Lunala|spa|1\n|move|p1a: Tornadus|Heat Wave|p2a: Lunala|[spread] p2a,p2b\n|-damage|p2a: Lunala|40/100\n|-damage|p2b: Indeedee|7/100\n|move|p2b: Indeedee|Trick Room|p2b: Indeedee\n|-fieldstart|move: Trick Room|[of] p2b: Indeedee\n|\n|-fieldend|move: Psychic Terrain\n|upkeep\n|turn|6\n|\n|t:|1745976023\n|move|p2b: Indeedee|Heal Pulse|p2a: Lunala\n|-heal|p2a: Lunala|90/100\n|move|p2a: Lunala|Meteor Beam||[still]\n|-prepare|p2a: Lunala|Meteor Beam\n|-boost|p2a: Lunala|spa|1\n|-enditem|p2a: Lunala|Power Herb\n|-anim|p2a: Lunala|Meteor Beam|p1b: Chi-Yu\n|-supereffective|p1b: Chi-Yu\n|-damage|p1b: Chi-Yu|0 fnt\n|faint|p1b: Chi-Yu\n|move|p1a: Tornadus|Heat Wave|p2b: Indeedee|[spread] p2b\n|-miss|p1a: Tornadus|p2a: Lunala\n|-damage|p2b: Indeedee|0 fnt\n|faint|p2b: Indeedee\n|\n|upkeep\n|\n|t:|1745976032\n|switch|p2b: Smeargle|Smeargle, L50, F|100/100\n|switch|p1b: Amoonguss|Amoonguss, L50, M|100/100\n|turn|7\n|\n|t:|1745976046\n|-terastallize|p1b: Amoonguss|Dark\n|move|p2b: Smeargle|Follow Me|p2b: Smeargle\n|-singleturn|p2b: Smeargle|move: Follow Me\n|move|p1a: Tornadus|Taunt|p2b: Smeargle\n|-start|p2b: Smeargle|move: Taunt\n|move|p1b: Amoonguss|Spore|p2b: Smeargle\n|-status|p2b: Smeargle|slp|[from] move: Spore\n|move|p2a: Lunala|Expanding Force|p1b: Amoonguss\n|-immune|p1b: Amoonguss\n|\n|upkeep\n|turn|8\n|\n|t:|1745976063\n|switch|p2a: Calyrex|Calyrex-Ice, L50|11/100 slp\n|-ability|p2a: Calyrex|As One\n|-ability|p2a: Calyrex|Unnerve\n|cant|p2b: Smeargle|slp\n|move|p1b: Amoonguss|Spore|p2a: Calyrex\n|-fail|p2a: Calyrex|slp\n|move|p1a: Tornadus|Bleakwind Storm|p2b: Smeargle|[spread] p2b\n|-miss|p1a: Tornadus|p2a: Calyrex\n|-enditem|p2b: Smeargle|Focus Sash\n|-damage|p2b: Smeargle|1/100 slp\n|-unboost|p2b: Smeargle|spe|1\n|\n|upkeep\n|turn|9\n|\n|t:|1745976079\n|-curestatus|p2b: Smeargle|slp|[msg]\n|move|p2b: Smeargle|Fake Out||[still]\n|-hint|Fake Out only works on your first turn out.\n|-fail|p2b: Smeargle\n|cant|p2a: Calyrex|slp\n|move|p1b: Amoonguss|Sludge Bomb|p2a: Calyrex\n|-damage|p2a: Calyrex|0 fnt\n|faint|p2a: Calyrex\n|move|p1a: Tornadus|Heat Wave|p2b: Smeargle\n|-crit|p2b: Smeargle\n|-damage|p2b: Smeargle|0 fnt\n|faint|p2b: Smeargle\n|\n|-fieldend|move: Trick Room\n|upkeep\n|\n|t:|1745976084\n|switch|p2b: Lunala|Lunala, L50|90/100\n|turn|10\n|-message|CityPopThatThang forfeited.\n|\n|win|dikvandijk\n||CityPopThatThang is ready for game 2.\n||dikvandijk is ready for game 2.\n|uhtml|next|Next: <a href=\"/battle-gen9vgc2025regibo3-2353625565\"><strong>Game 2 of 3</strong></a>\n", "uploadtime": 1745976448, "views": 14, "formatid": "gen9vgc2025regibo3", "rating": null, "private": 0, "password": null}