{"id": "gen9vgc2025regibo3-2354728665", "format": "[Gen 9] VGC 2025 Reg I (Bo3)", "players": ["snivy01234", "Zuutokei2"], "log": "|j|\u2606snivy01234\n|j|\u2606Zuutokei2\n|html|<table width=\"100%\"><tr><td align=\"left\">snivy01234</td><td align=\"right\">Zuutokei2</tr><tr><td align=\"left\"><i class=\"fa fa-circle-o\"></i> <i class=\"fa fa-circle-o\"></i> </td><td align=\"right\"><i class=\"fa fa-circle-o\"></i> <i class=\"fa fa-circle\"></i> </tr></table>\n|uhtml|bestof|<h2><strong>Game 2</strong> of <a href=\"/game-bestof3-gen9vgc2025regibo3-2354720439\">a best-of-3</a></h2>\n|t:|1746114535\n|gametype|doubles\n|player|p1|snivy01234|1|\n|player|p2|Zuutokei2|lucas|\n|teamsize|p1|6\n|teamsize|p2|6\n|gen|9\n|tier|[Gen 9] VGC 2025 Reg I (Bo3)\n|rule|Species Clause: Limit one of each Pok\u00e9mon\n|rule|Item Clause: Limit 1 of each item\n|clearpoke\n|poke|p1|Tornadus, L50, M|\n|poke|p1|Landorus, L50, M|\n|poke|p1|Kyogre, L50|\n|poke|p1|Zacian-*, L50|\n|poke|p1|Chien-Pao, L50|\n|poke|p1|Urshifu-*, L50, M|\n|poke|p2|Calyrex-Shadow, L50|\n|poke|p2|Zamazenta-*, L50|\n|poke|p2|Rillaboom, L50, M|\n|poke|p2|Incineroar, L50, M|\n|poke|p2|Tornadus, L50, M|\n|poke|p2|Urshifu-*, L50, M|\n|teampreview|4\n|showteam|p1|Tornadus||CovertCloak|Prankster|BleakwindStorm,Tailwind,Taunt,Protect|||M|||50|,,,,,Dark]Landorus||LifeOrb|SheerForce|EarthPower,SandsearStorm,SludgeBomb,Protect|||M|||50|,,,,,Poison]Kyogre||SplashPlate|Drizzle|WaterSpout,OriginPulse,IceBeam,Protect||||||50|,,,,,Grass]Zacian-Crowned||RustedSword|IntrepidSword|PlayRough,behemothblade,Substitute,Protect||||||50|,,,,,Fairy]Chien-Pao||FocusSash|SwordofRuin|IceSpinner,SuckerPunch,SacredSword,Protect||||||50|,,,,,Ghost]Urshifu-Rapid-Strike||SafetyGoggles|UnseenFist|SurgingStrikes,AquaJet,Taunt,Detect|||M|||50|,,,,,Water\n|showteam|p2|Calyrex-Shadow||FocusSash|AsOneSpectrier|AstralBarrage,Psychic,Encore,Protect||||||50|,,,,,Ghost]Zamazenta-Crowned||RustedShield|DauntlessShield|BodyPress,HeavySlam,WideGuard,Protect||||||50|,,,,,Dragon]Rillaboom||AssaultVest|GrassySurge|WoodHammer,GrassyGlide,Uturn,FakeOut|||M|||50|,,,,,Fire]Incineroar||SafetyGoggles|Intimidate|FakeOut,KnockOff,WillOWisp,PartingShot|||M|||50|,,,,,Water]Tornadus||CovertCloak|Prankster|BleakwindStorm,Tailwind,Protect,RainDance|||M|||50|,,,,,Dark]Urshifu-Rapid-Strike||MysticWater|UnseenFist|SurgingStrikes,CloseCombat,Taunt,Detect|||M|||50|,,,,,Ghost\n|j| Oguri_sora\n|j| Jason0103\n|j| Wow_Yang\n|j| BST 44\n|j| fujishimamegumi\n|j| shinonomesora\n|j| diguaaa\n|\n|t:|1746114636\n|start\n|switch|p1a: Landorus|Landorus, L50, M|100/100\n|switch|p1b: Kyogre|Kyogre, L50|100/100\n|switch|p2a: Incineroar|Incineroar, L50, M|100/100\n|switch|p2b: Calyrex|Calyrex-Shadow, L50|100/100\n|-ability|p2b: Calyrex|As One\n|-ability|p2b: Calyrex|Unnerve\n|-weather|RainDance|[from] ability: Drizzle|[of] p1b: Kyogre\n|-ability|p2a: Incineroar|Intimidate|boost\n|-unboost|p1a: Landorus|atk|1\n|-unboost|p1b: Kyogre|atk|1\n|turn|1\n|l| BST 44\n|inactive|Battle timer is ON: inactive players will automatically lose when time's up. (requested by snivy01234)\n|j| SIUHINVGC\n|j| kkkkkkkh\n|\n|t:|1746114697\n|switch|p2a: \u96f2|Tornadus, L50, M|100/100\n|move|p2b: Calyrex|Protect|p2b: Calyrex\n|-singleturn|p2b: Calyrex|Protect\n|move|p1a: Landorus|Protect|p1a: Landorus\n|-singleturn|p1a: Landorus|Protect\n|move|p1b: Kyogre|Protect||[still]\n|-fail|p1b: Kyogre\n|\n|-weather|RainDance|[upkeep]\n|upkeep\n|turn|2\n|\n|t:|1746114722\n|-terastallize|p2b: Calyrex|Ghost\n|move|p2a: \u96f2|Tailwind|p2a: \u96f2\n|-sidestart|p2: Zuutokei2|move: Tailwind\n|move|p2b: Calyrex|Astral Barrage|p1b: Kyogre|[spread] p1a,p1b\n|-damage|p1a: Landorus|12/100\n|-damage|p1b: Kyogre|43/100\n|move|p1a: Landorus|Earth Power|p2b: Calyrex\n|-damage|p2b: Calyrex|33/100\n|move|p1b: Kyogre|Origin Pulse|p2a: \u96f2|[spread] p2a,p2b\n|-damage|p2a: \u96f2|0 fnt\n|-damage|p2b: Calyrex|0 fnt\n|faint|p2a: \u96f2\n|faint|p2b: Calyrex\n|\n|-weather|RainDance|[upkeep]\n|upkeep\n|\n|t:|1746114737\n|switch|p2b: Incineroar|Incineroar, L50, M|100/100\n|switch|p2a: Zamazenta|Zamazenta-Crowned, L50|100/100\n|-ability|p2a: Zamazenta|Dauntless Shield|boost\n|-boost|p2a: Zamazenta|def|1\n|-ability|p2b: Incineroar|Intimidate|boost\n|-unboost|p1a: Landorus|atk|1\n|-unboost|p1b: Kyogre|atk|1\n|turn|3\n|j| BST 44\n|\n|t:|1746114753\n|move|p1a: Landorus|Protect|p1a: Landorus\n|-singleturn|p1a: Landorus|Protect\n|move|p1b: Kyogre|Protect|p1b: Kyogre\n|-singleturn|p1b: Kyogre|Protect\n|move|p2b: Incineroar|Fake Out|p1a: Landorus\n|-activate|p1a: Landorus|move: Protect\n|move|p2a: Zamazenta|Body Press|p1b: Kyogre\n|-activate|p1b: Kyogre|move: Protect\n|\n|-weather|RainDance|[upkeep]\n|upkeep\n|turn|4\n|l| BST 44\n|inactive|snivy01234 has 30 seconds left.\n|inactive|Zuutokei2 has 30 seconds left.\n|inactive|Zuutokei2 has 20 seconds left.\n|\n|t:|1746114789\n|switch|p1b: Tornadus|Tornadus, L50, M|100/100\n|move|p2a: Zamazenta|Body Press|p1a: Landorus\n|-resisted|p1a: Landorus\n|-damage|p1a: Landorus|0 fnt\n|faint|p1a: Landorus\n|move|p2b: Incineroar|Knock Off|p1b: Tornadus\n|-damage|p1b: Tornadus|60/100\n|-enditem|p1b: Tornadus|Covert Cloak|[from] move: Knock Off|[of] p2b: Incineroar\n|\n|-weather|RainDance|[upkeep]\n|upkeep\n|\n|t:|1746114803\n|switch|p1a: Kyogre|Kyogre, L50|43/100\n|turn|5\n|l| Wow_Yang\n|inactive|Zuutokei2 has 30 seconds left.\n|\n|t:|1746114832\n|move|p1a: Kyogre|Protect|p1a: Kyogre\n|-singleturn|p1a: Kyogre|Protect\n|move|p1b: Tornadus|Taunt|p2a: Zamazenta\n|-start|p2a: Zamazenta|move: Taunt\n|move|p2a: Zamazenta|Heavy Slam|p1b: Tornadus\n|-damage|p1b: Tornadus|11/100\n|move|p2b: Incineroar|Parting Shot|p1a: Kyogre\n|-activate|p1a: Kyogre|move: Protect\n|\n|-weather|none\n|-sideend|p2: Zuutokei2|move: Tailwind\n|upkeep\n|turn|6\n|j| I love your wayyy!\n|\n|t:|1746114851\n|move|p1b: Tornadus|Tailwind|p1b: Tornadus\n|-sidestart|p1: snivy01234|move: Tailwind\n|move|p1a: Kyogre|Origin Pulse|p2a: Zamazenta|[spread] p2a,p2b\n|-supereffective|p2b: Incineroar\n|-damage|p2a: Zamazenta|56/100\n|-damage|p2b: Incineroar|4/100\n|move|p2a: Zamazenta|Body Press|p1a: Kyogre\n|-damage|p1a: Kyogre|0 fnt\n|faint|p1a: Kyogre\n|move|p2b: Incineroar|Knock Off|p1b: Tornadus\n|-damage|p1b: Tornadus|0 fnt\n|faint|p1b: Tornadus\n|\n|upkeep\n|\n|t:|1746114865\n|switch|p1b: Zacian|Zacian-Crowned, L50|100/100\n|-ability|p1b: Zacian|Intrepid Sword|boost\n|-boost|p1b: Zacian|atk|1\n|turn|7\n|\n|t:|1746114882\n|-terastallize|p1b: Zacian|Fairy\n|move|p1b: Zacian|Play Rough|p2a: Zamazenta\n|-damage|p2a: Zamazenta|15/100\n|move|p2a: Zamazenta|Body Press|p1b: Zacian\n|-resisted|p1b: Zacian\n|-damage|p1b: Zacian|70/100\n|move|p2b: Incineroar|Will-O-Wisp|p1b: Zacian\n|-status|p1b: Zacian|brn\n|\n|-damage|p1b: Zacian|64/100 brn|[from] brn\n|-end|p2a: Zamazenta|move: Taunt\n|upkeep\n|turn|8\n|inactive|snivy01234 has 30 seconds left.\n|inactive|Zuutokei2 has 30 seconds left.\n|inactive|Zuutokei2 has 20 seconds left.\n|inactive|Zuutokei2 has 15 seconds left.\n|inactive|snivy01234 has 20 seconds left.\n|\n|t:|1746114934\n|move|p2a: Zamazenta|Protect|p2a: Zamazenta\n|-singleturn|p2a: Zamazenta|Protect\n|move|p1b: Zacian|Play Rough|p2a: Zamazenta\n|-activate|p2a: Zamazenta|move: Protect\n|move|p2b: Incineroar|Parting Shot|p1b: Zacian\n|-unboost|p1b: Zacian|atk|1\n|-unboost|p1b: Zacian|spa|1\n|\n|-damage|p1b: Zacian|58/100 brn|[from] brn\n|upkeep\n|turn|9\n|inactive|Zuutokei2 has 30 seconds left.\n|inactive|Zuutokei2 has 20 seconds left.\n|inactive|Zuutokei2 has 15 seconds left.\n|\n|t:|1746114975\n|move|p2a: Zamazenta|Protect||[still]\n|-fail|p2a: Zamazenta\n|move|p1b: Zacian|Play Rough|p2a: Zamazenta|[miss]\n|-miss|p1b: Zacian|p2a: Zamazenta\n|move|p2b: Incineroar|Parting Shot|p1b: Zacian\n|-unboost|p1b: Zacian|atk|1\n|-unboost|p1b: Zacian|spa|1\n|\n|-damage|p1b: Zacian|52/100 brn|[from] brn\n|-sideend|p1: snivy01234|move: Tailwind\n|upkeep\n|turn|10\n|inactive|Zuutokei2 has 30 seconds left.\n|\n|t:|1746115005\n|move|p1b: Zacian|Protect|p1b: Zacian\n|-singleturn|p1b: Zacian|Protect\n|move|p2a: Zamazenta|Heavy Slam|p1b: Zacian\n|-activate|p1b: Zacian|move: Protect\n|move|p2b: Incineroar|Knock Off|p1b: Zacian\n|-activate|p1b: Zacian|move: Protect\n|\n|-damage|p1b: Zacian|46/100 brn|[from] brn\n|upkeep\n|turn|11\n|\n|t:|1746115020\n|move|p2a: Zamazenta|Protect|p2a: Zamazenta\n|-singleturn|p2a: Zamazenta|Protect\n|move|p1b: Zacian|Play Rough|p2a: Zamazenta\n|-activate|p2a: Zamazenta|move: Protect\n|move|p2b: Incineroar|Parting Shot|p1b: Zacian\n|-unboost|p1b: Zacian|atk|1\n|-unboost|p1b: Zacian|spa|1\n|\n|-damage|p1b: Zacian|40/100 brn|[from] brn\n|upkeep\n|turn|12\n|\n|t:|1746115040\n|move|p1b: Zacian|Play Rough|p2a: Zamazenta\n|-damage|p2a: Zamazenta|8/100\n|-unboost|p2a: Zamazenta|atk|1\n|move|p2a: Zamazenta|Heavy Slam|p1b: Zacian\n|-supereffective|p1b: Zacian\n|-damage|p1b: Zacian|9/100 brn\n|move|p2b: Incineroar|Knock Off|p1b: Zacian\n|-resisted|p1b: Zacian\n|-damage|p1b: Zacian|0 fnt\n|faint|p1b: Zacian\n|\n|win|Zuutokei2\n|l| SIUHINVGC\n|l| shinonomesora\n|c|\u2606Zuutokei2|\u8b1d\u8b1d\u6307\u6559\n|c|\u2606snivy01234|\u8b1d\u8b1d\u6307\u6559\n|l|\u2606snivy01234\n|player|p1|\n|l| Oguri_sora\n|l| fujishimamegumi\n", "uploadtime": 1746115203, "views": 43, "formatid": "gen9vgc2025regibo3", "rating": null, "private": 0, "password": null}