{"id": "gen9vgc2025regibo3-2354926077", "format": "[Gen 9] VGC 2025 Reg I (Bo3)", "players": ["Snickers23", "LunaSunChris"], "log": "|j|\u2606Snickers23\n|j|\u2606LunaSunChris\n|html|<table width=\"100%\"><tr><td align=\"left\">Snickers23</td><td align=\"right\">LunaSunChris</tr><tr><td align=\"left\"><i class=\"fa fa-circle-o\"></i> <i class=\"fa fa-circle-o\"></i> </td><td align=\"right\"><i class=\"fa fa-circle-o\"></i> <i class=\"fa fa-circle\"></i> </tr></table>\n|uhtml|bestof|<h2><strong>Game 2</strong> of <a href=\"/game-bestof3-gen9vgc2025regibo3-2354923724\">a best-of-3</a></h2>\n|t:|1746132421\n|gametype|doubles\n|player|p1|Snickers23|rosa|1274\n|player|p2|LunaSunChris|rood|1228\n|teamsize|p1|6\n|teamsize|p2|6\n|gen|9\n|tier|[Gen 9] VGC 2025 Reg I (Bo3)\n|rated|\n|rule|Species Clause: Limit one of each Pok\u00e9mon\n|rule|Item Clause: Limit 1 of each item\n|clearpoke\n|poke|p1|Calyrex-Shadow, L50|\n|poke|p1|Zamazenta-*, L50|\n|poke|p1|Incineroar, L50, M|\n|poke|p1|Rillaboom, L50, M|\n|poke|p1|Clefairy, L50, F|\n|poke|p1|Urshifu-*, L50, F|\n|poke|p2|Groudon, L50|\n|poke|p2|Lunala, L50|\n|poke|p2|Incineroar, L50, M|\n|poke|p2|Alcremie-Matcha-Cream, L50, F|\n|poke|p2|Walking Wake, L50|\n|poke|p2|Rillaboom, L50, M|\n|teampreview|4\n|showteam|p1|Calyrex-Shadow||SpellTag|AsOneSpectrier|AstralBarrage,Psychic,NastyPlot,Protect||||||50|,,,,,Dark]Zamazenta-Crowned||RustedShield|DauntlessShield|BodyPress,WideGuard,Protect,HeavySlam||||||50|,,,,,Dragon]Incineroar||SafetyGoggles|Intimidate|FlareBlitz,KnockOff,PartingShot,FakeOut|||M|||50|,,,,,Bug]Rillaboom||AssaultVest|GrassySurge|WoodHammer,GrassyGlide,Uturn,FakeOut|||M|||50|,,,,,Fire]Clefairy||Eviolite|FriendGuard|FollowMe,IcyWind,HelpingHand,Protect|||F|||50|,,,,,Water]Urshifu-Rapid-Strike||ChoiceScarf|UnseenFist|SurgingStrikes,CloseCombat,Uturn,RainDance|||F|||50|,,,,,Ghost\n|showteam|p2|Groudon||ClearAmulet|Drought|PrecipiceBlades,HeatCrash,StompingTantrum,Protect||||||50|,,,,,Fire]Lunala||PowerHerb|ShadowShield|MoongeistBeam,MeteorBeam,WideGuard,TrickRoom||||||50|,,,,,Fairy]Incineroar||SafetyGoggles|Intimidate|KnockOff,FakeOut,FlareBlitz,PartingShot|||M|||50|,,,,,Ghost]Alcremie-Matcha-Cream||CovertCloak|SweetVeil|DazzlingGleam,Decorate,LightScreen,Encore|||F|||50|,,,,,Water]Walking Wake||LifeOrb|Protosynthesis|WeatherBall,HydroSteam,DracoMeteor,Protect||||||50|,,,,,Fire]Rillaboom||AssaultVest|GrassySurge|FakeOut,GrassyGlide,Uturn,WoodHammer|||M|||50|,,,,,Fire\n|inactive|Battle timer is ON: inactive players will automatically lose when time's up. (requested by Snickers23)\n|\n|t:|1746132442\n|start\n|switch|p1a: Calyrex|Calyrex-Shadow, L50|100/100\n|switch|p1b: Zamazenta|Zamazenta-Crowned, L50|100/100\n|switch|p2a: Incineroar|Incineroar, L50, M|100/100\n|switch|p2b: Lunala|Lunala, L50|100/100\n|-ability|p1a: Calyrex|As One\n|-ability|p1a: Calyrex|Unnerve\n|-ability|p1b: Zamazenta|Dauntless Shield|boost\n|-boost|p1b: Zamazenta|def|1\n|-ability|p2a: Incineroar|Intimidate|boost\n|-unboost|p1a: Calyrex|atk|1\n|-unboost|p1b: Zamazenta|atk|1\n|turn|1\n|inactive|Snickers23 has 30 seconds left.\n|\n|t:|1746132474\n|switch|p1a: Incineroar|Incineroar, L50, M|100/100\n|-ability|p1a: Incineroar|Intimidate|boost\n|-unboost|p2a: Incineroar|atk|1\n|-unboost|p2b: Lunala|atk|1\n|-terastallize|p2b: Lunala|Fairy\n|move|p2a: Incineroar|Fake Out|p1b: Zamazenta\n|-resisted|p1b: Zamazenta\n|-damage|p1b: Zamazenta|99/100\n|cant|p1b: Zamazenta|flinch\n|move|p2b: Lunala|Moongeist Beam|p1a: Incineroar\n|-resisted|p1a: Incineroar\n|-damage|p1a: Incineroar|78/100\n|\n|upkeep\n|turn|2\n|inactive|LunaSunChris has 30 seconds left.\n|\n|t:|1746132502\n|switch|p2a: Groudon|Groudon, L50|100/100\n|-weather|SunnyDay|[from] ability: Drought|[of] p2a: Groudon\n|switch|p1a: Clefairy|Clefairy, L50, F|100/100\n|move|p1b: Zamazenta|Body Press|p2a: Groudon\n|-damage|p2a: Groudon|50/100\n|move|p2b: Lunala|Trick Room|p2b: Lunala\n|-fieldstart|move: Trick Room|[of] p2b: Lunala\n|\n|-weather|SunnyDay|[upkeep]\n|upkeep\n|turn|3\n|inactive|LunaSunChris has 30 seconds left.\n|\n|t:|1746132535\n|switch|p2a: Incineroar|Incineroar, L50, M|100/100\n|-ability|p2a: Incineroar|Intimidate|boost\n|-unboost|p1a: Clefairy|atk|1\n|-unboost|p1b: Zamazenta|atk|1\n|-terastallize|p1b: Zamazenta|Dragon\n|move|p1a: Clefairy|Icy Wind|p2a: Incineroar|[spread] p2a,p2b\n|-resisted|p2a: Incineroar\n|-crit|p2a: Incineroar\n|-damage|p2a: Incineroar|96/100\n|-damage|p2b: Lunala|98/100\n|-unboost|p2a: Incineroar|spe|1\n|-unboost|p2b: Lunala|spe|1\n|move|p2b: Lunala|Meteor Beam||[still]\n|-prepare|p2b: Lunala|Meteor Beam\n|-boost|p2b: Lunala|spa|1\n|-enditem|p2b: Lunala|Power Herb\n|-anim|p2b: Lunala|Meteor Beam|p1a: Clefairy\n|-damage|p1a: Clefairy|45/100\n|move|p1b: Zamazenta|Body Press|p2a: Incineroar\n|-supereffective|p2a: Incineroar\n|-damage|p2a: Incineroar|0 fnt\n|faint|p2a: Incineroar\n|\n|-weather|SunnyDay|[upkeep]\n|upkeep\n|inactive|LunaSunChris has 30 seconds left.\n|\n|t:|1746132560\n|switch|p2a: Groudon|Groudon, L50|50/100\n|turn|4\n|\n|t:|1746132579\n|move|p1a: Clefairy|Protect|p1a: Clefairy\n|-singleturn|p1a: Clefairy|Protect\n|move|p2b: Lunala|Moongeist Beam|p1b: Zamazenta\n|-damage|p1b: Zamazenta|43/100\n|move|p2a: Groudon|Heat Crash|p1a: Clefairy\n|-activate|p1a: Clefairy|move: Protect\n|move|p1b: Zamazenta|Body Press|p2a: Groudon\n|-damage|p2a: Groudon|4/100\n|\n|-weather|SunnyDay|[upkeep]\n|upkeep\n|turn|5\n|inactive|LunaSunChris has 30 seconds left.\n|inactive|LunaSunChris has 20 seconds left.\n|inactive|LunaSunChris has 15 seconds left.\n|\n|t:|1746132621\n|move|p1b: Zamazenta|Protect|p1b: Zamazenta\n|-singleturn|p1b: Zamazenta|Protect\n|move|p1a: Clefairy|Icy Wind|p2a: Groudon|[spread] p2a,p2b\n|-supereffective|p2a: Groudon\n|-damage|p2a: Groudon|0 fnt\n|-damage|p2b: Lunala|94/100\n|-unboost|p2b: Lunala|spe|1\n|faint|p2a: Groudon\n|move|p2b: Lunala|Meteor Beam||[still]\n|-prepare|p2b: Lunala|Meteor Beam\n|-boost|p2b: Lunala|spa|1\n|\n|-weather|SunnyDay|[upkeep]\n|upkeep\n|\n|t:|1746132633\n|switch|p2a: Walking Wake|Walking Wake, L50|100/100\n|-activate|p2a: Walking Wake|ability: Protosynthesis\n|-start|p2a: Walking Wake|protosynthesisspe\n|turn|6\n|\n|t:|1746132657\n|move|p1a: Clefairy|Follow Me|p1a: Clefairy\n|-singleturn|p1a: Clefairy|move: Follow Me\n|move|p2b: Lunala|Meteor Beam|p1a: Clefairy|[from] lockedmove\n|-damage|p1a: Clefairy|0 fnt\n|faint|p1a: Clefairy\n|move|p1b: Zamazenta|Heavy Slam|p2b: Lunala\n|-supereffective|p2b: Lunala\n|-damage|p2b: Lunala|54/100\n|move|p2a: Walking Wake|Hydro Steam|p1b: Zamazenta\n|-resisted|p1b: Zamazenta\n|-damage|p1b: Zamazenta|19/100\n|-damage|p2a: Walking Wake|91/100|[from] item: Life Orb\n|\n|-weather|none\n|-end|p2a: Walking Wake|Protosynthesis\n|-fieldend|move: Trick Room\n|upkeep\n|\n|t:|1746132673\n|switch|p1a: Incineroar|Incineroar, L50, M|78/100\n|-ability|p1a: Incineroar|Intimidate|boost\n|-unboost|p2a: Walking Wake|atk|1\n|-unboost|p2b: Lunala|atk|1\n|turn|7\n|\n|t:|1746132695\n|move|p2a: Walking Wake|Hydro Steam|p1a: Incineroar\n|-supereffective|p1a: Incineroar\n|-damage|p1a: Incineroar|1/100\n|-damage|p2a: Walking Wake|81/100|[from] item: Life Orb\n|move|p1b: Zamazenta|Body Press|p2a: Walking Wake\n|-damage|p2a: Walking Wake|2/100\n|move|p1a: Incineroar|Flare Blitz|p2b: Lunala\n|-damage|p2b: Lunala|19/100\n|-damage|p1a: Incineroar|0 fnt|[from] Recoil\n|faint|p1a: Incineroar\n|move|p2b: Lunala|Trick Room|p2b: Lunala\n|-fieldstart|move: Trick Room|[of] p2b: Lunala\n|\n|upkeep\n|\n|t:|1746132712\n|switch|p1a: Calyrex|Calyrex-Shadow, L50|100/100\n|-ability|p1a: Calyrex|As One\n|-ability|p1a: Calyrex|Unnerve\n|turn|8\n|\n|t:|1746132731\n|move|p2b: Lunala|Moongeist Beam|p1a: Calyrex\n|-supereffective|p1a: Calyrex\n|-damage|p1a: Calyrex|0 fnt\n|faint|p1a: Calyrex\n|move|p1b: Zamazenta|Heavy Slam|p2b: Lunala\n|-supereffective|p2b: Lunala\n|-damage|p2b: Lunala|0 fnt\n|faint|p2b: Lunala\n|move|p2a: Walking Wake|Draco Meteor|p1b: Zamazenta\n|-supereffective|p1b: Zamazenta\n|-damage|p1b: Zamazenta|0 fnt\n|-unboost|p2a: Walking Wake|spa|2\n|faint|p1b: Zamazenta\n|-damage|p2a: Walking Wake|0 fnt|[from] item: Life Orb\n|faint|p2a: Walking Wake\n|-end|p2a: Walking Wake|Protosynthesis|[silent]\n|\n|win|LunaSunChris\n|raw|Snickers23's rating: 1274 &rarr; <strong>1246</strong><br />(-28 for losing)\n|raw|LunaSunChris's rating: 1228 &rarr; <strong>1256</strong><br />(+28 for winning)\n|l|\u2606Snickers23\n|player|p1|\n", "uploadtime": 1746132749, "views": 8, "formatid": "gen9vgc2025regibo3", "rating": 1246, "private": 0, "password": null}