{"id": "gen9vgc2025regibo3-2354451871", "format": "[Gen 9] VGC 2025 Reg I (Bo3)", "players": ["sadfkl", "Blastwalker"], "log": "|j|\u2606sadfkl\n|j|\u2606Blastwalker\n|html|<table width=\"100%\"><tr><td align=\"left\">sadfkl</td><td align=\"right\">Blastwalker</tr><tr><td align=\"left\"><i class=\"fa fa-circle\"></i> <i class=\"fa fa-circle-o\"></i> </td><td align=\"right\"><i class=\"fa fa-circle-o\"></i> <i class=\"fa fa-circle\"></i> </tr></table>\n|uhtml|bestof|<h2><strong>Game 3</strong> of <a href=\"/game-bestof3-gen9vgc2025regibo3-2354448267\">a best-of-3</a></h2>\n|t:|1746073661\n|gametype|doubles\n|player|p1|sadfkl|ethan|1142\n|player|p2|Blastwalker|102|1105\n|teamsize|p1|6\n|teamsize|p2|6\n|gen|9\n|tier|[Gen 9] VGC 2025 Reg I (Bo3)\n|rated|\n|rule|Species Clause: Limit one of each Pok\u00e9mon\n|rule|Item Clause: Limit 1 of each item\n|clearpoke\n|poke|p1|Koraidon, L50|\n|poke|p1|Calyrex-Shadow, L50|\n|poke|p1|Indeedee-F, L50, F|\n|poke|p1|Iron Bundle, L50|\n|poke|p1|Chi-Yu, L50|\n|poke|p1|Brute Bonnet, L50|\n|poke|p2|Volcarona, L50, M|\n|poke|p2|Oricorio-Pom-Pom, L50, M|\n|poke|p2|Whimsicott, L50, F|\n|poke|p2|Koraidon, L50|\n|poke|p2|Calyrex-Shadow, L50|\n|poke|p2|Indeedee-F, L50, F|\n|teampreview|4\n|showteam|p1|Koraidon||LifeOrb|OrichalcumPulse|CollisionCourse,FlareBlitz,Protect,LowKick||||||50|,,,,,Fire]Calyrex-Shadow||FocusSash|AsOneSpectrier|AstralBarrage,ExpandingForce,Protect,PollenPuff||||||50|,,,,,Dark]Indeedee-F||PsychicSeed|PsychicSurge|AlluringVoice,FollowMe,HelpingHand,TrickRoom|||F|||50|,,,,,Water]Iron Bundle||BoosterEnergy|QuarkDrive|IcyWind,Taunt,Encore,FreezeDry||||||50|,,,,,Ghost]Chi-Yu||ChoiceScarf|BeadsofRuin|HeatWave,DarkPulse,Snarl,Overheat||||||50|,,,,,Fire]Brute Bonnet||CovertCloak|Protosynthesis|SeedBomb,SuckerPunch,Spore,RagePowder||||||50|,,,,,Water\n|showteam|p2|Volcarona||ShellBell|FlameBody|FieryDance,QuiverDance,GigaDrain,Protect|||M|||50|,,,,,Electric]Oricorio-Pom-Pom||FocusSash|Dancer|RevelationDance,IcyWind,Tailwind,Protect|||M|||50|,,,,,Fairy]Whimsicott||RockyHelmet|Prankster|Tailwind,Encore,HelpingHand,SunnyDay|||F|||50|,,,,,Grass]Koraidon||ClearAmulet|OrichalcumPulse|CollisionCourse,FlareBlitz,DragonClaw,Protect||||||50|,,,,,Fire]Calyrex-Shadow||LifeOrb|AsOneSpectrier|AstralBarrage,ExpandingForce,ShadowBall,Protect||||||50|,,,,,Dark]Indeedee-F||SitrusBerry|PsychicSurge|FollowMe,Protect,HealPulse,HelpingHand|||F|||50|,,,,,Psychic\n|inactive|Battle timer is ON: inactive players will automatically lose when time's up. (requested by Blastwalker)\n|\n|t:|1746073686\n|start\n|switch|p1a: Indeedee|Indeedee-F, L50, F|100/100\n|switch|p1b: Koraidon|Koraidon, L50|100/100\n|switch|p2a: Whimsicott|Whimsicott, L50, F|100/100\n|switch|p2b: Koraidon|Koraidon, L50|100/100\n|-weather|SunnyDay|[from] ability: Orichalcum Pulse|[of] p2b: Koraidon\n|-activate|p2b: Koraidon|Orichalcum Pulse|[source]\n|-activate|p1b: Koraidon|ability: Orichalcum Pulse\n|-fieldstart|move: Psychic Terrain|[from] ability: Psychic Surge|[of] p1a: Indeedee\n|-enditem|p1a: Indeedee|Psychic Seed\n|-boost|p1a: Indeedee|spd|1|[from] item: Psychic Seed\n|turn|1\n|inactive|sadfkl has 30 seconds left.\n|\n|t:|1746073714\n|-terastallize|p2b: Koraidon|Fire\n|-terastallize|p1a: Indeedee|Water\n|move|p1a: Indeedee|Follow Me|p1a: Indeedee\n|-singleturn|p1a: Indeedee|move: Follow Me\n|move|p2a: Whimsicott|Tailwind|p2a: Whimsicott\n|-sidestart|p2: Blastwalker|move: Tailwind\n|move|p2b: Koraidon|Flare Blitz|p1a: Indeedee\n|-resisted|p1a: Indeedee\n|-damage|p1a: Indeedee|35/100\n|-damage|p2b: Koraidon|79/100|[from] Recoil\n|move|p1b: Koraidon|Flare Blitz|p2a: Whimsicott\n|-supereffective|p2a: Whimsicott\n|-damage|p2a: Whimsicott|0 fnt\n|-damage|p1b: Koraidon|84/100|[from] item: Rocky Helmet|[of] p2a: Whimsicott\n|faint|p2a: Whimsicott\n|-damage|p1b: Koraidon|53/100|[from] Recoil\n|-damage|p1b: Koraidon|43/100|[from] item: Life Orb\n|\n|-weather|SunnyDay|[upkeep]\n|upkeep\n|\n|t:|1746073735\n|switch|p2a: Calyrex|Calyrex-Shadow, L50|100/100\n|-ability|p2a: Calyrex|As One\n|-ability|p2a: Calyrex|Unnerve\n|turn|2\n|\n|t:|1746073758\n|move|p2a: Calyrex|Astral Barrage|p1a: Indeedee|[spread] p1a,p1b\n|-damage|p1a: Indeedee|0 fnt\n|-damage|p1b: Koraidon|0 fnt\n|faint|p1a: Indeedee\n|faint|p1b: Koraidon\n|-ability|p2a: Calyrex|Grim Neigh|boost\n|-boost|p2a: Calyrex|spa|2\n|-damage|p2a: Calyrex|91/100|[from] item: Life Orb\n|move|p2b: Koraidon|Flare Blitz|p1: Indeedee|[notarget]\n|-fail|p2b: Koraidon\n|\n|-weather|SunnyDay|[upkeep]\n|upkeep\n|\n|t:|1746073761\n|switch|p1b: Calyrex|Calyrex-Shadow, L50|100/100\n|switch|p1a: Brute Bonnet|Brute Bonnet, L50|100/100\n|-ability|p1b: Calyrex|As One\n|-ability|p1b: Calyrex|Unnerve\n|-activate|p1a: Brute Bonnet|ability: Protosynthesis\n|-start|p1a: Brute Bonnet|protosynthesisdef\n|turn|3\n|\n|t:|1746073781\n|move|p1a: Brute Bonnet|Rage Powder|p1a: Brute Bonnet\n|-singleturn|p1a: Brute Bonnet|move: Rage Powder\n|move|p2a: Calyrex|Astral Barrage|p1b: Calyrex|[spread] p1a,p1b\n|-resisted|p1a: Brute Bonnet\n|-supereffective|p1b: Calyrex\n|-damage|p1a: Brute Bonnet|44/100\n|-enditem|p1b: Calyrex|Focus Sash\n|-damage|p1b: Calyrex|1/100\n|-damage|p2a: Calyrex|81/100|[from] item: Life Orb\n|move|p2b: Koraidon|Flare Blitz|p1a: Brute Bonnet\n|-supereffective|p1a: Brute Bonnet\n|-damage|p1a: Brute Bonnet|0 fnt\n|faint|p1a: Brute Bonnet\n|-end|p1a: Brute Bonnet|Protosynthesis|[silent]\n|-damage|p2b: Koraidon|61/100|[from] Recoil\n|move|p1b: Calyrex|Astral Barrage|p2b: Koraidon|[spread] p2a,p2b\n|-supereffective|p2a: Calyrex\n|-damage|p2a: Calyrex|0 fnt\n|-damage|p2b: Koraidon|1/100\n|faint|p2a: Calyrex\n|-ability|p1b: Calyrex|Grim Neigh|boost\n|-boost|p1b: Calyrex|spa|1\n|\n|-weather|SunnyDay|[upkeep]\n|upkeep\n|\n|t:|1746073805\n|switch|p2a: Volcarona|Volcarona, L50, M|100/100\n|turn|4\n|\n|t:|1746073816\n|move|p1b: Calyrex|Protect|p1b: Calyrex\n|-singleturn|p1b: Calyrex|Protect\n|move|p2b: Koraidon|Flare Blitz|p1b: Calyrex\n|-activate|p1b: Calyrex|move: Protect\n|move|p2a: Volcarona|Fiery Dance|p1b: Calyrex\n|-activate|p1b: Calyrex|move: Protect\n|\n|-weather|SunnyDay|[upkeep]\n|-sideend|p2: Blastwalker|move: Tailwind\n|upkeep\n|turn|5\n|\n|t:|1746073839\n|move|p1b: Calyrex|Expanding Force|p2a: Volcarona|[spread] p2a,p2b\n|-damage|p2a: Volcarona|0 fnt\n|-damage|p2b: Koraidon|0 fnt\n|faint|p2a: Volcarona\n|faint|p2b: Koraidon\n|\n|win|sadfkl\n|raw|sadfkl's rating: 1142 &rarr; <strong>1164</strong><br />(+22 for winning)\n|raw|Blastwalker's rating: 1105 &rarr; <strong>1083</strong><br />(-22 for losing)\n|c|\u2606Blastwalker|Gg\n|c|\u2606sadfkl|gg\n", "uploadtime": 1746073859, "views": 14, "formatid": "gen9vgc2025regibo3", "rating": 1083, "private": 0, "password": null}