{"id": "gen9vgc2025regibo3-2354850249", "format": "[Gen 9] VGC 2025 Reg I (Bo3)", "players": ["magiuz", "CRAZYSTEVE74"], "log": "|j|\u2606magiuz\n|j|\u2606CRAZYSTEVE74\n|html|<table width=\"100%\"><tr><td align=\"left\">magiuz</td><td align=\"right\">CRAZYSTEVE74</tr><tr><td align=\"left\"><i class=\"fa fa-circle-o\"></i> <i class=\"fa fa-circle-o\"></i> </td><td align=\"right\"><i class=\"fa fa-circle-o\"></i> <i class=\"fa fa-circle-o\"></i> </tr></table>\n|uhtml|bestof|<h2><strong>Game 1</strong> of <a href=\"/game-bestof3-gen9vgc2025regibo3-2354850246\">a best-of-3</a></h2>\n|t:|1746125194\n|gametype|doubles\n|player|p1|magiuz|102|1238\n|player|p2|CRAZYSTEVE74|sabrina|1210\n|teamsize|p1|6\n|teamsize|p2|6\n|gen|9\n|tier|[Gen 9] VGC 2025 Reg I (Bo3)\n|rated|\n|rule|Species Clause: Limit one of each Pok\u00e9mon\n|rule|Item Clause: Limit 1 of each item\n|clearpoke\n|poke|p1|Necrozma-Dawn-Wings, L50|\n|poke|p1|Calyrex-Ice, L50|\n|poke|p1|Torkoal, L50, M|\n|poke|p1|Indeedee-F, L50, F|\n|poke|p1|Ursaluna, L50, F|\n|poke|p1|Smeargle, L50, M|\n|poke|p2|Amoonguss, L50, F|\n|poke|p2|Whimsicott, L50, F|\n|poke|p2|Koraidon, L50|\n|poke|p2|Raging Bolt, L50|\n|poke|p2|Calyrex-Shadow, L50|\n|poke|p2|Incineroar, L50, F|\n|teampreview|4\n|showteam|p1|Necrozma-Dawn-Wings||PowerHerb|PrismArmor|MoongeistBeam,MeteorBeam,ExpandingForce,TrickRoom||||||50|,,,,,Grass]Calyrex-Ice||ClearAmulet|AsOneGlastrier|GlacialLance,CloseCombat,TrickRoom,Protect||||||50|,,,,,Water]Torkoal||Charcoal|Drought|Eruption,WeatherBall,HeatWave,Protect|||M|||50|,,,,,Fire]Indeedee-F||SafetyGoggles|PsychicSurge|DazzlingGleam,FollowMe,HelpingHand,TrickRoom|||F|||50|,,,,,Fairy]Ursaluna||FlameOrb|Guts|Facade,HeadlongRush,ShadowClaw,Protect|||F|||50|,,,,,Ghost]Smeargle||FocusSash|Moody|FakeOut,FollowMe,Spore,Decorate|||M|||50|,,,,,Grass\n|showteam|p2|Amoonguss||RockyHelmet|Regenerator|Protect,Spore,RagePowder,SludgeBomb|||F|||50|,,,,,Water]Whimsicott||CovertCloak|Prankster|Tailwind,LightScreen,SunnyDay,Moonblast|||F|||50|,,,,,Dark]Koraidon||ClearAmulet|OrichalcumPulse|CollisionCourse,FlameCharge,Protect,FlareBlitz||||||50|,,,,,Fire]Raging Bolt||AssaultVest|Protosynthesis|DracoMeteor,VoltSwitch,Thunderclap,Thunderbolt||||||50|,,,,,Fairy]Calyrex-Shadow||LifeOrb|AsOneSpectrier|NastyPlot,AstralBarrage,Psyshock,Protect||||||50|,,,,,Normal]Incineroar||SafetyGoggles|Intimidate|FlareBlitz,FakeOut,PartingShot,HelpingHand|||F|||50|,,,,,Ghost\n|inactive|Battle timer is ON: inactive players will automatically lose when time's up. (requested by CRAZYSTEVE74)\n|inactive|CRAZYSTEVE74 has 60 seconds left.\n|inactive|CRAZYSTEVE74 has 30 seconds left.\n|\n|t:|1746125258\n|start\n|switch|p1a: Smeargle|Smeargle, L50, M|100/100\n|switch|p1b: Necrozma|Necrozma-Dawn-Wings, L50|100/100\n|switch|p2a: Incineroar|Incineroar, L50, F|100/100\n|switch|p2b: Raging Bolt|Raging Bolt, L50|100/100\n|-ability|p2a: Incineroar|Intimidate|boost\n|-unboost|p1a: Smeargle|atk|1\n|-unboost|p1b: Necrozma|atk|1\n|turn|1\n|\n|t:|1746125286\n|-terastallize|p1b: Necrozma|Grass\n|move|p1a: Smeargle|Fake Out|p2b: Raging Bolt\n|-damage|p2b: Raging Bolt|96/100\n|cant|p2b: Raging Bolt|flinch\n|move|p2a: Incineroar|Parting Shot|p1b: Necrozma\n|-unboost|p1b: Necrozma|atk|1\n|-unboost|p1b: Necrozma|spa|1\n|\n|t:|1746125293\n|switch|p2a: Amoonguss|Amoonguss, L50, F|100/100|[from] Parting Shot\n|move|p1b: Necrozma|Trick Room|p1b: Necrozma\n|-fieldstart|move: Trick Room|[of] p1b: Necrozma\n|\n|-ability|p1a: Smeargle|Moody|boost\n|-boost|p1a: Smeargle|def|2\n|-unboost|p1a: Smeargle|atk|1\n|upkeep\n|turn|2\n|inactive|CRAZYSTEVE74 has 30 seconds left.\n|\n|t:|1746125319\n|-terastallize|p2a: Amoonguss|Water\n|move|p2a: Amoonguss|Sludge Bomb|p1a: Smeargle\n|-damage|p1a: Smeargle|45/100\n|move|p1b: Necrozma|Expanding Force|p2a: Amoonguss\n|-damage|p2a: Amoonguss|69/100\n|move|p2b: Raging Bolt|Volt Switch|p1b: Necrozma\n|-resisted|p1b: Necrozma\n|-damage|p1b: Necrozma|85/100\n|\n|t:|1746125326\n|-end|p2b: Raging Bolt|Protosynthesis|[silent]\n|switch|p2b: Incineroar|Incineroar, L50, F|100/100|[from] Volt Switch\n|-ability|p2b: Incineroar|Intimidate|boost\n|-unboost|p1a: Smeargle|atk|1\n|-unboost|p1b: Necrozma|atk|1\n|move|p1a: Smeargle|Decorate|p1b: Necrozma\n|-boost|p1b: Necrozma|atk|2\n|-boost|p1b: Necrozma|spa|2\n|\n|-ability|p1a: Smeargle|Moody|boost\n|-boost|p1a: Smeargle|def|2\n|-unboost|p1a: Smeargle|spe|1\n|upkeep\n|turn|3\n|inactive|magiuz has 30 seconds left.\n|\n|t:|1746125360\n|move|p2b: Incineroar|Fake Out|p1b: Necrozma\n|-damage|p1b: Necrozma|77/100\n|move|p1a: Smeargle|Follow Me|p1a: Smeargle\n|-singleturn|p1a: Smeargle|move: Follow Me\n|move|p2a: Amoonguss|Spore|p1a: Smeargle\n|-status|p1a: Smeargle|slp|[from] move: Spore\n|cant|p1b: Necrozma|flinch\n|\n|-ability|p1a: Smeargle|Moody|boost\n|-boost|p1a: Smeargle|def|2\n|-unboost|p1a: Smeargle|spd|1\n|upkeep\n|turn|4\n|\n|t:|1746125385\n|switch|p1a: Torkoal|Torkoal, L50, M|100/100\n|-weather|SunnyDay|[from] ability: Drought|[of] p1a: Torkoal\n|move|p2a: Amoonguss|Sludge Bomb|p1b: Necrozma\n|-supereffective|p1b: Necrozma\n|-damage|p1b: Necrozma|49/100\n|move|p1b: Necrozma|Meteor Beam||[still]\n|-prepare|p1b: Necrozma|Meteor Beam\n|-boost|p1b: Necrozma|spa|1\n|-enditem|p1b: Necrozma|Power Herb\n|-anim|p1b: Necrozma|Meteor Beam|p2b: Incineroar\n|-supereffective|p2b: Incineroar\n|-damage|p2b: Incineroar|0 fnt\n|faint|p2b: Incineroar\n|\n|-weather|SunnyDay|[upkeep]\n|upkeep\n|\n|t:|1746125396\n|switch|p2b: Raging Bolt|Raging Bolt, L50|96/100\n|-activate|p2b: Raging Bolt|ability: Protosynthesis\n|-start|p2b: Raging Bolt|protosynthesisspa\n|turn|5\n|inactive|CRAZYSTEVE74 has 30 seconds left.\n|inactive|CRAZYSTEVE74 has 20 seconds left.\n|inactive|CRAZYSTEVE74 has 15 seconds left.\n|\n|t:|1746125441\n|move|p2b: Raging Bolt|Thunderclap|p1a: Torkoal\n|-damage|p1a: Torkoal|34/100\n|move|p1a: Torkoal|Eruption|p2b: Raging Bolt|[spread] p2a,p2b\n|-resisted|p2a: Amoonguss\n|-resisted|p2b: Raging Bolt\n|-crit|p2b: Raging Bolt\n|-damage|p2a: Amoonguss|55/100\n|-damage|p2b: Raging Bolt|84/100\n|move|p2a: Amoonguss|Sludge Bomb|p1b: Necrozma\n|-supereffective|p1b: Necrozma\n|-damage|p1b: Necrozma|20/100\n|move|p1b: Necrozma|Moongeist Beam|p2a: Amoonguss\n|-damage|p2a: Amoonguss|0 fnt\n|faint|p2a: Amoonguss\n|\n|-weather|SunnyDay|[upkeep]\n|-fieldend|move: Trick Room\n|upkeep\n|\n|t:|1746125453\n|switch|p2a: Koraidon|Koraidon, L50|100/100\n|-activate|p2a: Koraidon|ability: Orichalcum Pulse\n|turn|6\n|inactive|CRAZYSTEVE74 has 30 seconds left.\n|\n|t:|1746125479\n|move|p2a: Koraidon|Flare Blitz|p1b: Necrozma\n|-supereffective|p1b: Necrozma\n|-damage|p1b: Necrozma|0 fnt\n|faint|p1b: Necrozma\n|-damage|p2a: Koraidon|93/100|[from] Recoil\n|move|p2b: Raging Bolt|Thunderbolt|p1a: Torkoal\n|-damage|p1a: Torkoal|0 fnt\n|faint|p1a: Torkoal\n|\n|-weather|SunnyDay|[upkeep]\n|upkeep\n|\n|t:|1746125487\n|switch|p1b: Smeargle|Smeargle, L50, M|45/100 slp\n|switch|p1a: Calyrex|Calyrex-Ice, L50|100/100\n|-ability|p1a: Calyrex|As One\n|-ability|p1a: Calyrex|Unnerve\n|turn|7\n|inactive|CRAZYSTEVE74 has 30 seconds left.\n|\n|t:|1746125521\n|cant|p1b: Smeargle|slp\n|move|p2a: Koraidon|Collision Course|p1a: Calyrex\n|-damage|p1a: Calyrex|50/100\n|move|p2b: Raging Bolt|Thunderbolt|p1a: Calyrex\n|-damage|p1a: Calyrex|5/100\n|move|p1a: Calyrex|Glacial Lance|p2a: Koraidon|[spread] p2a,p2b\n|-supereffective|p2a: Koraidon\n|-supereffective|p2b: Raging Bolt\n|-damage|p2a: Koraidon|0 fnt\n|-damage|p2b: Raging Bolt|0 fnt\n|faint|p2a: Koraidon\n|faint|p2b: Raging Bolt\n|-end|p2b: Raging Bolt|Protosynthesis|[silent]\n|\n|win|magiuz\n||CRAZYSTEVE74 is ready for game 2.\n|inactive|magiuz has 30 seconds to confirm battle start!\n|inactive|magiuz has 20 seconds to confirm battle start!\n||magiuz is ready for game 2.\n|uhtml|next|Next: <a href=\"/battle-gen9vgc2025regibo3-2354854273\"><strong>Game 2 of 3</strong></a>\n|l|\u2606CRAZYSTEVE74\n|player|p2|\n", "uploadtime": 1746125770, "views": 5, "formatid": "gen9vgc2025regibo3", "rating": null, "private": 0, "password": null}