{"id": "gen9vgc2025regibo3-2353772211", "format": "[Gen 9] VGC 2025 Reg I (Bo3)", "players": ["King_Jamy", "ClayPlayTV"], "log": "|j|\u2606King_Jamy\n|j|\u2606ClayPlayTV\n|html|<table width=\"100%\"><tr><td align=\"left\">King_Jamy</td><td align=\"right\">ClayPlayTV</tr><tr><td align=\"left\"><i class=\"fa fa-circle-o\"></i> <i class=\"fa fa-circle-o\"></i> </td><td align=\"right\"><i class=\"fa fa-circle-o\"></i> <i class=\"fa fa-circle-o\"></i> </tr></table>\n|uhtml|bestof|<h2><strong>Game 1</strong> of <a href=\"/game-bestof3-gen9vgc2025regibo3-2353772210\">a best-of-3</a></h2>\n|t:|1745997357\n|gametype|doubles\n|player|p1|King_Jamy|lillie|1104\n|player|p2|ClayPlayTV|169|1070\n|teamsize|p1|6\n|teamsize|p2|6\n|gen|9\n|tier|[Gen 9] VGC 2025 Reg I (Bo3)\n|rated|\n|rule|Species Clause: Limit one of each Pok\u00e9mon\n|rule|Item Clause: Limit 1 of each item\n|clearpoke\n|poke|p1|Eternatus, L50|\n|poke|p1|Zamazenta-*, L50|\n|poke|p1|Ogerpon-Hearthflame, L50, F|\n|poke|p1|Roaring Moon, L50|\n|poke|p1|Grimmsnarl, L50, M|\n|poke|p1|Ditto, L50|\n|poke|p2|Miraidon, L50|\n|poke|p2|Lunala, L50|\n|poke|p2|Whimsicott, L50, M|\n|poke|p2|Chi-Yu, L50|\n|poke|p2|Urshifu-*, L50, F|\n|poke|p2|Iron Hands, L50|\n|teampreview|4\n|showteam|p1|Eternatus||Leftovers|Pressure|DynamaxCannon,SludgeBomb,Flamethrower,Protect||||||50|,,,,,Dark]Zamazenta-Crowned||RustedShield|DauntlessShield|BodyPress,IronDefense,HeavySlam,WideGuard||||||50|,,,,,Fire]Ogerpon-Hearthflame||HearthflameMask|MoldBreaker|IvyCudgel,HornLeech,SpikyShield,FollowMe|||F|||50|,,,,,Fire]Roaring Moon||BoosterEnergy|Protosynthesis|Tailwind,KnockOff,Acrobatics,Taunt||||||50|,,,,,Ghost]Grimmsnarl||LightClay|Prankster|Reflect,LightScreen,ThunderWave,SpiritBreak|||M|||50|,,,,,Dark]Ditto||FocusSash|Imposter|Transform||||||50|,,,,,Normal\n|showteam|p2|Miraidon||ChoiceSpecs|HadronEngine|ElectroDrift,VoltSwitch,DracoMeteor,DazzlingGleam||||||50|,,,,,Fairy]Lunala||ElectricSeed|ShadowShield|MoongeistBeam,Psyshock,TrickRoom,WideGuard||||||50|,,,,,Water]Whimsicott||CovertCloak|Prankster|Moonblast,Tailwind,Encore,LightScreen|||M|||50|,,,,,Dark]Chi-Yu||ChoiceScarf|BeadsofRuin|HeatWave,DarkPulse,Overheat,Snarl||||||50|,,,,,Ghost]Urshifu-Rapid-Strike||FocusSash|UnseenFist|SurgingStrikes,CloseCombat,AquaJet,Detect|||F|||50|,,,,,Stellar]Iron Hands||AssaultVest|QuarkDrive|DrainPunch,LowKick,HeavySlam,FakeOut||||||50|,,,,,Water\n|\n|t:|1745997399\n|start\n|switch|p1a: Grimmsnarl|Grimmsnarl, L50, M|100/100\n|switch|p1b: Eternatus|Eternatus, L50|100/100\n|switch|p2a: Miraidon|Miraidon, L50|100/100\n|switch|p2b: Whimsicott|Whimsicott, L50, M|100/100\n|-fieldstart|move: Electric Terrain|[from] ability: Hadron Engine|[of] p2a: Miraidon\n|-ability|p1b: Eternatus|Pressure\n|turn|1\n|\n|t:|1745997417\n|switch|p1b: Zamazenta|Zamazenta-Crowned, L50|100/100\n|-ability|p1b: Zamazenta|Dauntless Shield|boost\n|-boost|p1b: Zamazenta|def|1\n|move|p2b: Whimsicott|Light Screen|p2b: Whimsicott\n|-sidestart|p2: ClayPlayTV|move: Light Screen\n|move|p1a: Grimmsnarl|Thunder Wave|p2b: Whimsicott\n|-status|p2b: Whimsicott|par\n|move|p2a: Miraidon|Dazzling Gleam|p1a: Grimmsnarl|[spread] p1a,p1b\n|-supereffective|p1a: Grimmsnarl\n|-damage|p1a: Grimmsnarl|14/100\n|-damage|p1b: Zamazenta|70/100\n|\n|upkeep\n|turn|2\n|\n|t:|1745997463\n|move|p1a: Grimmsnarl|Light Screen|p1a: Grimmsnarl\n|-sidestart|p1: King_Jamy|move: Light Screen\n|move|p1b: Zamazenta|Body Press|p2a: Miraidon\n|-damage|p2a: Miraidon|46/100\n|move|p2a: Miraidon|Dazzling Gleam|p1a: Grimmsnarl|[spread] p1a,p1b\n|-supereffective|p1a: Grimmsnarl\n|-damage|p1a: Grimmsnarl|0 fnt\n|-damage|p1b: Zamazenta|51/100\n|faint|p1a: Grimmsnarl\n|move|p2b: Whimsicott|Moonblast|p1b: Zamazenta\n|-damage|p1b: Zamazenta|39/100\n|-unboost|p1b: Zamazenta|spa|1\n|\n|upkeep\n|\n|t:|1745997477\n|switch|p1a: Eternatus|Eternatus, L50|100/100\n|-ability|p1a: Eternatus|Pressure\n|turn|3\n|\n|t:|1745997487\n|-terastallize|p2a: Miraidon|Fairy\n|move|p2b: Whimsicott|Tailwind|p2b: Whimsicott\n|-sidestart|p2: ClayPlayTV|move: Tailwind\n|move|p2a: Miraidon|Dazzling Gleam|p1a: Eternatus|[spread] p1a,p1b\n|-damage|p1a: Eternatus|63/100\n|-damage|p1b: Zamazenta|7/100\n|move|p1b: Zamazenta|Body Press|p2a: Miraidon\n|-resisted|p2a: Miraidon\n|-damage|p2a: Miraidon|19/100\n|move|p1a: Eternatus|Sludge Bomb|p2b: Whimsicott\n|-supereffective|p2b: Whimsicott\n|-damage|p2b: Whimsicott|0 fnt\n|faint|p2b: Whimsicott\n|\n|-heal|p1a: Eternatus|69/100|[from] item: Leftovers\n|upkeep\n|\n|t:|1745997503\n|switch|p2b: Lunala|Lunala, L50|100/100\n|-enditem|p2b: Lunala|Electric Seed\n|-boost|p2b: Lunala|def|1|[from] item: Electric Seed\n|turn|4\n|\n|t:|1745997517\n|move|p2a: Miraidon|Dazzling Gleam|p1a: Eternatus|[spread] p1a,p1b\n|-damage|p1a: Eternatus|31/100\n|-damage|p1b: Zamazenta|0 fnt\n|faint|p1b: Zamazenta\n|move|p2b: Lunala|Moongeist Beam|p1a: Eternatus\n|-damage|p1a: Eternatus|0 fnt\n|faint|p1a: Eternatus\n|\n|upkeep\n|\n|t:|1745997521\n|switch|p1b: Ditto|Ditto, L50|100/100\n|-transform|p1b: Ditto|p2a: Miraidon|[from] ability: Imposter\n|-activate|p1b: Ditto|ability: Hadron Engine\n|-start|p1b: Ditto|typechange|Electric/Dragon|[silent]\n|turn|5\n|\n|t:|1745997538\n|-terastallize|p1b: Ditto|Normal\n|move|p2a: Miraidon|Dazzling Gleam|p1b: Ditto\n|-damage|p1b: Ditto|41/100\n|move|p2b: Lunala|Moongeist Beam|p1b: Ditto\n|-immune|p1b: Ditto\n|move|p1b: Ditto|Dazzling Gleam|p2a: Miraidon|[spread] p2a,p2b\n|-damage|p2a: Miraidon|1/100\n|-damage|p2b: Lunala|93/100\n|\n|-sideend|p2: ClayPlayTV|move: Light Screen\n|-fieldend|move: Electric Terrain\n|upkeep\n|turn|6\n|\n|t:|1745997546\n|move|p2a: Miraidon|Dazzling Gleam|p1b: Ditto\n|-damage|p1b: Ditto|0 fnt\n|faint|p1b: Ditto\n|\n|win|ClayPlayTV\n||King_Jamy is ready for game 2.\n||ClayPlayTV is ready for game 2.\n|uhtml|next|Next: <a href=\"/battle-gen9vgc2025regibo3-2353773347\"><strong>Game 2 of 3</strong></a>\n|l|\u2606King_Jamy\n|player|p1|\n", "uploadtime": 1745997745, "views": 9, "formatid": "gen9vgc2025regibo3", "rating": null, "private": 0, "password": null}