{"id": "gen9vgc2025regibo3-2353960855", "format": "[Gen 9] VGC 2025 Reg I (Bo3)", "players": ["dniteforworlds2025", "GlickWithAGlock"], "log": "|j|\u2606dniteforworlds2025\n|j|\u2606GlickWithAGlock\n|html|<table width=\"100%\"><tr><td align=\"left\">dniteforworlds2025</td><td align=\"right\">GlickWithAGlock</tr><tr><td align=\"left\"><i class=\"fa fa-circle-o\"></i> <i class=\"fa fa-circle-o\"></i> </td><td align=\"right\"><i class=\"fa fa-circle-o\"></i> <i class=\"fa fa-circle-o\"></i> </tr></table>\n|uhtml|bestof|<h2><strong>Game 1</strong> of <a href=\"/game-bestof3-gen9vgc2025regibo3-2353960854\">a best-of-3</a></h2>\n|t:|1746022856\n|gametype|doubles\n|player|p1|dniteforworlds2025|giovanni|1244\n|player|p2|GlickWithAGlock|alder|1291\n|teamsize|p1|6\n|teamsize|p2|6\n|gen|9\n|tier|[Gen 9] VGC 2025 Reg I (Bo3)\n|rated|\n|rule|Species Clause: Limit one of each Pok\u00e9mon\n|rule|Item Clause: Limit 1 of each item\n|clearpoke\n|poke|p1|Kyogre, L50|\n|poke|p1|Landorus, L50, M|\n|poke|p1|Farigiraf, L50, F|\n|poke|p1|Urshifu-*, L50, M|\n|poke|p1|Miraidon, L50|\n|poke|p1|Whimsicott, L50, F|\n|poke|p2|Urshifu-*, L50, M|\n|poke|p2|Iron Hands, L50|\n|poke|p2|Tornadus, L50, M|\n|poke|p2|Farigiraf, L50, F|\n|poke|p2|Miraidon, L50|\n|poke|p2|Kyogre, L50|\n|teampreview|4\n|showteam|p1|Kyogre||MysticWater|Drizzle|WaterSpout,OriginPulse,IceBeam,Protect||||||50|,,,,,Grass]Landorus||LifeOrb|SheerForce|EarthPower,SludgeBomb,SandsearStorm,Protect|||M|||50|,,,,,Water]Farigiraf||ElectricSeed|ArmorTail|FoulPlay,Psychic,TrickRoom,HelpingHand|||F|||50|,,,,,Water]Urshifu-Rapid-Strike||ChoiceScarf|UnseenFist|SurgingStrikes,CloseCombat,AquaJet,Uturn|||M|||50|,,,,,Water]Miraidon||ChoiceSpecs|HadronEngine|ElectroDrift,DracoMeteor,DazzlingGleam,VoltSwitch||||||50|,,,,,Fairy]Whimsicott||CovertCloak|Prankster|Moonblast,Tailwind,Encore,LightScreen|||F|||50|,,,,,Dark\n|showteam|p2|Urshifu-Rapid-Strike||ChoiceScarf|UnseenFist|SurgingStrikes,Uturn,CloseCombat,AquaJet|||M|||50|,,,,,Water]Iron Hands||AssaultVest|QuarkDrive|FakeOut,DrainPunch,LowKick,WildCharge||||||50|,,,,,Water]Tornadus||AbilityShield|Prankster|Tailwind,BleakwindStorm,RainDance,Protect|||M|||50|,,,,,Dark]Farigiraf||ElectricSeed|ArmorTail|Psychic,FoulPlay,HelpingHand,TrickRoom|||F|||50|,,,,,Water]Miraidon||ChoiceSpecs|HadronEngine|VoltSwitch,DazzlingGleam,ElectroDrift,DracoMeteor||||||50|,,,,,Fairy]Kyogre||MysticWater|Drizzle|WaterSpout,OriginPulse,IceBeam,Protect||||||50|,,,,,Grass\n|inactive|Battle timer is ON: inactive players will automatically lose when time's up. (requested by dniteforworlds2025)\n|inactive|dniteforworlds2025 has 60 seconds left.\n|inactive|GlickWithAGlock has 60 seconds left.\n|\n|t:|1746022914\n|start\n|switch|p1a: Miraidon|Miraidon, L50|100/100\n|switch|p1b: Whimsicott|Whimsicott, L50, F|100/100\n|switch|p2a: Farigiraf|Farigiraf, L50, F|100/100\n|switch|p2b: Miraidon|Miraidon, L50|100/100\n|-fieldstart|move: Electric Terrain|[from] ability: Hadron Engine|[of] p2b: Miraidon\n|-enditem|p2a: Farigiraf|Electric Seed\n|-boost|p2a: Farigiraf|def|1|[from] item: Electric Seed\n|-activate|p1a: Miraidon|ability: Hadron Engine\n|turn|1\n|inactive|GlickWithAGlock has 30 seconds left.\n|\n|t:|1746022942\n|-terastallize|p1a: Miraidon|Fairy\n|-terastallize|p2b: Miraidon|Fairy\n|move|p2a: Farigiraf|Helping Hand|p2b: Miraidon\n|-singleturn|p2b: Miraidon|Helping Hand|[of] p2a: Farigiraf\n|move|p1b: Whimsicott|Light Screen|p1b: Whimsicott\n|-sidestart|p1: dniteforworlds2025|move: Light Screen\n|move|p1a: Miraidon|Volt Switch|p2b: Miraidon\n|-damage|p2b: Miraidon|22/100\n|\n|t:|1746022956\n|switch|p1a: Landorus|Landorus, L50, M|100/100|[from] Volt Switch\n|move|p2b: Miraidon|Dazzling Gleam|p1a: Landorus|[spread] p1a,p1b\n|-damage|p1a: Landorus|33/100\n|-damage|p1b: Whimsicott|16/100\n|\n|upkeep\n|turn|2\n|\n|t:|1746022971\n|move|p1b: Whimsicott|Tailwind|p1b: Whimsicott\n|-sidestart|p1: dniteforworlds2025|move: Tailwind\n|move|p1a: Landorus|Sandsear Storm|p2a: Farigiraf|[spread] p2a,p2b\n|-damage|p2a: Farigiraf|52/100\n|-damage|p2b: Miraidon|0 fnt\n|faint|p2b: Miraidon\n|move|p2a: Farigiraf|Trick Room|p2a: Farigiraf\n|-fieldstart|move: Trick Room|[of] p2a: Farigiraf\n|\n|upkeep\n|\n|t:|1746022983\n|switch|p2b: Kyogre|Kyogre, L50, shiny|100/100\n|-weather|RainDance|[from] ability: Drizzle|[of] p2b: Kyogre\n|turn|3\n|\n|t:|1746023002\n|move|p2a: Farigiraf|Helping Hand|p2b: Kyogre\n|-singleturn|p2b: Kyogre|Helping Hand|[of] p2a: Farigiraf\n|move|p1a: Landorus|Protect|p1a: Landorus\n|-singleturn|p1a: Landorus|Protect\n|move|p2b: Kyogre|Water Spout|p1a: Landorus|[spread] p1b\n|-activate|p1a: Landorus|move: Protect\n|-resisted|p1b: Whimsicott\n|-damage|p1b: Whimsicott|0 fnt\n|faint|p1b: Whimsicott\n|\n|-weather|RainDance|[upkeep]\n|upkeep\n|\n|t:|1746023016\n|switch|p1b: Kyogre|Kyogre, L50|100/100\n|turn|4\n|\n|t:|1746023032\n|move|p2a: Farigiraf|Helping Hand|p2b: Kyogre\n|-singleturn|p2b: Kyogre|Helping Hand|[of] p2a: Farigiraf\n|move|p2b: Kyogre|Water Spout|p1a: Landorus|[spread] p1a,p1b\n|-supereffective|p1a: Landorus\n|-resisted|p1b: Kyogre\n|-damage|p1a: Landorus|0 fnt\n|-damage|p1b: Kyogre|62/100\n|faint|p1a: Landorus\n|move|p1b: Kyogre|Water Spout|p2b: Kyogre|[spread] p2a,p2b\n|-resisted|p2b: Kyogre\n|-damage|p2a: Farigiraf|0 fnt\n|-damage|p2b: Kyogre|73/100\n|faint|p2a: Farigiraf\n|\n|-weather|RainDance|[upkeep]\n|upkeep\n|\n|t:|1746023044\n|switch|p2a: Iron Hands|Iron Hands, L50|100/100\n|switch|p1a: Miraidon|Miraidon, L50, tera:Fairy|100/100\n|-activate|p1a: Miraidon|ability: Hadron Engine\n|-activate|p2a: Iron Hands|ability: Quark Drive\n|-start|p2a: Iron Hands|quarkdriveatk\n|turn|5\n|\n|t:|1746023055\n|move|p2a: Iron Hands|Fake Out|p1a: Miraidon\n|-damage|p1a: Miraidon|82/100\n|move|p2b: Kyogre|Water Spout|p1b: Kyogre|[spread] p1a,p1b\n|-resisted|p1b: Kyogre\n|-damage|p1a: Miraidon|33/100\n|-damage|p1b: Kyogre|42/100\n|move|p1b: Kyogre|Water Spout|p2b: Kyogre|[spread] p2a,p2b\n|-crit|p2a: Iron Hands\n|-resisted|p2b: Kyogre\n|-damage|p2a: Iron Hands|61/100\n|-damage|p2b: Kyogre|56/100\n|cant|p1a: Miraidon|flinch\n|\n|-weather|RainDance|[upkeep]\n|-sideend|p1: dniteforworlds2025|move: Light Screen\n|-sideend|p1: dniteforworlds2025|move: Tailwind\n|-fieldend|move: Electric Terrain\n|-end|p2a: Iron Hands|Quark Drive\n|upkeep\n|turn|6\n|\n|t:|1746023072\n|move|p1b: Kyogre|Protect|p1b: Kyogre\n|-singleturn|p1b: Kyogre|Protect\n|move|p2a: Iron Hands|Low Kick|p1b: Kyogre\n|-activate|p1b: Kyogre|move: Protect\n|move|p2b: Kyogre|Water Spout|p1a: Miraidon|[spread] p1a\n|-activate|p1b: Kyogre|move: Protect\n|-damage|p1a: Miraidon|0 fnt\n|faint|p1a: Miraidon\n|\n|-weather|RainDance|[upkeep]\n|-fieldend|move: Trick Room\n|upkeep\n|turn|7\n|\n|t:|1746023090\n|move|p2b: Kyogre|Protect|p2b: Kyogre\n|-singleturn|p2b: Kyogre|Protect\n|move|p1b: Kyogre|Origin Pulse|p2a: Iron Hands|[spread] p2a\n|-activate|p2b: Kyogre|move: Protect\n|-damage|p2a: Iron Hands|12/100\n|move|p2a: Iron Hands|Wild Charge|p1b: Kyogre\n|-supereffective|p1b: Kyogre\n|-damage|p1b: Kyogre|0 fnt\n|faint|p1b: Kyogre\n|-damage|p2a: Iron Hands|4/100|[from] Recoil\n|\n|win|GlickWithAGlock\n||dniteforworlds2025 is ready for game 2.\n|inactive|GlickWithAGlock has 30 seconds to confirm battle start!\n||GlickWithAGlock is ready for game 2.\n|uhtml|next|Next: <a href=\"/battle-gen9vgc2025regibo3-2353963720\"><strong>Game 2 of 3</strong></a>\n", "uploadtime": 1746023103, "views": 29, "formatid": "gen9vgc2025regibo3", "rating": null, "private": 0, "password": null}