{"id": "gen9vgc2025regibo3-2354004747", "format": "[Gen 9] VGC 2025 Reg I (Bo3)", "players": ["jambro31", "sergio23perez"], "log": "|j|\u2606jambro31\n|j|\u2606sergio23perez\n|html|<table width=\"100%\"><tr><td align=\"left\">jambro31</td><td align=\"right\">sergio23perez</tr><tr><td align=\"left\"><i class=\"fa fa-circle-o\"></i> <i class=\"fa fa-circle-o\"></i> </td><td align=\"right\"><i class=\"fa fa-circle-o\"></i> <i class=\"fa fa-circle\"></i> </tr></table>\n|uhtml|bestof|<h2><strong>Game 2</strong> of <a href=\"/game-bestof3-gen9vgc2025regibo3-2354001969\">a best-of-3</a></h2>\n|t:|1746026739\n|gametype|doubles\n|player|p1|jambro31|pokemonranger-gen4|1118\n|player|p2|sergio23perez|1|1201\n|teamsize|p1|6\n|teamsize|p2|6\n|gen|9\n|tier|[Gen 9] VGC 2025 Reg I (Bo3)\n|rated|\n|rule|Species Clause: Limit one of each Pok\u00e9mon\n|rule|Item Clause: Limit 1 of each item\n|clearpoke\n|poke|p1|Rillaboom, L50, M|\n|poke|p1|Kyogre, L50|\n|poke|p1|Zacian-*, L50|\n|poke|p1|Tornadus, L50, M|\n|poke|p1|Farigiraf, L50, F|\n|poke|p1|Rhydon, L50, F|\n|poke|p2|Miraidon, L50|\n|poke|p2|Ho-Oh, L50|\n|poke|p2|Urshifu-*, L50, F|\n|poke|p2|Iron Hands, L50|\n|poke|p2|Iron Treads, L50|\n|poke|p2|Farigiraf, L50, M|\n|teampreview|4\n|showteam|p1|Rillaboom||AssaultVest|GrassySurge|FakeOut,Uturn,GrassyGlide,HighHorsepower|||M|||50|,,,,,Water]Kyogre||ChoiceScarf|Drizzle|WaterSpout,IceBeam,Thunder,OriginPulse||||||50|,,,,,Water]Zacian-Crowned||RustedSword|IntrepidSword|behemothblade,PlayRough,Protect,SwordsDance||||||50|,,,,,Fairy]Tornadus||CovertCloak|Prankster|Tailwind,BleakwindStorm,Taunt,RainDance|||M|||50|,,,,,Dark]Farigiraf||ThroatSpray|ArmorTail|TrickRoom,PsychicNoise,HyperVoice,Protect|||F|||50|,,,,,Normal]Rhydon||Eviolite|LightningRod|DrillRun,HeavySlam,HelpingHand,BodyPress|||F|||50|,,,,,Grass\n|showteam|p2|Miraidon||ChoiceSpecs|HadronEngine|DazzlingGleam,ElectroDrift,DracoMeteor,VoltSwitch||||||50|,,,,,Fairy]Ho-Oh||ClearAmulet|Regenerator|Tailwind,Protect,SacredFire,BraveBird||||||50|,,,,,Grass]Urshifu||FocusSash|UnseenFist|WickedBlow,SuckerPunch,CloseCombat,Detect|||F|||50|,,,,,Dark]Iron Hands||AssaultVest|QuarkDrive|DrainPunch,LowKick,HeavySlam,FakeOut||||||50|,,,,,Poison]Iron Treads||ChoiceBand|QuarkDrive|HighHorsepower,IronHead,SteelRoller,RockSlide||||||50|,,,,,Ghost]Farigiraf||ElectricSeed|ArmorTail|Psychic,Roar,TrickRoom,HelpingHand|||M|||50|,,,,,Water\n|inactive|Battle timer is ON: inactive players will automatically lose when time's up. (requested by sergio23perez)\n|inactive|sergio23perez has 60 seconds left.\n|\n|t:|1746026786\n|start\n|switch|p1a: Kyogre|Kyogre, L50, shiny|100/100\n|switch|p1b: Farigiraf|Farigiraf, L50, F|100/100\n|switch|p2a: partypirate|Iron Hands, L50|100/100\n|switch|p2b: crimsonracer|Iron Treads, L50, shiny|100/100\n|-weather|RainDance|[from] ability: Drizzle|[of] p1a: Kyogre\n|turn|1\n|\n|t:|1746026799\n|switch|p1b: Rillaboom|Rillaboom, L50, M|100/100\n|-fieldstart|move: Grassy Terrain|[from] ability: Grassy Surge|[of] p1b: Rillaboom\n|-end|p2a: partypirate|Quark Drive|[silent]\n|switch|p2a: Miraidon|Miraidon, L50|100/100\n|-fieldstart|move: Electric Terrain|[from] ability: Hadron Engine|[of] p2a: Miraidon\n|-activate|p2b: crimsonracer|ability: Quark Drive\n|-start|p2b: crimsonracer|quarkdrivespe\n|-terastallize|p1a: Kyogre|Water\n|move|p2b: crimsonracer|High Horsepower|p1a: Kyogre\n|-damage|p1a: Kyogre|33/100\n|move|p1a: Kyogre|Water Spout|p2a: Miraidon|[spread] p2a,p2b\n|-resisted|p2a: Miraidon\n|-supereffective|p2b: crimsonracer\n|-damage|p2a: Miraidon|81/100\n|-damage|p2b: crimsonracer|0 fnt\n|faint|p2b: crimsonracer\n|-end|p2b: crimsonracer|Quark Drive|[silent]\n|\n|-weather|RainDance|[upkeep]\n|upkeep\n|\n|t:|1746026817\n|switch|p2b: partypirate|Iron Hands, L50|100/100\n|-activate|p2b: partypirate|ability: Quark Drive\n|-start|p2b: partypirate|quarkdriveatk\n|turn|2\n|\n|t:|1746026828\n|switch|p1a: Farigiraf|Farigiraf, L50, F|100/100\n|move|p1b: Rillaboom|Fake Out|p2b: partypirate\n|-crit|p2b: partypirate\n|-damage|p2b: partypirate|85/100\n|move|p2a: Miraidon|Draco Meteor|p1b: Rillaboom\n|-damage|p1b: Rillaboom|0 fnt\n|-unboost|p2a: Miraidon|spa|2\n|faint|p1b: Rillaboom\n|cant|p2b: partypirate|flinch\n|\n|-weather|RainDance|[upkeep]\n|upkeep\n|\n|t:|1746026839\n|switch|p1b: Kyogre|Kyogre, L50, shiny, tera:Water|33/100\n|turn|3\n|\n|t:|1746026844\n|move|p1b: Kyogre|Ice Beam|p2a: Miraidon\n|-supereffective|p2a: Miraidon\n|-damage|p2a: Miraidon|25/100\n|move|p2a: Miraidon|Draco Meteor|p1b: Kyogre|[miss]\n|-miss|p2a: Miraidon|p1b: Kyogre\n|move|p2b: partypirate|Drain Punch|p1b: Kyogre\n|-damage|p1b: Kyogre|0 fnt\n|-heal|p2b: partypirate|97/100|[from] drain|[of] p1b: Kyogre\n|faint|p1b: Kyogre\n|move|p1a: Farigiraf|Trick Room|p1a: Farigiraf\n|-fieldstart|move: Trick Room|[of] p1a: Farigiraf\n|\n|-weather|RainDance|[upkeep]\n|upkeep\n|\n|t:|1746026852\n|switch|p1b: Rhydon|Rhydon, L50, F|100/100\n|turn|4\n|\n|t:|1746026860\n|move|p2b: partypirate|Low Kick|p1b: Rhydon\n|-supereffective|p1b: Rhydon\n|-damage|p1b: Rhydon|44/100\n|move|p1b: Rhydon|Drill Run|p2b: partypirate\n|-supereffective|p2b: partypirate\n|-damage|p2b: partypirate|49/100\n|move|p1a: Farigiraf|Psychic Noise|p2b: partypirate\n|-supereffective|p2b: partypirate\n|-damage|p2b: partypirate|21/100\n|-start|p2b: partypirate|move: Heal Block\n|-enditem|p1a: Farigiraf|Throat Spray\n|-boost|p1a: Farigiraf|spa|1|[from] item: Throat Spray\n|move|p2a: Miraidon|Draco Meteor|p1a: Farigiraf\n|-damage|p1a: Farigiraf|47/100\n|-unboost|p2a: Miraidon|spa|2\n|\n|-weather|RainDance|[upkeep]\n|upkeep\n|turn|5\n|\n|t:|1746026878\n|move|p1b: Rhydon|Helping Hand|p1a: Farigiraf\n|-singleturn|p1a: Farigiraf|Helping Hand|[of] p1b: Rhydon\n|move|p2b: partypirate|Low Kick|p1b: Rhydon\n|-supereffective|p1b: Rhydon\n|-damage|p1b: Rhydon|0 fnt\n|faint|p1b: Rhydon\n|move|p1a: Farigiraf|Hyper Voice|p2b: partypirate|[spread] p2a,p2b\n|-damage|p2a: Miraidon|0 fnt\n|-damage|p2b: partypirate|0 fnt\n|faint|p2a: Miraidon\n|faint|p2b: partypirate\n|-end|p2b: partypirate|Quark Drive|[silent]\n|\n|-weather|none\n|-fieldend|move: Electric Terrain\n|upkeep\n|\n|t:|1746026887\n|switch|p2b: Ho-Oh|Ho-Oh, L50|100/100\n|turn|6\n|\n|t:|1746026894\n|move|p2b: Ho-Oh|Protect|p2b: Ho-Oh\n|-singleturn|p2b: Ho-Oh|Protect\n|move|p1a: Farigiraf|Hyper Voice|p2b: Ho-Oh\n|-activate|p2b: Ho-Oh|move: Protect\n|\n|upkeep\n|turn|7\n|\n|t:|1746026898\n|move|p1a: Farigiraf|Hyper Voice|p2b: Ho-Oh\n|-damage|p2b: Ho-Oh|72/100\n|move|p2b: Ho-Oh|Sacred Fire|p1a: Farigiraf|[miss]\n|-miss|p2b: Ho-Oh|p1a: Farigiraf\n|\n|-fieldend|move: Trick Room\n|upkeep\n|turn|8\n|\n|t:|1746026908\n|move|p2b: Ho-Oh|Sacred Fire|p1a: Farigiraf\n|-damage|p1a: Farigiraf|0 fnt\n|faint|p1a: Farigiraf\n|\n|win|sergio23perez\n|raw|jambro31's rating: 1118 &rarr; <strong>1099</strong><br />(-19 for losing)\n|raw|sergio23perez's rating: 1201 &rarr; <strong>1220</strong><br />(+19 for winning)\n|l|\u2606jambro31\n|player|p1|\n|l|\u2606sergio23perez\n|player|p2|\n", "uploadtime": 1746027238, "views": 6, "formatid": "gen9vgc2025regibo3", "rating": 1099, "private": 0, "password": null}