{"id": "gen9vgc2025regibo3-2353971724", "format": "[Gen 9] VGC 2025 Reg I (Bo3)", "players": ["NobbyRS", "zinger9707"], "log": "|j|\u2606NobbyRS\n|j|\u2606zinger9707\n|html|<table width=\"100%\"><tr><td align=\"left\">NobbyRS</td><td align=\"right\">zinger9707</tr><tr><td align=\"left\"><i class=\"fa fa-circle-o\"></i> <i class=\"fa fa-circle-o\"></i> </td><td align=\"right\"><i class=\"fa fa-circle-o\"></i> <i class=\"fa fa-circle\"></i> </tr></table>\n|uhtml|bestof|<h2><strong>Game 2</strong> of <a href=\"/game-bestof3-gen9vgc2025regibo3-2353965804\">a best-of-3</a></h2>\n|t:|1746023831\n|gametype|doubles\n|player|p1|NobbyRS|hiker-gen4|1046\n|player|p2|zinger9707|102|1086\n|teamsize|p1|6\n|teamsize|p2|6\n|gen|9\n|tier|[Gen 9] VGC 2025 Reg I (Bo3)\n|rated|\n|rule|Species Clause: Limit one of each Pok\u00e9mon\n|rule|Item Clause: Limit 1 of each item\n|clearpoke\n|poke|p1|Calyrex-Shadow, L50|\n|poke|p1|Chi-Yu, L50|\n|poke|p1|Koraidon, L50|\n|poke|p1|Brute Bonnet, L50|\n|poke|p1|Regieleki, L50|\n|poke|p1|Whimsicott, L50, F|\n|poke|p2|Terapagos, L50, M|\n|poke|p2|Lugia, L50|\n|poke|p2|Comfey, L50, F|\n|poke|p2|Rillaboom, L50, F|\n|poke|p2|Amoonguss, L50, M|\n|poke|p2|Incineroar, L50, M|\n|teampreview|4\n|showteam|p1|Calyrex-Shadow||FocusSash|AsOneSpectrier|AstralBarrage,Psyshock,Encore,Protect||||||50|,,,,,Dark]Chi-Yu||ChoiceScarf|BeadsofRuin|HeatWave,Flamethrower,DarkPulse,TeraBlast||||||50|,,,,,Fairy]Koraidon||ClearAmulet|OrichalcumPulse|FlameCharge,CollisionCourse,TemperFlare,Protect||||||50|,,,,,Fire]Brute Bonnet||SitrusBerry|Protosynthesis|SuckerPunch,RagePowder,Spore,Protect||||||50|,,,,,Ghost]Regieleki||Magnet|Transistor|Electroweb,Thunderbolt,Protect,EerieImpulse||||||50|,,,,,Electric]Whimsicott||CovertCloak|Prankster|Moonblast,Taunt,Tailwind,Encore|||F|||50|,,,,,Grass\n|showteam|p2|Terapagos||Leftovers|TeraShift|TeraStarstorm,EarthPower,CalmMind,Protect|||M|||50|,,,,,Stellar]Lugia||CovertCloak|Multiscale|Aeroblast,EarthPower,PsychUp,Protect||||||50|,,,,,Fairy]Comfey||SitrusBerry|Triage|FloralHealing,TrickRoom,DrainingKiss,Protect|||F|||50|,,,,,Water]Rillaboom||AssaultVest|GrassySurge|WoodHammer,GrassyGlide,FakeOut,Uturn|||F|||50|,,,,,Fire]Amoonguss||RockyHelmet|Regenerator|PollenPuff,Spore,RagePowder,Toxic|||M|||50|,,,,,Water]Incineroar||SafetyGoggles|Intimidate|KnockOff,PartingShot,WillOWisp,FakeOut|||M|||50|,,,,,Bug\n|inactive|Battle timer is ON: inactive players will automatically lose when time's up. (requested by NobbyRS)\n|inactive|zinger9707 has 60 seconds left.\n|inactive|zinger9707 has 30 seconds left.\n|inactive|zinger9707 has 20 seconds left.\n|inactive|zinger9707 has 15 seconds left.\n|\n|t:|1746023911\n|start\n|switch|p1a: Regieleki|Regieleki, L50|100/100\n|switch|p1b: Chi-Yu|Chi-Yu, L50|100/100\n|switch|p2a: Terapagos|Terapagos, L50, M|100/100\n|switch|p2b: Incineroar|Incineroar, L50, M|100/100\n|-activate|p2a: Terapagos|ability: Tera Shift\n|detailschange|p2a: Terapagos|Terapagos-Terastal, L50, M\n|-heal|p2a: Terapagos|100/100|[silent]\n|-ability|p1b: Chi-Yu|Beads of Ruin\n|-ability|p2b: Incineroar|Intimidate|boost\n|-unboost|p1a: Regieleki|atk|1\n|-unboost|p1b: Chi-Yu|atk|1\n|turn|1\n|inactive|NobbyRS has 30 seconds left.\n|inactive|zinger9707 has 30 seconds left.\n|\n|t:|1746023939\n|-terastallize|p1b: Chi-Yu|Fairy\n|move|p2b: Incineroar|Fake Out|p1b: Chi-Yu\n|-damage|p1b: Chi-Yu|83/100\n|move|p1a: Regieleki|Eerie Impulse|p2a: Terapagos\n|-unboost|p2a: Terapagos|spa|2\n|cant|p1b: Chi-Yu|flinch\n|move|p2a: Terapagos|Calm Mind|p2a: Terapagos\n|-boost|p2a: Terapagos|spa|1\n|-boost|p2a: Terapagos|spd|1\n|\n|upkeep\n|turn|2\n|inactive|zinger9707 has 30 seconds left.\n|\n|t:|1746023974\n|-terastallize|p2a: Terapagos|Stellar\n|detailschange|p2a: Terapagos|Terapagos-Stellar, L50, M, tera:Stellar\n|-heal|p2a: Terapagos|100/100|[silent]\n|move|p1a: Regieleki|Thunderbolt|p2a: Terapagos\n|-damage|p2a: Terapagos|69/100\n|move|p1b: Chi-Yu|Heat Wave|p2a: Terapagos|[spread] p2a,p2b\n|-resisted|p2b: Incineroar\n|-damage|p2a: Terapagos|49/100\n|-damage|p2b: Incineroar|79/100\n|move|p2a: Terapagos|Tera Starstorm|p1b: Chi-Yu|[spread] p1a,p1b\n|-supereffective|p1b: Chi-Yu\n|-damage|p1a: Regieleki|55/100\n|-damage|p1b: Chi-Yu|36/100\n|move|p2b: Incineroar|Knock Off|p1a: Regieleki\n|-damage|p1a: Regieleki|0 fnt\n|-enditem|p1a: Regieleki|Magnet|[from] move: Knock Off|[of] p2b: Incineroar\n|faint|p1a: Regieleki\n|\n|-heal|p2a: Terapagos|55/100|[from] item: Leftovers\n|upkeep\n|\n|t:|1746023989\n|switch|p1a: Koraidon|Koraidon, L50|100/100\n|-weather|SunnyDay|[from] ability: Orichalcum Pulse|[of] p1a: Koraidon\n|-activate|p1a: Koraidon|Orichalcum Pulse|[source]\n|turn|3\n|inactive|zinger9707 has 30 seconds left.\n|\n|t:|1746024020\n|switch|p2b: Lugia|Lugia, L50|100/100\n|move|p2a: Terapagos|Protect|p2a: Terapagos\n|-singleturn|p2a: Terapagos|Protect\n|move|p1b: Chi-Yu|Heat Wave|p2b: Lugia|[spread] p2b\n|-activate|p2a: Terapagos|move: Protect\n|-damage|p2b: Lugia|81/100\n|move|p1a: Koraidon|Collision Course|p2b: Lugia\n|-resisted|p2b: Lugia\n|-damage|p2b: Lugia|71/100\n|\n|-weather|SunnyDay|[upkeep]\n|-heal|p2a: Terapagos|61/100|[from] item: Leftovers\n|upkeep\n|turn|4\n|inactive|zinger9707 has 30 seconds left.\n|inactive|zinger9707 has 20 seconds left.\n|inactive|zinger9707 has 15 seconds left.\n|inactive|zinger9707 has 10 seconds left.\n|\n|t:|1746024066\n|switch|p2a: Incineroar|Incineroar, L50, M|79/100\n|-ability|p2a: Incineroar|Intimidate|boost\n|-fail|p1a: Koraidon|unboost|[from] item: Clear Amulet|[of] p1a: Koraidon\n|-unboost|p1b: Chi-Yu|atk|1\n|move|p1a: Koraidon|Protect|p1a: Koraidon\n|-singleturn|p1a: Koraidon|Protect\n|move|p1b: Chi-Yu|Heat Wave|p2b: Lugia|[spread] p2a,p2b\n|-resisted|p2a: Incineroar\n|-damage|p2a: Incineroar|48/100\n|-damage|p2b: Lugia|29/100\n|move|p2b: Lugia|Aeroblast|p1a: Koraidon\n|-activate|p1a: Koraidon|move: Protect\n|\n|-weather|SunnyDay|[upkeep]\n|upkeep\n|turn|5\n|\n|t:|1746024087\n|move|p2a: Incineroar|Fake Out|p1b: Chi-Yu\n|-damage|p1b: Chi-Yu|17/100\n|cant|p1b: Chi-Yu|flinch\n|move|p1a: Koraidon|Temper Flare|p2b: Lugia\n|-damage|p2b: Lugia|0 fnt\n|faint|p2b: Lugia\n|\n|-weather|SunnyDay|[upkeep]\n|upkeep\n|\n|t:|1746024101\n|switch|p2b: Comfey|Comfey, L50, F|100/100\n|turn|6\n|\n|t:|1746024121\n|move|p1a: Koraidon|Protect|p1a: Koraidon\n|-singleturn|p1a: Koraidon|Protect\n|move|p2b: Comfey|Draining Kiss|p1a: Koraidon\n|-activate|p1a: Koraidon|move: Protect\n|move|p1b: Chi-Yu|Heat Wave|p2b: Comfey|[spread] p2a,p2b\n|-resisted|p2a: Incineroar\n|-damage|p2a: Incineroar|18/100\n|-damage|p2b: Comfey|32/100\n|-enditem|p2b: Comfey|Sitrus Berry|[eat]\n|-heal|p2b: Comfey|57/100|[from] item: Sitrus Berry\n|move|p2a: Incineroar|Knock Off|p1b: Chi-Yu\n|-resisted|p1b: Chi-Yu\n|-damage|p1b: Chi-Yu|0 fnt\n|-enditem|p1b: Chi-Yu|Choice Scarf|[from] move: Knock Off|[of] p2a: Incineroar\n|faint|p1b: Chi-Yu\n|\n|-weather|SunnyDay|[upkeep]\n|upkeep\n|\n|t:|1746024132\n|switch|p1b: Calyrex|Calyrex-Shadow, L50|100/100\n|-ability|p1b: Calyrex|As One\n|-ability|p1b: Calyrex|Unnerve\n|turn|7\n|\n|t:|1746024151\n|move|p1a: Koraidon|Protect||[still]\n|-fail|p1a: Koraidon\n|move|p2b: Comfey|Draining Kiss|p1a: Koraidon\n|-supereffective|p1a: Koraidon\n|-damage|p1a: Koraidon|39/100\n|-heal|p2b: Comfey|100/100|[from] drain|[of] p1a: Koraidon\n|move|p1b: Calyrex|Astral Barrage|p2b: Comfey|[spread] p2a,p2b\n|-resisted|p2a: Incineroar\n|-damage|p2a: Incineroar|0 fnt\n|-damage|p2b: Comfey|49/100\n|faint|p2a: Incineroar\n|-ability|p1b: Calyrex|Grim Neigh|boost\n|-boost|p1b: Calyrex|spa|1\n|\n|-weather|none\n|upkeep\n|\n|t:|1746024166\n|switch|p2a: Terapagos|Terapagos-Stellar, L50, M, tera:Stellar|61/100\n|turn|8\n|\n|t:|1746024184\n|move|p1a: Koraidon|Protect|p1a: Koraidon\n|-singleturn|p1a: Koraidon|Protect\n|move|p2b: Comfey|Draining Kiss|p1a: Koraidon\n|-activate|p1a: Koraidon|move: Protect\n|move|p1b: Calyrex|Psyshock|p2a: Terapagos\n|-damage|p2a: Terapagos|23/100\n|move|p2a: Terapagos|Tera Starstorm|p1a: Koraidon|[spread] p1b\n|-activate|p1a: Koraidon|move: Protect\n|-damage|p1b: Calyrex|69/100\n|\n|-heal|p2a: Terapagos|29/100|[from] item: Leftovers\n|upkeep\n|turn|9\n|inactive|NobbyRS has 30 seconds left.\n|inactive|zinger9707 has 30 seconds left.\n|inactive|NobbyRS has 20 seconds left.\n|\n|t:|1746024221\n|move|p1a: Koraidon|Protect||[still]\n|-fail|p1a: Koraidon\n|move|p2a: Terapagos|Protect|p2a: Terapagos\n|-singleturn|p2a: Terapagos|Protect\n|move|p2b: Comfey|Draining Kiss|p1a: Koraidon\n|-supereffective|p1a: Koraidon\n|-damage|p1a: Koraidon|0 fnt\n|-heal|p2b: Comfey|86/100|[from] drain|[of] p1a: Koraidon\n|faint|p1a: Koraidon\n|move|p1b: Calyrex|Astral Barrage|p2b: Comfey|[spread] p2b\n|-activate|p2a: Terapagos|move: Protect\n|-damage|p2b: Comfey|6/100\n|\n|-heal|p2a: Terapagos|35/100|[from] item: Leftovers\n|upkeep\n|turn|10\n|inactive|zinger9707 has 30 seconds left.\n|\n|t:|1746024247\n|move|p2b: Comfey|Floral Healing|p2a: Terapagos\n|-heal|p2a: Terapagos|85/100\n|move|p1b: Calyrex|Psyshock|p2a: Terapagos\n|-damage|p2a: Terapagos|49/100\n|move|p2a: Terapagos|Tera Starstorm|p1b: Calyrex\n|-damage|p1b: Calyrex|25/100\n|\n|-heal|p2a: Terapagos|55/100|[from] item: Leftovers\n|upkeep\n|turn|11\n|\n|t:|1746024261\n|move|p2b: Comfey|Floral Healing|p2a: Terapagos\n|-heal|p2a: Terapagos|100/100\n|move|p1b: Calyrex|Psyshock|p2b: Comfey\n|-damage|p2b: Comfey|0 fnt\n|faint|p2b: Comfey\n|-ability|p1b: Calyrex|Grim Neigh|boost\n|-boost|p1b: Calyrex|spa|1\n|move|p2a: Terapagos|Tera Starstorm|p1b: Calyrex\n|-damage|p1b: Calyrex|0 fnt\n|faint|p1b: Calyrex\n|\n|win|zinger9707\n|raw|NobbyRS's rating: 1046 &rarr; <strong>1031</strong><br />(-15 for losing)\n|raw|zinger9707's rating: 1086 &rarr; <strong>1110</strong><br />(+24 for winning)\n|c|\u2606zinger9707|Ggs\n", "uploadtime": 1746024332, "views": 48, "formatid": "gen9vgc2025regibo3", "rating": 1031, "private": 0, "password": null}