{"id": "gen9vgc2025regibo3-2355004907", "format": "[Gen 9] VGC 2025 Reg I (Bo3)", "players": ["doggo9999", "waveniki"], "log": "|j|\u2606doggo9999\n|j|\u2606waveniki\n|html|<table width=\"100%\"><tr><td align=\"left\">doggo9999</td><td align=\"right\">waveniki</tr><tr><td align=\"left\"><i class=\"fa fa-circle\"></i> <i class=\"fa fa-circle-o\"></i> </td><td align=\"right\"><i class=\"fa fa-circle-o\"></i> <i class=\"fa fa-circle\"></i> </tr></table>\n|uhtml|bestof|<h2><strong>Game 3</strong> of <a href=\"/game-bestof3-gen9vgc2025regibo3-2355000015\">a best-of-3</a></h2>\n|t:|1746141048\n|gametype|doubles\n|player|p1|doggo9999|clown|1130\n|player|p2|waveniki|clerk|1179\n|teamsize|p1|6\n|teamsize|p2|6\n|gen|9\n|tier|[Gen 9] VGC 2025 Reg I (Bo3)\n|rated|\n|rule|Species Clause: Limit one of each Pok\u00e9mon\n|rule|Item Clause: Limit 1 of each item\n|clearpoke\n|poke|p1|Calyrex-Shadow, L50|\n|poke|p1|Koraidon, L50|\n|poke|p1|Regigigas, L50|\n|poke|p1|Weezing-Galar, L50, F|\n|poke|p1|Ogerpon-Hearthflame, L50, F|\n|poke|p1|Iron Hands, L50|\n|poke|p2|Terapagos, L50, M|\n|poke|p2|Koraidon, L50|\n|poke|p2|Incineroar, L50, F|\n|poke|p2|Flutter Mane, L50|\n|poke|p2|Raging Bolt, L50|\n|poke|p2|Ogerpon-Cornerstone, L50, F|\n|teampreview|4\n|showteam|p1|Calyrex-Shadow||FocusSash|AsOneSpectrier|AstralBarrage,Psychic,Encore,Protect||||||50|,,,,,Ghost]Koraidon||AbilityShield|OrichalcumPulse|FlareBlitz,CollisionCourse,FlameCharge,Protect||||||50|,,,,,Fire]Regigigas||ChoiceScarf|SlowStart|CrushGrip,KnockOff,HighHorsepower,DoubleEdge||||||50|,,,,,Normal]Weezing-Galar||CovertCloak|NeutralizingGas|DazzlingGleam,WillOWisp,Taunt,Protect|||F|||50|,,,,,Dark]Ogerpon-Hearthflame||HearthflameMask|MoldBreaker|IvyCudgel,WoodHammer,SpikyShield,FollowMe|||F|||50|,,,,,Fire]Iron Hands||AssaultVest|QuarkDrive|WildCharge,LowKick,HeavySlam,FakeOut||||||50|,,,,,Water\n|showteam|p2|Terapagos||Leftovers|TeraShift|TeraStarstorm,EarthPower,CalmMind,Protect|||M|||50|,,,,,Stellar]Koraidon||LifeOrb|OrichalcumPulse|CloseCombat,FlareBlitz,FlameCharge,Protect||||||50|,,,,,Fire]Incineroar||RockyHelmet|Intimidate|FakeOut,FlareBlitz,KnockOff,PartingShot|||F|||50|,,,,,Bug]Flutter Mane||FocusSash|Protosynthesis|Moonblast,ShadowBall,IcyWind,Protect||||||50|,,,,,Stellar]Raging Bolt||AssaultVest|Protosynthesis|Thunderbolt,Thunderclap,Snarl,DracoMeteor||||||50|,,,,,Electric]Ogerpon-Cornerstone||CornerstoneMask|Sturdy|IvyCudgel,PowerWhip,FollowMe,SpikyShield|||F|||50|,,,,,Rock\n|inactive|Battle timer is ON: inactive players will automatically lose when time's up. (requested by waveniki)\n|\n|t:|1746141074\n|start\n|switch|p1a: Koraidon|Koraidon, L50|100/100\n|switch|p1b: Weezing|Weezing-Galar, L50, F|100/100\n|switch|p2a: Ogerpon|Ogerpon-Cornerstone, L50, F|100/100\n|switch|p2b: Flutter Mane|Flutter Mane, L50|100/100\n|-ability|p1b: Weezing|Neutralizing Gas\n|-block|p1a: Koraidon|item: Ability Shield\n|-weather|SunnyDay|[from] ability: Orichalcum Pulse|[of] p1a: Koraidon\n|-activate|p1a: Koraidon|Orichalcum Pulse|[source]\n|turn|1\n|inactive|doggo9999 has 30 seconds left.\n|\n|t:|1746141103\n|-terastallize|p1a: Koraidon|Fire\n|move|p2b: Flutter Mane|Protect|p2b: Flutter Mane\n|-singleturn|p2b: Flutter Mane|Protect\n|move|p2a: Ogerpon|Spiky Shield|p2a: Ogerpon\n|-singleturn|p2a: Ogerpon|move: Protect\n|move|p1a: Koraidon|Collision Course|p2a: Ogerpon\n|-activate|p2a: Ogerpon|move: Protect\n|-damage|p1a: Koraidon|88/100|[from] Spiky Shield|[of] p2a: Ogerpon\n|move|p1b: Weezing|Dazzling Gleam|p2a: Ogerpon|[spread] \n|-activate|p2a: Ogerpon|move: Protect\n|-activate|p2b: Flutter Mane|move: Protect\n|\n|-weather|SunnyDay|[upkeep]\n|upkeep\n|turn|2\n|inactive|doggo9999 has 30 seconds left.\n|inactive|waveniki has 30 seconds left.\n|\n|t:|1746141145\n|move|p2b: Flutter Mane|Icy Wind|p1a: Koraidon|[spread] p1a,p1b\n|-resisted|p1a: Koraidon\n|-damage|p1a: Koraidon|80/100\n|-damage|p1b: Weezing|84/100\n|-unboost|p1a: Koraidon|spe|1\n|move|p2a: Ogerpon|Ivy Cudgel|p1a: Koraidon|[anim] Ivy Cudgel Rock\n|-supereffective|p1a: Koraidon\n|-damage|p1a: Koraidon|0 fnt\n|faint|p1a: Koraidon\n|move|p1b: Weezing|Dazzling Gleam|p2a: Ogerpon|[spread] p2a,p2b\n|-damage|p2a: Ogerpon|79/100\n|-damage|p2b: Flutter Mane|82/100\n|\n|-weather|SunnyDay|[upkeep]\n|upkeep\n|\n|t:|1746141157\n|switch|p1a: Calyrex|Calyrex-Shadow, L50|100/100\n|-ability|p1a: Calyrex|As One\n|-ability|p1a: Calyrex|Unnerve\n|turn|3\n|\n|t:|1746141169\n|switch|p2a: Terapagos|Terapagos, L50, M|100/100\n|-activate|p2a: Terapagos|ability: Tera Shift\n|detailschange|p2a: Terapagos|Terapagos-Terastal, L50, M\n|-heal|p2a: Terapagos|100/100|[silent]\n|move|p2b: Flutter Mane|Protect|p2b: Flutter Mane\n|-singleturn|p2b: Flutter Mane|Protect\n|move|p1a: Calyrex|Astral Barrage|p2b: Flutter Mane|[spread] \n|-activate|p2b: Flutter Mane|move: Protect\n|-immune|p2a: Terapagos\n|move|p1b: Weezing|Will-O-Wisp|p2a: Terapagos\n|-status|p2a: Terapagos|brn\n|\n|-weather|SunnyDay|[upkeep]\n|-damage|p2a: Terapagos|94/100 brn|[from] brn\n|upkeep\n|turn|4\n|inactive|doggo9999 has 30 seconds left.\n|\n|t:|1746141200\n|move|p1a: Calyrex|Astral Barrage|p2a: Terapagos|[spread] p2b\n|-immune|p2a: Terapagos\n|-supereffective|p2b: Flutter Mane\n|-damage|p2b: Flutter Mane|0 fnt\n|faint|p2b: Flutter Mane\n|-end|p2b: Flutter Mane|Protosynthesis|[silent]\n|-ability|p1a: Calyrex|Grim Neigh|boost\n|-boost|p1a: Calyrex|spa|1\n|move|p2a: Terapagos|Calm Mind|p2a: Terapagos\n|-boost|p2a: Terapagos|spa|1\n|-boost|p2a: Terapagos|spd|1\n|move|p1b: Weezing|Dazzling Gleam|p2a: Terapagos\n|-damage|p2a: Terapagos|80/100 brn\n|\n|-weather|SunnyDay|[upkeep]\n|-heal|p2a: Terapagos|86/100 brn|[from] item: Leftovers\n|-damage|p2a: Terapagos|80/100 brn|[from] brn\n|upkeep\n|\n|t:|1746141203\n|switch|p2b: Ogerpon|Ogerpon-Cornerstone, L50, F|79/100\n|turn|5\n|\n|t:|1746141223\n|-terastallize|p2a: Terapagos|Stellar\n|detailschange|p2a: Terapagos|Terapagos-Stellar, L50, M, tera:Stellar\n|-heal|p2a: Terapagos|85/100 brn|[silent]\n|move|p2b: Ogerpon|Follow Me|p2b: Ogerpon\n|-singleturn|p2b: Ogerpon|move: Follow Me\n|move|p1a: Calyrex|Astral Barrage|p2a: Terapagos|[spread] p2b\n|-immune|p2a: Terapagos\n|-damage|p2b: Ogerpon|0 fnt\n|faint|p2b: Ogerpon\n|-ability|p1a: Calyrex|Grim Neigh|boost\n|-boost|p1a: Calyrex|spa|1\n|move|p2a: Terapagos|Tera Starstorm|p1b: Weezing|[spread] p1a,p1b\n|-damage|p1a: Calyrex|48/100\n|-damage|p1b: Weezing|34/100\n|move|p1b: Weezing|Taunt|p2a: Terapagos\n|-start|p2a: Terapagos|move: Taunt\n|\n|-weather|none\n|-heal|p2a: Terapagos|91/100 brn|[from] item: Leftovers\n|-damage|p2a: Terapagos|85/100 brn|[from] brn\n|upkeep\n|\n|t:|1746141234\n|switch|p2b: Koraidon|Koraidon, L50|100/100\n|turn|6\n|\n|t:|1746141253\n|move|p1a: Calyrex|Protect|p1a: Calyrex\n|-singleturn|p1a: Calyrex|Protect\n|move|p1b: Weezing|Protect|p1b: Weezing\n|-singleturn|p1b: Weezing|Protect\n|move|p2b: Koraidon|Flame Charge|p1b: Weezing\n|-activate|p1b: Weezing|move: Protect\n|move|p2a: Terapagos|Tera Starstorm|p1b: Weezing|[spread] \n|-activate|p1a: Calyrex|move: Protect\n|-activate|p1b: Weezing|move: Protect\n|\n|-heal|p2a: Terapagos|91/100 brn|[from] item: Leftovers\n|-damage|p2a: Terapagos|85/100 brn|[from] brn\n|upkeep\n|turn|7\n|\n|t:|1746141274\n|move|p2b: Koraidon|Protect|p2b: Koraidon\n|-singleturn|p2b: Koraidon|Protect\n|move|p1a: Calyrex|Astral Barrage|p2a: Terapagos|[spread] \n|-activate|p2b: Koraidon|move: Protect\n|-immune|p2a: Terapagos\n|move|p2a: Terapagos|Tera Starstorm|p1b: Weezing|[spread] p1a,p1b\n|-crit|p1b: Weezing\n|-damage|p1a: Calyrex|0 fnt\n|-damage|p1b: Weezing|0 fnt\n|faint|p1a: Calyrex\n|faint|p1b: Weezing\n|-end|p1b: Weezing|ability: Neutralizing Gas\n|-weather|SunnyDay|[from] ability: Orichalcum Pulse|[of] p2b: Koraidon\n|-activate|p2b: Koraidon|Orichalcum Pulse|[source]\n|\n|-weather|SunnyDay|[upkeep]\n|-heal|p2a: Terapagos|91/100 brn|[from] item: Leftovers\n|-damage|p2a: Terapagos|85/100 brn|[from] brn\n|upkeep\n|\n|t:|1746141293\n|switch|p1b: Iron Hands|Iron Hands, L50|100/100\n|turn|8\n|\n|t:|1746141312\n|move|p2b: Koraidon|Close Combat|p1b: Iron Hands\n|-damage|p1b: Iron Hands|7/100\n|-unboost|p2b: Koraidon|def|1\n|-unboost|p2b: Koraidon|spd|1\n|-damage|p2b: Koraidon|91/100|[from] item: Life Orb\n|move|p2a: Terapagos|Earth Power|p1b: Iron Hands\n|-supereffective|p1b: Iron Hands\n|-damage|p1b: Iron Hands|0 fnt\n|faint|p1b: Iron Hands\n|-end|p1b: Iron Hands|Quark Drive|[silent]\n|\n|win|waveniki\n|raw|doggo9999's rating: 1130 &rarr; <strong>1109</strong><br />(-21 for losing)\n|raw|waveniki's rating: 1179 &rarr; <strong>1200</strong><br />(+21 for winning)\n|c|\u2606doggo9999|gg\n|l|\u2606doggo9999\n|player|p1|\n|l|\u2606waveniki\n|player|p2|\n", "uploadtime": 1746141316, "views": 4, "formatid": "gen9vgc2025regibo3", "rating": 1109, "private": 0, "password": null}