{"id": "gen9vgc2025regibo3-2354692283", "format": "[Gen 9] VGC 2025 Reg I (Bo3)", "players": ["AceUrFace", "Zalsto"], "log": "|j|\u2606AceUrFace\n|j|\u2606Zalsto\n|html|<table width=\"100%\"><tr><td align=\"left\">AceUrFace</td><td align=\"right\">Zalsto</tr><tr><td align=\"left\"><i class=\"fa fa-circle\"></i> <i class=\"fa fa-circle-o\"></i> </td><td align=\"right\"><i class=\"fa fa-circle-o\"></i> <i class=\"fa fa-circle-o\"></i> </tr></table>\n|uhtml|bestof|<h2><strong>Game 2</strong> of <a href=\"/game-bestof3-gen9vgc2025regibo3-2354688287\">a best-of-3</a></h2>\n|t:|1746111245\n|gametype|doubles\n|player|p1|AceUrFace|1|1084\n|player|p2|Zalsto|266|1086\n|teamsize|p1|6\n|teamsize|p2|6\n|gen|9\n|tier|[Gen 9] VGC 2025 Reg I (Bo3)\n|rated|\n|rule|Species Clause: Limit one of each Pok\u00e9mon\n|rule|Item Clause: Limit 1 of each item\n|clearpoke\n|poke|p1|Terapagos, L50, M|\n|poke|p1|Calyrex-Ice, L50|\n|poke|p1|Rillaboom, L50, F|\n|poke|p1|Porygon2, L50|\n|poke|p1|Kingambit, L50, F|\n|poke|p1|Corviknight, L50, M|\n|poke|p2|Dialga-Origin, L50|\n|poke|p2|Groudon, L50|\n|poke|p2|Orthworm, L50, F|\n|poke|p2|Landorus-Therian, L50, M|\n|poke|p2|Flutter Mane, L50|\n|poke|p2|Jumpluff, L50, F|\n|teampreview|4\n|showteam|p1|Terapagos||ChoiceSpecs|TeraShift|EnergyBall,DazzlingGleam,Thunderbolt,TeraStarstorm|||M|||50|,,,,,Stellar]Calyrex-Ice||ClearAmulet|AsOneGlastrier|Protect,TrickRoom,GlacialLance,HighHorsepower||||||50|,,,,,Normal]Rillaboom||AssaultVest|GrassySurge|FakeOut,GrassyGlide,Uturn,WoodHammer|||F|||50|,,,,,Water]Porygon2||Eviolite|Download|TrickRoom,Protect,TeraBlast,FoulPlay||||||50|,,,,,Fairy]Kingambit||Leftovers|Defiant|Protect,SuckerPunch,KowtowCleave,IronHead|||F|||50|,,,,,Flying]Corviknight||SitrusBerry|MirrorArmor|Roost,Uturn,BraveBird,Protect|||M|||50|,,,,,Ghost\n|showteam|p2|Dialga-Origin||AdamantCrystal|Telepathy|DracoMeteor,Protect,FlashCannon,TeraBlast||||||50|,,,,,Ghost]Groudon||ClearAmulet|Drought|Earthquake,HeatCrash,SwordsDance,Protect||||||50|,,,,,Fire]Orthworm||SitrusBerry|EarthEater|BodyPress,Protect,HelpingHand,ShedTail|||F|||50|,,,,,Water]Landorus-Therian||ChoiceScarf|Intimidate|Earthquake,TeraBlast,Uturn,RockSlide|||M|||50|,,,,,Flying]Flutter Mane||ChoiceSpecs|Protosynthesis|ShadowBall,Moonblast,DazzlingGleam,IcyWind||||||50|,,,,,Fairy]Jumpluff||FocusSash|Chlorophyll|Encore,RagePowder,Tailwind,SleepPowder|||F|||50|,,,,,Ghost\n|\n|t:|1746111273\n|start\n|switch|p1a: Terapagos|Terapagos, L50, M|100/100\n|switch|p1b: Porygon2|Porygon2, L50|100/100\n|switch|p2a: Dialga|Dialga-Origin, L50|100/100\n|switch|p2b: Orthworm|Orthworm, L50, F|100/100\n|-activate|p1a: Terapagos|ability: Tera Shift\n|detailschange|p1a: Terapagos|Terapagos-Terastal, L50, M\n|-heal|p1a: Terapagos|100/100|[silent]\n|-ability|p1b: Porygon2|Download|boost\n|-boost|p1b: Porygon2|spa|1\n|turn|1\n|inactive|Battle timer is ON: inactive players will automatically lose when time's up. (requested by Zalsto)\n|\n|t:|1746111312\n|switch|p1b: Rillaboom|Rillaboom, L50, F|100/100\n|-fieldstart|move: Grassy Terrain|[from] ability: Grassy Surge|[of] p1b: Rillaboom\n|-terastallize|p1a: Terapagos|Stellar\n|detailschange|p1a: Terapagos|Terapagos-Stellar, L50, M, tera:Stellar\n|-heal|p1a: Terapagos|100/100|[silent]\n|-ability|p1a: Terapagos|Teraform Zero\n|-fieldend|move: Grassy Terrain\n|move|p2a: Dialga|Draco Meteor|p1a: Terapagos\n|-damage|p1a: Terapagos|35/100\n|-unboost|p2a: Dialga|spa|2\n|move|p1a: Terapagos|Tera Starstorm|p2a: Dialga|[spread] p2a,p2b\n|-damage|p2a: Dialga|56/100\n|-damage|p2b: Orthworm|0 fnt\n|faint|p2b: Orthworm\n|\n|upkeep\n|\n|t:|1746111331\n|switch|p2b: Groudon|Groudon, L50|100/100\n|-weather|SunnyDay|[from] ability: Drought|[of] p2b: Groudon\n|turn|2\n|inactive|AceUrFace has 30 seconds left.\n|\n|t:|1746111365\n|switch|p1a: Porygon2|Porygon2, L50|100/100\n|-ability|p1a: Porygon2|Download|boost\n|-boost|p1a: Porygon2|spa|1\n|move|p1b: Rillaboom|Fake Out|p2b: Groudon\n|-damage|p2b: Groudon|91/100\n|cant|p2b: Groudon|flinch\n|move|p2a: Dialga|Draco Meteor|p1a: Porygon2\n|-damage|p1a: Porygon2|68/100\n|-unboost|p2a: Dialga|spa|2\n|\n|-weather|SunnyDay|[upkeep]\n|upkeep\n|turn|3\n|\n|t:|1746111385\n|switch|p2a: Landorus|Landorus-Therian, L50, M|100/100\n|-ability|p2a: Landorus|Intimidate|boost\n|-unboost|p1a: Porygon2|atk|1\n|-unboost|p1b: Rillaboom|atk|1\n|-terastallize|p2b: Groudon|Fire\n|move|p2b: Groudon|Heat Crash|p1a: Porygon2\n|-crit|p1a: Porygon2\n|-damage|p1a: Porygon2|0 fnt\n|faint|p1a: Porygon2\n|move|p1b: Rillaboom|Wood Hammer|p2b: Groudon\n|-resisted|p2b: Groudon\n|-damage|p2b: Groudon|77/100\n|-damage|p1b: Rillaboom|96/100|[from] Recoil\n|\n|-weather|SunnyDay|[upkeep]\n|upkeep\n|inactive|AceUrFace has 30 seconds left.\n|\n|t:|1746111413\n|switch|p1a: Calyrex|Calyrex-Ice, L50|100/100\n|-ability|p1a: Calyrex|As One\n|-ability|p1a: Calyrex|Unnerve\n|turn|4\n|\n|t:|1746111436\n|move|p2a: Landorus|Rock Slide|p1b: Rillaboom|[spread] p1a,p1b\n|-supereffective|p1a: Calyrex\n|-damage|p1a: Calyrex|74/100\n|-damage|p1b: Rillaboom|78/100\n|move|p2b: Groudon|Heat Crash|p1b: Rillaboom\n|-supereffective|p1b: Rillaboom\n|-damage|p1b: Rillaboom|0 fnt\n|faint|p1b: Rillaboom\n|cant|p1a: Calyrex|flinch\n|\n|-weather|SunnyDay|[upkeep]\n|upkeep\n|\n|t:|1746111448\n|switch|p1b: Terapagos|Terapagos-Stellar, L50, M, tera:Stellar|35/100\n|turn|5\n|\n|t:|1746111464\n|move|p2a: Landorus|Rock Slide|p1a: Calyrex|[spread] p1a,p1b\n|-supereffective|p1a: Calyrex\n|-damage|p1a: Calyrex|50/100\n|-damage|p1b: Terapagos|22/100\n|move|p2b: Groudon|Earthquake|p1b: Terapagos|[spread] p1a,p1b\n|-immune|p2a: Landorus\n|-damage|p1a: Calyrex|23/100\n|-damage|p1b: Terapagos|0 fnt\n|faint|p1b: Terapagos\n|move|p1a: Calyrex|Trick Room|p1a: Calyrex\n|-fieldstart|move: Trick Room|[of] p1a: Calyrex\n|\n|-weather|SunnyDay|[upkeep]\n|upkeep\n|turn|6\n|\n|t:|1746111483\n|switch|p2a: Dialga|Dialga-Origin, L50|56/100\n|move|p1a: Calyrex|Glacial Lance|p2a: Dialga|[spread] p2a,p2b\n|-resisted|p2b: Groudon\n|-damage|p2a: Dialga|11/100\n|-damage|p2b: Groudon|58/100\n|move|p2b: Groudon|Heat Crash|p1a: Calyrex\n|-supereffective|p1a: Calyrex\n|-damage|p1a: Calyrex|0 fnt\n|faint|p1a: Calyrex\n|\n|win|Zalsto\n||Zalsto is ready for game 3.\n||AceUrFace is ready for game 3.\n|uhtml|next|Next: <a href=\"/battle-gen9vgc2025regibo3-2354694924\"><strong>Game 3 of 3</strong></a>\n", "uploadtime": 1746111841, "views": 5, "formatid": "gen9vgc2025regibo3", "rating": null, "private": 0, "password": null}