{"id": "gen9vgc2025regibo3-2354264978", "format": "[Gen 9] VGC 2025 Reg I (Bo3)", "players": ["Clickster1", "ManuButtowski"], "log": "|j|\u2606Clickster1\n|j|\u2606ManuButtowski\n|html|<table width=\"100%\"><tr><td align=\"left\">Clickster1</td><td align=\"right\">ManuButtowski</tr><tr><td align=\"left\"><i class=\"fa fa-circle-o\"></i> <i class=\"fa fa-circle-o\"></i> </td><td align=\"right\"><i class=\"fa fa-circle-o\"></i> <i class=\"fa fa-circle\"></i> </tr></table>\n|uhtml|bestof|<h2><strong>Game 2</strong> of <a href=\"/game-bestof3-gen9vgc2025regibo3-2354260930\">a best-of-3</a></h2>\n|t:|1746050658\n|gametype|doubles\n|player|p1|Clickster1|proton|1058\n|player|p2|ManuButtowski|marshal|1178\n|teamsize|p1|6\n|teamsize|p2|6\n|gen|9\n|tier|[Gen 9] VGC 2025 Reg I (Bo3)\n|rated|\n|rule|Species Clause: Limit one of each Pok\u00e9mon\n|rule|Item Clause: Limit 1 of each item\n|clearpoke\n|poke|p1|Lunala, L50|\n|poke|p1|Koraidon, L50|\n|poke|p1|Flutter Mane, L50|\n|poke|p1|Raging Bolt, L50|\n|poke|p1|Chi-Yu, L50|\n|poke|p1|Brute Bonnet, L50|\n|poke|p2|Koraidon, L50|\n|poke|p2|Ho-Oh, L50|\n|poke|p2|Flutter Mane, L50|\n|poke|p2|Raging Bolt, L50|\n|poke|p2|Chien-Pao, L50|\n|poke|p2|Amoonguss, L50, F|\n|teampreview|4\n|showteam|p1|Lunala||PowerHerb|ShadowShield|MeteorBeam,MoongeistBeam,WideGuard,TrickRoom||||||50|,,,,,Water]Koraidon||LifeOrb|OrichalcumPulse|CloseCombat,FlareBlitz,FlameCharge,Protect||||||50|,,,,,Fire]Flutter Mane||FocusSash|Protosynthesis|ShadowBall,Moonblast,IcyWind,Protect||||||50|,,,,,Normal]Raging Bolt||AssaultVest|Protosynthesis|Thunderclap,Thunderbolt,Electroweb,DracoMeteor||||||50|,,,,,Electric]Chi-Yu||ChoiceScarf|BeadsofRuin|HeatWave,Snarl,DarkPulse,Overheat||||||50|,,,,,Ghost]Brute Bonnet||CovertCloak|Protosynthesis|SeedBomb,SuckerPunch,RagePowder,Spore||||||50|,,,,,Water\n|showteam|p2|Koraidon||ClearAmulet|OrichalcumPulse|FlareBlitz,CollisionCourse,Uturn,Protect||||||50|,,,,,Fire]Ho-Oh||RockyHelmet|Regenerator|SacredFire,LifeDew,Tailwind,Protect||||||50|,,,,,Grass]Flutter Mane||ChoiceSpecs|Protosynthesis|Moonblast,DazzlingGleam,ShadowBall,IcyWind||||||50|,,,,,Fairy]Raging Bolt||AssaultVest|Protosynthesis|Thunderclap,DracoMeteor,Thunderbolt,Snarl||||||50|,,,,,Electric]Chien-Pao||FocusSash|SwordofRuin|IceSpinner,ThroatChop,SuckerPunch,Protect||||||50|,,,,,Stellar]Amoonguss||MentalHerb|Regenerator|Spore,RagePowder,PollenPuff,ClearSmog|||F|||50|,,,,,Fire\n|inactive|Battle timer is ON: inactive players will automatically lose when time's up. (requested by Clickster1)\n|inactive|ManuButtowski has 60 seconds left.\n|\n|t:|1746050696\n|start\n|switch|p1a: Lunala|Lunala, L50|100/100\n|switch|p1b: Chi-Yu|Chi-Yu, L50|100/100\n|switch|p2a: Flutter Mane|Flutter Mane, L50|100/100\n|switch|p2b: Chien-Pao|Chien-Pao, L50|100/100\n|-ability|p1b: Chi-Yu|Beads of Ruin\n|-ability|p2b: Chien-Pao|Sword of Ruin\n|turn|1\n|inactive|ManuButtowski has 30 seconds left.\n|\n|t:|1746050731\n|switch|p2b: Koraidon|Koraidon, L50|100/100\n|-weather|SunnyDay|[from] ability: Orichalcum Pulse|[of] p2b: Koraidon\n|-activate|p2a: Flutter Mane|ability: Protosynthesis\n|-start|p2a: Flutter Mane|protosynthesisspe\n|-activate|p2b: Koraidon|Orichalcum Pulse|[source]\n|-terastallize|p2a: Flutter Mane|Fairy\n|-terastallize|p1a: Lunala|Water\n|move|p2a: Flutter Mane|Moonblast|p1b: Chi-Yu\n|-damage|p1b: Chi-Yu|0 fnt\n|faint|p1b: Chi-Yu\n|move|p1a: Lunala|Meteor Beam||[still]\n|-prepare|p1a: Lunala|Meteor Beam\n|-boost|p1a: Lunala|spa|1\n|-enditem|p1a: Lunala|Power Herb\n|-anim|p1a: Lunala|Meteor Beam|p2a: Flutter Mane\n|-damage|p2a: Flutter Mane|43/100\n|\n|-weather|SunnyDay|[upkeep]\n|upkeep\n|\n|t:|1746050751\n|switch|p1b: Flutter Mane|Flutter Mane, L50|100/100\n|-activate|p1b: Flutter Mane|ability: Protosynthesis\n|-start|p1b: Flutter Mane|protosynthesisspe\n|turn|2\n|inactive|ManuButtowski has 30 seconds left.\n|inactive|Clickster1 has 30 seconds left.\n|inactive|ManuButtowski has 20 seconds left.\n|\n|t:|1746050791\n|-end|p2a: Flutter Mane|Protosynthesis|[silent]\n|switch|p2a: Ho-Oh|Ho-Oh, L50|100/100\n|move|p2b: Koraidon|Protect|p2b: Koraidon\n|-singleturn|p2b: Koraidon|Protect\n|move|p1b: Flutter Mane|Moonblast|p2a: Ho-Oh\n|-resisted|p2a: Ho-Oh\n|-damage|p2a: Ho-Oh|87/100\n|move|p1a: Lunala|Moongeist Beam|p2b: Koraidon\n|-activate|p2b: Koraidon|move: Protect\n|\n|-weather|SunnyDay|[upkeep]\n|upkeep\n|turn|3\n|inactive|ManuButtowski has 30 seconds left.\n|inactive|ManuButtowski has 20 seconds left.\n|\n|t:|1746050830\n|switch|p2b: Chien-Pao|Chien-Pao, L50|100/100\n|-ability|p2b: Chien-Pao|Sword of Ruin\n|move|p1b: Flutter Mane|Moonblast|p2b: Chien-Pao\n|-supereffective|p2b: Chien-Pao\n|-enditem|p2b: Chien-Pao|Focus Sash\n|-damage|p2b: Chien-Pao|1/100\n|move|p1a: Lunala|Moongeist Beam|p2a: Ho-Oh\n|-damage|p2a: Ho-Oh|41/100\n|move|p2a: Ho-Oh|Tailwind|p2a: Ho-Oh\n|-sidestart|p2: ManuButtowski|move: Tailwind\n|\n|-weather|SunnyDay|[upkeep]\n|upkeep\n|turn|4\n|inactive|ManuButtowski has 30 seconds left.\n|inactive|ManuButtowski has 20 seconds left.\n|inactive|Clickster1 has 30 seconds left.\n|inactive|ManuButtowski has 15 seconds left.\n|\n|t:|1746050874\n|switch|p2a: Koraidon|Koraidon, L50|100/100\n|-activate|p2a: Koraidon|ability: Orichalcum Pulse\n|move|p2b: Chien-Pao|Throat Chop|p1b: Flutter Mane\n|-enditem|p1b: Flutter Mane|Focus Sash\n|-damage|p1b: Flutter Mane|1/100\n|-start|p1b: Flutter Mane|Throat Chop|[silent]\n|move|p1b: Flutter Mane|Icy Wind|p2a: Koraidon|[spread] p2a,p2b\n|-supereffective|p2a: Koraidon\n|-resisted|p2b: Chien-Pao\n|-damage|p2a: Koraidon|72/100\n|-damage|p2b: Chien-Pao|0 fnt\n|faint|p2b: Chien-Pao\n|move|p1a: Lunala|Moongeist Beam|p2a: Koraidon\n|-damage|p2a: Koraidon|0 fnt\n|faint|p2a: Koraidon\n|\n|-weather|SunnyDay|[upkeep]\n|upkeep\n|\n|t:|1746050891\n|switch|p2b: Ho-Oh|Ho-Oh, L50|75/100\n|switch|p2a: Flutter Mane|Flutter Mane, L50, tera:Fairy|43/100\n|-activate|p2a: Flutter Mane|ability: Protosynthesis\n|-start|p2a: Flutter Mane|protosynthesisspe\n|turn|5\n|inactive|ManuButtowski has 30 seconds left.\n|inactive|ManuButtowski has 20 seconds left.\n|inactive|ManuButtowski has 15 seconds left.\n|\n|t:|1746050932\n|move|p1b: Flutter Mane|Protect|p1b: Flutter Mane\n|-singleturn|p1b: Flutter Mane|Protect\n|move|p2a: Flutter Mane|Moonblast|p1b: Flutter Mane\n|-activate|p1b: Flutter Mane|move: Protect\n|move|p2b: Ho-Oh|Life Dew|p2b: Ho-Oh|[spread] p2a,p2b\n|-heal|p2a: Flutter Mane|68/100\n|-heal|p2b: Ho-Oh|99/100\n|move|p1a: Lunala|Moongeist Beam|p2a: Flutter Mane\n|-damage|p2a: Flutter Mane|0 fnt\n|faint|p2a: Flutter Mane\n|-end|p2a: Flutter Mane|Protosynthesis|[silent]\n|\n|-weather|none\n|-end|p1b: Flutter Mane|Protosynthesis\n|-end|p1b: Flutter Mane|Throat Chop|[silent]\n|upkeep\n|turn|6\n|j| entei enthusiast\n|\n|t:|1746050957\n|move|p2b: Ho-Oh|Sacred Fire|p1b: Flutter Mane\n|-crit|p1b: Flutter Mane\n|-damage|p1b: Flutter Mane|0 fnt\n|faint|p1b: Flutter Mane\n|-end|p1b: Flutter Mane|Protosynthesis|[silent]\n|move|p1a: Lunala|Moongeist Beam|p2b: Ho-Oh\n|-crit|p2b: Ho-Oh\n|-damage|p2b: Ho-Oh|30/100\n|\n|-sideend|p2: ManuButtowski|move: Tailwind\n|upkeep\n|\n|t:|1746050966\n|switch|p1b: Koraidon|Koraidon, L50|100/100\n|-weather|SunnyDay|[from] ability: Orichalcum Pulse|[of] p1b: Koraidon\n|-activate|p1b: Koraidon|Orichalcum Pulse|[source]\n|turn|7\n|l| entei enthusiast\n|\n|t:|1746050983\n|move|p2b: Ho-Oh|Protect|p2b: Ho-Oh\n|-singleturn|p2b: Ho-Oh|Protect\n|move|p1b: Koraidon|Close Combat|p2b: Ho-Oh\n|-activate|p2b: Ho-Oh|move: Protect\n|move|p1a: Lunala|Moongeist Beam|p2b: Ho-Oh\n|-activate|p2b: Ho-Oh|move: Protect\n|\n|-weather|SunnyDay|[upkeep]\n|upkeep\n|turn|8\n|\n|t:|1746051000\n|move|p1b: Koraidon|Close Combat|p2b: Ho-Oh\n|-resisted|p2b: Ho-Oh\n|-crit|p2b: Ho-Oh\n|-damage|p2b: Ho-Oh|0 fnt\n|-unboost|p1b: Koraidon|def|1\n|-unboost|p1b: Koraidon|spd|1\n|-damage|p1b: Koraidon|84/100|[from] item: Rocky Helmet|[of] p2b: Ho-Oh\n|faint|p2b: Ho-Oh\n|-damage|p1b: Koraidon|75/100|[from] item: Life Orb\n|\n|win|Clickster1\n||ManuButtowski is ready for game 3.\n|inactive|Clickster1 has 30 seconds to confirm battle start!\n||Clickster1 is ready for game 3.\n|uhtml|next|Next: <a href=\"/battle-gen9vgc2025regibo3-2354268336\"><strong>Game 3 of 3</strong></a>\n", "uploadtime": 1746051473, "views": 9, "formatid": "gen9vgc2025regibo3", "rating": null, "private": 0, "password": null}