{"id": "gen9vgc2025regibo3-2355145901", "format": "[Gen 9] VGC 2025 Reg I (Bo3)", "players": ["01Sleipnir", "danicruz.music"], "log": "|j|\u260601Sleipnir\n|j|\u2606danicruz.music\n|html|<table width=\"100%\"><tr><td align=\"left\">01Sleipnir</td><td align=\"right\">danicruz.music</tr><tr><td align=\"left\"><i class=\"fa fa-circle\"></i> <i class=\"fa fa-circle-o\"></i> </td><td align=\"right\"><i class=\"fa fa-circle-o\"></i> <i class=\"fa fa-circle\"></i> </tr></table>\n|uhtml|bestof|<h2><strong>Game 3</strong> of <a href=\"/game-bestof3-gen9vgc2025regibo3-2355143306\">a best-of-3</a></h2>\n|t:|1746158482\n|gametype|doubles\n|player|p1|01Sleipnir|1|1143\n|player|p2|danicruz.music|whitney|1149\n|teamsize|p1|6\n|teamsize|p2|6\n|gen|9\n|tier|[Gen 9] VGC 2025 Reg I (Bo3)\n|rated|\n|rule|Species Clause: Limit one of each Pok\u00e9mon\n|rule|Item Clause: Limit 1 of each item\n|clearpoke\n|poke|p1|Koraidon, L50|\n|poke|p1|Terapagos, L50, M|\n|poke|p1|Incineroar, L50, M|\n|poke|p1|Flutter Mane, L50|\n|poke|p1|Ogerpon-Cornerstone, L50, F|\n|poke|p1|Raging Bolt, L50|\n|poke|p2|Kyogre, L50|\n|poke|p2|Koraidon, L50|\n|poke|p2|Tornadus, L50, M|\n|poke|p2|Walking Wake, L50|\n|poke|p2|Charizard, L50, M|\n|poke|p2|Rotom-Heat, L50|\n|teampreview|4\n|showteam|p1|Koraidon||LifeOrb|OrichalcumPulse|CollisionCourse,FlareBlitz,FlameCharge,Protect||||||50|,,,,,Fire]Terapagos||Leftovers|TeraShift|TeraStarstorm,DarkPulse,CalmMind,Protect|||M|||50|,,,,,Stellar]Incineroar||SafetyGoggles|Intimidate|FakeOut,PartingShot,FlareBlitz,KnockOff|||M|||50|,,,,,Ghost]Flutter Mane||FocusSash|Protosynthesis|ShadowBall,Moonblast,ThunderWave,Protect||||||50|,,,,,Ghost]Ogerpon-Cornerstone||CornerstoneMask|Sturdy|FollowMe,SpikyShield,IvyCudgel,PowerWhip|||F|||50|,,,,,Rock]Raging Bolt||AssaultVest|Protosynthesis|Thunderbolt,Thunderclap,DracoMeteor,VoltSwitch||||||50|,,,,,Water\n|showteam|p2|Kyogre||AssaultVest|Drizzle|OriginPulse,WaterSpout,TeraBlast,Thunder||||||50|,,,,,Ground]Koraidon||LoadedDice|OrichalcumPulse|ScaleShot,CollisionCourse,Protect,FlareBlitz||||||50|,,,,,Fire]Tornadus||FocusSash|Prankster|BleakwindStorm,Tailwind,Taunt,RainDance|||M|||50|,,,,,Dark]Walking Wake||BoosterEnergy|Protosynthesis|HydroSteam,DragonPulse,AquaJet,Protect||||||50|,,,,,Water]Charizard||ChoiceSpecs|SolarPower|Hurricane,WeatherBall,SolarBeam,Flamethrower|||M|||50|,,,,,Grass]Rotom-Heat||LifeOrb|Levitate|Electroweb,Overheat,Thunder,WillOWisp||||||50|,,,,,Electric\n|inactive|Battle timer is ON: inactive players will automatically lose when time's up. (requested by danicruz.music)\n|inactive|01Sleipnir has 60 seconds left.\n|\n|t:|1746158516\n|start\n|switch|p1a: Koraidon|Koraidon, L50|100/100\n|switch|p1b: Raging Bolt|Raging Bolt, L50|100/100\n|switch|p2a: Kyogre|Kyogre, L50|100/100\n|switch|p2b: Tornadus|Tornadus, L50, M|100/100\n|-weather|SunnyDay|[from] ability: Orichalcum Pulse|[of] p1a: Koraidon\n|-activate|p1b: Raging Bolt|ability: Protosynthesis\n|-start|p1b: Raging Bolt|protosynthesisspa\n|-activate|p1a: Koraidon|Orichalcum Pulse|[source]\n|-weather|RainDance|[from] ability: Drizzle|[of] p2a: Kyogre\n|-end|p1b: Raging Bolt|Protosynthesis\n|turn|1\n|inactive|danicruz.music has 30 seconds left.\n|\n|t:|1746158543\n|-terastallize|p2a: Kyogre|Ground\n|move|p1a: Koraidon|Collision Course|p2a: Kyogre\n|-damage|p2a: Kyogre|36/100\n|-damage|p1a: Koraidon|91/100|[from] item: Life Orb\n|move|p2b: Tornadus|Bleakwind Storm|p1a: Koraidon|[spread] p1a,p1b\n|-supereffective|p1a: Koraidon\n|-resisted|p1b: Raging Bolt\n|-damage|p1a: Koraidon|22/100\n|-damage|p1b: Raging Bolt|91/100\n|-unboost|p1a: Koraidon|spe|1\n|-unboost|p1b: Raging Bolt|spe|1\n|move|p2a: Kyogre|Tera Blast|p1b: Raging Bolt|[anim] Tera Blast Ground\n|-supereffective|p1b: Raging Bolt\n|-damage|p1b: Raging Bolt|34/100\n|move|p1b: Raging Bolt|Thunderbolt|p2b: Tornadus\n|-supereffective|p2b: Tornadus\n|-enditem|p2b: Tornadus|Focus Sash\n|-damage|p2b: Tornadus|1/100\n|\n|-weather|RainDance|[upkeep]\n|upkeep\n|turn|2\n|inactive|01Sleipnir has 30 seconds left.\n|inactive|danicruz.music has 30 seconds left.\n|inactive|01Sleipnir has 20 seconds left.\n|\n|t:|1746158580\n|move|p1a: Koraidon|Protect|p1a: Koraidon\n|-singleturn|p1a: Koraidon|Protect\n|move|p2b: Tornadus|Bleakwind Storm|p1a: Koraidon|[spread] p1b\n|-activate|p1a: Koraidon|move: Protect\n|-resisted|p1b: Raging Bolt\n|-damage|p1b: Raging Bolt|24/100\n|-unboost|p1b: Raging Bolt|spe|1\n|move|p2a: Kyogre|Tera Blast|p1a: Koraidon|[anim] Tera Blast Ground\n|-activate|p1a: Koraidon|move: Protect\n|move|p1b: Raging Bolt|Volt Switch|p2b: Tornadus\n|-supereffective|p2b: Tornadus\n|-damage|p2b: Tornadus|0 fnt\n|faint|p2b: Tornadus\n|\n|t:|1746158599\n|-end|p1b: Raging Bolt|Protosynthesis|[silent]\n|switch|p1b: Incineroar|Incineroar, L50, M|100/100|[from] Volt Switch\n|-ability|p1b: Incineroar|Intimidate|boost\n|-unboost|p2a: Kyogre|atk|1\n|\n|-weather|RainDance|[upkeep]\n|upkeep\n|\n|t:|1746158614\n|switch|p2b: Koraidon|Koraidon, L50|100/100\n|-weather|SunnyDay|[from] ability: Orichalcum Pulse|[of] p2b: Koraidon\n|-activate|p2b: Koraidon|Orichalcum Pulse|[source]\n|turn|3\n|\n|t:|1746158631\n|move|p1b: Incineroar|Fake Out|p2b: Koraidon\n|-damage|p2b: Koraidon|91/100\n|cant|p2b: Koraidon|flinch\n|move|p1a: Koraidon|Collision Course|p2a: Kyogre\n|-damage|p2a: Kyogre|0 fnt\n|faint|p2a: Kyogre\n|-damage|p1a: Koraidon|12/100|[from] item: Life Orb\n|\n|-weather|SunnyDay|[upkeep]\n|upkeep\n|\n|t:|1746158639\n|switch|p2a: Charizard|Charizard, L50, M|100/100\n|turn|4\n|\n|t:|1746158653\n|move|p2b: Koraidon|Scale Shot|p1a: Koraidon\n|-supereffective|p1a: Koraidon\n|-damage|p1a: Koraidon|0 fnt\n|faint|p1a: Koraidon\n|-hitcount|p1: Koraidon|1\n|-unboost|p2b: Koraidon|def|1\n|-boost|p2b: Koraidon|spe|1\n|move|p2a: Charizard|Weather Ball|p1b: Incineroar\n|-resisted|p1b: Incineroar\n|-damage|p1b: Incineroar|30/100\n|move|p1b: Incineroar|Parting Shot|p2b: Koraidon\n|-unboost|p2b: Koraidon|atk|1\n|-unboost|p2b: Koraidon|spa|1\n|\n|t:|1746158665\n|switch|p1b: Terapagos|Terapagos, L50, M|100/100|[from] Parting Shot\n|-activate|p1b: Terapagos|ability: Tera Shift\n|detailschange|p1b: Terapagos|Terapagos-Terastal, L50, M\n|-heal|p1b: Terapagos|100/100|[silent]\n|\n|-weather|SunnyDay|[upkeep]\n|-damage|p2a: Charizard|88/100|[from] ability: Solar Power|[of] p2a: Charizard\n|upkeep\n|\n|t:|1746158675\n|switch|p1a: Incineroar|Incineroar, L50, M|30/100\n|-ability|p1a: Incineroar|Intimidate|boost\n|-unboost|p2a: Charizard|atk|1\n|-unboost|p2b: Koraidon|atk|1\n|turn|5\n|\n|t:|1746158686\n|-terastallize|p1b: Terapagos|Stellar\n|detailschange|p1b: Terapagos|Terapagos-Stellar, L50, M, tera:Stellar\n|-heal|p1b: Terapagos|100/100|[silent]\n|-ability|p1b: Terapagos|Teraform Zero\n|-weather|none\n|move|p1a: Incineroar|Fake Out|p2b: Koraidon\n|-damage|p2b: Koraidon|78/100\n|cant|p2b: Koraidon|flinch\n|move|p2a: Charizard|Weather Ball|p1b: Terapagos\n|-damage|p1b: Terapagos|86/100\n|move|p1b: Terapagos|Tera Starstorm|p2b: Koraidon|[spread] p2a,p2b\n|-damage|p2a: Charizard|36/100\n|-damage|p2b: Koraidon|39/100\n|\n|-heal|p1b: Terapagos|92/100|[from] item: Leftovers\n|upkeep\n|turn|6\n|\n|t:|1746158706\n|move|p2b: Koraidon|Collision Course|p1b: Terapagos\n|-supereffective|p1b: Terapagos\n|-crit|p1b: Terapagos\n|-damage|p1b: Terapagos|0 fnt\n|faint|p1b: Terapagos\n|move|p2a: Charizard|Weather Ball|p1a: Incineroar\n|-damage|p1a: Incineroar|9/100\n|move|p1a: Incineroar|Parting Shot|p2b: Koraidon\n|-unboost|p2b: Koraidon|atk|1\n|-unboost|p2b: Koraidon|spa|1\n|\n|t:|1746158716\n|switch|p1a: Raging Bolt|Raging Bolt, L50|24/100|[from] Parting Shot\n|\n|upkeep\n|\n|t:|1746158720\n|switch|p1b: Incineroar|Incineroar, L50, M|9/100\n|-ability|p1b: Incineroar|Intimidate|boost\n|-unboost|p2a: Charizard|atk|1\n|-unboost|p2b: Koraidon|atk|1\n|turn|7\n|\n|t:|1746158727\n|move|p2b: Koraidon|Protect|p2b: Koraidon\n|-singleturn|p2b: Koraidon|Protect\n|move|p1b: Incineroar|Fake Out|p2a: Charizard\n|-damage|p2a: Charizard|22/100\n|move|p1a: Raging Bolt|Thunderclap||[still]\n|-fail|p1a: Raging Bolt\n|cant|p2a: Charizard|flinch\n|\n|upkeep\n|turn|8\n|\n|t:|1746158740\n|move|p1a: Raging Bolt|Thunderclap|p2b: Koraidon\n|-resisted|p2b: Koraidon\n|-damage|p2b: Koraidon|20/100\n|move|p2b: Koraidon|Scale Shot|p1a: Raging Bolt\n|-supereffective|p1a: Raging Bolt\n|-damage|p1a: Raging Bolt|16/100\n|-supereffective|p1a: Raging Bolt\n|-damage|p1a: Raging Bolt|7/100\n|-supereffective|p1a: Raging Bolt\n|-damage|p1a: Raging Bolt|0 fnt\n|faint|p1a: Raging Bolt\n|-end|p1a: Raging Bolt|Protosynthesis|[silent]\n|-hitcount|p1: Raging Bolt|3\n|-unboost|p2b: Koraidon|def|1\n|-boost|p2b: Koraidon|spe|1\n|move|p2a: Charizard|Weather Ball|p1b: Incineroar\n|-damage|p1b: Incineroar|0 fnt\n|faint|p1b: Incineroar\n|\n|win|danicruz.music\n|raw|01Sleipnir's rating: 1143 &rarr; <strong>1118</strong><br />(-25 for losing)\n|raw|danicruz.music's rating: 1149 &rarr; <strong>1174</strong><br />(+25 for winning)\n|l|\u2606danicruz.music\n|player|p2|\n|c|\u260601Sleipnir|gg\n|l|\u260601Sleipnir\n|player|p1|\n", "uploadtime": 1746159002, "views": 1, "formatid": "gen9vgc2025regibo3", "rating": 1118, "private": 0, "password": null}