{"id": "gen9vgc2025regibo3-2354214601", "format": "[Gen 9] VGC 2025 Reg I (Bo3)", "players": ["Sticky Glob", "choosenickname123"], "log": "|j|\u2606Sticky Glob\n|j|\u2606choosenickname123\n|html|<table width=\"100%\"><tr><td align=\"left\">Sticky Glob</td><td align=\"right\">choosenickname123</tr><tr><td align=\"left\"><i class=\"fa fa-circle-o\"></i> <i class=\"fa fa-circle-o\"></i> </td><td align=\"right\"><i class=\"fa fa-circle-o\"></i> <i class=\"fa fa-circle-o\"></i> </tr></table>\n|uhtml|bestof|<h2><strong>Game 1</strong> of <a href=\"/game-bestof3-gen9vgc2025regibo3-2354214600\">a best-of-3</a></h2>\n|t:|1746045411\n|gametype|doubles\n|player|p1|Sticky Glob|clown|1356\n|player|p2|choosenickname123|265|1291\n|teamsize|p1|6\n|teamsize|p2|6\n|gen|9\n|tier|[Gen 9] VGC 2025 Reg I (Bo3)\n|rated|\n|rule|Species Clause: Limit one of each Pok\u00e9mon\n|rule|Item Clause: Limit 1 of each item\n|clearpoke\n|poke|p1|Calyrex-Shadow, L50|\n|poke|p1|Tornadus, L50, M|\n|poke|p1|Urshifu-*, L50, F|\n|poke|p1|Zamazenta-*, L50|\n|poke|p1|Rillaboom, L50, M|\n|poke|p1|Chien-Pao, L50|\n|poke|p2|Calyrex-Shadow, L50|\n|poke|p2|Zamazenta-*, L50|\n|poke|p2|Chi-Yu, L50|\n|poke|p2|Indeedee-F, L50, F|\n|poke|p2|Tornadus, L50, M|\n|poke|p2|Urshifu-*, L50, M|\n|teampreview|4\n|showteam|p1|Calyrex-Shadow||FocusSash|AsOneSpectrier|AstralBarrage,Psychic,Encore,Protect||||||50|,,,,,Ghost]Tornadus||RockyHelmet|Prankster|Tailwind,RainDance,BleakwindStorm,Protect|||M|||50|,,,,,Dark]Urshifu-Rapid-Strike||MysticWater|UnseenFist|SurgingStrikes,CloseCombat,AquaJet,Detect|||F|||50|,,,,,Water]Zamazenta-Crowned||RustedShield|DauntlessShield|BodyPress,HeavySlam,WideGuard,Protect||||||50|,,,,,Ghost]Rillaboom||AssaultVest|GrassySurge|WoodHammer,Uturn,GrassyGlide,FakeOut|||M|||50|,,,,,Fire]Chien-Pao||LifeOrb|SwordofRuin|IcicleCrash,IceShard,SuckerPunch,Protect||||||50|,,,,,Stellar\n|showteam|p2|Calyrex-Shadow||LifeOrb|AsOneSpectrier|AstralBarrage,Psychic,NastyPlot,Protect||||||50|,,,,,Dark]Zamazenta-Crowned||RustedShield|DauntlessShield|BodyPress,behemothbash,WideGuard,Protect||||||50|,,,,,Water]Chi-Yu||ChoiceScarf|BeadsofRuin|HeatWave,Overheat,DarkPulse,Snarl||||||50|,,,,,Ghost]Indeedee-F||RockyHelmet|PsychicSurge|FollowMe,HelpingHand,Psychic,Protect|||F|||50|,,,,,Water]Tornadus||CovertCloak|Prankster|Tailwind,RainDance,BleakwindStorm,Protect|||M|||50|,,,,,Dark]Urshifu-Rapid-Strike||FocusSash|UnseenFist|SurgingStrikes,CloseCombat,AquaJet,Protect|||M|||50|,,,,,Stellar\n|inactive|Battle timer is ON: inactive players will automatically lose when time's up. (requested by choosenickname123)\n|inactive|Sticky Glob also wants the timer to be on.\n|inactive|choosenickname123 has 60 seconds left.\n|\n|t:|1746045443\n|start\n|switch|p1a: Calyrex|Calyrex-Shadow, L50|100/100\n|switch|p1b: Tornadus|Tornadus, L50, M|100/100\n|switch|p2a: Calyrex|Calyrex-Shadow, L50|100/100\n|switch|p2b: Chi-Yu|Chi-Yu, L50|100/100\n|-ability|p2a: Calyrex|As One\n|-ability|p2a: Calyrex|Unnerve\n|-ability|p1a: Calyrex|As One\n|-ability|p1a: Calyrex|Unnerve\n|-ability|p2b: Chi-Yu|Beads of Ruin\n|turn|1\n|inactive|Sticky Glob has 30 seconds left.\n|inactive|Sticky Glob has 20 seconds left.\n|\n|t:|1746045478\n|-terastallize|p2a: Calyrex|Dark\n|move|p1b: Tornadus|Tailwind|p1b: Tornadus\n|-sidestart|p1: Sticky Glob|move: Tailwind\n|move|p1a: Calyrex|Astral Barrage|p2a: Calyrex|[spread] p2a,p2b\n|-resisted|p2a: Calyrex\n|-resisted|p2b: Chi-Yu\n|-damage|p2a: Calyrex|66/100\n|-damage|p2b: Chi-Yu|68/100\n|move|p2b: Chi-Yu|Dark Pulse|p1a: Calyrex\n|-supereffective|p1a: Calyrex\n|-enditem|p1a: Calyrex|Focus Sash\n|-damage|p1a: Calyrex|1/100\n|move|p2a: Calyrex|Astral Barrage|p1a: Calyrex|[spread] p1a,p1b\n|-supereffective|p1a: Calyrex\n|-damage|p1a: Calyrex|0 fnt\n|-damage|p1b: Tornadus|0 fnt\n|faint|p1a: Calyrex\n|faint|p1b: Tornadus\n|-ability|p2a: Calyrex|Grim Neigh|boost\n|-boost|p2a: Calyrex|spa|2\n|-damage|p2a: Calyrex|56/100|[from] item: Life Orb\n|\n|upkeep\n|inactive|Sticky Glob has 30 seconds left.\n|\n|t:|1746045506\n|switch|p1a: Rillaboom|Rillaboom, L50, M|100/100\n|switch|p1b: Urshifu|Urshifu-Rapid-Strike, L50, F|100/100\n|-fieldstart|move: Grassy Terrain|[from] ability: Grassy Surge|[of] p1a: Rillaboom\n|turn|2\n|inactive|choosenickname123 has 30 seconds left.\n|\n|t:|1746045541\n|switch|p2a: Tornadus|Tornadus, L50, M|100/100\n|move|p1a: Rillaboom|Fake Out|p2b: Chi-Yu\n|-damage|p2b: Chi-Yu|46/100\n|move|p1b: Urshifu|Surging Strikes|p2a: Tornadus\n|-crit|p2a: Tornadus\n|-damage|p2a: Tornadus|73/100\n|-crit|p2a: Tornadus\n|-damage|p2a: Tornadus|48/100\n|-crit|p2a: Tornadus\n|-damage|p2a: Tornadus|23/100\n|-hitcount|p2a: Tornadus|3\n|cant|p2b: Chi-Yu|flinch\n|\n|-heal|p2b: Chi-Yu|52/100|[from] Grassy Terrain\n|upkeep\n|turn|3\n|\n|t:|1746045560\n|-terastallize|p1b: Urshifu|Water\n|move|p2a: Tornadus|Tailwind|p2a: Tornadus\n|-sidestart|p2: choosenickname123|move: Tailwind\n|move|p2b: Chi-Yu|Dark Pulse|p1b: Urshifu\n|-damage|p1b: Urshifu|20/100\n|move|p1b: Urshifu|Surging Strikes|p2b: Chi-Yu\n|-supereffective|p2b: Chi-Yu\n|-crit|p2b: Chi-Yu\n|-damage|p2b: Chi-Yu|0 fnt\n|faint|p2b: Chi-Yu\n|-hitcount|p2: Chi-Yu|1\n|move|p1a: Rillaboom|Wood Hammer|p2a: Tornadus\n|-resisted|p2a: Tornadus\n|-damage|p2a: Tornadus|0 fnt\n|faint|p2a: Tornadus\n|-damage|p1a: Rillaboom|94/100|[from] Recoil\n|\n|-heal|p1b: Urshifu|26/100|[from] Grassy Terrain\n|-heal|p1a: Rillaboom|99/100|[from] Grassy Terrain\n|upkeep\n|\n|t:|1746045567\n|switch|p2b: Calyrex|Calyrex-Shadow, L50, tera:Dark|56/100\n|switch|p2a: Zamazenta|Zamazenta-Crowned, L50|100/100\n|-ability|p2b: Calyrex|As One\n|-ability|p2b: Calyrex|Unnerve\n|-ability|p2a: Zamazenta|Dauntless Shield|boost\n|-boost|p2a: Zamazenta|def|1\n|turn|4\n|\n|t:|1746045584\n|move|p1b: Urshifu|Aqua Jet|p2b: Calyrex\n|-damage|p2b: Calyrex|13/100\n|move|p1a: Rillaboom|Grassy Glide|p2b: Calyrex\n|-damage|p2b: Calyrex|0 fnt\n|faint|p2b: Calyrex\n|move|p2a: Zamazenta|Body Press|p1b: Urshifu\n|-damage|p1b: Urshifu|0 fnt\n|faint|p1b: Urshifu\n|\n|-heal|p1a: Rillaboom|100/100|[from] Grassy Terrain\n|-sideend|p1: Sticky Glob|move: Tailwind\n|upkeep\n|turn|5\n|\n|t:|1746045589\n|move|p2a: Zamazenta|Body Press|p1a: Rillaboom\n|-damage|p1a: Rillaboom|39/100\n|move|p1a: Rillaboom|Wood Hammer|p2a: Zamazenta\n|-resisted|p2a: Zamazenta\n|-damage|p2a: Zamazenta|85/100\n|-damage|p1a: Rillaboom|35/100|[from] Recoil\n|\n|-heal|p2a: Zamazenta|92/100|[from] Grassy Terrain\n|-heal|p1a: Rillaboom|41/100|[from] Grassy Terrain\n|upkeep\n|turn|6\n|\n|t:|1746045592\n|move|p1a: Rillaboom|Grassy Glide|p2a: Zamazenta\n|-resisted|p2a: Zamazenta\n|-damage|p2a: Zamazenta|85/100\n|move|p2a: Zamazenta|Body Press|p1a: Rillaboom\n|-crit|p1a: Rillaboom\n|-damage|p1a: Rillaboom|0 fnt\n|faint|p1a: Rillaboom\n|\n|win|choosenickname123\n||choosenickname123 is ready for game 2.\n|inactive|Sticky Glob has 30 seconds to confirm battle start!\n||Sticky Glob is ready for game 2.\n|uhtml|next|Next: <a href=\"/battle-gen9vgc2025regibo3-2354216505\"><strong>Game 2 of 3</strong></a>\n|l|\u2606Sticky Glob\n|player|p1|\n", "uploadtime": 1746045935, "views": 16, "formatid": "gen9vgc2025regibo3", "rating": null, "private": 0, "password": null}