{"id": "gen9vgc2025regibo3-2353390607", "format": "[Gen 9] VGC 2025 Reg I (Bo3)", "players": ["dragonkenergy", "souraiz?vgc"], "log": "|j|\u2606dragonkenergy\n|j|\u2606souraiz?vgc\n|html|<table width=\"100%\"><tr><td align=\"left\">dragonkenergy</td><td align=\"right\">souraiz?vgc</tr><tr><td align=\"left\"><i class=\"fa fa-circle\"></i> <i class=\"fa fa-circle-o\"></i> </td><td align=\"right\"><i class=\"fa fa-circle-o\"></i> <i class=\"fa fa-circle\"></i> </tr></table>\n|uhtml|bestof|<h2><strong>Game 3</strong> of <a href=\"/game-bestof3-gen9vgc2025regibo3-2353385473\">a best-of-3</a></h2>\n|t:|1745951817\n|gametype|doubles\n|player|p1|dragonkenergy|265|1354\n|player|p2|souraiz?vgc|janine|1310\n|teamsize|p1|6\n|teamsize|p2|6\n|gen|9\n|tier|[Gen 9] VGC 2025 Reg I (Bo3)\n|rated|\n|rule|Species Clause: Limit one of each Pok\u00e9mon\n|rule|Item Clause: Limit 1 of each item\n|clearpoke\n|poke|p1|Miraidon, L50|\n|poke|p1|Ho-Oh, L50|\n|poke|p1|Iron Treads, L50|\n|poke|p1|Iron Hands, L50|\n|poke|p1|Iron Jugulis, L50|\n|poke|p1|Toxapex, L50, M|\n|poke|p2|Kyogre, L50|\n|poke|p2|Calyrex-Ice, L50|\n|poke|p2|Flutter Mane, L50|\n|poke|p2|Urshifu-*, L50, M|\n|poke|p2|Indeedee-F, L50, F|\n|poke|p2|Ursaluna-Bloodmoon, L50, M|\n|teampreview|4\n|showteam|p1|Miraidon||ChoiceScarf|HadronEngine|ElectroDrift,DracoMeteor,VoltSwitch,DazzlingGleam||||||50|,,,,,Electric]Ho-Oh||ClearAmulet|Regenerator|SacredFire,BraveBird,Tailwind,Protect||||||50|,,,,,Grass]Iron Treads||ChoiceBand|QuarkDrive|IronHead,Earthquake,HighHorsepower,SteelRoller||||||50|,,,,,Ghost]Iron Hands||AssaultVest|QuarkDrive|DrainPunch,LowKick,WildCharge,FakeOut||||||50|,,,,,Bug]Iron Jugulis||CovertCloak|QuarkDrive|Snarl,Tailwind,Protect,FlashCannon||||||50|,,,,,Steel]Toxapex||RockyHelmet|Regenerator|WideGuard,BanefulBunker,Infestation,Toxic|||M|||50|,,,,,Dark\n|showteam|p2|Kyogre||AssaultVest|Drizzle|WaterSpout,OriginPulse,IceBeam,Thunder||||||50|,,,,,Grass]Calyrex-Ice||ClearAmulet|AsOneGlastrier|GlacialLance,CloseCombat,TrickRoom,Protect||||||50|,,,,,Fire]Flutter Mane||BoosterEnergy|Protosynthesis|ShadowBall,Moonblast,IcyWind,Protect||||||50|,,,,,Fairy]Urshifu-Rapid-Strike||ChoiceBand|UnseenFist|CloseCombat,SurgingStrikes,AquaJet,Uturn|||M|||50|,,,,,Water]Indeedee-F||RockyHelmet|PsychicSurge|Psychic,HelpingHand,FollowMe,TrickRoom|||F|||50|,,,,,Grass]Ursaluna-Bloodmoon||LifeOrb|MindsEye|EarthPower,HyperVoice,BloodMoon,Protect|||M|||50|,,,,,Normal\n|inactive|Battle timer is ON: inactive players will automatically lose when time's up. (requested by souraiz?vgc)\n|\n|t:|1745951845\n|start\n|switch|p1a: Iron Hands|Iron Hands, L50|100/100\n|switch|p1b: Ho-Oh|Ho-Oh, L50|100/100\n|switch|p2a: Ursaluna|Ursaluna-Bloodmoon, L50, M|100/100\n|switch|p2b: Indeedee|Indeedee-F, L50, F|100/100\n|-fieldstart|move: Psychic Terrain|[from] ability: Psychic Surge|[of] p2b: Indeedee\n|turn|1\n|inactive|dragonkenergy has 30 seconds left.\n|inactive|souraiz?vgc has 30 seconds left.\n|\n|t:|1745951876\n|-terastallize|p1a: Iron Hands|Bug\n|move|p2b: Indeedee|Follow Me|p2b: Indeedee\n|-singleturn|p2b: Indeedee|move: Follow Me\n|move|p1b: Ho-Oh|Sacred Fire|p2b: Indeedee\n|-crit|p2b: Indeedee\n|-damage|p2b: Indeedee|22/100\n|move|p2a: Ursaluna|Earth Power|p1a: Iron Hands\n|-resisted|p1a: Iron Hands\n|-damage|p1a: Iron Hands|81/100\n|-unboost|p1a: Iron Hands|spd|1\n|-damage|p2a: Ursaluna|90/100|[from] item: Life Orb\n|move|p1a: Iron Hands|Low Kick|p2b: Indeedee\n|-damage|p2b: Indeedee|0 fnt\n|-damage|p1a: Iron Hands|65/100|[from] item: Rocky Helmet|[of] p2b: Indeedee\n|faint|p2b: Indeedee\n|\n|upkeep\n|\n|t:|1745951896\n|switch|p2b: Kyogre|Kyogre, L50|100/100\n|-weather|RainDance|[from] ability: Drizzle|[of] p2b: Kyogre\n|turn|2\n|\n|t:|1745951909\n|switch|p2a: Calyrex|Calyrex-Ice, L50|100/100\n|-ability|p2a: Calyrex|As One\n|-ability|p2a: Calyrex|Unnerve\n|-end|p1a: Iron Hands|Quark Drive|[silent]\n|switch|p1a: Toxapex|Toxapex, L50, M|100/100\n|move|p1b: Ho-Oh|Brave Bird|p2b: Kyogre\n|-damage|p2b: Kyogre|44/100\n|-damage|p1b: Ho-Oh|83/100|[from] Recoil\n|move|p2b: Kyogre|Water Spout|p1b: Ho-Oh|[spread] p1a,p1b\n|-resisted|p1a: Toxapex\n|-supereffective|p1b: Ho-Oh\n|-damage|p1a: Toxapex|79/100\n|-damage|p1b: Ho-Oh|26/100\n|\n|-weather|RainDance|[upkeep]\n|upkeep\n|turn|3\n|inactive|souraiz?vgc has 30 seconds left.\n|\n|t:|1745951935\n|switch|p2b: Ursaluna|Ursaluna-Bloodmoon, L50, M|90/100\n|move|p1b: Ho-Oh|Brave Bird|p2b: Ursaluna\n|-damage|p2b: Ursaluna|42/100\n|-damage|p1b: Ho-Oh|11/100|[from] Recoil\n|move|p1a: Toxapex|Toxic|p2a: Calyrex\n|-status|p2a: Calyrex|tox\n|move|p2a: Calyrex|Trick Room|p2a: Calyrex\n|-fieldstart|move: Trick Room|[of] p2a: Calyrex\n|\n|-weather|RainDance|[upkeep]\n|-damage|p2a: Calyrex|94/100 tox|[from] psn\n|upkeep\n|turn|4\n|\n|t:|1745951949\n|move|p1a: Toxapex|Baneful Bunker|p1a: Toxapex\n|-singleturn|p1a: Toxapex|move: Protect\n|move|p1b: Ho-Oh|Protect|p1b: Ho-Oh\n|-singleturn|p1b: Ho-Oh|Protect\n|move|p2a: Calyrex|Close Combat|p1b: Ho-Oh\n|-activate|p1b: Ho-Oh|move: Protect\n|move|p2b: Ursaluna|Earth Power|p1a: Toxapex\n|-activate|p1a: Toxapex|move: Protect\n|\n|-weather|RainDance|[upkeep]\n|-damage|p2a: Calyrex|82/100 tox|[from] psn\n|upkeep\n|turn|5\n|inactive|dragonkenergy has 30 seconds left.\n|inactive|dragonkenergy has 20 seconds left.\n|\n|t:|1745951984\n|switch|p1b: Iron Hands|Iron Hands, L50, tera:Bug|65/100\n|move|p1a: Toxapex|Wide Guard|p1a: Toxapex\n|-singleturn|p1a: Toxapex|Wide Guard\n|move|p2a: Calyrex|Glacial Lance|p1a: Toxapex|[spread] \n|-activate|p1a: Toxapex|move: Wide Guard\n|-activate|p1b: Iron Hands|move: Wide Guard\n|move|p2b: Ursaluna|Earth Power|p1a: Toxapex\n|-supereffective|p1a: Toxapex\n|-damage|p1a: Toxapex|0 fnt\n|faint|p1a: Toxapex\n|-damage|p2b: Ursaluna|32/100|[from] item: Life Orb\n|\n|-weather|RainDance|[upkeep]\n|-damage|p2a: Calyrex|64/100 tox|[from] psn\n|-fieldend|move: Psychic Terrain\n|upkeep\n|\n|t:|1745951999\n|switch|p1a: Ho-Oh|Ho-Oh, L50|44/100\n|turn|6\n|\n|t:|1745952015\n|move|p2a: Calyrex|Protect|p2a: Calyrex\n|-singleturn|p2a: Calyrex|Protect\n|move|p2b: Ursaluna|Protect|p2b: Ursaluna\n|-singleturn|p2b: Ursaluna|Protect\n|move|p1b: Iron Hands|Fake Out|p2a: Calyrex\n|-activate|p2a: Calyrex|move: Protect\n|move|p1a: Ho-Oh|Brave Bird|p2b: Ursaluna\n|-activate|p2b: Ursaluna|move: Protect\n|\n|-weather|none\n|-damage|p2a: Calyrex|40/100 tox|[from] psn\n|upkeep\n|turn|7\n|\n|t:|1745952040\n|move|p1a: Ho-Oh|Protect|p1a: Ho-Oh\n|-singleturn|p1a: Ho-Oh|Protect\n|move|p1b: Iron Hands|Low Kick|p2a: Calyrex\n|-damage|p2a: Calyrex|0 fnt\n|faint|p2a: Calyrex\n|move|p2b: Ursaluna|Blood Moon|p1b: Iron Hands\n|-damage|p1b: Iron Hands|9/100\n|-damage|p2b: Ursaluna|22/100|[from] item: Life Orb\n|\n|-fieldend|move: Trick Room\n|upkeep\n|\n|t:|1745952050\n|switch|p2a: Kyogre|Kyogre, L50|44/100\n|-weather|RainDance|[from] ability: Drizzle|[of] p2a: Kyogre\n|turn|8\n|\n|t:|1745952058\n|-terastallize|p2b: Ursaluna|Normal\n|move|p1a: Ho-Oh|Brave Bird|p2a: Kyogre\n|-damage|p2a: Kyogre|0 fnt\n|faint|p2a: Kyogre\n|-damage|p1a: Ho-Oh|31/100|[from] Recoil\n|move|p2b: Ursaluna|Hyper Voice|p1a: Ho-Oh|[spread] p1a,p1b\n|-damage|p1a: Ho-Oh|0 fnt\n|-damage|p1b: Iron Hands|0 fnt\n|faint|p1a: Ho-Oh\n|faint|p1b: Iron Hands\n|-end|p1b: Iron Hands|Quark Drive|[silent]\n|-damage|p2b: Ursaluna|12/100|[from] item: Life Orb\n|\n|-weather|RainDance|[upkeep]\n|upkeep\n|c|\u2606souraiz?vgc|gg\n|\n|t:|1745952062\n|switch|p1b: Miraidon|Miraidon, L50|100/100\n|-fieldstart|move: Electric Terrain|[from] ability: Hadron Engine|[of] p1b: Miraidon\n|turn|9\n|c|\u2606dragonkenergy|ggs\n|\n|t:|1745952075\n|move|p1b: Miraidon|Electro Drift|p2b: Ursaluna\n|-damage|p2b: Ursaluna|0 fnt\n|faint|p2b: Ursaluna\n|\n|win|dragonkenergy\n|raw|dragonkenergy's rating: 1354 &rarr; <strong>1371</strong><br />(+17 for winning)\n|raw|souraiz?vgc's rating: 1310 &rarr; <strong>1293</strong><br />(-17 for losing)\n|l|\u2606souraiz?vgc\n|player|p2|\n", "uploadtime": 1745952095, "views": 35, "formatid": "gen9vgc2025regibo3", "rating": 1293, "private": 0, "password": null}