{"id": "gen9vgc2025regibo3-2353692072", "format": "[Gen 9] VGC 2025 Reg I (Bo3)", "players": ["Gallerycaleb", "lettitripppp"], "log": "|j|\u2606Gallerycaleb\n|j|\u2606lettitripppp\n|html|<table width=\"100%\"><tr><td align=\"left\">Gallerycaleb</td><td align=\"right\">lettitripppp</tr><tr><td align=\"left\"><i class=\"fa fa-circle-o\"></i> <i class=\"fa fa-circle-o\"></i> </td><td align=\"right\"><i class=\"fa fa-circle-o\"></i> <i class=\"fa fa-circle\"></i> </tr></table>\n|uhtml|bestof|<h2><strong>Game 2</strong> of <a href=\"/game-bestof3-gen9vgc2025regibo3-2353690440\">a best-of-3</a></h2>\n|t:|1745984299\n|gametype|doubles\n|player|p1|Gallerycaleb|102|1017\n|player|p2|lettitripppp|lucas|1054\n|teamsize|p1|6\n|teamsize|p2|6\n|gen|9\n|tier|[Gen 9] VGC 2025 Reg I (Bo3)\n|rated|\n|rule|Species Clause: Limit one of each Pok\u00e9mon\n|rule|Item Clause: Limit 1 of each item\n|clearpoke\n|poke|p1|Archaludon, L50, F|\n|poke|p1|Kyogre, L50|\n|poke|p1|Annihilape, L50, F|\n|poke|p1|Shiftry, L50, M|\n|poke|p1|Miraidon, L50|\n|poke|p1|Gastrodon, L50, F|\n|poke|p2|Calyrex-Ice, L50|\n|poke|p2|Miraidon, L50|\n|poke|p2|Grimmsnarl, L50, M|\n|poke|p2|Iron Treads, L50|\n|poke|p2|Ogerpon-Hearthflame, L50, F|\n|poke|p2|Urshifu-*, L50, M|\n|teampreview|4\n|showteam|p1|Archaludon||AssaultVest|Stamina|Thunder,ElectroShot,DragonPulse,FlashCannon|||F|||50|,,,,,Steel]Kyogre||ChoiceScarf|Drizzle|WaterSpout,OriginPulse,Thunder,IcyWind||||||50|,,,,,Water]Annihilape||SitrusBerry|Defiant|RageFist,FinalGambit,BulkUp,DrainPunch|||F|||50|,,,,,Fighting]Shiftry||FocusSash|WindRider|Tailwind,BeatUp,KnockOff,LeafBlade|||M|||50|,,,,,Grass]Miraidon||ChoiceSpecs|HadronEngine|ElectroDrift,DracoMeteor,ParabolicCharge,VoltSwitch||||||50|,,,,,Electric]Gastrodon||Leftovers|StormDrain|ClearSmog,IcyWind,Recover,Yawn|||F|||50|,,,,,Water\n|showteam|p2|Calyrex-Ice||ClearAmulet|AsOneGlastrier|HighHorsepower,GlacialLance,TrickRoom,Protect||||||50|,,,,,Fire]Miraidon||ChoiceSpecs|HadronEngine|DazzlingGleam,DracoMeteor,ElectroDrift,VoltSwitch||||||50|,,,,,Fairy]Grimmsnarl||LightClay|Prankster|ThunderWave,LightScreen,SpiritBreak,Reflect|||M|||50|,,,,,Ghost]Iron Treads||ChoiceBand|QuarkDrive|HighHorsepower,SteelRoller,IronHead,RockSlide||||||50|,,,,,Ghost]Ogerpon-Hearthflame||HearthflameMask|MoldBreaker|HornLeech,IvyCudgel,FollowMe,SpikyShield|||F|||50|,,,,,Fire]Urshifu-Rapid-Strike||FocusSash|UnseenFist|SurgingStrikes,CloseCombat,Taunt,Detect|||M|||50|,,,,,Water\n|\n|t:|1745984315\n|start\n|switch|p1a: Miraidon|Miraidon, L50|100/100\n|switch|p1b: Kyogre|Kyogre, L50|100/100\n|switch|p2a: Miraidon|Miraidon, L50|100/100\n|switch|p2b: Grimmsnarl|Grimmsnarl, L50, M|100/100\n|-weather|RainDance|[from] ability: Drizzle|[of] p1b: Kyogre\n|-fieldstart|move: Electric Terrain|[from] ability: Hadron Engine|[of] p1a: Miraidon\n|-activate|p2a: Miraidon|ability: Hadron Engine\n|turn|1\n|inactive|Battle timer is ON: inactive players will automatically lose when time's up. (requested by Gallerycaleb)\n|\n|t:|1745984335\n|move|p2b: Grimmsnarl|Light Screen|p2b: Grimmsnarl\n|-sidestart|p2: lettitripppp|move: Light Screen\n|move|p1b: Kyogre|Icy Wind|p2a: Miraidon|[spread] p2a,p2b\n|-supereffective|p2a: Miraidon\n|-damage|p2a: Miraidon|81/100\n|-damage|p2b: Grimmsnarl|90/100\n|-unboost|p2a: Miraidon|spe|1\n|-unboost|p2b: Grimmsnarl|spe|1\n|move|p1a: Miraidon|Draco Meteor|p2a: Miraidon\n|-supereffective|p2a: Miraidon\n|-damage|p2a: Miraidon|0 fnt\n|-unboost|p1a: Miraidon|spa|2\n|faint|p2a: Miraidon\n|\n|-weather|RainDance|[upkeep]\n|upkeep\n|\n|t:|1745984348\n|switch|p2a: Iron Treads|Iron Treads, L50|100/100\n|-activate|p2a: Iron Treads|ability: Quark Drive\n|-start|p2a: Iron Treads|quarkdrivespe\n|turn|2\n|\n|t:|1745984359\n|switch|p1b: Archaludon|Archaludon, L50, F, shiny|100/100\n|switch|p1a: Gastrodon|Gastrodon, L50, F|100/100\n|move|p2b: Grimmsnarl|Thunder Wave|p1b: Archaludon\n|-status|p1b: Archaludon|par\n|move|p2a: Iron Treads|High Horsepower|p1b: Archaludon\n|-supereffective|p1b: Archaludon\n|-damage|p1b: Archaludon|0 fnt\n|faint|p1b: Archaludon\n|\n|-weather|RainDance|[upkeep]\n|upkeep\n|\n|t:|1745984371\n|switch|p1b: Kyogre|Kyogre, L50|100/100\n|turn|3\n|\n|t:|1745984384\n|-terastallize|p2a: Iron Treads|Ghost\n|-terastallize|p1b: Kyogre|Water\n|move|p2b: Grimmsnarl|Thunder Wave|p1b: Kyogre\n|-status|p1b: Kyogre|par\n|move|p2a: Iron Treads|High Horsepower|p1b: Kyogre\n|-damage|p1b: Kyogre|26/100 par\n|move|p1b: Kyogre|Water Spout|p2b: Grimmsnarl|[spread] p2a,p2b\n|-damage|p2a: Iron Treads|72/100\n|-damage|p2b: Grimmsnarl|70/100\n|move|p1a: Gastrodon|Yawn|p2a: Iron Treads\n|-activate|p2a: Iron Treads|move: Electric Terrain\n|\n|-weather|RainDance|[upkeep]\n|upkeep\n|turn|4\n|\n|t:|1745984403\n|move|p2b: Grimmsnarl|Reflect|p2b: Grimmsnarl\n|-sidestart|p2: lettitripppp|Reflect\n|move|p2a: Iron Treads|High Horsepower|p1b: Kyogre\n|-damage|p1b: Kyogre|0 fnt\n|faint|p1b: Kyogre\n|move|p1a: Gastrodon|Icy Wind|p2b: Grimmsnarl|[spread] p2a,p2b\n|-damage|p2a: Iron Treads|61/100\n|-damage|p2b: Grimmsnarl|63/100\n|-unboost|p2a: Iron Treads|spe|1\n|-unboost|p2b: Grimmsnarl|spe|1\n|\n|-weather|RainDance|[upkeep]\n|upkeep\n|\n|t:|1745984407\n|switch|p1b: Miraidon|Miraidon, L50|100/100\n|-activate|p1b: Miraidon|ability: Hadron Engine\n|turn|5\n|\n|t:|1745984420\n|move|p2b: Grimmsnarl|Thunder Wave|p1a: Gastrodon\n|-immune|p1a: Gastrodon\n|move|p1b: Miraidon|Electro Drift|p2a: Iron Treads\n|-damage|p2a: Iron Treads|0 fnt\n|faint|p2a: Iron Treads\n|-end|p2a: Iron Treads|Quark Drive|[silent]\n|move|p1a: Gastrodon|Icy Wind|p2b: Grimmsnarl\n|-damage|p2b: Grimmsnarl|53/100\n|-unboost|p2b: Grimmsnarl|spe|1\n|\n|-weather|none\n|-fieldend|move: Electric Terrain\n|upkeep\n|\n|t:|1745984429\n|switch|p2a: Calyrex|Calyrex-Ice, L50|100/100\n|-ability|p2a: Calyrex|As One\n|-ability|p2a: Calyrex|Unnerve\n|turn|6\n|\n|t:|1745984437\n|move|p1b: Miraidon|Electro Drift|p2a: Calyrex\n|-damage|p2a: Calyrex|68/100\n|move|p2a: Calyrex|Glacial Lance|p1b: Miraidon|[spread] p1a,p1b\n|-supereffective|p1b: Miraidon\n|-damage|p1a: Gastrodon|37/100\n|-damage|p1b: Miraidon|0 fnt\n|faint|p1b: Miraidon\n|-ability|p2a: Calyrex|Chilling Neigh|boost\n|-boost|p2a: Calyrex|atk|1\n|move|p1a: Gastrodon|Icy Wind|p2b: Grimmsnarl|[spread] p2a\n|-miss|p1a: Gastrodon|p2b: Grimmsnarl\n|-resisted|p2a: Calyrex\n|-damage|p2a: Calyrex|65/100\n|move|p2b: Grimmsnarl|Spirit Break|p1a: Gastrodon\n|-damage|p1a: Gastrodon|6/100\n|-unboost|p1a: Gastrodon|spa|1\n|\n|-heal|p1a: Gastrodon|12/100|[from] item: Leftovers\n|upkeep\n|turn|7\n|\n|t:|1745984456\n|move|p2b: Grimmsnarl|Thunder Wave|p1a: Gastrodon\n|-immune|p1a: Gastrodon\n|move|p2a: Calyrex|Glacial Lance|p1a: Gastrodon\n|-damage|p1a: Gastrodon|0 fnt\n|faint|p1a: Gastrodon\n|\n|win|lettitripppp\n|raw|Gallerycaleb's rating: 1017 &rarr; <strong>1006</strong><br />(-11 for losing)\n|raw|lettitripppp's rating: 1054 &rarr; <strong>1083</strong><br />(+29 for winning)\n|l|\u2606Gallerycaleb\n|player|p1|\n", "uploadtime": 1745984460, "views": 6, "formatid": "gen9vgc2025regibo3", "rating": 1006, "private": 0, "password": null}