{"id": "gen9vgc2025regibo3-2354327046", "format": "[Gen 9] VGC 2025 Reg I (Bo3)", "players": ["pokefaqk", "amarin93"], "log": "|j|\u2606pokefaqk\n|j|\u2606amarin93\n|html|<table width=\"100%\"><tr><td align=\"left\">pokefaqk</td><td align=\"right\">amarin93</tr><tr><td align=\"left\"><i class=\"fa fa-circle-o\"></i> <i class=\"fa fa-circle-o\"></i> </td><td align=\"right\"><i class=\"fa fa-circle-o\"></i> <i class=\"fa fa-circle-o\"></i> </tr></table>\n|uhtml|bestof|<h2><strong>Game 1</strong> of <a href=\"/game-bestof3-gen9vgc2025regibo3-2354327045\">a best-of-3</a></h2>\n|t:|1746057774\n|gametype|doubles\n|player|p1|pokefaqk|101|1209\n|player|p2|amarin93|lucas-gen4pt|1268\n|teamsize|p1|6\n|teamsize|p2|6\n|gen|9\n|tier|[Gen 9] VGC 2025 Reg I (Bo3)\n|rated|\n|rule|Species Clause: Limit one of each Pok\u00e9mon\n|rule|Item Clause: Limit 1 of each item\n|clearpoke\n|poke|p1|Walking Wake, L50|\n|poke|p1|Ho-Oh, L50|\n|poke|p1|Koraidon, L50|\n|poke|p1|Rillaboom, L50, M|\n|poke|p1|Cobalion, L50|\n|poke|p1|Brute Bonnet, L50|\n|poke|p2|Koraidon, L50|\n|poke|p2|Charizard, L50, M|\n|poke|p2|Flutter Mane, L50|\n|poke|p2|Raging Bolt, L50|\n|poke|p2|Calyrex-Ice, L50|\n|poke|p2|Shiftry, L50, M|\n|teampreview|4\n|showteam|p1|Walking Wake||LifeOrb|Protosynthesis|HydroSteam,DracoMeteor,WeatherBall,Protect||||||50|,,,,,Water]Ho-Oh||CovertCloak|Regenerator|SacredFire,BraveBird,Recover,Tailwind||||||50|,,,,,Grass]Koraidon||ClearAmulet|OrichalcumPulse|CollisionCourse,BreakingSwipe,FlareBlitz,Protect||||||50|,,,,,Fire]Rillaboom||AssaultVest|GrassySurge|FakeOut,DrumBeating,KnockOff,GrassyGlide|||M|||50|,,,,,Water]Cobalion||GrassySeed|Justified|BodyPress,IronDefense,Taunt,Protect||||||50|,,,,,Fairy]Brute Bonnet||FocusSash|Protosynthesis|Crunch,Spore,RagePowder,Protect||||||50|,,,,,Water\n|showteam|p2|Koraidon||LifeOrb|OrichalcumPulse|CloseCombat,FlareBlitz,FlameCharge,Protect||||||50|,,,,,Fire]Charizard||ChoiceSpecs|SolarPower|HeatWave,Overheat,AirSlash,Flamethrower|||M|||50|,,,,,Fire]Flutter Mane||FocusSash|Protosynthesis|Moonblast,IcyWind,ThunderWave,Taunt||||||50|,,,,,Normal]Raging Bolt||AssaultVest|Protosynthesis|Snarl,Thunderbolt,Thunderclap,DragonPulse||||||50|,,,,,Water]Calyrex-Ice||ClearAmulet|AsOneGlastrier|GlacialLance,HighHorsepower,TrickRoom,Imprison||||||50|,,,,,Fire]Shiftry||CovertCloak|Chlorophyll|FakeOut,KnockOff,LeafBlade,Tailwind|||M|||50|,,,,,Ghost\n|inactive|Battle timer is ON: inactive players will automatically lose when time's up. (requested by pokefaqk)\n|inactive|pokefaqk has 60 seconds left.\n|\n|t:|1746057815\n|start\n|switch|p1a: brenn baby|Ho-Oh, L50, shiny|100/100\n|switch|p1b: Brute Bonnet|Brute Bonnet, L50|100/100\n|switch|p2a: Flutter Mane|Flutter Mane, L50|100/100\n|switch|p2b: Raging Bolt|Raging Bolt, L50|100/100\n|turn|1\n|\n|t:|1746057838\n|move|p1b: Brute Bonnet|Protect|p1b: Brute Bonnet\n|-singleturn|p1b: Brute Bonnet|Protect\n|move|p2a: Flutter Mane|Taunt|p1b: Brute Bonnet\n|-activate|p1b: Brute Bonnet|move: Protect\n|move|p1a: brenn baby|Tailwind|p1a: brenn baby\n|-sidestart|p1: pokefaqk|move: Tailwind\n|move|p2b: Raging Bolt|Thunderbolt|p1a: brenn baby\n|-supereffective|p1a: brenn baby\n|-damage|p1a: brenn baby|45/100\n|\n|upkeep\n|turn|2\n|inactive|pokefaqk has 30 seconds left.\n|\n|t:|1746057867\n|-terastallize|p1a: brenn baby|Grass\n|move|p1b: Brute Bonnet|Spore|p2a: Flutter Mane\n|-status|p2a: Flutter Mane|slp|[from] move: Spore\n|move|p1a: brenn baby|Recover|p1a: brenn baby\n|-heal|p1a: brenn baby|95/100\n|cant|p2a: Flutter Mane|slp\n|move|p2b: Raging Bolt|Thunderbolt|p1a: brenn baby\n|-resisted|p1a: brenn baby\n|-damage|p1a: brenn baby|82/100\n|\n|upkeep\n|turn|3\n|\n|t:|1746057888\n|move|p1b: Brute Bonnet|Spore|p2b: Raging Bolt\n|-status|p2b: Raging Bolt|slp|[from] move: Spore\n|move|p1a: brenn baby|Sacred Fire|p2a: Flutter Mane\n|-damage|p2a: Flutter Mane|8/100 slp\n|cant|p2a: Flutter Mane|slp\n|cant|p2b: Raging Bolt|slp\n|\n|upkeep\n|turn|4\n|\n|t:|1746057905\n|move|p1b: Brute Bonnet|Crunch|p2b: Raging Bolt\n|-damage|p2b: Raging Bolt|68/100 slp\n|move|p1a: brenn baby|Brave Bird|p2a: Flutter Mane\n|-damage|p2a: Flutter Mane|0 fnt\n|faint|p2a: Flutter Mane\n|-end|p2a: Flutter Mane|Protosynthesis|[silent]\n|-damage|p1a: brenn baby|80/100|[from] Recoil\n|cant|p2b: Raging Bolt|slp\n|\n|-sideend|p1: pokefaqk|move: Tailwind\n|upkeep\n|\n|t:|1746057917\n|switch|p2a: Koraidon|Koraidon, L50|100/100\n|-weather|SunnyDay|[from] ability: Orichalcum Pulse|[of] p2a: Koraidon\n|-activate|p1b: Brute Bonnet|ability: Protosynthesis\n|-start|p1b: Brute Bonnet|protosynthesisatk\n|-activate|p2b: Raging Bolt|ability: Protosynthesis\n|-start|p2b: Raging Bolt|protosynthesisspa\n|-activate|p2a: Koraidon|Orichalcum Pulse|[source]\n|turn|5\n|\n|t:|1746057936\n|-terastallize|p2a: Koraidon|Fire\n|move|p1b: Brute Bonnet|Rage Powder|p1b: Brute Bonnet\n|-singleturn|p1b: Brute Bonnet|move: Rage Powder\n|move|p2a: Koraidon|Flame Charge|p1b: Brute Bonnet\n|-supereffective|p1b: Brute Bonnet\n|-enditem|p1b: Brute Bonnet|Focus Sash\n|-damage|p1b: Brute Bonnet|1/100\n|-boost|p2a: Koraidon|spe|1\n|-damage|p2a: Koraidon|91/100|[from] item: Life Orb\n|move|p1a: brenn baby|Tailwind|p1a: brenn baby\n|-sidestart|p1: pokefaqk|move: Tailwind\n|-curestatus|p2b: Raging Bolt|slp|[msg]\n|move|p2b: Raging Bolt|Snarl|p1a: brenn baby|[spread] p1a,p1b\n|-resisted|p1b: Brute Bonnet\n|-damage|p1a: brenn baby|70/100\n|-damage|p1b: Brute Bonnet|0 fnt\n|faint|p1b: Brute Bonnet\n|-end|p1b: Brute Bonnet|Protosynthesis|[silent]\n|\n|-weather|SunnyDay|[upkeep]\n|upkeep\n|\n|t:|1746057951\n|switch|p1b: Koraidon|Koraidon, L50|100/100\n|-activate|p1b: Koraidon|ability: Orichalcum Pulse\n|turn|6\n|\n|t:|1746057973\n|move|p1b: Koraidon|Collision Course|p2b: Raging Bolt\n|-damage|p2b: Raging Bolt|8/100\n|move|p2a: Koraidon|Flame Charge|p1a: brenn baby\n|-supereffective|p1a: brenn baby\n|-damage|p1a: brenn baby|0 fnt\n|-boost|p2a: Koraidon|spe|1\n|faint|p1a: brenn baby\n|-damage|p2a: Koraidon|81/100|[from] item: Life Orb\n|move|p2b: Raging Bolt|Dragon Pulse|p1b: Koraidon\n|-supereffective|p1b: Koraidon\n|-damage|p1b: Koraidon|0 fnt\n|faint|p1b: Koraidon\n|\n|-weather|SunnyDay|[upkeep]\n|upkeep\n|-message|pokefaqk forfeited.\n|\n|win|amarin93\n|l|\u2606pokefaqk\n|player|p1|\n||pokefaqk is ready for game 2.\n||amarin93 is ready for game 2.\n|uhtml|next|Next: <a href=\"/battle-gen9vgc2025regibo3-2354328886\"><strong>Game 2 of 3</strong></a>\n|l|\u2606amarin93\n|player|p2|\n", "uploadtime": 1746058337, "views": 7, "formatid": "gen9vgc2025regibo3", "rating": null, "private": 0, "password": null}