{"id": "gen9vgc2025regibo3-2354083510", "format": "[Gen 9] VGC 2025 Reg I (Bo3)", "players": ["testingteams1010", "juacox300"], "log": "|j|\u2606testingteams1010\n|j|\u2606juacox300\n|html|<table width=\"100%\"><tr><td align=\"left\">testingteams1010</td><td align=\"right\">juacox300</tr><tr><td align=\"left\"><i class=\"fa fa-circle\"></i> <i class=\"fa fa-circle-o\"></i> </td><td align=\"right\"><i class=\"fa fa-circle-o\"></i> <i class=\"fa fa-circle-o\"></i> </tr></table>\n|uhtml|bestof|<h2><strong>Game 2</strong> of <a href=\"/game-bestof3-gen9vgc2025regibo3-2354080799\">a best-of-3</a></h2>\n|t:|1746033424\n|gametype|doubles\n|player|p1|testingteams1010|170|1334\n|player|p2|juacox300|unknown|1434\n|teamsize|p1|6\n|teamsize|p2|6\n|gen|9\n|tier|[Gen 9] VGC 2025 Reg I (Bo3)\n|rated|\n|rule|Species Clause: Limit one of each Pok\u00e9mon\n|rule|Item Clause: Limit 1 of each item\n|clearpoke\n|poke|p1|Miraidon, L50|\n|poke|p1|Grimmsnarl, L50, M|\n|poke|p1|Iron Hands, L50|\n|poke|p1|Volcarona, L50, F|\n|poke|p1|Ditto, L50|\n|poke|p1|Zamazenta-*, L50|\n|poke|p2|Miraidon, L50|\n|poke|p2|Iron Hands, L50|\n|poke|p2|Calyrex-Ice, L50|\n|poke|p2|Incineroar, L50, M|\n|poke|p2|Chi-Yu, L50|\n|poke|p2|Alcremie-Salted-Cream, L50, F|\n|teampreview|4\n|showteam|p1|Miraidon||ChoiceSpecs|HadronEngine|ElectroDrift,DracoMeteor,DazzlingGleam,VoltSwitch||||||50|,,,,,Fairy]Grimmsnarl||LightClay|Prankster|FoulPlay,ThunderWave,LightScreen,Reflect|||M|||50|,,,,,Ghost]Iron Hands||AssaultVest|QuarkDrive|DrainPunch,WildCharge,VoltSwitch,FakeOut||||||50|,,,,,Water]Volcarona||Leftovers|FlameBody|FieryDance,QuiverDance,StruggleBug,Protect|||F|||50|,,,,,Grass]Ditto||FocusSash|Imposter|Transform||||||50|,,,,,Normal]Zamazenta-Crowned||RustedShield|DauntlessShield|BodyPress,behemothbash,WideGuard,Protect||||||50|,,,,,Dragon\n|showteam|p2|Miraidon||LifeOrb|HadronEngine|ElectroDrift,DracoMeteor,Protect,DazzlingGleam||||||50|,,,,,Fairy]Iron Hands||AssaultVest|QuarkDrive|WildCharge,LowKick,FakeOut,HeavySlam||||||50|,,,,,Fire]Calyrex-Ice||ClearAmulet|AsOneGlastrier|GlacialLance,HighHorsepower,Protect,TrickRoom||||||50|,,,,,Dragon]Incineroar||RockyHelmet|Intimidate|KnockOff,FlareBlitz,FakeOut,Taunt|||M|||50|,,,,,Poison]Chi-Yu||ChoiceScarf|BeadsofRuin|HeatWave,Snarl,Overheat,DarkPulse||||||50|,,,,,Ghost]Alcremie-Salted-Cream||CovertCloak|AromaVeil|AlluringVoice,Decorate,Protect,Encore|||F|||50|,,,,,Grass\n|\n|t:|1746033440\n|start\n|switch|p1a: Iron Hands|Iron Hands, L50, shiny|100/100\n|switch|p1b: Miraidon|Miraidon, L50|100/100\n|switch|p2a: Miraidon|Miraidon, L50|100/100\n|switch|p2b: Elena|Alcremie-Salted-Cream, L50, F|100/100\n|-fieldstart|move: Electric Terrain|[from] ability: Hadron Engine|[of] p2a: Miraidon\n|-activate|p1a: Iron Hands|ability: Quark Drive\n|-start|p1a: Iron Hands|quarkdriveatk\n|-activate|p1b: Miraidon|ability: Hadron Engine\n|turn|1\n|\n|t:|1746033462\n|move|p2a: Miraidon|Protect|p2a: Miraidon\n|-singleturn|p2a: Miraidon|Protect\n|move|p2b: Elena|Protect|p2b: Elena\n|-singleturn|p2b: Elena|Protect\n|move|p1a: Iron Hands|Fake Out|p2a: Miraidon\n|-activate|p2a: Miraidon|move: Protect\n|move|p1b: Miraidon|Dazzling Gleam|p2a: Miraidon|[spread] \n|-activate|p2a: Miraidon|move: Protect\n|-activate|p2b: Elena|move: Protect\n|\n|upkeep\n|turn|2\n|\n|t:|1746033489\n|-terastallize|p2a: Miraidon|Fairy\n|-terastallize|p1b: Miraidon|Fairy\n|move|p2a: Miraidon|Dazzling Gleam|p1a: Iron Hands|[spread] p1a,p1b\n|-supereffective|p1a: Iron Hands\n|-crit|p1a: Iron Hands\n|-damage|p1a: Iron Hands|12/100\n|-damage|p1b: Miraidon|49/100\n|-damage|p2a: Miraidon|91/100|[from] item: Life Orb\n|move|p1b: Miraidon|Dazzling Gleam|p2a: Miraidon|[spread] p2a,p2b\n|-damage|p2a: Miraidon|34/100\n|-damage|p2b: Elena|47/100\n|move|p2b: Elena|Encore|p1a: Iron Hands\n|-start|p1a: Iron Hands|Encore\n|move|p1a: Iron Hands|Fake Out||[still]\n|-hint|Fake Out only works on your first turn out.\n|-fail|p1a: Iron Hands\n|\n|upkeep\n|turn|3\n|\n|t:|1746033510\n|-end|p1a: Iron Hands|Quark Drive|[silent]\n|switch|p1a: Zamazenta|Zamazenta-Crowned, L50, shiny|100/100\n|-ability|p1a: Zamazenta|Dauntless Shield|boost\n|-boost|p1a: Zamazenta|def|1\n|move|p1b: Miraidon|Dazzling Gleam|p2b: Elena|[spread] p2a,p2b\n|-damage|p2a: Miraidon|0 fnt\n|-damage|p2b: Elena|0 fnt\n|faint|p2a: Miraidon\n|faint|p2b: Elena\n|\n|upkeep\n|\n|t:|1746033517\n|switch|p2a: Calyrex|Calyrex-Ice, L50|100/100\n|switch|p2b: FerroNalgada|Iron Hands, L50|100/100\n|-ability|p2a: Calyrex|As One\n|-ability|p2a: Calyrex|Unnerve\n|-activate|p2b: FerroNalgada|ability: Quark Drive\n|-start|p2b: FerroNalgada|quarkdriveatk\n|turn|4\n|\n|t:|1746033544\n|move|p2b: FerroNalgada|Fake Out|p1a: Zamazenta\n|-resisted|p1a: Zamazenta\n|-damage|p1a: Zamazenta|97/100\n|move|p1b: Miraidon|Dazzling Gleam|p2b: FerroNalgada|[spread] p2a,p2b\n|-supereffective|p2b: FerroNalgada\n|-damage|p2a: Calyrex|59/100\n|-damage|p2b: FerroNalgada|34/100\n|cant|p1a: Zamazenta|flinch\n|move|p2a: Calyrex|Trick Room|p2a: Calyrex\n|-fieldstart|move: Trick Room|[of] p2a: Calyrex\n|\n|upkeep\n|turn|5\n|\n|t:|1746033552\n|move|p1a: Zamazenta|Protect|p1a: Zamazenta\n|-singleturn|p1a: Zamazenta|Protect\n|move|p2a: Calyrex|High Horsepower|p1a: Zamazenta\n|-activate|p1a: Zamazenta|move: Protect\n|move|p2b: FerroNalgada|Low Kick|p1a: Zamazenta\n|-activate|p1a: Zamazenta|move: Protect\n|move|p1b: Miraidon|Dazzling Gleam|p2a: Calyrex|[spread] p2a,p2b\n|-supereffective|p2b: FerroNalgada\n|-damage|p2a: Calyrex|15/100\n|-damage|p2b: FerroNalgada|0 fnt\n|faint|p2b: FerroNalgada\n|-end|p2b: FerroNalgada|Quark Drive|[silent]\n|\n|-fieldend|move: Electric Terrain\n|upkeep\n|turn|6\n|-message|juacox300 forfeited.\n|\n|win|testingteams1010\n|raw|testingteams1010's rating: 1334 &rarr; <strong>1360</strong><br />(+26 for winning)\n|raw|juacox300's rating: 1434 &rarr; <strong>1408</strong><br />(-26 for losing)\n|l|\u2606juacox300\n|player|p2|\n", "uploadtime": 1746033602, "views": 21, "formatid": "gen9vgc2025regibo3", "rating": 1360, "private": 0, "password": null}