{"id": "gen9vgc2025regibo3-2354148021", "format": "[Gen 9] VGC 2025 Reg I (Bo3)", "players": ["Maximilian sheldon", "AikonZ_Test"], "log": "|j|\u2606Maximilian sheldon\n|j|\u2606AikonZ_Test\n|html|<table width=\"100%\"><tr><td align=\"left\">Maximilian sheldon</td><td align=\"right\">AikonZ_Test</tr><tr><td align=\"left\"><i class=\"fa fa-circle-o\"></i> <i class=\"fa fa-circle-o\"></i> </td><td align=\"right\"><i class=\"fa fa-circle-o\"></i> <i class=\"fa fa-circle-o\"></i> </tr></table>\n|uhtml|bestof|<h2><strong>Game 1</strong> of <a href=\"/game-bestof3-gen9vgc2025regibo3-2354148020\">a best-of-3</a></h2>\n|t:|1746039001\n|gametype|doubles\n|player|p1|Maximilian sheldon|morty|1479\n|player|p2|AikonZ_Test|veteran|1400\n|teamsize|p1|6\n|teamsize|p2|6\n|gen|9\n|tier|[Gen 9] VGC 2025 Reg I (Bo3)\n|rated|\n|rule|Species Clause: Limit one of each Pok\u00e9mon\n|rule|Item Clause: Limit 1 of each item\n|clearpoke\n|poke|p1|Kyogre, L50|\n|poke|p1|Amoonguss, L50, F|\n|poke|p1|Rillaboom, L50, M|\n|poke|p1|Urshifu-*, L50, F|\n|poke|p1|Calyrex-Ice, L50|\n|poke|p1|Roaring Moon, L50|\n|poke|p2|Miraidon, L50|\n|poke|p2|Ogerpon-Hearthflame, L50, F|\n|poke|p2|Grimmsnarl, L50, M|\n|poke|p2|Incineroar, L50, M|\n|poke|p2|Calyrex-Ice, L50|\n|poke|p2|Urshifu-*, L50, F|\n|teampreview|4\n|showteam|p1|Kyogre||MysticWater|Drizzle|WaterSpout,OriginPulse,IceBeam,Protect||||||50|,,,,,Grass]Amoonguss||RockyHelmet|Regenerator|RagePowder,Spore,SludgeBomb,Protect|||F|||50|,,,,,Fairy]Rillaboom||AssaultVest|GrassySurge|WoodHammer,GrassyGlide,Uturn,FakeOut|||M|||50|,,,,,Normal]Urshifu-Rapid-Strike||ChoiceScarf|UnseenFist|SurgingStrikes,CloseCombat,AquaJet,Uturn|||F|||50|,,,,,Ghost]Calyrex-Ice||ClearAmulet|AsOneGlastrier|GlacialLance,HighHorsepower,TrickRoom,Protect||||||50|,,,,,Fire]Roaring Moon||BoosterEnergy|Protosynthesis|KnockOff,BreakingSwipe,Tailwind,Protect||||||50|,,,,,Poison\n|showteam|p2|Miraidon||ChoiceSpecs|HadronEngine|DazzlingGleam,ElectroDrift,DracoMeteor,VoltSwitch||||||50|,,,,,Fairy]Ogerpon-Hearthflame||HearthflameMask|MoldBreaker|SpikyShield,IvyCudgel,Taunt,FollowMe|||F|||50|,,,,,Fire]Grimmsnarl||LightClay|Prankster|FoulPlay,Reflect,ThunderWave,LightScreen|||M|||50|,,,,,Fire]Incineroar||AssaultVest|Intimidate|FakeOut,KnockOff,Uturn,FlareBlitz|||M|||50|,,,,,Bug]Calyrex-Ice||ClearAmulet|AsOneGlastrier|GlacialLance,HighHorsepower,TrickRoom,Protect||||||50|,,,,,Water]Urshifu-Rapid-Strike||ChoiceScarf|UnseenFist|SurgingStrikes,CloseCombat,Uturn,Coaching|||F|||50|,,,,,Ghost\n|inactive|Battle timer is ON: inactive players will automatically lose when time's up. (requested by Maximilian sheldon)\n|\n|t:|1746039069\n|start\n|switch|p1a: Kyogre|Kyogre, L50|100/100\n|switch|p1b: Amoonguss|Amoonguss, L50, F|100/100\n|switch|p2a: Incineroar|Incineroar, L50, M|100/100\n|switch|p2b: Miraidon|Miraidon, L50|100/100\n|-fieldstart|move: Electric Terrain|[from] ability: Hadron Engine|[of] p2b: Miraidon\n|-weather|RainDance|[from] ability: Drizzle|[of] p1a: Kyogre\n|-ability|p2a: Incineroar|Intimidate|boost\n|-unboost|p1a: Kyogre|atk|1\n|-unboost|p1b: Amoonguss|atk|1\n|turn|1\n|inactive|Maximilian sheldon has 30 seconds left.\n|inactive|AikonZ_Test has 30 seconds left.\n|inactive|Maximilian sheldon has 20 seconds left.\n|inactive|AikonZ_Test has 20 seconds left.\n|\n|t:|1746039107\n|switch|p1a: Rillaboom|Rillaboom, L50, M|100/100\n|-fieldstart|move: Grassy Terrain|[from] ability: Grassy Surge|[of] p1a: Rillaboom\n|-terastallize|p2a: Incineroar|Bug\n|move|p2b: Miraidon|Volt Switch|p1b: Amoonguss\n|-resisted|p1b: Amoonguss\n|-damage|p1b: Amoonguss|72/100\n|\n|t:|1746039118\n|switch|p2b: Calyrex|Calyrex-Ice, L50|100/100|[from] Volt Switch\n|-ability|p2b: Calyrex|As One\n|-ability|p2b: Calyrex|Unnerve\n|move|p2a: Incineroar|U-turn|p1a: Rillaboom\n|-supereffective|p1a: Rillaboom\n|-damage|p1a: Rillaboom|45/100\n|\n|t:|1746039125\n|switch|p2a: Miraidon|Miraidon, L50|100/100|[from] U-turn\n|-fieldstart|move: Electric Terrain|[from] ability: Hadron Engine|[of] p2a: Miraidon\n|move|p1b: Amoonguss|Sludge Bomb|p2b: Calyrex\n|-damage|p2b: Calyrex|83/100\n|\n|-weather|RainDance|[upkeep]\n|upkeep\n|turn|2\n|\n|t:|1746039137\n|move|p1b: Amoonguss|Protect|p1b: Amoonguss\n|-singleturn|p1b: Amoonguss|Protect\n|move|p2a: Miraidon|Draco Meteor|p1b: Amoonguss\n|-activate|p1b: Amoonguss|move: Protect\n|move|p1a: Rillaboom|U-turn|p2b: Calyrex\n|-supereffective|p2b: Calyrex\n|-damage|p2b: Calyrex|56/100\n|\n|t:|1746039141\n|switch|p1a: Calyrex|Calyrex-Ice, L50|100/100|[from] U-turn\n|-ability|p1a: Calyrex|As One\n|-ability|p1a: Calyrex|Unnerve\n|move|p2b: Calyrex|Glacial Lance|p1a: Calyrex|[spread] p1a\n|-activate|p1b: Amoonguss|move: Protect\n|-resisted|p1a: Calyrex\n|-damage|p1a: Calyrex|83/100\n|\n|-weather|RainDance|[upkeep]\n|upkeep\n|turn|3\n|\n|t:|1746039156\n|switch|p2a: Incineroar|Incineroar, L50, M, tera:Bug|100/100\n|-ability|p2a: Incineroar|Intimidate|boost\n|-fail|p1a: Calyrex|unboost|[from] item: Clear Amulet|[of] p1a: Calyrex\n|-unboost|p1b: Amoonguss|atk|1\n|switch|p1b: Rillaboom|Rillaboom, L50, M|45/100\n|-fieldstart|move: Grassy Terrain|[from] ability: Grassy Surge|[of] p1b: Rillaboom\n|move|p2b: Calyrex|Glacial Lance|p1a: Calyrex|[spread] p1a,p1b\n|-resisted|p1a: Calyrex\n|-supereffective|p1b: Rillaboom\n|-damage|p1a: Calyrex|65/100\n|-damage|p1b: Rillaboom|0 fnt\n|faint|p1b: Rillaboom\n|-ability|p2b: Calyrex|Chilling Neigh|boost\n|-boost|p2b: Calyrex|atk|1\n|move|p1a: Calyrex|Trick Room|p1a: Calyrex\n|-fieldstart|move: Trick Room|[of] p1a: Calyrex\n|\n|-weather|RainDance|[upkeep]\n|-heal|p1a: Calyrex|71/100|[from] Grassy Terrain\n|-heal|p2b: Calyrex|61/100|[from] Grassy Terrain\n|upkeep\n|\n|t:|1746039160\n|switch|p1b: Kyogre|Kyogre, L50|100/100\n|turn|4\n|\n|t:|1746039176\n|move|p2a: Incineroar|Fake Out|p1b: Kyogre\n|-damage|p1b: Kyogre|92/100\n|move|p1a: Calyrex|Glacial Lance|p2b: Calyrex|[spread] p2a,p2b\n|-resisted|p2b: Calyrex\n|-damage|p2a: Incineroar|60/100\n|-damage|p2b: Calyrex|44/100\n|move|p2b: Calyrex|High Horsepower|p1a: Calyrex\n|-damage|p1a: Calyrex|31/100\n|cant|p1b: Kyogre|flinch\n|\n|-weather|RainDance|[upkeep]\n|-heal|p1a: Calyrex|37/100|[from] Grassy Terrain\n|-heal|p2b: Calyrex|50/100|[from] Grassy Terrain\n|-heal|p2a: Incineroar|66/100|[from] Grassy Terrain\n|-heal|p1b: Kyogre|98/100|[from] Grassy Terrain\n|upkeep\n|turn|5\n|inactive|AikonZ_Test has 30 seconds left.\n|\n|t:|1746039203\n|move|p1a: Calyrex|Protect|p1a: Calyrex\n|-singleturn|p1a: Calyrex|Protect\n|move|p2b: Calyrex|High Horsepower|p1a: Calyrex\n|-activate|p1a: Calyrex|move: Protect\n|move|p2a: Incineroar|Knock Off|p1b: Kyogre\n|-damage|p1b: Kyogre|64/100\n|-enditem|p1b: Kyogre|Mystic Water|[from] move: Knock Off|[of] p2a: Incineroar\n|move|p1b: Kyogre|Origin Pulse|p2a: Incineroar|[spread] p2a,p2b\n|-damage|p2a: Incineroar|23/100\n|-damage|p2b: Calyrex|0 fnt\n|faint|p2b: Calyrex\n|\n|-weather|none\n|-heal|p1a: Calyrex|43/100|[from] Grassy Terrain\n|-heal|p2a: Incineroar|29/100|[from] Grassy Terrain\n|-heal|p1b: Kyogre|70/100|[from] Grassy Terrain\n|upkeep\n|\n|t:|1746039215\n|switch|p2b: Urshifu|Urshifu-Rapid-Strike, L50, F|100/100\n|turn|6\n|\n|t:|1746039234\n|switch|p1a: Amoonguss|Amoonguss, L50, F|100/100\n|move|p2a: Incineroar|U-turn|p1a: Amoonguss\n|-crit|p1a: Amoonguss\n|-damage|p1a: Amoonguss|69/100\n|-damage|p2a: Incineroar|13/100|[from] item: Rocky Helmet|[of] p1a: Amoonguss\n|\n|t:|1746039240\n|switch|p2a: Miraidon|Miraidon, L50|100/100|[from] U-turn\n|-fieldstart|move: Electric Terrain|[from] ability: Hadron Engine|[of] p2a: Miraidon\n|move|p1b: Kyogre|Origin Pulse|p2b: Urshifu|[spread] p2a,p2b\n|-resisted|p2a: Miraidon\n|-resisted|p2b: Urshifu\n|-damage|p2a: Miraidon|82/100\n|-damage|p2b: Urshifu|67/100\n|move|p2b: Urshifu|Close Combat|p1a: Amoonguss\n|-resisted|p1a: Amoonguss\n|-damage|p1a: Amoonguss|45/100\n|-unboost|p2b: Urshifu|def|1\n|-unboost|p2b: Urshifu|spd|1\n|-damage|p2b: Urshifu|50/100|[from] item: Rocky Helmet|[of] p1a: Amoonguss\n|\n|upkeep\n|turn|7\n|inactive|Maximilian sheldon has 30 seconds left.\n|\n|t:|1746039271\n|switch|p2b: Incineroar|Incineroar, L50, M, tera:Bug|13/100\n|-ability|p2b: Incineroar|Intimidate|boost\n|-unboost|p1a: Amoonguss|atk|1\n|-unboost|p1b: Kyogre|atk|1\n|move|p1a: Amoonguss|Sludge Bomb|p2a: Miraidon\n|-damage|p2a: Miraidon|60/100\n|move|p1b: Kyogre|Ice Beam|p2a: Miraidon\n|-supereffective|p2a: Miraidon\n|-damage|p2a: Miraidon|2/100\n|move|p2a: Miraidon|Volt Switch|p1a: Amoonguss\n|-resisted|p1a: Amoonguss\n|-damage|p1a: Amoonguss|3/100\n|\n|t:|1746039283\n|switch|p2a: Urshifu|Urshifu-Rapid-Strike, L50, F|50/100|[from] Volt Switch\n|\n|-fieldend|move: Trick Room\n|upkeep\n|turn|8\n|\n|t:|1746039297\n|switch|p1a: Calyrex|Calyrex-Ice, L50|43/100\n|-ability|p1a: Calyrex|As One\n|-ability|p1a: Calyrex|Unnerve\n|move|p1b: Kyogre|Protect|p1b: Kyogre\n|-singleturn|p1b: Kyogre|Protect\n|move|p2b: Incineroar|Fake Out|p1b: Kyogre\n|-activate|p1b: Kyogre|move: Protect\n|move|p2a: Urshifu|Close Combat|p1a: Calyrex\n|-damage|p1a: Calyrex|3/100\n|-unboost|p2a: Urshifu|def|1\n|-unboost|p2a: Urshifu|spd|1\n|\n|upkeep\n|turn|9\n|inactive|AikonZ_Test has 30 seconds left.\n|\n|t:|1746039328\n|move|p2a: Urshifu|Close Combat|p1a: Calyrex\n|-damage|p1a: Calyrex|0 fnt\n|-unboost|p2a: Urshifu|def|1\n|-unboost|p2a: Urshifu|spd|1\n|faint|p1a: Calyrex\n|move|p1b: Kyogre|Origin Pulse|p2a: Urshifu|[spread] p2a,p2b\n|-resisted|p2a: Urshifu\n|-damage|p2a: Urshifu|0 fnt\n|-damage|p2b: Incineroar|0 fnt\n|faint|p2a: Urshifu\n|faint|p2b: Incineroar\n|\n|upkeep\n|\n|t:|1746039337\n|switch|p2b: Miraidon|Miraidon, L50|2/100\n|switch|p1a: Amoonguss|Amoonguss, L50, F|36/100\n|-activate|p2b: Miraidon|ability: Hadron Engine\n|turn|10\n|\n|t:|1746039343\n|move|p1b: Kyogre|Protect|p1b: Kyogre\n|-singleturn|p1b: Kyogre|Protect\n|move|p1a: Amoonguss|Protect|p1a: Amoonguss\n|-singleturn|p1a: Amoonguss|Protect\n|move|p2b: Miraidon|Volt Switch|p1a: Amoonguss\n|-activate|p1a: Amoonguss|move: Protect\n|\n|-fieldend|move: Electric Terrain\n|upkeep\n|turn|11\n|\n|t:|1746039352\n|move|p2b: Miraidon|Volt Switch|p1a: Amoonguss\n|-resisted|p1a: Amoonguss\n|-damage|p1a: Amoonguss|9/100\n|move|p1b: Kyogre|Ice Beam|p2b: Miraidon\n|-supereffective|p2b: Miraidon\n|-damage|p2b: Miraidon|0 fnt\n|faint|p2b: Miraidon\n|\n|win|Maximilian sheldon\n||Maximilian sheldon is ready for game 2.\n||AikonZ_Test is ready for game 2.\n|uhtml|next|Next: <a href=\"/battle-gen9vgc2025regibo3-2354152090\"><strong>Game 2 of 3</strong></a>\n|l|\u2606AikonZ_Test\n|player|p2|\n|l|\u2606Maximilian sheldon\n|player|p1|\n", "uploadtime": 1746039651, "views": 9, "formatid": "gen9vgc2025regibo3", "rating": null, "private": 0, "password": null}