{"id": "gen9vgc2025regibo3-2354381473", "format": "[Gen 9] VGC 2025 Reg I (Bo3)", "players": ["Volanvgc", "clearmomdotcom"], "log": "|j|\u2606Volanvgc\n|j|\u2606clearmomdotcom\n|html|<table width=\"100%\"><tr><td align=\"left\">Volanvgc</td><td align=\"right\">clearmomdotcom</tr><tr><td align=\"left\"><i class=\"fa fa-circle\"></i> <i class=\"fa fa-circle-o\"></i> </td><td align=\"right\"><i class=\"fa fa-circle-o\"></i> <i class=\"fa fa-circle-o\"></i> </tr></table>\n|uhtml|bestof|<h2><strong>Game 2</strong> of <a href=\"/game-bestof3-gen9vgc2025regibo3-2354379204\">a best-of-3</a></h2>\n|t:|1746064394\n|gametype|doubles\n|player|p1|Volanvgc|veteranf|1357\n|player|p2|clearmomdotcom|waitress|1435\n|teamsize|p1|6\n|teamsize|p2|6\n|gen|9\n|tier|[Gen 9] VGC 2025 Reg I (Bo3)\n|rated|\n|rule|Species Clause: Limit one of each Pok\u00e9mon\n|rule|Item Clause: Limit 1 of each item\n|clearpoke\n|poke|p1|Lunala, L50|\n|poke|p1|Koraidon, L50|\n|poke|p1|Flutter Mane, L50|\n|poke|p1|Brute Bonnet, L50|\n|poke|p1|Incineroar, L50, M|\n|poke|p1|Raging Bolt, L50|\n|poke|p2|Zamazenta-*, L50|\n|poke|p2|Urshifu-*, L50, F|\n|poke|p2|Chien-Pao, L50|\n|poke|p2|Dragonite, L50, F|\n|poke|p2|Rillaboom, L50, M|\n|poke|p2|Giratina-Origin, L50|\n|teampreview|4\n|showteam|p1|Lunala||Leftovers|ShadowShield|MoongeistBeam,Moonblast,CalmMind,Protect||||||50|,,,,,Fairy]Koraidon||LifeOrb|OrichalcumPulse|CloseCombat,FlareBlitz,FlameCharge,Protect||||||50|,,,,,Fire]Flutter Mane||FocusSash|Protosynthesis|Moonblast,IcyWind,ShadowBall,Protect||||||50|,,,,,Normal]Brute Bonnet||CovertCloak|Protosynthesis|Spore,SeedBomb,SuckerPunch,RagePowder||||||50|,,,,,Water]Incineroar||SafetyGoggles|Intimidate|FlareBlitz,FakeOut,PartingShot,KnockOff|||M|||50|,,,,,Water]Raging Bolt||AssaultVest|Protosynthesis|Thunderbolt,Thunderclap,DracoMeteor,VoltSwitch||||||50|,,,,,Electric\n|showteam|p2|Zamazenta-Crowned||RustedShield|DauntlessShield|BodyPress,HeavySlam,WideGuard,Protect||||||50|,,,,,Ghost]Urshifu-Rapid-Strike||ChoiceScarf|UnseenFist|SurgingStrikes,CloseCombat,Uturn,AquaJet|||F|||50|,,,,,Water]Chien-Pao||FocusSash|SwordofRuin|IcicleCrash,Crunch,SuckerPunch,Protect||||||50|,,,,,Ghost]Dragonite||ChoiceBand|InnerFocus|ExtremeSpeed,Outrage,AerialAce,StompingTantrum|||F|||50|,,,,,Normal]Rillaboom||AssaultVest|GrassySurge|FakeOut,GrassyGlide,WoodHammer,Uturn|||M|||50|,,,,,Water]Giratina-Origin||GriseousCore|Levitate|ShadowSneak,DracoMeteor,Poltergeist,Protect||||||50|,,,,,Steel\n|\n|t:|1746064415\n|start\n|switch|p1a: Flutter Mane|Flutter Mane, L50|100/100\n|switch|p1b: Incineroar|Incineroar, L50, M|100/100\n|switch|p2a: Chien-Pao|Chien-Pao, L50|100/100\n|switch|p2b: Zamazenta|Zamazenta-Crowned, L50|100/100\n|-ability|p2a: Chien-Pao|Sword of Ruin\n|-ability|p2b: Zamazenta|Dauntless Shield|boost\n|-boost|p2b: Zamazenta|def|1\n|-ability|p1b: Incineroar|Intimidate|boost\n|-unboost|p2a: Chien-Pao|atk|1\n|-unboost|p2b: Zamazenta|atk|1\n|turn|1\n|\n|t:|1746064440\n|move|p2a: Chien-Pao|Protect|p2a: Chien-Pao\n|-singleturn|p2a: Chien-Pao|Protect\n|move|p2b: Zamazenta|Protect|p2b: Zamazenta\n|-singleturn|p2b: Zamazenta|Protect\n|move|p1b: Incineroar|Fake Out|p2a: Chien-Pao\n|-activate|p2a: Chien-Pao|move: Protect\n|move|p1a: Flutter Mane|Moonblast|p2a: Chien-Pao\n|-activate|p2a: Chien-Pao|move: Protect\n|\n|upkeep\n|turn|2\n|\n|t:|1746064465\n|switch|p2a: Rillaboom|Rillaboom, L50, M|100/100\n|-fieldstart|move: Grassy Terrain|[from] ability: Grassy Surge|[of] p2a: Rillaboom\n|switch|p1b: Lunala|Lunala, L50|100/100\n|move|p1a: Flutter Mane|Moonblast|p2a: Rillaboom\n|-damage|p2a: Rillaboom|67/100\n|move|p2b: Zamazenta|Body Press|p1b: Lunala\n|-immune|p1b: Lunala\n|\n|-heal|p2a: Rillaboom|73/100|[from] Grassy Terrain\n|upkeep\n|turn|3\n|\n|t:|1746064488\n|-end|p1a: Flutter Mane|Protosynthesis|[silent]\n|switch|p1a: Incineroar|Incineroar, L50, M|100/100\n|-ability|p1a: Incineroar|Intimidate|boost\n|-unboost|p2a: Rillaboom|atk|1\n|-unboost|p2b: Zamazenta|atk|1\n|move|p2b: Zamazenta|Heavy Slam|p1b: Lunala\n|-damage|p1b: Lunala|90/100\n|move|p1b: Lunala|Calm Mind|p1b: Lunala\n|-boost|p1b: Lunala|spa|1\n|-boost|p1b: Lunala|spd|1\n|move|p2a: Rillaboom|Wood Hammer|p1b: Lunala\n|-damage|p1b: Lunala|54/100\n|-damage|p2a: Rillaboom|59/100|[from] Recoil\n|\n|-heal|p1b: Lunala|60/100|[from] Grassy Terrain\n|-heal|p1b: Lunala|66/100|[from] item: Leftovers\n|-heal|p2a: Rillaboom|65/100|[from] Grassy Terrain\n|upkeep\n|turn|4\n|\n|t:|1746064514\n|switch|p2a: Chien-Pao|Chien-Pao, L50|100/100\n|-ability|p2a: Chien-Pao|Sword of Ruin\n|switch|p1a: Flutter Mane|Flutter Mane, L50|100/100\n|move|p2b: Zamazenta|Body Press|p1a: Flutter Mane\n|-immune|p1a: Flutter Mane\n|move|p1b: Lunala|Moongeist Beam|p2b: Zamazenta\n|-crit|p2b: Zamazenta\n|-damage|p2b: Zamazenta|13/100\n|\n|-heal|p2b: Zamazenta|19/100|[from] Grassy Terrain\n|-heal|p1b: Lunala|73/100|[from] Grassy Terrain\n|-heal|p1b: Lunala|79/100|[from] item: Leftovers\n|upkeep\n|turn|5\n|\n|t:|1746064537\n|switch|p2b: Rillaboom|Rillaboom, L50, M|65/100\n|-terastallize|p1b: Lunala|Fairy\n|move|p2a: Chien-Pao|Icicle Crash|p1a: Flutter Mane\n|-enditem|p1a: Flutter Mane|Focus Sash\n|-damage|p1a: Flutter Mane|1/100\n|move|p1a: Flutter Mane|Moonblast|p2b: Rillaboom\n|-damage|p2b: Rillaboom|31/100\n|-unboost|p2b: Rillaboom|spa|1\n|move|p1b: Lunala|Moonblast|p2a: Chien-Pao\n|-supereffective|p2a: Chien-Pao\n|-enditem|p2a: Chien-Pao|Focus Sash\n|-damage|p2a: Chien-Pao|1/100\n|-unboost|p2a: Chien-Pao|spa|1\n|\n|-heal|p2a: Chien-Pao|7/100|[from] Grassy Terrain\n|-heal|p1a: Flutter Mane|7/100|[from] Grassy Terrain\n|-heal|p1b: Lunala|85/100|[from] Grassy Terrain\n|-heal|p1b: Lunala|91/100|[from] item: Leftovers\n|-heal|p2b: Rillaboom|37/100|[from] Grassy Terrain\n|upkeep\n|turn|6\n|\n|t:|1746064570\n|-end|p1a: Flutter Mane|Protosynthesis|[silent]\n|switch|p1a: Incineroar|Incineroar, L50, M|100/100\n|-ability|p1a: Incineroar|Intimidate|boost\n|-unboost|p2a: Chien-Pao|atk|1\n|-unboost|p2b: Rillaboom|atk|1\n|move|p2a: Chien-Pao|Protect|p2a: Chien-Pao\n|-singleturn|p2a: Chien-Pao|Protect\n|move|p1b: Lunala|Protect|p1b: Lunala\n|-singleturn|p1b: Lunala|Protect\n|move|p2b: Rillaboom|Wood Hammer|p1b: Lunala\n|-activate|p1b: Lunala|move: Protect\n|\n|-heal|p2a: Chien-Pao|13/100|[from] Grassy Terrain\n|-heal|p1b: Lunala|98/100|[from] Grassy Terrain\n|-heal|p1b: Lunala|100/100|[from] item: Leftovers\n|-heal|p2b: Rillaboom|43/100|[from] Grassy Terrain\n|-fieldend|move: Grassy Terrain\n|upkeep\n|turn|7\n|-message|clearmomdotcom forfeited.\n|\n|win|Volanvgc\n|raw|Volanvgc's rating: 1357 &rarr; <strong>1381</strong><br />(+24 for winning)\n|raw|clearmomdotcom's rating: 1435 &rarr; <strong>1411</strong><br />(-24 for losing)\n|l|\u2606clearmomdotcom\n|player|p2|\n|l|\u2606Volanvgc\n|player|p1|\n|j|\u2606Volanvgc\n|player|p1|Volanvgc|veteranf|\n", "uploadtime": 1746064660, "views": 32, "formatid": "gen9vgc2025regibo3", "rating": 1381, "private": 0, "password": null}