{"id": "gen9vgc2025regibo3-2353769569", "format": "[Gen 9] VGC 2025 Reg I (Bo3)", "players": ["Jakobtc", "Itotio"], "log": "|j|\u2606Jakobtc\n|j|\u2606Itotio\n|html|<table width=\"100%\"><tr><td align=\"left\">Jakobtc</td><td align=\"right\">Itotio</tr><tr><td align=\"left\"><i class=\"fa fa-circle-o\"></i> <i class=\"fa fa-circle-o\"></i> </td><td align=\"right\"><i class=\"fa fa-circle-o\"></i> <i class=\"fa fa-circle-o\"></i> </tr></table>\n|uhtml|bestof|<h2><strong>Game 1</strong> of <a href=\"/game-bestof3-gen9vgc2025regibo3-2353769568\">a best-of-3</a></h2>\n|t:|1745996911\n|gametype|doubles\n|player|p1|Jakobtc|riley|1304\n|player|p2|Itotio|pilot|1313\n|teamsize|p1|6\n|teamsize|p2|6\n|gen|9\n|tier|[Gen 9] VGC 2025 Reg I (Bo3)\n|rated|\n|rule|Species Clause: Limit one of each Pok\u00e9mon\n|rule|Item Clause: Limit 1 of each item\n|clearpoke\n|poke|p1|Calyrex-Shadow, L50|\n|poke|p1|Zacian-*, L50|\n|poke|p1|Incineroar, L50, M|\n|poke|p1|Rillaboom, L50, M|\n|poke|p1|Urshifu-*, L50, M|\n|poke|p1|Tornadus, L50, M|\n|poke|p2|Ho-Oh, L50|\n|poke|p2|Koraidon, L50|\n|poke|p2|Flutter Mane, L50|\n|poke|p2|Brute Bonnet, L50|\n|poke|p2|Chien-Pao, L50|\n|poke|p2|Farigiraf, L50, M|\n|teampreview|4\n|showteam|p1|Calyrex-Shadow||FocusSash|AsOneSpectrier|AstralBarrage,Psychic,NastyPlot,Protect||||||50|,,,,,Ghost]Zacian-Crowned||RustedSword|IntrepidSword|behemothblade,PlayRough,SacredSword,Protect||||||50|,,,,,Water]Incineroar||SafetyGoggles|Intimidate|FakeOut,KnockOff,HelpingHand,PartingShot|||M|||50|,,,,,Dragon]Rillaboom||AssaultVest|GrassySurge|FakeOut,GrassyGlide,WoodHammer,Uturn|||M|||50|,,,,,Fire]Urshifu-Rapid-Strike||ChoiceScarf|UnseenFist|SurgingStrikes,CloseCombat,AquaJet,Uturn|||M|||50|,,,,,Water]Tornadus||CovertCloak|Prankster|BleakwindStorm,Tailwind,RainDance,Protect|||M|||50|,,,,,Dark\n|showteam|p2|Ho-Oh||CovertCloak|Regenerator|Tailwind,SacredFire,Protect,HelpingHand||||||50|,,,,,Steel]Koraidon||ClearAmulet|OrichalcumPulse|Protect,CollisionCourse,FlareBlitz,BulkUp||||||50|,,,,,Fire]Flutter Mane||ChoiceSpecs|Protosynthesis|Moonblast,ShadowBall,DazzlingGleam,IcyWind||||||50|,,,,,Fairy]Brute Bonnet||LifeOrb|Protosynthesis|RagePowder,Spore,SuckerPunch,SeedBomb||||||50|,,,,,Water]Chien-Pao||FocusSash|SwordofRuin|IceSpinner,SacredSword,Protect,Crunch||||||50|,,,,,Stellar]Farigiraf||ThroatSpray|ArmorTail|Protect,TrickRoom,HyperVoice,Psyshock|||M|||50|,,,,,Fairy\n|inactive|Battle timer is ON: inactive players will automatically lose when time's up. (requested by Itotio)\n|inactive|Jakobtc has 60 seconds left.\n|inactive|Itotio has 60 seconds left.\n|\n|t:|1745996946\n|start\n|switch|p1a: Zacian|Zacian-Crowned, L50|100/100\n|switch|p1b: Tornadus|Tornadus, L50, M|100/100\n|switch|p2a: Ho-Oh|Ho-Oh, L50|100/100\n|switch|p2b: Chien-Pao|Chien-Pao, L50|100/100\n|-ability|p1a: Zacian|Intrepid Sword|boost\n|-boost|p1a: Zacian|atk|1\n|-ability|p2b: Chien-Pao|Sword of Ruin\n|turn|1\n|\n|t:|1745996966\n|switch|p1b: Incineroar|Incineroar, L50, M|100/100\n|-ability|p1b: Incineroar|Intimidate|boost\n|-unboost|p2a: Ho-Oh|atk|1\n|-unboost|p2b: Chien-Pao|atk|1\n|move|p1a: Zacian|Protect|p1a: Zacian\n|-singleturn|p1a: Zacian|Protect\n|move|p2b: Chien-Pao|Ice Spinner|p1b: Incineroar\n|-resisted|p1b: Incineroar\n|-damage|p1b: Incineroar|88/100\n|move|p2a: Ho-Oh|Tailwind|p2a: Ho-Oh\n|-sidestart|p2: Itotio|move: Tailwind\n|\n|upkeep\n|turn|2\n|inactive|Jakobtc has 30 seconds left.\n|\n|t:|1745997000\n|switch|p2b: Koraidon|Koraidon, L50|100/100\n|-weather|SunnyDay|[from] ability: Orichalcum Pulse|[of] p2b: Koraidon\n|-activate|p2b: Koraidon|Orichalcum Pulse|[source]\n|move|p1b: Incineroar|Fake Out|p2a: Ho-Oh\n|-damage|p2a: Ho-Oh|93/100\n|move|p2a: Ho-Oh|Sacred Fire|p1a: Zacian\n|-supereffective|p1a: Zacian\n|-crit|p1a: Zacian\n|-damage|p1a: Zacian|0 fnt\n|faint|p1a: Zacian\n|\n|-weather|SunnyDay|[upkeep]\n|upkeep\n|\n|t:|1745997012\n|switch|p1a: Calyrex|Calyrex-Shadow, L50|100/100\n|-ability|p1a: Calyrex|As One\n|-ability|p1a: Calyrex|Unnerve\n|turn|3\n|c|\u2606Jakobtc|i'm so dumb\n|\n|t:|1745997035\n|-terastallize|p2b: Koraidon|Fire\n|move|p1a: Calyrex|Protect|p1a: Calyrex\n|-singleturn|p1a: Calyrex|Protect\n|move|p2b: Koraidon|Bulk Up|p2b: Koraidon\n|-boost|p2b: Koraidon|atk|1\n|-boost|p2b: Koraidon|def|1\n|move|p2a: Ho-Oh|Sacred Fire|p1a: Calyrex\n|-activate|p1a: Calyrex|move: Protect\n|move|p1b: Incineroar|Parting Shot|p2a: Ho-Oh\n|-unboost|p2a: Ho-Oh|atk|1\n|-unboost|p2a: Ho-Oh|spa|1\n|\n|t:|1745997046\n|switch|p1b: Tornadus|Tornadus, L50, M|100/100|[from] Parting Shot\n|\n|-weather|SunnyDay|[upkeep]\n|upkeep\n|turn|4\n|\n|t:|1745997066\n|switch|p1a: Incineroar|Incineroar, L50, M|88/100\n|-ability|p1a: Incineroar|Intimidate|boost\n|-unboost|p2a: Ho-Oh|atk|1\n|-fail|p2b: Koraidon|unboost|[from] item: Clear Amulet|[of] p2b: Koraidon\n|move|p1b: Tornadus|Rain Dance|p1b: Tornadus\n|-weather|RainDance\n|move|p2b: Koraidon|Flare Blitz|p1a: Incineroar\n|-resisted|p1a: Incineroar\n|-damage|p1a: Incineroar|69/100\n|-damage|p2b: Koraidon|94/100|[from] Recoil\n|move|p2a: Ho-Oh|Sacred Fire|p1a: Incineroar\n|-resisted|p1a: Incineroar\n|-damage|p1a: Incineroar|66/100\n|\n|-weather|RainDance|[upkeep]\n|-sideend|p2: Itotio|move: Tailwind\n|upkeep\n|turn|5\n|\n|t:|1745997082\n|move|p2b: Koraidon|Protect|p2b: Koraidon\n|-singleturn|p2b: Koraidon|Protect\n|move|p1a: Incineroar|Fake Out|p2b: Koraidon\n|-activate|p2b: Koraidon|move: Protect\n|move|p1b: Tornadus|Bleakwind Storm|p2a: Ho-Oh|[spread] p2a\n|-activate|p2b: Koraidon|move: Protect\n|-damage|p2a: Ho-Oh|70/100\n|move|p2a: Ho-Oh|Tailwind|p2a: Ho-Oh\n|-sidestart|p2: Itotio|move: Tailwind\n|\n|-weather|RainDance|[upkeep]\n|upkeep\n|turn|6\n|\n|t:|1745997100\n|switch|p2a: Chien-Pao|Chien-Pao, L50|100/100\n|-ability|p2a: Chien-Pao|Sword of Ruin\n|-terastallize|p1a: Incineroar|Dragon\n|move|p1b: Tornadus|Tailwind|p1b: Tornadus\n|-sidestart|p1: Jakobtc|move: Tailwind\n|move|p2b: Koraidon|Collision Course|p1a: Incineroar\n|-damage|p1a: Incineroar|0 fnt\n|faint|p1a: Incineroar\n|\n|-weather|RainDance|[upkeep]\n|upkeep\n|\n|t:|1745997111\n|switch|p1a: Calyrex|Calyrex-Shadow, L50|100/100\n|-ability|p1a: Calyrex|As One\n|-ability|p1a: Calyrex|Unnerve\n|turn|7\n|\n|t:|1745997126\n|switch|p2b: Ho-Oh|Ho-Oh, L50|100/100\n|move|p1a: Calyrex|Protect|p1a: Calyrex\n|-singleturn|p1a: Calyrex|Protect\n|move|p2a: Chien-Pao|Crunch|p1a: Calyrex\n|-activate|p1a: Calyrex|move: Protect\n|move|p1b: Tornadus|Bleakwind Storm|p2b: Ho-Oh|[spread] p2a,p2b\n|-damage|p2a: Chien-Pao|50/100\n|-damage|p2b: Ho-Oh|80/100\n|\n|-weather|RainDance|[upkeep]\n|upkeep\n|turn|8\n|\n|t:|1745997143\n|move|p2a: Chien-Pao|Protect|p2a: Chien-Pao\n|-singleturn|p2a: Chien-Pao|Protect\n|move|p2b: Ho-Oh|Protect|p2b: Ho-Oh\n|-singleturn|p2b: Ho-Oh|Protect\n|move|p1a: Calyrex|Astral Barrage|p2b: Ho-Oh|[spread] \n|-activate|p2a: Chien-Pao|move: Protect\n|-activate|p2b: Ho-Oh|move: Protect\n|move|p1b: Tornadus|Bleakwind Storm|p2a: Chien-Pao|[spread] \n|-activate|p2a: Chien-Pao|move: Protect\n|-activate|p2b: Ho-Oh|move: Protect\n|\n|-weather|none\n|-sideend|p2: Itotio|move: Tailwind\n|upkeep\n|turn|9\n|\n|t:|1745997160\n|move|p1a: Calyrex|Protect|p1a: Calyrex\n|-singleturn|p1a: Calyrex|Protect\n|move|p1b: Tornadus|Bleakwind Storm|p2b: Ho-Oh|[spread] p2a\n|-miss|p1b: Tornadus|p2b: Ho-Oh\n|-damage|p2a: Chien-Pao|0 fnt\n|faint|p2a: Chien-Pao\n|move|p2b: Ho-Oh|Tailwind|p2b: Ho-Oh\n|-sidestart|p2: Itotio|move: Tailwind\n|\n|-sideend|p1: Jakobtc|move: Tailwind\n|upkeep\n|inactive|Itotio has 30 seconds left.\n|inactive|Itotio has 20 seconds left.\n|\n|t:|1745997196\n|switch|p2a: Koraidon|Koraidon, L50, tera:Fire|94/100\n|-weather|SunnyDay|[from] ability: Orichalcum Pulse|[of] p2a: Koraidon\n|-activate|p2a: Koraidon|Orichalcum Pulse|[source]\n|turn|10\n|\n|t:|1745997202\n|move|p1a: Calyrex|Protect||[still]\n|-fail|p1a: Calyrex\n|move|p1b: Tornadus|Rain Dance|p1b: Tornadus\n|-weather|RainDance\n|move|p2a: Koraidon|Flare Blitz|p1a: Calyrex\n|-damage|p1a: Calyrex|61/100\n|-damage|p2a: Koraidon|82/100|[from] Recoil\n|move|p2b: Ho-Oh|Sacred Fire|p1a: Calyrex\n|-damage|p1a: Calyrex|33/100\n|-status|p1a: Calyrex|brn\n|\n|-weather|RainDance|[upkeep]\n|-damage|p1a: Calyrex|27/100 brn|[from] brn\n|upkeep\n|turn|11\n|\n|t:|1745997217\n|move|p2a: Koraidon|Protect|p2a: Koraidon\n|-singleturn|p2a: Koraidon|Protect\n|move|p1b: Tornadus|Tailwind|p1b: Tornadus\n|-sidestart|p1: Jakobtc|move: Tailwind\n|move|p1a: Calyrex|Astral Barrage|p2b: Ho-Oh|[spread] p2b\n|-activate|p2a: Koraidon|move: Protect\n|-damage|p2b: Ho-Oh|45/100\n|move|p2b: Ho-Oh|Sacred Fire|p1a: Calyrex\n|-damage|p1a: Calyrex|1/100 brn\n|\n|-weather|RainDance|[upkeep]\n|-damage|p1a: Calyrex|0 fnt|[from] brn\n|faint|p1a: Calyrex\n|upkeep\n|turn|12\n|\n|t:|1745997236\n|switch|p2a: Flutter Mane|Flutter Mane, L50|100/100\n|move|p1b: Tornadus|Bleakwind Storm|p2b: Ho-Oh|[spread] p2a,p2b\n|-damage|p2a: Flutter Mane|64/100\n|-damage|p2b: Ho-Oh|23/100\n|move|p2b: Ho-Oh|Sacred Fire|p1b: Tornadus\n|-damage|p1b: Tornadus|71/100\n|\n|-weather|RainDance|[upkeep]\n|-sideend|p2: Itotio|move: Tailwind\n|upkeep\n|turn|13\n|\n|t:|1745997245\n|switch|p2b: Koraidon|Koraidon, L50, tera:Fire|82/100\n|-weather|SunnyDay|[from] ability: Orichalcum Pulse|[of] p2b: Koraidon\n|-activate|p2a: Flutter Mane|ability: Protosynthesis\n|-start|p2a: Flutter Mane|protosynthesisspe\n|-activate|p2b: Koraidon|Orichalcum Pulse|[source]\n|move|p1b: Tornadus|Bleakwind Storm|p2b: Koraidon|[spread] p2a\n|-miss|p1b: Tornadus|p2b: Koraidon\n|-damage|p2a: Flutter Mane|26/100\n|-unboost|p2a: Flutter Mane|spe|1\n|move|p2a: Flutter Mane|Moonblast|p1b: Tornadus\n|-damage|p1b: Tornadus|0 fnt\n|faint|p1b: Tornadus\n|\n|win|Itotio\n|inactive|Jakobtc has 30 seconds to confirm battle start!\n|inactive|Itotio has 30 seconds to confirm battle start!\n|l|\u2606Itotio\n|player|p2|\n||Itotio is ready for game 2.\n|inactive|Jakobtc has 20 seconds to confirm battle start!\n||Jakobtc is ready for game 2.\n|uhtml|next|Next: <a href=\"/battle-gen9vgc2025regibo3-2353771672\"><strong>Game 2 of 3</strong></a>\n", "uploadtime": 1745997258, "views": 14, "formatid": "gen9vgc2025regibo3", "rating": null, "private": 0, "password": null}