{"id": "gen9vgc2025regibo3-2354097920", "format": "[Gen 9] VGC 2025 Reg I (Bo3)", "players": ["Sticky Glob", "Monsteralover"], "log": "|j|\u2606Sticky Glob\n|j|\u2606Monsteralover\n|html|<table width=\"100%\"><tr><td align=\"left\">Sticky Glob</td><td align=\"right\">Monsteralover</tr><tr><td align=\"left\"><i class=\"fa fa-circle\"></i> <i class=\"fa fa-circle-o\"></i> </td><td align=\"right\"><i class=\"fa fa-circle-o\"></i> <i class=\"fa fa-circle\"></i> </tr></table>\n|uhtml|bestof|<h2><strong>Game 3</strong> of <a href=\"/game-bestof3-gen9vgc2025regibo3-2354088137\">a best-of-3</a></h2>\n|t:|1746034648\n|gametype|doubles\n|player|p1|Sticky Glob|clown|1297\n|player|p2|Monsteralover|101|1299\n|teamsize|p1|6\n|teamsize|p2|6\n|gen|9\n|tier|[Gen 9] VGC 2025 Reg I (Bo3)\n|rated|\n|rule|Species Clause: Limit one of each Pok\u00e9mon\n|rule|Item Clause: Limit 1 of each item\n|clearpoke\n|poke|p1|Calyrex-Shadow, L50|\n|poke|p1|Tornadus, L50, M|\n|poke|p1|Urshifu-*, L50, F|\n|poke|p1|Zamazenta-*, L50|\n|poke|p1|Rillaboom, L50, M|\n|poke|p1|Chien-Pao, L50|\n|poke|p2|Lunala, L50|\n|poke|p2|Rillaboom, L50, M|\n|poke|p2|Urshifu-*, L50, M|\n|poke|p2|Miraidon, L50|\n|poke|p2|Grimmsnarl, L50, M|\n|poke|p2|Ogerpon-Hearthflame, L50, F|\n|teampreview|4\n|showteam|p1|Calyrex-Shadow||FocusSash|AsOneSpectrier|AstralBarrage,Psychic,Encore,Protect||||||50|,,,,,Ghost]Tornadus||RockyHelmet|Prankster|Tailwind,RainDance,BleakwindStorm,Protect|||M|||50|,,,,,Dark]Urshifu-Rapid-Strike||MysticWater|UnseenFist|SurgingStrikes,CloseCombat,AquaJet,Detect|||F|||50|,,,,,Water]Zamazenta-Crowned||RustedShield|DauntlessShield|BodyPress,HeavySlam,WideGuard,Protect||||||50|,,,,,Ghost]Rillaboom||AssaultVest|GrassySurge|WoodHammer,Uturn,GrassyGlide,FakeOut|||M|||50|,,,,,Fire]Chien-Pao||LifeOrb|SwordofRuin|IcicleCrash,IceShard,SuckerPunch,Protect||||||50|,,,,,Stellar\n|showteam|p2|Lunala||Leftovers|ShadowShield|CalmMind,MoongeistBeam,DazzlingGleam,Protect||||||50|,,,,,Fairy]Rillaboom||AssaultVest|GrassySurge|WoodHammer,GrassyGlide,KnockOff,FakeOut|||M|||50|,,,,,Fire]Urshifu-Rapid-Strike||ChoiceScarf|UnseenFist|SurgingStrikes,CloseCombat,AquaJet,Uturn|||M|||50|,,,,,Water]Miraidon||ChoiceSpecs|HadronEngine|ElectroDrift,DracoMeteor,DazzlingGleam,VoltSwitch||||||50|,,,,,Fairy]Grimmsnarl||LightClay|Prankster|FoulPlay,Reflect,ThunderWave,LightScreen|||M|||50|,,,,,Ghost]Ogerpon-Hearthflame||HearthflameMask|MoldBreaker|IvyCudgel,GrassyGlide,FollowMe,SpikyShield|||F|||50|,,,,,Fire\n|inactive|Battle timer is ON: inactive players will automatically lose when time's up. (requested by Sticky Glob)\n|\n|t:|1746034673\n|start\n|switch|p1a: Rillaboom|Rillaboom, L50, M|100/100\n|switch|p1b: Chien-Pao|Chien-Pao, L50|100/100\n|switch|p2a: Grimmsnarl|Grimmsnarl, L50, M|100/100\n|switch|p2b: Ogerpon|Ogerpon-Hearthflame, L50, F|100/100\n|-ability|p1b: Chien-Pao|Sword of Ruin\n|-ability|p2b: Ogerpon|Mold Breaker\n|-fieldstart|move: Grassy Terrain|[from] ability: Grassy Surge|[of] p1a: Rillaboom\n|turn|1\n|inactive|Sticky Glob has 30 seconds left.\n|inactive|Sticky Glob has 20 seconds left.\n|inactive|Sticky Glob has 15 seconds left.\n|inactive|Sticky Glob has 10 seconds left.\n|inactive|Sticky Glob has 5 seconds left.\n|\n|t:|1746034728\n|move|p1a: Rillaboom|Fake Out|p2b: Ogerpon\n|-damage|p2b: Ogerpon|86/100\n|move|p2a: Grimmsnarl|Reflect|p2a: Grimmsnarl\n|-sidestart|p2: Monsteralover|Reflect\n|move|p1b: Chien-Pao|Icicle Crash|p2b: Ogerpon\n|-damage|p2b: Ogerpon|46/100\n|-damage|p1b: Chien-Pao|91/100|[from] item: Life Orb\n|cant|p2b: Ogerpon|flinch\n|\n|-heal|p1b: Chien-Pao|97/100|[from] Grassy Terrain\n|-heal|p2b: Ogerpon|52/100|[from] Grassy Terrain\n|upkeep\n|turn|2\n|inactive|Monsteralover has 30 seconds left.\n|inactive|Monsteralover has 20 seconds left.\n|\n|t:|1746034766\n|-terastallize|p1a: Rillaboom|Fire\n|move|p1b: Chien-Pao|Protect|p1b: Chien-Pao\n|-singleturn|p1b: Chien-Pao|Protect\n|move|p2b: Ogerpon|Spiky Shield|p2b: Ogerpon\n|-singleturn|p2b: Ogerpon|move: Protect\n|move|p1a: Rillaboom|U-turn|p2a: Grimmsnarl\n|-damage|p2a: Grimmsnarl|80/100\n|\n|t:|1746034780\n|switch|p1a: Urshifu|Urshifu-Rapid-Strike, L50, F|100/100|[from] U-turn\n|move|p2a: Grimmsnarl|Foul Play|p1a: Urshifu\n|-resisted|p1a: Urshifu\n|-damage|p1a: Urshifu|70/100\n|\n|-heal|p1b: Chien-Pao|100/100|[from] Grassy Terrain\n|-heal|p2b: Ogerpon|58/100|[from] Grassy Terrain\n|-heal|p1a: Urshifu|76/100|[from] Grassy Terrain\n|-heal|p2a: Grimmsnarl|86/100|[from] Grassy Terrain\n|upkeep\n|turn|3\n|inactive|Monsteralover has 30 seconds left.\n|l|\u2606Sticky Glob\n|inactive|Sticky Glob disconnected and has a minute to reconnect!\n|player|p1|\n|\n|t:|1746034807\n|move|p1b: Chien-Pao|Sucker Punch|p2b: Ogerpon\n|-damage|p2b: Ogerpon|24/100\n|-damage|p1b: Chien-Pao|91/100|[from] item: Life Orb\n|move|p1a: Urshifu|Aqua Jet|p2b: Ogerpon\n|-damage|p2b: Ogerpon|5/100\n|move|p2a: Grimmsnarl|Thunder Wave|p1a: Urshifu\n|-status|p1a: Urshifu|par\n|move|p2b: Ogerpon|Ivy Cudgel|p1b: Chien-Pao|[anim] Ivy Cudgel Fire\n|-supereffective|p1b: Chien-Pao\n|-damage|p1b: Chien-Pao|0 fnt\n|faint|p1b: Chien-Pao\n|\n|-heal|p2b: Ogerpon|11/100|[from] Grassy Terrain\n|-heal|p2a: Grimmsnarl|92/100|[from] Grassy Terrain\n|-heal|p1a: Urshifu|82/100 par|[from] Grassy Terrain\n|upkeep\n|j|\u2606Sticky Glob\n|inactive|Sticky Glob reconnected and has 50 seconds left.\n|player|p1|Sticky Glob|clown|\n|\n|t:|1746034823\n|switch|p1b: Calyrex|Calyrex-Shadow, L50|100/100\n|-ability|p1b: Calyrex|As One\n|-ability|p1b: Calyrex|Unnerve\n|turn|4\n|\n|t:|1746034832\n|move|p2b: Ogerpon|Grassy Glide|p1a: Urshifu\n|-supereffective|p1a: Urshifu\n|-damage|p1a: Urshifu|23/100 par\n|move|p2a: Grimmsnarl|Thunder Wave|p1b: Calyrex\n|-status|p1b: Calyrex|par\n|move|p1a: Urshifu|Aqua Jet|p2b: Ogerpon\n|-damage|p2b: Ogerpon|0 fnt\n|faint|p2b: Ogerpon\n|move|p1b: Calyrex|Astral Barrage|p2a: Grimmsnarl\n|-resisted|p2a: Grimmsnarl\n|-crit|p2a: Grimmsnarl\n|-damage|p2a: Grimmsnarl|43/100\n|\n|-heal|p2a: Grimmsnarl|49/100|[from] Grassy Terrain\n|-heal|p1a: Urshifu|30/100 par|[from] Grassy Terrain\n|upkeep\n|\n|t:|1746034841\n|switch|p2b: Miraidon|Miraidon, L50|100/100\n|-fieldstart|move: Electric Terrain|[from] ability: Hadron Engine|[of] p2b: Miraidon\n|turn|5\n|\n|t:|1746034856\n|move|p2a: Grimmsnarl|Light Screen|p2a: Grimmsnarl\n|-sidestart|p2: Monsteralover|move: Light Screen\n|move|p2b: Miraidon|Volt Switch|p1a: Urshifu\n|-supereffective|p1a: Urshifu\n|-damage|p1a: Urshifu|0 fnt\n|faint|p1a: Urshifu\n|\n|t:|1746034860\n|switch|p2b: Lunala|Lunala, L50|100/100|[from] Volt Switch\n|cant|p1b: Calyrex|par\n|\n|upkeep\n|\n|t:|1746034862\n|switch|p1a: Rillaboom|Rillaboom, L50, M, tera:Fire|100/100\n|-fieldstart|move: Grassy Terrain|[from] ability: Grassy Surge|[of] p1a: Rillaboom\n|turn|6\n|inactive|Monsteralover has 30 seconds left.\n|\n|t:|1746034893\n|-terastallize|p2b: Lunala|Fairy\n|move|p2b: Lunala|Moongeist Beam|p1b: Calyrex\n|-supereffective|p1b: Calyrex\n|-enditem|p1b: Calyrex|Focus Sash\n|-damage|p1b: Calyrex|1/100 par\n|move|p1b: Calyrex|Astral Barrage|p2b: Lunala|[spread] p2a,p2b\n|-resisted|p2a: Grimmsnarl\n|-damage|p2a: Grimmsnarl|32/100\n|-damage|p2b: Lunala|88/100\n|move|p1a: Rillaboom|Wood Hammer|p2b: Lunala\n|-damage|p2b: Lunala|48/100\n|-damage|p1a: Rillaboom|85/100|[from] Recoil\n|move|p2a: Grimmsnarl|Foul Play|p1a: Rillaboom\n|-damage|p1a: Rillaboom|41/100\n|\n|-heal|p2b: Lunala|54/100|[from] Grassy Terrain\n|-heal|p2b: Lunala|60/100|[from] item: Leftovers\n|-heal|p1b: Calyrex|7/100 par|[from] Grassy Terrain\n|-heal|p1a: Rillaboom|47/100|[from] Grassy Terrain\n|-heal|p2a: Grimmsnarl|38/100|[from] Grassy Terrain\n|upkeep\n|turn|7\n|\n|t:|1746034917\n|move|p2b: Lunala|Dazzling Gleam|p1a: Rillaboom|[spread] p1a,p1b\n|-resisted|p1a: Rillaboom\n|-damage|p1a: Rillaboom|37/100\n|-damage|p1b: Calyrex|0 fnt\n|faint|p1b: Calyrex\n|move|p1a: Rillaboom|Wood Hammer|p2b: Lunala\n|-damage|p2b: Lunala|19/100\n|-damage|p1a: Rillaboom|21/100|[from] Recoil\n|move|p2a: Grimmsnarl|Foul Play|p1a: Rillaboom\n|-damage|p1a: Rillaboom|0 fnt\n|faint|p1a: Rillaboom\n|\n|win|Monsteralover\n|raw|Sticky Glob's rating: 1297 &rarr; <strong>1272</strong><br />(-25 for losing)\n|raw|Monsteralover's rating: 1299 &rarr; <strong>1324</strong><br />(+25 for winning)\n|l|\u2606Sticky Glob\n|player|p1|\n", "uploadtime": 1746034926, "views": 24, "formatid": "gen9vgc2025regibo3", "rating": 1272, "private": 0, "password": null}