{"id": "gen9vgc2025regibo3-2353548029", "format": "[Gen 9] VGC 2025 Reg I (Bo3)", "players": ["something123", "Hadrian1917"], "log": "|j|\u2606something123\n|j|\u2606Hadrian1917\n|html|<table width=\"100%\"><tr><td align=\"left\">something123</td><td align=\"right\">Hadrian1917</tr><tr><td align=\"left\"><i class=\"fa fa-circle\"></i> <i class=\"fa fa-circle-o\"></i> </td><td align=\"right\"><i class=\"fa fa-circle-o\"></i> <i class=\"fa fa-circle-o\"></i> </tr></table>\n|uhtml|bestof|<h2><strong>Game 2</strong> of <a href=\"/game-bestof3-gen9vgc2025regibo3-2353545865\">a best-of-3</a></h2>\n|t:|1745966980\n|gametype|doubles\n|player|p1|something123|266|1364\n|player|p2|Hadrian1917|169|1371\n|teamsize|p1|6\n|teamsize|p2|6\n|gen|9\n|tier|[Gen 9] VGC 2025 Reg I (Bo3)\n|rated|\n|rule|Species Clause: Limit one of each Pok\u00e9mon\n|rule|Item Clause: Limit 1 of each item\n|clearpoke\n|poke|p1|Zamazenta-*, L50|\n|poke|p1|Calyrex-Shadow, L50|\n|poke|p1|Grimmsnarl, L50, M|\n|poke|p1|Ogerpon-Hearthflame, L50, F|\n|poke|p1|Rillaboom, L50, M|\n|poke|p1|Urshifu-*, L50, M|\n|poke|p2|Miraidon, L50|\n|poke|p2|Whimsicott, L50, F|\n|poke|p2|Farigiraf, L50, F|\n|poke|p2|Iron Hands, L50|\n|poke|p2|Calyrex-Shadow, L50|\n|poke|p2|Ogerpon-Hearthflame, L50, F|\n|teampreview|4\n|showteam|p1|Zamazenta-Crowned||RustedShield|DauntlessShield|BodyPress,HeavySlam,WideGuard,Protect||||||50|,,,,,Dragon]Calyrex-Shadow||LifeOrb|AsOneSpectrier|AstralBarrage,Psychic,NastyPlot,Protect||||||50|,,,,,Dark]Grimmsnarl||LightClay|Prankster|ThunderWave,LightScreen,Reflect,FoulPlay|||M|||50|,,,,,Ghost]Ogerpon-Hearthflame||HearthflameMask|MoldBreaker|IvyCudgel,GrassyGlide,FollowMe,SpikyShield|||F|||50|,,,,,Fire]Rillaboom||AssaultVest|GrassySurge|FakeOut,GrassyGlide,WoodHammer,Uturn|||M|||50|,,,,,Water]Urshifu-Rapid-Strike||ChoiceScarf|UnseenFist|SurgingStrikes,AquaJet,CloseCombat,Uturn|||M|||50|,,,,,Water\n|showteam|p2|Miraidon||ChoiceSpecs|HadronEngine|ElectroDrift,DracoMeteor,VoltSwitch,DazzlingGleam||||||50|,,,,,Fairy]Whimsicott||CovertCloak|Prankster|Tailwind,Encore,LightScreen,Moonblast|||F|||50|,,,,,Dark]Farigiraf||ElectricSeed|ArmorTail|PsychicNoise,FoulPlay,HelpingHand,TrickRoom|||F|||50|,,,,,Water]Iron Hands||AssaultVest|QuarkDrive|LowKick,DrainPunch,WildCharge,FakeOut||||||50|,,,,,Bug]Calyrex-Shadow||FocusSash|AsOneSpectrier|AstralBarrage,Psyshock,ShadowBall,Protect||||||50|,,,,,Ghost]Ogerpon-Hearthflame||HearthflameMask|MoldBreaker|IvyCudgel,FollowMe,Encore,SpikyShield|||F|||50|,,,,,Fire\n|inactive|Battle timer is ON: inactive players will automatically lose when time's up. (requested by Hadrian1917)\n|inactive|Hadrian1917 has 60 seconds left.\n|inactive|Hadrian1917 has 30 seconds left.\n|\n|t:|1745967074\n|start\n|switch|p1a: Grimmsnarl|Grimmsnarl, L50, M|100/100\n|switch|p1b: Rillaboom|Rillaboom, L50, M|100/100\n|switch|p2a: Miraidon|Miraidon, L50|100/100\n|switch|p2b: Iron Hands|Iron Hands, L50, shiny|100/100\n|-fieldstart|move: Electric Terrain|[from] ability: Hadron Engine|[of] p2a: Miraidon\n|-activate|p2b: Iron Hands|ability: Quark Drive\n|-start|p2b: Iron Hands|quarkdriveatk\n|-fieldstart|move: Grassy Terrain|[from] ability: Grassy Surge|[of] p1b: Rillaboom\n|-end|p2b: Iron Hands|Quark Drive\n|turn|1\n|inactive|Hadrian1917 has 30 seconds left.\n|\n|t:|1745967102\n|switch|p2a: Ogerpon|Ogerpon-Hearthflame, L50, F|100/100\n|-ability|p2a: Ogerpon|Mold Breaker\n|move|p1a: Grimmsnarl|Light Screen|p1a: Grimmsnarl\n|-sidestart|p1: something123|move: Light Screen\n|move|p1b: Rillaboom|U-turn|p2a: Ogerpon\n|-damage|p2a: Ogerpon|82/100\n|\n|t:|1745967111\n|switch|p1b: Calyrex|Calyrex-Shadow, L50|100/100|[from] U-turn\n|-ability|p1b: Calyrex|As One\n|-ability|p1b: Calyrex|Unnerve\n|move|p2b: Iron Hands|Low Kick|p1b: Calyrex\n|-immune|p1b: Calyrex\n|\n|-heal|p2a: Ogerpon|88/100|[from] Grassy Terrain\n|upkeep\n|turn|2\n|inactive|something123 has 30 seconds left.\n|\n|t:|1745967137\n|move|p1b: Calyrex|Protect|p1b: Calyrex\n|-singleturn|p1b: Calyrex|Protect\n|move|p2a: Ogerpon|Spiky Shield|p2a: Ogerpon\n|-singleturn|p2a: Ogerpon|move: Protect\n|move|p1a: Grimmsnarl|Foul Play|p2a: Ogerpon\n|-activate|p2a: Ogerpon|move: Protect\n|-damage|p1a: Grimmsnarl|88/100|[from] Spiky Shield|[of] p2a: Ogerpon\n|move|p2b: Iron Hands|Wild Charge|p1b: Calyrex\n|-activate|p1b: Calyrex|move: Protect\n|\n|-heal|p2a: Ogerpon|94/100|[from] Grassy Terrain\n|-heal|p1a: Grimmsnarl|94/100|[from] Grassy Terrain\n|upkeep\n|turn|3\n|\n|t:|1745967156\n|switch|p1b: Zamazenta|Zamazenta-Crowned, L50|100/100\n|-ability|p1b: Zamazenta|Dauntless Shield|boost\n|-boost|p1b: Zamazenta|def|1\n|move|p1a: Grimmsnarl|Reflect|p1a: Grimmsnarl\n|-sidestart|p1: something123|Reflect\n|move|p2a: Ogerpon|Ivy Cudgel|p1b: Zamazenta|[anim] Ivy Cudgel Fire\n|-supereffective|p1b: Zamazenta\n|-damage|p1b: Zamazenta|74/100\n|move|p2b: Iron Hands|Wild Charge|p1b: Zamazenta\n|-damage|p1b: Zamazenta|58/100\n|-damage|p2b: Iron Hands|98/100|[from] Recoil\n|\n|-heal|p1b: Zamazenta|64/100|[from] Grassy Terrain\n|-heal|p2a: Ogerpon|99/100|[from] Grassy Terrain\n|-heal|p1a: Grimmsnarl|99/100|[from] Grassy Terrain\n|-heal|p2b: Iron Hands|100/100|[from] Grassy Terrain\n|upkeep\n|turn|4\n|\n|t:|1745967181\n|-end|p2b: Iron Hands|Quark Drive|[silent]\n|switch|p2b: Whimsicott|Whimsicott, L50, F|100/100\n|-terastallize|p1b: Zamazenta|Dragon\n|move|p2a: Ogerpon|Spiky Shield|p2a: Ogerpon\n|-singleturn|p2a: Ogerpon|move: Protect\n|move|p1b: Zamazenta|Body Press|p2b: Whimsicott\n|-resisted|p2b: Whimsicott\n|-damage|p2b: Whimsicott|57/100\n|move|p1a: Grimmsnarl|Foul Play|p2a: Ogerpon\n|-activate|p2a: Ogerpon|move: Protect\n|-damage|p1a: Grimmsnarl|88/100|[from] Spiky Shield|[of] p2a: Ogerpon\n|\n|-heal|p2b: Whimsicott|63/100|[from] Grassy Terrain\n|-heal|p1b: Zamazenta|70/100|[from] Grassy Terrain\n|-heal|p2a: Ogerpon|100/100|[from] Grassy Terrain\n|-heal|p1a: Grimmsnarl|94/100|[from] Grassy Terrain\n|upkeep\n|turn|5\n|\n|t:|1745967206\n|move|p2b: Whimsicott|Tailwind|p2b: Whimsicott\n|-sidestart|p2: Hadrian1917|move: Tailwind\n|move|p2a: Ogerpon|Ivy Cudgel|p1a: Grimmsnarl|[anim] Ivy Cudgel Fire\n|-damage|p1a: Grimmsnarl|63/100\n|move|p1b: Zamazenta|Body Press|p2a: Ogerpon\n|-damage|p2a: Ogerpon|33/100\n|move|p1a: Grimmsnarl|Foul Play|p2a: Ogerpon\n|-damage|p2a: Ogerpon|0 fnt\n|faint|p2a: Ogerpon\n|\n|-heal|p2b: Whimsicott|69/100|[from] Grassy Terrain\n|-heal|p1b: Zamazenta|76/100|[from] Grassy Terrain\n|-heal|p1a: Grimmsnarl|69/100|[from] Grassy Terrain\n|-fieldend|move: Grassy Terrain\n|upkeep\n|\n|t:|1745967219\n|switch|p2a: Miraidon|Miraidon, L50|100/100\n|-fieldstart|move: Electric Terrain|[from] ability: Hadron Engine|[of] p2a: Miraidon\n|turn|6\n|inactive|something123 has 30 seconds left.\n|inactive|something123 has 20 seconds left.\n|inactive|something123 has 15 seconds left.\n|\n|t:|1745967263\n|switch|p1b: Rillaboom|Rillaboom, L50, M|100/100\n|-fieldstart|move: Grassy Terrain|[from] ability: Grassy Surge|[of] p1b: Rillaboom\n|switch|p1a: Calyrex|Calyrex-Shadow, L50|100/100\n|-ability|p1a: Calyrex|As One\n|-ability|p1a: Calyrex|Unnerve\n|move|p2b: Whimsicott|Moonblast|p1b: Rillaboom\n|-damage|p1b: Rillaboom|91/100\n|move|p2a: Miraidon|Dazzling Gleam|p1b: Rillaboom|[spread] p1a,p1b\n|-damage|p1a: Calyrex|80/100\n|-damage|p1b: Rillaboom|80/100\n|\n|-heal|p2b: Whimsicott|75/100|[from] Grassy Terrain\n|-heal|p1a: Calyrex|86/100|[from] Grassy Terrain\n|-heal|p1b: Rillaboom|85/100|[from] Grassy Terrain\n|upkeep\n|turn|7\n|\n|t:|1745967285\n|switch|p2a: Iron Hands|Iron Hands, L50, shiny|100/100\n|move|p2b: Whimsicott|Light Screen|p2b: Whimsicott\n|-sidestart|p2: Hadrian1917|move: Light Screen\n|move|p1a: Calyrex|Astral Barrage|p2a: Iron Hands|[spread] p2a,p2b\n|-damage|p2a: Iron Hands|77/100\n|-damage|p2b: Whimsicott|9/100\n|-damage|p1a: Calyrex|77/100|[from] item: Life Orb\n|move|p1b: Rillaboom|U-turn|p2b: Whimsicott\n|-damage|p2b: Whimsicott|0 fnt\n|faint|p2b: Whimsicott\n|\n|t:|1745967298\n|switch|p1b: Zamazenta|Zamazenta-Crowned, L50, tera:Dragon|76/100|[from] U-turn\n|\n|-heal|p1a: Calyrex|83/100|[from] Grassy Terrain\n|-heal|p1b: Zamazenta|82/100|[from] Grassy Terrain\n|-heal|p2a: Iron Hands|83/100|[from] Grassy Terrain\n|upkeep\n|\n|t:|1745967303\n|switch|p2b: Miraidon|Miraidon, L50|100/100\n|-fieldstart|move: Electric Terrain|[from] ability: Hadron Engine|[of] p2b: Miraidon\n|-activate|p2a: Iron Hands|ability: Quark Drive\n|-start|p2a: Iron Hands|quarkdriveatk\n|turn|8\n|-message|Hadrian1917 forfeited.\n|\n|win|something123\n|raw|something123's rating: 1364 &rarr; <strong>1384</strong><br />(+20 for winning)\n|raw|Hadrian1917's rating: 1371 &rarr; <strong>1351</strong><br />(-20 for losing)\n|l|\u2606something123\n|player|p1|\n", "uploadtime": 1745967357, "views": 22, "formatid": "gen9vgc2025regibo3", "rating": 1351, "private": 0, "password": null}