{"id": "gen9vgc2025regibo3-2353387523", "format": "[Gen 9] VGC 2025 Reg I (Bo3)", "players": ["dragonkenergy", "souraiz?vgc"], "log": "|j|\u2606dragonkenergy\n|j|\u2606souraiz?vgc\n|html|<table width=\"100%\"><tr><td align=\"left\">dragonkenergy</td><td align=\"right\">souraiz?vgc</tr><tr><td align=\"left\"><i class=\"fa fa-circle-o\"></i> <i class=\"fa fa-circle-o\"></i> </td><td align=\"right\"><i class=\"fa fa-circle-o\"></i> <i class=\"fa fa-circle\"></i> </tr></table>\n|uhtml|bestof|<h2><strong>Game 2</strong> of <a href=\"/game-bestof3-gen9vgc2025regibo3-2353385473\">a best-of-3</a></h2>\n|t:|1745951564\n|gametype|doubles\n|player|p1|dragonkenergy|265|1354\n|player|p2|souraiz?vgc|janine|1310\n|teamsize|p1|6\n|teamsize|p2|6\n|gen|9\n|tier|[Gen 9] VGC 2025 Reg I (Bo3)\n|rated|\n|rule|Species Clause: Limit one of each Pok\u00e9mon\n|rule|Item Clause: Limit 1 of each item\n|clearpoke\n|poke|p1|Miraidon, L50|\n|poke|p1|Ho-Oh, L50|\n|poke|p1|Iron Treads, L50|\n|poke|p1|Iron Hands, L50|\n|poke|p1|Iron Jugulis, L50|\n|poke|p1|Toxapex, L50, M|\n|poke|p2|Kyogre, L50|\n|poke|p2|Calyrex-Ice, L50|\n|poke|p2|Flutter Mane, L50|\n|poke|p2|Urshifu-*, L50, M|\n|poke|p2|Indeedee-F, L50, F|\n|poke|p2|Ursaluna-Bloodmoon, L50, M|\n|teampreview|4\n|showteam|p1|Miraidon||ChoiceScarf|HadronEngine|ElectroDrift,DracoMeteor,VoltSwitch,DazzlingGleam||||||50|,,,,,Electric]Ho-Oh||ClearAmulet|Regenerator|SacredFire,BraveBird,Tailwind,Protect||||||50|,,,,,Grass]Iron Treads||ChoiceBand|QuarkDrive|IronHead,Earthquake,HighHorsepower,SteelRoller||||||50|,,,,,Ghost]Iron Hands||AssaultVest|QuarkDrive|DrainPunch,LowKick,WildCharge,FakeOut||||||50|,,,,,Bug]Iron Jugulis||CovertCloak|QuarkDrive|Snarl,Tailwind,Protect,FlashCannon||||||50|,,,,,Steel]Toxapex||RockyHelmet|Regenerator|WideGuard,BanefulBunker,Infestation,Toxic|||M|||50|,,,,,Dark\n|showteam|p2|Kyogre||AssaultVest|Drizzle|WaterSpout,OriginPulse,IceBeam,Thunder||||||50|,,,,,Grass]Calyrex-Ice||ClearAmulet|AsOneGlastrier|GlacialLance,CloseCombat,TrickRoom,Protect||||||50|,,,,,Fire]Flutter Mane||BoosterEnergy|Protosynthesis|ShadowBall,Moonblast,IcyWind,Protect||||||50|,,,,,Fairy]Urshifu-Rapid-Strike||ChoiceBand|UnseenFist|CloseCombat,SurgingStrikes,AquaJet,Uturn|||M|||50|,,,,,Water]Indeedee-F||RockyHelmet|PsychicSurge|Psychic,HelpingHand,FollowMe,TrickRoom|||F|||50|,,,,,Grass]Ursaluna-Bloodmoon||LifeOrb|MindsEye|EarthPower,HyperVoice,BloodMoon,Protect|||M|||50|,,,,,Normal\n|inactive|Battle timer is ON: inactive players will automatically lose when time's up. (requested by souraiz?vgc)\n|inactive|dragonkenergy has 60 seconds left.\n|\n|t:|1745951606\n|start\n|switch|p1a: Toxapex|Toxapex, L50, M|100/100\n|switch|p1b: Miraidon|Miraidon, L50|100/100\n|switch|p2a: Calyrex|Calyrex-Ice, L50|100/100\n|switch|p2b: Indeedee|Indeedee-F, L50, F|100/100\n|-ability|p2a: Calyrex|As One\n|-ability|p2a: Calyrex|Unnerve\n|-fieldstart|move: Electric Terrain|[from] ability: Hadron Engine|[of] p1b: Miraidon\n|-fieldstart|move: Psychic Terrain|[from] ability: Psychic Surge|[of] p2b: Indeedee\n|turn|1\n|inactive|souraiz?vgc has 30 seconds left.\n|\n|t:|1745951631\n|move|p1b: Miraidon|Volt Switch|p2b: Indeedee\n|-damage|p2b: Indeedee|58/100\n|\n|t:|1745951636\n|switch|p1b: Ho-Oh|Ho-Oh, L50|100/100|[from] Volt Switch\n|move|p2b: Indeedee|Psychic|p1a: Toxapex\n|-supereffective|p1a: Toxapex\n|-damage|p1a: Toxapex|38/100\n|move|p2a: Calyrex|Glacial Lance|p1b: Ho-Oh|[spread] p1a,p1b\n|-resisted|p1a: Toxapex\n|-damage|p1a: Toxapex|22/100\n|-damage|p1b: Ho-Oh|55/100\n|move|p1a: Toxapex|Infestation|p2a: Calyrex\n|-supereffective|p2a: Calyrex\n|-damage|p2a: Calyrex|96/100\n|-activate|p2a: Calyrex|move: Infestation|[of] p1a: Toxapex\n|\n|-damage|p2a: Calyrex|84/100|[from] move: Infestation|[partiallytrapped]\n|upkeep\n|turn|2\n|inactive|dragonkenergy has 30 seconds left.\n|inactive|souraiz?vgc has 30 seconds left.\n|\n|t:|1745951664\n|move|p2a: Calyrex|Protect|p2a: Calyrex\n|-singleturn|p2a: Calyrex|Protect\n|move|p1a: Toxapex|Wide Guard|p1a: Toxapex\n|-singleturn|p1a: Toxapex|Wide Guard\n|move|p1b: Ho-Oh|Brave Bird|p2b: Indeedee\n|-damage|p2b: Indeedee|0 fnt\n|-damage|p1b: Ho-Oh|39/100|[from] item: Rocky Helmet|[of] p2b: Indeedee\n|faint|p2b: Indeedee\n|-damage|p1b: Ho-Oh|23/100|[from] Recoil\n|\n|-damage|p2a: Calyrex|71/100|[from] move: Infestation|[partiallytrapped]\n|upkeep\n|\n|t:|1745951677\n|switch|p2b: Kyogre|Kyogre, L50|100/100\n|-weather|RainDance|[from] ability: Drizzle|[of] p2b: Kyogre\n|turn|3\n|\n|t:|1745951688\n|move|p1b: Ho-Oh|Protect|p1b: Ho-Oh\n|-singleturn|p1b: Ho-Oh|Protect\n|move|p1a: Toxapex|Baneful Bunker||[still]\n|-fail|p1a: Toxapex\n|move|p2b: Kyogre|Thunder|p1b: Ho-Oh\n|-activate|p1b: Ho-Oh|move: Protect\n|move|p2a: Calyrex|Glacial Lance|p1a: Toxapex|[spread] p1a\n|-activate|p1b: Ho-Oh|move: Protect\n|-resisted|p1a: Toxapex\n|-damage|p1a: Toxapex|2/100\n|\n|-weather|RainDance|[upkeep]\n|-damage|p2a: Calyrex|59/100|[from] move: Infestation|[partiallytrapped]\n|upkeep\n|turn|4\n|\n|t:|1745951708\n|move|p2a: Calyrex|Protect|p2a: Calyrex\n|-singleturn|p2a: Calyrex|Protect\n|move|p1a: Toxapex|Wide Guard|p1a: Toxapex\n|-singleturn|p1a: Toxapex|Wide Guard\n|move|p1b: Ho-Oh|Brave Bird|p2b: Kyogre\n|-damage|p2b: Kyogre|50/100\n|-damage|p1b: Ho-Oh|7/100|[from] Recoil\n|move|p2b: Kyogre|Thunder|p1b: Ho-Oh\n|-supereffective|p1b: Ho-Oh\n|-damage|p1b: Ho-Oh|0 fnt\n|faint|p1b: Ho-Oh\n|\n|-weather|RainDance|[upkeep]\n|-damage|p2a: Calyrex|46/100|[from] move: Infestation|[partiallytrapped]\n|upkeep\n|\n|t:|1745951718\n|switch|p1b: Miraidon|Miraidon, L50|100/100\n|-fieldstart|move: Electric Terrain|[from] ability: Hadron Engine|[of] p1b: Miraidon\n|turn|5\n|\n|t:|1745951736\n|-terastallize|p1b: Miraidon|Electric\n|move|p1a: Toxapex|Wide Guard|p1a: Toxapex\n|-singleturn|p1a: Toxapex|Wide Guard\n|move|p1b: Miraidon|Volt Switch|p2a: Calyrex\n|-damage|p2a: Calyrex|0 fnt\n|faint|p2a: Calyrex\n|\n|t:|1745951742\n|switch|p1b: Iron Hands|Iron Hands, L50|100/100|[from] Volt Switch\n|-activate|p1b: Iron Hands|ability: Quark Drive\n|-start|p1b: Iron Hands|quarkdriveatk\n|move|p2b: Kyogre|Ice Beam|p1b: Iron Hands\n|-damage|p1b: Iron Hands|82/100\n|\n|-weather|RainDance|[upkeep]\n|upkeep\n|\n|t:|1745951749\n|switch|p2a: Ursaluna|Ursaluna-Bloodmoon, L50, M|100/100\n|turn|6\n|\n|t:|1745951765\n|move|p1b: Iron Hands|Fake Out|p2b: Kyogre\n|-damage|p2b: Kyogre|32/100\n|cant|p2b: Kyogre|flinch\n|move|p2a: Ursaluna|Earth Power|p1b: Iron Hands\n|-supereffective|p1b: Iron Hands\n|-crit|p1b: Iron Hands\n|-damage|p1b: Iron Hands|0 fnt\n|faint|p1b: Iron Hands\n|-end|p1b: Iron Hands|Quark Drive|[silent]\n|-damage|p2a: Ursaluna|90/100|[from] item: Life Orb\n|move|p1a: Toxapex|Toxic|p2b: Kyogre\n|-status|p2b: Kyogre|tox\n|\n|-weather|RainDance|[upkeep]\n|-damage|p2b: Kyogre|26/100 tox|[from] psn\n|upkeep\n|\n|t:|1745951769\n|switch|p1b: Miraidon|Miraidon, L50, tera:Electric|100/100\n|-activate|p1b: Miraidon|ability: Hadron Engine\n|turn|7\n|inactive|souraiz?vgc has 30 seconds left.\n|\n|t:|1745951794\n|-terastallize|p2b: Kyogre|Grass\n|move|p1a: Toxapex|Wide Guard|p1a: Toxapex\n|-singleturn|p1a: Toxapex|Wide Guard\n|move|p1b: Miraidon|Draco Meteor|p2a: Ursaluna\n|-damage|p2a: Ursaluna|0 fnt\n|-unboost|p1b: Miraidon|spa|2\n|faint|p2a: Ursaluna\n|move|p2b: Kyogre|Thunder|p1a: Toxapex\n|-supereffective|p1a: Toxapex\n|-damage|p1a: Toxapex|0 fnt\n|faint|p1a: Toxapex\n|\n|-weather|none\n|-damage|p2b: Kyogre|15/100 tox|[from] psn\n|upkeep\n|turn|8\n|\n|t:|1745951811\n|move|p1b: Miraidon|Draco Meteor|p2b: Kyogre\n|-damage|p2b: Kyogre|0 fnt\n|-unboost|p1b: Miraidon|spa|2\n|faint|p2b: Kyogre\n|\n|win|dragonkenergy\n||souraiz?vgc is ready for game 3.\n||dragonkenergy is ready for game 3.\n|uhtml|next|Next: <a href=\"/battle-gen9vgc2025regibo3-2353390607\"><strong>Game 3 of 3</strong></a>\n|l|\u2606souraiz?vgc\n|player|p2|\n", "uploadtime": 1745952087, "views": 28, "formatid": "gen9vgc2025regibo3", "rating": null, "private": 0, "password": null}