{"id": "gen9vgc2025regibo3-2354368866", "format": "[Gen 9] VGC 2025 Reg I (Bo3)", "players": ["TubbbbbyToucan", "laZb0nes2"], "log": "|j|\u2606TubbbbbyToucan\n|j|\u2606laZb0nes2\n|html|<table width=\"100%\"><tr><td align=\"left\">TubbbbbyToucan</td><td align=\"right\">laZb0nes2</tr><tr><td align=\"left\"><i class=\"fa fa-circle-o\"></i> <i class=\"fa fa-circle-o\"></i> </td><td align=\"right\"><i class=\"fa fa-circle-o\"></i> <i class=\"fa fa-circle-o\"></i> </tr></table>\n|uhtml|bestof|<h2><strong>Game 1</strong> of <a href=\"/game-bestof3-gen9vgc2025regibo3-2354368865\">a best-of-3</a></h2>\n|t:|1746062843\n|gametype|doubles\n|player|p1|TubbbbbyToucan|101|1209\n|player|p2|laZb0nes2|pokemonranger-gen4|1162\n|teamsize|p1|6\n|teamsize|p2|6\n|gen|9\n|tier|[Gen 9] VGC 2025 Reg I (Bo3)\n|rated|\n|rule|Species Clause: Limit one of each Pok\u00e9mon\n|rule|Item Clause: Limit 1 of each item\n|clearpoke\n|poke|p1|Calyrex-Ice, L50|\n|poke|p1|Kyogre, L50|\n|poke|p1|Urshifu-*, L50, F|\n|poke|p1|Landorus, L50, M|\n|poke|p1|Roaring Moon, L50|\n|poke|p1|Rillaboom, L50, M|\n|poke|p2|Terapagos, L50, M|\n|poke|p2|Ho-Oh, L50|\n|poke|p2|Incineroar, L50, F|\n|poke|p2|Rillaboom, L50, F|\n|poke|p2|Ogerpon-Cornerstone, L50, F|\n|poke|p2|Urshifu-*, L50, M|\n|teampreview|4\n|showteam|p1|Calyrex-Ice||ClearAmulet|AsOneGlastrier|GlacialLance,HighHorsepower,TrickRoom,Protect||||||50|,,,,,Grass]Kyogre||Leftovers|Drizzle|OriginPulse,IceBeam,CalmMind,Protect||||||50|,,,,,Grass]Urshifu-Rapid-Strike||ChoiceScarf|UnseenFist|SurgingStrikes,CloseCombat,Uturn,Coaching|||F|||50|,,,,,Water]Landorus||LifeOrb|SheerForce|EarthPower,SandsearStorm,SludgeBomb,Protect|||M|||50|,,,,,Water]Roaring Moon||BoosterEnergy|Protosynthesis|KnockOff,Acrobatics,Tailwind,Protect||||||50|,,,,,Flying]Rillaboom||AssaultVest|GrassySurge|FakeOut,WoodHammer,GrassyGlide,Uturn|||M|||50|,,,,,Steel\n|showteam|p2|Terapagos||Leftovers|TeraShift|CalmMind,TeraStarstorm,EarthPower,Protect|||M|||50|,,,,,Stellar]Ho-Oh||ClearAmulet|Regenerator|SacredFire,BraveBird,Tailwind,Protect||||||50|,,,,,Grass]Incineroar||SafetyGoggles|Intimidate|KnockOff,FakeOut,WillOWisp,PartingShot|||F|||50|,,,,,Water]Rillaboom||AssaultVest|GrassySurge|GrassyGlide,WoodHammer,Uturn,FakeOut|||F|||50|,,,,,Fire]Ogerpon-Cornerstone||CornerstoneMask|Sturdy|IvyCudgel,PowerWhip,FollowMe,SpikyShield|||F|||50|,,,,,Rock]Urshifu-Rapid-Strike||ChoiceScarf|UnseenFist|SurgingStrikes,CloseCombat,Uturn,Coaching|||M|||50|,,,,,Fighting\n|inactive|Battle timer is ON: inactive players will automatically lose when time's up. (requested by TubbbbbyToucan)\n|\n|t:|1746062918\n|start\n|switch|p1a: Roaring Moon|Roaring Moon, L50|100/100\n|switch|p1b: Landorus|Landorus, L50, M|100/100\n|switch|p2a: Incineroar|Incineroar, L50, F|100/100\n|switch|p2b: Terapagos|Terapagos, L50, M|100/100\n|-activate|p2b: Terapagos|ability: Tera Shift\n|detailschange|p2b: Terapagos|Terapagos-Terastal, L50, M\n|-heal|p2b: Terapagos|100/100|[silent]\n|-ability|p2a: Incineroar|Intimidate|boost\n|-unboost|p1a: Roaring Moon|atk|1\n|-unboost|p1b: Landorus|atk|1\n|-enditem|p1a: Roaring Moon|Booster Energy\n|-activate|p1a: Roaring Moon|ability: Protosynthesis|[fromitem]\n|-start|p1a: Roaring Moon|protosynthesisspe\n|turn|1\n|inactive|laZb0nes2 has 30 seconds left.\n|\n|t:|1746062945\n|move|p2a: Incineroar|Fake Out|p1b: Landorus\n|-damage|p1b: Landorus|89/100\n|move|p1a: Roaring Moon|Knock Off|p2b: Terapagos\n|-activate|p2b: Terapagos|ability: Tera Shell\n|-resisted|p2b: Terapagos\n|-damage|p2b: Terapagos|86/100\n|-enditem|p2b: Terapagos|Leftovers|[from] move: Knock Off|[of] p1a: Roaring Moon\n|cant|p1b: Landorus|flinch\n|move|p2b: Terapagos|Calm Mind|p2b: Terapagos\n|-boost|p2b: Terapagos|spa|1\n|-boost|p2b: Terapagos|spd|1\n|\n|upkeep\n|turn|2\n|\n|t:|1746062965\n|switch|p2a: Ho-Oh|Ho-Oh, L50|100/100\n|move|p1a: Roaring Moon|Tailwind|p1a: Roaring Moon\n|-sidestart|p1: TubbbbbyToucan|move: Tailwind\n|move|p1b: Landorus|Earth Power|p2a: Ho-Oh\n|-immune|p2a: Ho-Oh\n|move|p2b: Terapagos|Calm Mind|p2b: Terapagos\n|-boost|p2b: Terapagos|spa|1\n|-boost|p2b: Terapagos|spd|1\n|\n|upkeep\n|turn|3\n|inactive|laZb0nes2 has 30 seconds left.\n|\n|t:|1746062995\n|move|p1a: Roaring Moon|Acrobatics|p2b: Terapagos\n|-damage|p2b: Terapagos|65/100\n|move|p1b: Landorus|Earth Power|p2b: Terapagos\n|-damage|p2b: Terapagos|34/100\n|move|p2b: Terapagos|Tera Starstorm|p1a: Roaring Moon\n|-damage|p1a: Roaring Moon|0 fnt\n|faint|p1a: Roaring Moon\n|-end|p1a: Roaring Moon|Protosynthesis|[silent]\n|move|p2a: Ho-Oh|Brave Bird|p1b: Landorus\n|-damage|p1b: Landorus|22/100\n|-damage|p2a: Ho-Oh|81/100|[from] Recoil\n|\n|upkeep\n|\n|t:|1746063007\n|switch|p1a: Kyogre|Kyogre, L50|100/100\n|-weather|RainDance|[from] ability: Drizzle|[of] p1a: Kyogre\n|turn|4\n|inactive|laZb0nes2 has 30 seconds left.\n|inactive|laZb0nes2 has 20 seconds left.\n|inactive|laZb0nes2 has 15 seconds left.\n|\n|t:|1746063049\n|switch|p1b: Calyrex|Calyrex-Ice, L50|100/100\n|-ability|p1b: Calyrex|As One\n|-ability|p1b: Calyrex|Unnerve\n|-terastallize|p2a: Ho-Oh|Grass\n|move|p2b: Terapagos|Protect|p2b: Terapagos\n|-singleturn|p2b: Terapagos|Protect\n|move|p1a: Kyogre|Calm Mind|p1a: Kyogre\n|-boost|p1a: Kyogre|spa|1\n|-boost|p1a: Kyogre|spd|1\n|move|p2a: Ho-Oh|Brave Bird|p1a: Kyogre\n|-damage|p1a: Kyogre|57/100\n|-damage|p2a: Ho-Oh|67/100|[from] Recoil\n|\n|-weather|RainDance|[upkeep]\n|-heal|p1a: Kyogre|62/100|[from] item: Leftovers\n|upkeep\n|turn|5\n|inactive|laZb0nes2 has 30 seconds left.\n|\n|t:|1746063080\n|switch|p2a: Urshifu|Urshifu-Rapid-Strike, L50, M|100/100\n|move|p1a: Kyogre|Origin Pulse|p2a: Urshifu|[spread] p2a,p2b\n|-resisted|p2a: Urshifu\n|-damage|p2a: Urshifu|27/100\n|-damage|p2b: Terapagos|0 fnt\n|faint|p2b: Terapagos\n|move|p1b: Calyrex|Glacial Lance|p2a: Urshifu\n|-resisted|p2a: Urshifu\n|-damage|p2a: Urshifu|0 fnt\n|faint|p2a: Urshifu\n|-ability|p1b: Calyrex|Chilling Neigh|boost\n|-boost|p1b: Calyrex|atk|1\n|\n|-weather|RainDance|[upkeep]\n|-heal|p1a: Kyogre|68/100|[from] item: Leftovers\n|-sideend|p1: TubbbbbyToucan|move: Tailwind\n|upkeep\n|\n|t:|1746063089\n|switch|p2a: Incineroar|Incineroar, L50, F|100/100\n|switch|p2b: Ho-Oh|Ho-Oh, L50, tera:Grass|99/100\n|-ability|p2a: Incineroar|Intimidate|boost\n|-unboost|p1a: Kyogre|atk|1\n|-fail|p1b: Calyrex|unboost|[from] item: Clear Amulet|[of] p1b: Calyrex\n|turn|6\n|inactive|TubbbbbyToucan has 30 seconds left.\n|\n|t:|1746063117\n|move|p1b: Calyrex|Protect|p1b: Calyrex\n|-singleturn|p1b: Calyrex|Protect\n|move|p2a: Incineroar|Fake Out|p1b: Calyrex\n|-activate|p1b: Calyrex|move: Protect\n|move|p2b: Ho-Oh|Brave Bird|p1a: Kyogre\n|-damage|p1a: Kyogre|20/100\n|-damage|p2b: Ho-Oh|84/100|[from] Recoil\n|move|p1a: Kyogre|Origin Pulse|p2b: Ho-Oh|[spread] p2a,p2b\n|-supereffective|p2a: Incineroar\n|-resisted|p2b: Ho-Oh\n|-damage|p2a: Incineroar|0 fnt\n|-damage|p2b: Ho-Oh|55/100\n|faint|p2a: Incineroar\n|\n|-weather|RainDance|[upkeep]\n|-heal|p1a: Kyogre|26/100|[from] item: Leftovers\n|upkeep\n|turn|7\n|\n|t:|1746063132\n|move|p2b: Ho-Oh|Protect|p2b: Ho-Oh\n|-singleturn|p2b: Ho-Oh|Protect\n|move|p1a: Kyogre|Ice Beam|p2b: Ho-Oh\n|-activate|p2b: Ho-Oh|move: Protect\n|move|p1b: Calyrex|Glacial Lance|p2b: Ho-Oh\n|-activate|p2b: Ho-Oh|move: Protect\n|\n|-weather|RainDance|[upkeep]\n|-heal|p1a: Kyogre|31/100|[from] item: Leftovers\n|upkeep\n|turn|8\n|-message|laZb0nes2 forfeited.\n|\n|win|TubbbbbyToucan\n||TubbbbbyToucan is ready for game 2.\n||laZb0nes2 is ready for game 2.\n|uhtml|next|Next: <a href=\"/battle-gen9vgc2025regibo3-2354371407\"><strong>Game 2 of 3</strong></a>\n|l|\u2606TubbbbbyToucan\n|player|p1|\n", "uploadtime": 1746063423, "views": 15, "formatid": "gen9vgc2025regibo3", "rating": null, "private": 0, "password": null}