{"id": "gen9vgc2025regibo3-2353721726", "format": "[Gen 9] VGC 2025 Reg I (Bo3)", "players": ["navicorrin", "Dimplewiskers"], "log": "|j|\u2606navicorrin\n|j|\u2606Dimplewiskers\n|html|<table width=\"100%\"><tr><td align=\"left\">navicorrin</td><td align=\"right\">Dimplewiskers</tr><tr><td align=\"left\"><i class=\"fa fa-circle-o\"></i> <i class=\"fa fa-circle-o\"></i> </td><td align=\"right\"><i class=\"fa fa-circle-o\"></i> <i class=\"fa fa-circle\"></i> </tr></table>\n|uhtml|bestof|<h2><strong>Game 2</strong> of <a href=\"/game-bestof3-gen9vgc2025regibo3-2353720448\">a best-of-3</a></h2>\n|t:|1745988674\n|gametype|doubles\n|player|p1|navicorrin|caitlin|1098\n|player|p2|Dimplewiskers|cynthia-gen4|1104\n|teamsize|p1|6\n|teamsize|p2|6\n|gen|9\n|tier|[Gen 9] VGC 2025 Reg I (Bo3)\n|rated|\n|rule|Species Clause: Limit one of each Pok\u00e9mon\n|rule|Item Clause: Limit 1 of each item\n|clearpoke\n|poke|p1|Sableye, L50, M|\n|poke|p1|Amoonguss, L50, M|\n|poke|p1|Heracross, L50, F|\n|poke|p1|Eternatus, L50|\n|poke|p1|Kyogre, L50|\n|poke|p1|Regigigas, L50|\n|poke|p2|Calyrex-Ice, L50|\n|poke|p2|Palkia, L50|\n|poke|p2|Smeargle, L50, F|\n|poke|p2|Indeedee-F, L50, F|\n|poke|p2|Hatterene, L50, F|\n|poke|p2|Ursaluna, L50, F|\n|teampreview|4\n|showteam|p1|Sableye||FocusSash|Prankster|WillOWisp,SkillSwap,Encore,Hex|||M|||50|,,,,,Steel]Amoonguss||CovertCloak|Regenerator|PollenPuff,RagePowder,Protect,Spore|||M|||50|,,,,,Dragon]Heracross||ChoiceScarf|Guts|Megahorn,CloseCombat,HighHorsepower,ThroatChop|||F|||50|,,,,,Water]Eternatus||LifeOrb|Pressure|SludgeBomb,Protect,DynamaxCannon,Recover||||||50|,,,,,Fire]Kyogre||AssaultVest|Drizzle|WaterSpout,OriginPulse,Thunder,IceBeam||||||50|,,,,,Grass]Regigigas||ClearAmulet|SlowStart|KnockOff,BodySlam,HighHorsepower,HeatCrash||||||50|,,,,,Ghost\n|showteam|p2|Calyrex-Ice||ClearAmulet|AsOneGlastrier|GlacialLance,CloseCombat,Protect,TrickRoom||||||50|,,,,,Water]Palkia||LifeOrb|Pressure|SpacialRend,Thunderbolt,Flamethrower,Protect||||||50|,,,,,Fairy]Smeargle||FocusSash|Moody|FakeOut,FollowMe,Spore,Decorate|||F|||50|,,,,,Grass]Indeedee-F||SafetyGoggles|PsychicSurge|FollowMe,HelpingHand,TrickRoom,Psychic|||F|||50|,,,,,Fairy]Hatterene||SitrusBerry|Healer|DazzlingGleam,ExpandingForce,Protect,TrickRoom|||F|||50|,,,,,Psychic]Ursaluna||FlameOrb|Guts|Facade,HeadlongRush,Earthquake,Protect|||F|||50|,,,,,Normal\n|inactive|Battle timer is ON: inactive players will automatically lose when time's up. (requested by Dimplewiskers)\n|\n|t:|1745988692\n|start\n|switch|p1a: Sableye|Sableye, L50, M, shiny|100/100\n|switch|p1b: Wrathful Orobas|Amoonguss, L50, M, shiny|100/100\n|switch|p2a: Elvis|Calyrex-Ice, L50|100/100\n|switch|p2b: Bob Ross|Smeargle, L50, F, shiny|100/100\n|-ability|p2a: Elvis|As One\n|-ability|p2a: Elvis|Unnerve\n|turn|1\n|\n|t:|1745988715\n|-terastallize|p2b: Bob Ross|Grass\n|move|p2a: Elvis|Protect|p2a: Elvis\n|-singleturn|p2a: Elvis|Protect\n|move|p1a: Sableye|Skill Swap|p1b: Wrathful Orobas\n|-activate|p1a: Sableye|move: Skill Swap|||[of] p1b: Wrathful Orobas\n|move|p1b: Wrathful Orobas|Spore|p2b: Bob Ross\n|-immune|p2b: Bob Ross\n|move|p2b: Bob Ross|Spore|p1a: Sableye\n|-status|p1a: Sableye|slp|[from] move: Spore\n|\n|-ability|p2b: Bob Ross|Moody|boost\n|-boost|p2b: Bob Ross|spe|2\n|-unboost|p2b: Bob Ross|spd|1\n|upkeep\n|turn|2\n|inactive|Dimplewiskers has 30 seconds left.\n|\n|t:|1745988742\n|move|p2b: Bob Ross|Follow Me|p2b: Bob Ross\n|-singleturn|p2b: Bob Ross|move: Follow Me\n|cant|p1a: Sableye|slp\n|move|p1b: Wrathful Orobas|Pollen Puff|p2b: Bob Ross\n|-supereffective|p2b: Bob Ross\n|-enditem|p2b: Bob Ross|Focus Sash\n|-damage|p2b: Bob Ross|1/100\n|move|p2a: Elvis|Glacial Lance|p1b: Wrathful Orobas|[spread] p1a,p1b\n|-supereffective|p1b: Wrathful Orobas\n|-damage|p1a: Sableye|5/100 slp\n|-damage|p1b: Wrathful Orobas|2/100\n|\n|-ability|p2b: Bob Ross|Moody|boost\n|-boost|p2b: Bob Ross|atk|2\n|-unboost|p2b: Bob Ross|spd|1\n|upkeep\n|turn|3\n|\n|t:|1745988767\n|move|p1b: Wrathful Orobas|Protect|p1b: Wrathful Orobas\n|-singleturn|p1b: Wrathful Orobas|Protect\n|move|p2b: Bob Ross|Follow Me|p2b: Bob Ross\n|-singleturn|p2b: Bob Ross|move: Follow Me\n|-curestatus|p1a: Sableye|slp|[msg]\n|move|p1a: Sableye|Will-O-Wisp|p2b: Bob Ross\n|-status|p2b: Bob Ross|brn\n|move|p2a: Elvis|Glacial Lance|p1b: Wrathful Orobas|[spread] p1a\n|-activate|p1b: Wrathful Orobas|move: Protect\n|-damage|p1a: Sableye|0 fnt\n|faint|p1a: Sableye\n|-ability|p2a: Elvis|Chilling Neigh|boost\n|-boost|p2a: Elvis|atk|1\n|\n|-damage|p2b: Bob Ross|0 fnt|[from] brn\n|faint|p2b: Bob Ross\n|upkeep\n|\n|t:|1745988786\n|switch|p2b: Coach|Indeedee-F, L50, F, shiny|100/100\n|switch|p1a: Heracross|Heracross, L50, F|100/100\n|-fieldstart|move: Psychic Terrain|[from] ability: Psychic Surge|[of] p2b: Coach\n|turn|4\n|\n|t:|1745988809\n|move|p2a: Elvis|Protect|p2a: Elvis\n|-singleturn|p2a: Elvis|Protect\n|move|p1a: Heracross|Megahorn|p2b: Coach\n|-supereffective|p2b: Coach\n|-damage|p2b: Coach|0 fnt\n|faint|p2b: Coach\n|move|p1b: Wrathful Orobas|Pollen Puff|p2a: Elvis\n|-activate|p2a: Elvis|move: Protect\n|\n|upkeep\n|\n|t:|1745988818\n|switch|p2b: Hatterene|Hatterene, L50, F|100/100\n|turn|5\n|\n|t:|1745988833\n|move|p1a: Heracross|Megahorn|p2a: Elvis\n|-supereffective|p2a: Elvis\n|-damage|p2a: Elvis|24/100\n|move|p1b: Wrathful Orobas|Pollen Puff|p2b: Hatterene\n|-damage|p2b: Hatterene|82/100\n|move|p2a: Elvis|Glacial Lance|p1b: Wrathful Orobas|[spread] p1a,p1b\n|-supereffective|p1b: Wrathful Orobas\n|-damage|p1a: Heracross|0 fnt\n|-damage|p1b: Wrathful Orobas|0 fnt\n|faint|p1a: Heracross\n|faint|p1b: Wrathful Orobas\n|-ability|p2a: Elvis|Chilling Neigh|boost\n|-boost|p2a: Elvis|atk|2\n|move|p2b: Hatterene|Expanding Force|p1: Heracross|[notarget]\n|-fail|p2b: Hatterene\n|\n|upkeep\n|\n|t:|1745988842\n|switch|p1b: Eternatus|Eternatus, L50|100/100\n|-ability|p1b: Eternatus|Pressure\n|turn|6\n|j| Fancy Cucudrula\n|inactive|Dimplewiskers has 30 seconds left.\n|inactive|Dimplewiskers has 20 seconds left.\n|inactive|Dimplewiskers has 15 seconds left.\n|inactive|Dimplewiskers has 10 seconds left.\n|l| Fancy Cucudrula\n|inactive|Dimplewiskers has 5 seconds left.\n|\n|t:|1745988894\n|-terastallize|p1b: Eternatus|Fire\n|move|p1b: Eternatus|Dynamax Cannon|p2a: Elvis\n|-damage|p2a: Elvis|0 fnt\n|faint|p2a: Elvis\n|-damage|p1b: Eternatus|91/100|[from] item: Life Orb\n|move|p2b: Hatterene|Expanding Force|p1b: Eternatus\n|-damage|p1b: Eternatus|9/100\n|\n|upkeep\n|turn|7\n|\n|t:|1745988915\n|move|p1b: Eternatus|Sludge Bomb|p2b: Hatterene\n|-supereffective|p2b: Hatterene\n|-damage|p2b: Hatterene|0 fnt\n|faint|p2b: Hatterene\n|-damage|p1b: Eternatus|0 fnt|[from] item: Life Orb\n|faint|p1b: Eternatus\n|\n|win|navicorrin\n||navicorrin is ready for game 3.\n|l|\u2606Dimplewiskers\n|player|p2|\n||Dimplewiskers is ready for game 3.\n|uhtml|next|Next: <a href=\"/battle-gen9vgc2025regibo3-2353723259\"><strong>Game 3 of 3</strong></a>\n|l|\u2606navicorrin\n|player|p1|\n", "uploadtime": 1745989224, "views": 6, "formatid": "gen9vgc2025regibo3", "rating": null, "private": 0, "password": null}