{"id": "gen9vgc2025regibo3-2353999888", "format": "[Gen 9] VGC 2025 Reg I (Bo3)", "players": ["MarceloCe13", "Uahhhh"], "log": "|j|\u2606MarceloCe13\n|j|\u203dUahhhh\n|html|<table width=\"100%\"><tr><td align=\"left\">MarceloCe13</td><td align=\"right\">Uahhhh</tr><tr><td align=\"left\"><i class=\"fa fa-circle-o\"></i> <i class=\"fa fa-circle-o\"></i> </td><td align=\"right\"><i class=\"fa fa-circle-o\"></i> <i class=\"fa fa-circle-o\"></i> </tr></table>\n|uhtml|bestof|<h2><strong>Game 1</strong> of <a href=\"/game-bestof3-gen9vgc2025regibo3-2353999887\">a best-of-3</a></h2>\n|t:|1746026313\n|gametype|doubles\n|player|p1|MarceloCe13|265|1179\n|player|p2|Uahhhh|266|1174\n|teamsize|p1|6\n|teamsize|p2|6\n|gen|9\n|tier|[Gen 9] VGC 2025 Reg I (Bo3)\n|rated|\n|rule|Species Clause: Limit one of each Pok\u00e9mon\n|rule|Item Clause: Limit 1 of each item\n|clearpoke\n|poke|p1|Miraidon, L50|\n|poke|p1|Calyrex-Ice, L50|\n|poke|p1|Iron Hands, L50|\n|poke|p1|Farigiraf, L50, M|\n|poke|p1|Ogerpon-Cornerstone, L50, F|\n|poke|p1|Incineroar, L50, F|\n|poke|p2|Iron Bundle, L50|\n|poke|p2|Farigiraf, L50, F|\n|poke|p2|Landorus, L50, M|\n|poke|p2|Urshifu-*, L50, F|\n|poke|p2|Miraidon, L50|\n|poke|p2|Calyrex-Ice, L50|\n|teampreview|4\n|showteam|p1|Miraidon||ChoiceSpecs|HadronEngine|ElectroDrift,DracoMeteor,VoltSwitch,DazzlingGleam||||||50|,,,,,Fairy]Calyrex-Ice||ClearAmulet|AsOneGlastrier|GlacialLance,HighHorsepower,TrickRoom,Protect||||||50|,,,,,Water]Iron Hands||AssaultVest|QuarkDrive|DrainPunch,LowKick,WildCharge,FakeOut||||||50|,,,,,Bug]Farigiraf||ElectricSeed|ArmorTail|FoulPlay,PsychicNoise,TrickRoom,HelpingHand|||M|||50|,,,,,Water]Ogerpon-Cornerstone||CornerstoneMask|Sturdy|IvyCudgel,Encore,FollowMe,SpikyShield|||F|||50|,,,,,Rock]Incineroar||RockyHelmet|Intimidate|KnockOff,FakeOut,WillOWisp,PartingShot|||F|||50|,,,,,Bug\n|showteam|p2|Iron Bundle||FocusSash|QuarkDrive|HydroPump,FreezeDry,IcyWind,Protect||||||50|,,,,,Grass]Farigiraf||ElectricSeed|ArmorTail|FoulPlay,HyperVoice,HelpingHand,TrickRoom|||F|||50|,,,,,Fire]Landorus||LifeOrb|SheerForce|SandsearStorm,EarthPower,SludgeBomb,Protect|||M|||50|,,,,,Water]Urshifu||ChoiceBand|UnseenFist|WickedBlow,SuckerPunch,CloseCombat,Uturn|||F|||50|,,,,,Fire]Miraidon||ChoiceSpecs|HadronEngine|ElectroDrift,DracoMeteor,DazzlingGleam,VoltSwitch||||||50|,,,,,Fairy]Calyrex-Ice||ClearAmulet|AsOneGlastrier|GlacialLance,HighHorsepower,TrickRoom,Protect||||||50|,,,,,Water\n|inactive|Battle timer is ON: inactive players will automatically lose when time's up. (requested by Uahhhh)\n|inactive|MarceloCe13 has 60 seconds left.\n|\n|t:|1746026377\n|start\n|switch|p1a: Calyrex|Calyrex-Ice, L50|100/100\n|switch|p1b: Iron Hands|Iron Hands, L50|100/100\n|switch|p2a: Iron Bundle|Iron Bundle, L50|100/100\n|switch|p2b: Miraidon|Miraidon, L50|100/100\n|-ability|p1a: Calyrex|As One\n|-ability|p1a: Calyrex|Unnerve\n|-fieldstart|move: Electric Terrain|[from] ability: Hadron Engine|[of] p2b: Miraidon\n|-activate|p2a: Iron Bundle|ability: Quark Drive\n|-start|p2a: Iron Bundle|quarkdrivespe\n|-activate|p1b: Iron Hands|ability: Quark Drive\n|-start|p1b: Iron Hands|quarkdriveatk\n|turn|1\n|inactive|MarceloCe13 has 30 seconds left.\n|\n|t:|1746026404\n|-end|p2a: Iron Bundle|Quark Drive|[silent]\n|switch|p2a: Landorus|Landorus, L50, M|100/100\n|switch|p2b: Calyrex|Calyrex-Ice, L50|100/100\n|-ability|p2b: Calyrex|As One\n|-ability|p2b: Calyrex|Unnerve\n|move|p1a: Calyrex|Protect|p1a: Calyrex\n|-singleturn|p1a: Calyrex|Protect\n|move|p1b: Iron Hands|Low Kick|p2b: Calyrex\n|-damage|p2b: Calyrex|43/100\n|\n|upkeep\n|turn|2\n|inactive|MarceloCe13 has 30 seconds left.\n|inactive|Uahhhh has 30 seconds left.\n|inactive|MarceloCe13 has 20 seconds left.\n|inactive|MarceloCe13 has 15 seconds left.\n|inactive|Uahhhh has 20 seconds left.\n|inactive|MarceloCe13 has 10 seconds left.\n|inactive|Uahhhh has 15 seconds left.\n|inactive|MarceloCe13 has 5 seconds left.\n|\n|t:|1746026455\n|-terastallize|p2a: Landorus|Water\n|-terastallize|p1b: Iron Hands|Bug\n|move|p2b: Calyrex|Protect|p2b: Calyrex\n|-singleturn|p2b: Calyrex|Protect\n|move|p2a: Landorus|Sandsear Storm|p1b: Iron Hands|[spread] p1a,p1b\n|-resisted|p1b: Iron Hands\n|-damage|p1a: Calyrex|59/100\n|-damage|p1b: Iron Hands|82/100\n|move|p1b: Iron Hands|Low Kick|p2b: Calyrex\n|-activate|p2b: Calyrex|move: Protect\n|move|p1a: Calyrex|Trick Room|p1a: Calyrex\n|-fieldstart|move: Trick Room|[of] p1a: Calyrex\n|\n|upkeep\n|turn|3\n|\n|t:|1746026475\n|move|p2b: Calyrex|Glacial Lance|p1a: Calyrex|[spread] p1a,p1b\n|-resisted|p1a: Calyrex\n|-damage|p1a: Calyrex|40/100\n|-damage|p1b: Iron Hands|35/100\n|move|p1b: Iron Hands|Low Kick|p2b: Calyrex\n|-damage|p2b: Calyrex|0 fnt\n|faint|p2b: Calyrex\n|move|p1a: Calyrex|Glacial Lance|p2a: Landorus\n|-resisted|p2a: Landorus\n|-damage|p2a: Landorus|61/100\n|move|p2a: Landorus|Sandsear Storm|p1a: Calyrex|[spread] p1a\n|-miss|p2a: Landorus|p1b: Iron Hands\n|-damage|p1a: Calyrex|0 fnt\n|faint|p1a: Calyrex\n|\n|upkeep\n|\n|t:|1746026497\n|switch|p1a: Miraidon|Miraidon, L50|100/100\n|switch|p2b: Miraidon|Miraidon, L50|100/100\n|-activate|p1a: Miraidon|ability: Hadron Engine\n|-activate|p2b: Miraidon|ability: Hadron Engine\n|turn|4\n|\n|t:|1746026512\n|move|p2a: Landorus|Protect|p2a: Landorus\n|-singleturn|p2a: Landorus|Protect\n|move|p1b: Iron Hands|Wild Charge|p2a: Landorus\n|-activate|p2a: Landorus|move: Protect\n|move|p1a: Miraidon|Dazzling Gleam|p2a: Landorus|[spread] p2b\n|-activate|p2a: Landorus|move: Protect\n|-supereffective|p2b: Miraidon\n|-damage|p2b: Miraidon|12/100\n|move|p2b: Miraidon|Draco Meteor|p1a: Miraidon\n|-supereffective|p1a: Miraidon\n|-damage|p1a: Miraidon|0 fnt\n|-unboost|p2b: Miraidon|spa|2\n|faint|p1a: Miraidon\n|\n|upkeep\n|\n|t:|1746026522\n|switch|p1a: Ogerpon|Ogerpon-Cornerstone, L50, F|100/100\n|turn|5\n|inactive|Uahhhh has 30 seconds left.\n|\n|t:|1746026553\n|switch|p2b: Iron Bundle|Iron Bundle, L50|100/100\n|-activate|p2b: Iron Bundle|ability: Quark Drive\n|-start|p2b: Iron Bundle|quarkdrivespe\n|move|p2a: Landorus|Protect||[still]\n|-fail|p2a: Landorus\n|move|p1b: Iron Hands|Wild Charge|p2a: Landorus\n|-supereffective|p2a: Landorus\n|-damage|p2a: Landorus|0 fnt\n|faint|p2a: Landorus\n|-damage|p1b: Iron Hands|22/100|[from] Recoil\n|move|p1a: Ogerpon|Ivy Cudgel|p2b: Iron Bundle|[anim] Ivy Cudgel Rock\n|-supereffective|p2b: Iron Bundle\n|-enditem|p2b: Iron Bundle|Focus Sash\n|-damage|p2b: Iron Bundle|1/100\n|\n|-fieldend|move: Electric Terrain\n|-end|p1b: Iron Hands|Quark Drive\n|-end|p2b: Iron Bundle|Quark Drive\n|upkeep\n|\n|t:|1746026560\n|switch|p2a: Miraidon|Miraidon, L50|12/100\n|-fieldstart|move: Electric Terrain|[from] ability: Hadron Engine|[of] p2a: Miraidon\n|-activate|p1b: Iron Hands|ability: Quark Drive\n|-start|p1b: Iron Hands|quarkdriveatk\n|-activate|p2b: Iron Bundle|ability: Quark Drive\n|-start|p2b: Iron Bundle|quarkdrivespe\n|turn|6\n|inactive|MarceloCe13 has 30 seconds left.\n|\n|t:|1746026592\n|move|p1b: Iron Hands|Drain Punch|p2a: Miraidon\n|-damage|p2a: Miraidon|0 fnt\n|-heal|p1b: Iron Hands|27/100|[from] drain|[of] p2a: Miraidon\n|faint|p2a: Miraidon\n|move|p1a: Ogerpon|Ivy Cudgel|p2b: Iron Bundle|[anim] Ivy Cudgel Rock\n|-supereffective|p2b: Iron Bundle\n|-crit|p2b: Iron Bundle\n|-damage|p2b: Iron Bundle|0 fnt\n|faint|p2b: Iron Bundle\n|-end|p2b: Iron Bundle|Quark Drive|[silent]\n|\n|win|MarceloCe13\n||Uahhhh is ready for game 2.\n", "uploadtime": 1746026601, "views": 18, "formatid": "gen9vgc2025regibo3", "rating": null, "private": 0, "password": null}