{"id": "gen9vgc2025regibo3-2353593225", "format": "[Gen 9] VGC 2025 Reg I (Bo3)", "players": ["EtienneN7", "paroparo"], "log": "|j|\u2606EtienneN7\n|j|\u2606paroparo\n|html|<table width=\"100%\"><tr><td align=\"left\">EtienneN7</td><td align=\"right\">paroparo</tr><tr><td align=\"left\"><i class=\"fa fa-circle-o\"></i> <i class=\"fa fa-circle-o\"></i> </td><td align=\"right\"><i class=\"fa fa-circle-o\"></i> <i class=\"fa fa-circle\"></i> </tr></table>\n|uhtml|bestof|<h2><strong>Game 2</strong> of <a href=\"/game-bestof3-gen9vgc2025regibo3-2353590097\">a best-of-3</a></h2>\n|t:|1745972223\n|gametype|doubles\n|player|p1|EtienneN7|dawn|1104\n|player|p2|paroparo|hilda|1097\n|teamsize|p1|6\n|teamsize|p2|6\n|gen|9\n|tier|[Gen 9] VGC 2025 Reg I (Bo3)\n|rated|\n|rule|Species Clause: Limit one of each Pok\u00e9mon\n|rule|Item Clause: Limit 1 of each item\n|clearpoke\n|poke|p1|Zamazenta-*, L50|\n|poke|p1|Koraidon, L50|\n|poke|p1|Incineroar, L50, M|\n|poke|p1|Tornadus, L50, M|\n|poke|p1|Flutter Mane, L50|\n|poke|p1|Ogerpon-Wellspring, L50, F|\n|poke|p2|Lunala, L50|\n|poke|p2|Landorus, L50, M|\n|poke|p2|Indeedee-F, L50, F|\n|poke|p2|Kyogre, L50|\n|poke|p2|Urshifu-*, L50, M|\n|poke|p2|Roaring Moon, L50|\n|teampreview|4\n|showteam|p1|Zamazenta-Crowned||RustedShield|DauntlessShield|BodyPress,behemothbash,WideGuard,Protect||||||50|,,,,,Dragon]Koraidon||PersimBerry|OrichalcumPulse|FlareBlitz,DragonClaw,CollisionCourse,Protect||||||50|,,,,,Fire]Incineroar||RockyHelmet|Intimidate|PartingShot,FakeOut,WillOWisp,DarkestLariat|||M|||50|,,,,,Ghost]Tornadus||CovertCloak|Prankster|Swagger,Taunt,Tailwind,BleakwindStorm|||M|||50|,,,,,Flying]Flutter Mane||FocusSash|Protosynthesis|IcyWind,DazzlingGleam,ShadowBall,Protect||||||50|,,,,,Normal]Ogerpon-Wellspring||WellspringMask|WaterAbsorb|IvyCudgel,SpikyShield,FollowMe,WoodHammer|||F|||50|,,,,,Water\n|showteam|p2|Lunala||Leftovers|ShadowShield|Moonblast,ExpandingForce,MoongeistBeam,Protect||||||50|,,,,,Fire]Landorus||LifeOrb|SheerForce|EarthPower,SludgeBomb,SandsearStorm,Protect|||M|||50|,,,,,Poison]Indeedee-F||RockyHelmet|PsychicSurge|AlluringVoice,TrickRoom,FollowMe,HelpingHand|||F|||50|,,,,,Fairy]Kyogre||AssaultVest|Drizzle|WaterSpout,Thunder,IceBeam,OriginPulse||||||50|,,,,,Grass]Urshifu-Rapid-Strike||FocusSash|UnseenFist|SurgingStrikes,CloseCombat,Taunt,Protect|||M|||50|,,,,,Grass]Roaring Moon||BoosterEnergy|Protosynthesis|Acrobatics,KnockOff,Tailwind,Protect||||||50|,,,,,Flying\n|inactive|Battle timer is ON: inactive players will automatically lose when time's up. (requested by EtienneN7)\n|\n|t:|1745972250\n|start\n|switch|p1a: Yonofui|Ogerpon-Wellspring, L50, F|100/100\n|switch|p1b: Kora|Koraidon, L50|100/100\n|switch|p2a: Indeedee|Indeedee-F, L50, F|100/100\n|switch|p2b: Landorus|Landorus, L50, M|100/100\n|-weather|SunnyDay|[from] ability: Orichalcum Pulse|[of] p1b: Kora\n|-activate|p1b: Kora|Orichalcum Pulse|[source]\n|-fieldstart|move: Psychic Terrain|[from] ability: Psychic Surge|[of] p2a: Indeedee\n|turn|1\n|inactive|EtienneN7 has 30 seconds left.\n|inactive|paroparo has 30 seconds left.\n|inactive|paroparo has 20 seconds left.\n|\n|t:|1745972286\n|switch|p2b: Kyogre|Kyogre, L50|100/100\n|-weather|RainDance|[from] ability: Drizzle|[of] p2b: Kyogre\n|move|p1b: Kora|Protect|p1b: Kora\n|-singleturn|p1b: Kora|Protect\n|move|p1a: Yonofui|Ivy Cudgel|p2b: Kyogre|[anim] Ivy Cudgel Water\n|-resisted|p2b: Kyogre\n|-damage|p2b: Kyogre|58/100\n|move|p2a: Indeedee|Trick Room|p2a: Indeedee\n|-fieldstart|move: Trick Room|[of] p2a: Indeedee\n|\n|-weather|RainDance|[upkeep]\n|upkeep\n|turn|2\n|inactive|EtienneN7 has 30 seconds left.\n|\n|t:|1745972318\n|switch|p1b: Woof Woof|Zamazenta-Crowned, L50|100/100\n|-ability|p1b: Woof Woof|Dauntless Shield|boost\n|-boost|p1b: Woof Woof|def|1\n|move|p2a: Indeedee|Alluring Voice|p1b: Woof Woof\n|-damage|p1b: Woof Woof|89/100\n|-start|p1b: Woof Woof|confusion\n|move|p2b: Kyogre|Ice Beam|p1b: Woof Woof\n|-resisted|p1b: Woof Woof\n|-damage|p1b: Woof Woof|77/100\n|move|p1a: Yonofui|Ivy Cudgel|p2b: Kyogre|[anim] Ivy Cudgel Water\n|-resisted|p2b: Kyogre\n|-damage|p2b: Kyogre|14/100\n|\n|-weather|RainDance|[upkeep]\n|upkeep\n|turn|3\n|inactive|EtienneN7 has 30 seconds left.\n|inactive|paroparo has 30 seconds left.\n|inactive|paroparo has 20 seconds left.\n|\n|t:|1745972362\n|move|p2a: Indeedee|Helping Hand|p2b: Kyogre\n|-singleturn|p2b: Kyogre|Helping Hand|[of] p2a: Indeedee\n|move|p2b: Kyogre|Origin Pulse|p1b: Woof Woof|[spread] p1b\n|-immune|p1a: Yonofui|[from] ability: Water Absorb\n|-damage|p1b: Woof Woof|0 fnt\n|faint|p1b: Woof Woof\n|move|p1a: Yonofui|Ivy Cudgel|p2b: Kyogre|[anim] Ivy Cudgel Water\n|-resisted|p2b: Kyogre\n|-crit|p2b: Kyogre\n|-damage|p2b: Kyogre|0 fnt\n|faint|p2b: Kyogre\n|\n|-weather|RainDance|[upkeep]\n|upkeep\n|\n|t:|1745972373\n|switch|p2b: Landorus|Landorus, L50, M|100/100\n|switch|p1b: Meow Meow|Incineroar, L50, M|100/100\n|-ability|p1b: Meow Meow|Intimidate|boost\n|-unboost|p2a: Indeedee|atk|1\n|-unboost|p2b: Landorus|atk|1\n|turn|4\n|\n|t:|1745972389\n|-terastallize|p1b: Meow Meow|Ghost\n|-terastallize|p2b: Landorus|Poison\n|move|p2a: Indeedee|Helping Hand|p2b: Landorus\n|-singleturn|p2b: Landorus|Helping Hand|[of] p2a: Indeedee\n|move|p1b: Meow Meow|Darkest Lariat|p2a: Indeedee\n|-supereffective|p2a: Indeedee\n|-damage|p2a: Indeedee|32/100\n|-damage|p1b: Meow Meow|84/100|[from] item: Rocky Helmet|[of] p2a: Indeedee\n|move|p2b: Landorus|Sludge Bomb|p1a: Yonofui\n|-supereffective|p1a: Yonofui\n|-damage|p1a: Yonofui|0 fnt\n|faint|p1a: Yonofui\n|\n|-weather|RainDance|[upkeep]\n|upkeep\n|\n|t:|1745972403\n|switch|p1a: Kora|Koraidon, L50|100/100\n|-weather|SunnyDay|[from] ability: Orichalcum Pulse|[of] p1a: Kora\n|-activate|p1a: Kora|Orichalcum Pulse|[source]\n|turn|5\n|\n|t:|1745972421\n|move|p1a: Kora|Protect|p1a: Kora\n|-singleturn|p1a: Kora|Protect\n|move|p1b: Meow Meow|Darkest Lariat|p2a: Indeedee\n|-supereffective|p2a: Indeedee\n|-damage|p2a: Indeedee|0 fnt\n|-damage|p1b: Meow Meow|68/100|[from] item: Rocky Helmet|[of] p2a: Indeedee\n|faint|p2a: Indeedee\n|move|p2b: Landorus|Earth Power|p1b: Meow Meow\n|-damage|p1b: Meow Meow|12/100\n|\n|-weather|SunnyDay|[upkeep]\n|-fieldend|move: Trick Room\n|-fieldend|move: Psychic Terrain\n|upkeep\n|\n|t:|1745972429\n|switch|p2a: Lunala|Lunala, L50|100/100\n|turn|6\n|inactive|EtienneN7 has 30 seconds left.\n|inactive|EtienneN7 has 20 seconds left.\n|inactive|EtienneN7 has 15 seconds left.\n|\n|t:|1745972472\n|move|p1a: Kora|Flare Blitz|p2a: Lunala\n|-damage|p2a: Lunala|65/100\n|-damage|p1a: Kora|85/100|[from] Recoil\n|move|p2b: Landorus|Sandsear Storm|p1a: Kora|[spread] p1a,p1b\n|-damage|p1a: Kora|24/100\n|-damage|p1b: Meow Meow|0 fnt\n|faint|p1b: Meow Meow\n|move|p2a: Lunala|Moonblast|p1a: Kora\n|-supereffective|p1a: Kora\n|-damage|p1a: Kora|0 fnt\n|faint|p1a: Kora\n|\n|win|paroparo\n|raw|EtienneN7's rating: 1104 &rarr; <strong>1078</strong><br />(-26 for losing)\n|raw|paroparo's rating: 1097 &rarr; <strong>1123</strong><br />(+26 for winning)\n|c|\u2606EtienneN7|ggwp\n|l|\u2606paroparo\n|player|p2|\n", "uploadtime": 1745974145, "views": 8, "formatid": "gen9vgc2025regibo3", "rating": 1078, "private": 0, "password": null}