{"id": "gen9vgc2025regibo3-2355130303", "format": "[Gen 9] VGC 2025 Reg I (Bo3)", "players": ["all my fella", "is_katabo"], "log": "|j|\u2606all my fella\n|j|\u2606is_katabo\n|html|<table width=\"100%\"><tr><td align=\"left\">all my fella</td><td align=\"right\">is_katabo</tr><tr><td align=\"left\"><i class=\"fa fa-circle-o\"></i> <i class=\"fa fa-circle-o\"></i> </td><td align=\"right\"><i class=\"fa fa-circle-o\"></i> <i class=\"fa fa-circle-o\"></i> </tr></table>\n|uhtml|bestof|<h2><strong>Game 1</strong> of <a href=\"/game-bestof3-gen9vgc2025regibo3-2355130302\">a best-of-3</a></h2>\n|t:|1746156327\n|gametype|doubles\n|player|p1|all my fella|policeman-gen4|1295\n|player|p2|is_katabo|caitlin|1201\n|teamsize|p1|6\n|teamsize|p2|6\n|gen|9\n|tier|[Gen 9] VGC 2025 Reg I (Bo3)\n|rated|\n|rule|Species Clause: Limit one of each Pok\u00e9mon\n|rule|Item Clause: Limit 1 of each item\n|clearpoke\n|poke|p1|Calyrex-Shadow, L50|\n|poke|p1|Urshifu-*, L50, F|\n|poke|p1|Zamazenta-*, L50|\n|poke|p1|Farigiraf, L50, F|\n|poke|p1|Incineroar, L50, F|\n|poke|p1|Rillaboom, L50, F|\n|poke|p2|Koraidon, L50|\n|poke|p2|Calyrex-Shadow, L50|\n|poke|p2|Chi-Yu, L50|\n|poke|p2|Indeedee-F, L50, F|\n|poke|p2|Brute Bonnet, L50|\n|poke|p2|Flutter Mane, L50|\n|teampreview|4\n|showteam|p1|Calyrex-Shadow||ChoiceSpecs|AsOneSpectrier|AstralBarrage,Psychic,ShadowBall,Trick||||||50|,,,,,Normal]Urshifu-Rapid-Strike||ChoiceScarf|UnseenFist|SurgingStrikes,AquaJet,CloseCombat,Uturn|||F|||50|,,,,,Water]Zamazenta-Crowned||RustedShield|DauntlessShield|Protect,WideGuard,BodyPress,HeavySlam||||||50|,,,,,Fire]Farigiraf||LifeOrb|ArmorTail|Protect,HyperVoice,Psychic,TrickRoom|||F|||50|,,,,,Water]Incineroar||SitrusBerry|Intimidate|FakeOut,PartingShot,WillOWisp,KnockOff|||F|||50|,,,,,Water]Rillaboom||AssaultVest|GrassySurge|FakeOut,GrassyGlide,WoodHammer,Uturn|||F|||50|,,,,,Fire\n|showteam|p2|Koraidon||LifeOrb|OrichalcumPulse|CloseCombat,FlareBlitz,FlameCharge,Protect||||||50|,,,,,Fire]Calyrex-Shadow||FocusSash|AsOneSpectrier|AstralBarrage,ExpandingForce,ShadowBall,Protect||||||50|,,,,,Ghost]Chi-Yu||ChoiceScarf|BeadsofRuin|DarkPulse,Snarl,HeatWave,Overheat||||||50|,,,,,Fire]Indeedee-F||RockyHelmet|PsychicSurge|Psychic,FollowMe,HelpingHand,TrickRoom|||F|||50|,,,,,Water]Brute Bonnet||CovertCloak|Protosynthesis|SeedBomb,SuckerPunch,RagePowder,Spore||||||50|,,,,,Water]Flutter Mane||BoosterEnergy|Protosynthesis|Moonblast,IcyWind,Taunt,Protect||||||50|,,,,,Water\n|inactive|Battle timer is ON: inactive players will automatically lose when time's up. (requested by all my fella)\n|inactive|all my fella has 60 seconds left.\n|inactive|is_katabo has 60 seconds left.\n|\n|t:|1746156386\n|start\n|switch|p1a: Calyrex|Calyrex-Shadow, L50|100/100\n|switch|p1b: Incineroar|Incineroar, L50, F|100/100\n|switch|p2a: Pufferfish|Chi-Yu, L50|100/100\n|switch|p2b: Ghast|Flutter Mane, L50|100/100\n|-ability|p1a: Calyrex|As One\n|-ability|p1a: Calyrex|Unnerve\n|-ability|p2a: Pufferfish|Beads of Ruin\n|-ability|p1b: Incineroar|Intimidate|boost\n|-unboost|p2a: Pufferfish|atk|1\n|-unboost|p2b: Ghast|atk|1\n|-enditem|p2b: Ghast|Booster Energy\n|-activate|p2b: Ghast|ability: Protosynthesis|[fromitem]\n|-start|p2b: Ghast|protosynthesisspe\n|turn|1\n|inactive|all my fella has 30 seconds left.\n|inactive|all my fella has 20 seconds left.\n|inactive|all my fella has 15 seconds left.\n|\n|t:|1746156428\n|-terastallize|p2b: Ghast|Water\n|-terastallize|p1a: Calyrex|Normal\n|move|p2b: Ghast|Icy Wind|p1a: Calyrex|[spread] p1b\n|-miss|p2b: Ghast|p1a: Calyrex\n|-resisted|p1b: Incineroar\n|-damage|p1b: Incineroar|94/100\n|-unboost|p1b: Incineroar|spe|1\n|move|p2a: Pufferfish|Snarl|p1b: Incineroar|[spread] p1a,p1b\n|-resisted|p1b: Incineroar\n|-damage|p1a: Calyrex|70/100\n|-damage|p1b: Incineroar|80/100\n|-unboost|p1a: Calyrex|spa|1\n|-unboost|p1b: Incineroar|spa|1\n|move|p1a: Calyrex|Trick|p2a: Pufferfish\n|-activate|p1a: Calyrex|move: Trick|[of] p2a: Pufferfish\n|-item|p2a: Pufferfish|Choice Specs|[from] move: Trick\n|-item|p1a: Calyrex|Choice Scarf|[from] move: Trick\n|move|p1b: Incineroar|Parting Shot|p2b: Ghast\n|-unboost|p2b: Ghast|atk|1\n|-unboost|p2b: Ghast|spa|1\n|\n|t:|1746156444\n|switch|p1b: Rillaboom|Rillaboom, L50, F|100/100|[from] Parting Shot\n|-fieldstart|move: Grassy Terrain|[from] ability: Grassy Surge|[of] p1b: Rillaboom\n|\n|-heal|p1a: Calyrex|77/100|[from] Grassy Terrain\n|upkeep\n|turn|2\n|\n|t:|1746156464\n|switch|p1a: Zamazenta|Zamazenta-Crowned, L50|100/100\n|-ability|p1a: Zamazenta|Dauntless Shield|boost\n|-boost|p1a: Zamazenta|def|1\n|move|p2b: Ghast|Protect|p2b: Ghast\n|-singleturn|p2b: Ghast|Protect\n|move|p1b: Rillaboom|Fake Out|p2a: Pufferfish\n|-damage|p2a: Pufferfish|77/100\n|cant|p2a: Pufferfish|flinch\n|\n|-heal|p2a: Pufferfish|83/100|[from] Grassy Terrain\n|upkeep\n|turn|3\n|\n|t:|1746156482\n|switch|p1b: Incineroar|Incineroar, L50, F|80/100\n|-ability|p1b: Incineroar|Intimidate|boost\n|-unboost|p2a: Pufferfish|atk|1\n|-unboost|p2b: Ghast|atk|1\n|move|p1a: Zamazenta|Protect|p1a: Zamazenta\n|-singleturn|p1a: Zamazenta|Protect\n|move|p2b: Ghast|Moonblast|p1b: Incineroar\n|-damage|p1b: Incineroar|46/100\n|-enditem|p1b: Incineroar|Sitrus Berry|[eat]\n|-heal|p1b: Incineroar|70/100|[from] item: Sitrus Berry\n|move|p2a: Pufferfish|Overheat|p1a: Zamazenta\n|-activate|p1a: Zamazenta|move: Protect\n|\n|-heal|p2a: Pufferfish|89/100|[from] Grassy Terrain\n|-heal|p1b: Incineroar|76/100|[from] Grassy Terrain\n|upkeep\n|turn|4\n|\n|t:|1746156501\n|switch|p2a: Jockey|Calyrex-Shadow, L50|100/100\n|-ability|p2a: Jockey|As One\n|-ability|p2a: Jockey|Unnerve\n|move|p1b: Incineroar|Fake Out|p2a: Jockey\n|-immune|p2a: Jockey\n|move|p2b: Ghast|Taunt|p1a: Zamazenta\n|-start|p1a: Zamazenta|move: Taunt\n|move|p1a: Zamazenta|Body Press|p2a: Jockey\n|-immune|p2a: Jockey\n|\n|-heal|p1b: Incineroar|82/100|[from] Grassy Terrain\n|upkeep\n|turn|5\n|inactive|is_katabo has 30 seconds left.\n|\n|t:|1746156527\n|-end|p2b: Ghast|Protosynthesis|[silent]\n|switch|p2b: Pufferfish|Chi-Yu, L50|89/100\n|-ability|p2b: Pufferfish|Beads of Ruin\n|move|p2a: Jockey|Protect|p2a: Jockey\n|-singleturn|p2a: Jockey|Protect\n|move|p1a: Zamazenta|Body Press|p2b: Pufferfish\n|-supereffective|p2b: Pufferfish\n|-damage|p2b: Pufferfish|0 fnt\n|faint|p2b: Pufferfish\n|move|p1b: Incineroar|Knock Off|p2a: Jockey\n|-activate|p2a: Jockey|move: Protect\n|\n|-heal|p1b: Incineroar|88/100|[from] Grassy Terrain\n|-fieldend|move: Grassy Terrain\n|upkeep\n|\n|t:|1746156540\n|switch|p2b: Chicken|Koraidon, L50|100/100\n|-weather|SunnyDay|[from] ability: Orichalcum Pulse|[of] p2b: Chicken\n|-activate|p2b: Chicken|Orichalcum Pulse|[source]\n|turn|6\n|\n|t:|1746156551\n|move|p2a: Jockey|Astral Barrage|p1a: Zamazenta|[spread] p1a,p1b\n|-resisted|p1b: Incineroar\n|-damage|p1a: Zamazenta|62/100\n|-damage|p1b: Incineroar|66/100\n|move|p2b: Chicken|Flame Charge|p1a: Zamazenta\n|-supereffective|p1a: Zamazenta\n|-damage|p1a: Zamazenta|23/100\n|-boost|p2b: Chicken|spe|1\n|-damage|p2b: Chicken|91/100|[from] item: Life Orb\n|move|p1a: Zamazenta|Body Press|p2b: Chicken\n|-damage|p2b: Chicken|24/100\n|move|p1b: Incineroar|Knock Off|p2a: Jockey\n|-supereffective|p2a: Jockey\n|-enditem|p2a: Jockey|Focus Sash\n|-damage|p2a: Jockey|1/100\n|\n|-weather|SunnyDay|[upkeep]\n|-end|p1a: Zamazenta|move: Taunt\n|upkeep\n|turn|7\n|\n|t:|1746156576\n|move|p1a: Zamazenta|Wide Guard|p1a: Zamazenta\n|-singleturn|p1a: Zamazenta|Wide Guard\n|move|p2b: Chicken|Close Combat|p1b: Incineroar\n|-supereffective|p1b: Incineroar\n|-damage|p1b: Incineroar|0 fnt\n|-unboost|p2b: Chicken|def|1\n|-unboost|p2b: Chicken|spd|1\n|faint|p1b: Incineroar\n|-damage|p2b: Chicken|15/100|[from] item: Life Orb\n|move|p2a: Jockey|Shadow Ball|p1a: Zamazenta\n|-crit|p1a: Zamazenta\n|-damage|p1a: Zamazenta|0 fnt\n|faint|p1a: Zamazenta\n|-ability|p2a: Jockey|Grim Neigh|boost\n|-boost|p2a: Jockey|spa|1\n|\n|-weather|SunnyDay|[upkeep]\n|upkeep\n|\n|t:|1746156587\n|switch|p1a: Calyrex|Calyrex-Shadow, L50, tera:Normal|77/100\n|switch|p1b: Rillaboom|Rillaboom, L50, F|100/100\n|-ability|p1a: Calyrex|As One\n|-ability|p1a: Calyrex|Unnerve\n|-fieldstart|move: Grassy Terrain|[from] ability: Grassy Surge|[of] p1b: Rillaboom\n|turn|8\n|inactive|is_katabo has 30 seconds left.\n|\n|t:|1746156618\n|switch|p2a: Ghast|Flutter Mane, L50, tera:Water|100/100\n|-activate|p2a: Ghast|ability: Protosynthesis\n|-start|p2a: Ghast|protosynthesisspe\n|move|p2b: Chicken|Protect|p2b: Chicken\n|-singleturn|p2b: Chicken|Protect\n|move|p1a: Calyrex|Astral Barrage|p2b: Chicken|[spread] p2a\n|-activate|p2b: Chicken|move: Protect\n|-damage|p2a: Ghast|52/100\n|move|p1b: Rillaboom|Wood Hammer|p2b: Chicken\n|-activate|p2b: Chicken|move: Protect\n|\n|-weather|SunnyDay|[upkeep]\n|-heal|p1a: Calyrex|83/100|[from] Grassy Terrain\n|-heal|p2b: Chicken|21/100|[from] Grassy Terrain\n|-heal|p2a: Ghast|58/100|[from] Grassy Terrain\n|upkeep\n|turn|9\n|inactive|is_katabo has 30 seconds left.\n|\n|t:|1746156644\n|move|p1b: Rillaboom|Grassy Glide|p2a: Ghast\n|-supereffective|p2a: Ghast\n|-damage|p2a: Ghast|0 fnt\n|faint|p2a: Ghast\n|-end|p2a: Ghast|Protosynthesis|[silent]\n|move|p1a: Calyrex|Astral Barrage|p2b: Chicken\n|-damage|p2b: Chicken|0 fnt\n|faint|p2b: Chicken\n|-ability|p1a: Calyrex|Grim Neigh|boost\n|-boost|p1a: Calyrex|spa|1\n|\n|-weather|SunnyDay|[upkeep]\n|-heal|p1a: Calyrex|89/100|[from] Grassy Terrain\n|upkeep\n|l|\u2606all my fella\n|inactive|all my fella disconnected and has a minute to reconnect!\n|player|p1|\n|-message|is_katabo forfeited.\n|\n|win|all my fella\n", "uploadtime": 1746156656, "views": 3, "formatid": "gen9vgc2025regibo3", "rating": null, "private": 0, "password": null}