{"id": "gen9vgc2025regibo3-2354354808", "format": "[Gen 9] VGC 2025 Reg I (Bo3)", "players": ["FALL3N_DWN", "Sewlu"], "log": "|j|\u2606FALL3N_DWN\n|j|\u2606Sewlu\n|html|<table width=\"100%\"><tr><td align=\"left\">FALL3N_DWN</td><td align=\"right\">Sewlu</tr><tr><td align=\"left\"><i class=\"fa fa-circle-o\"></i> <i class=\"fa fa-circle-o\"></i> </td><td align=\"right\"><i class=\"fa fa-circle-o\"></i> <i class=\"fa fa-circle\"></i> </tr></table>\n|uhtml|bestof|<h2><strong>Game 2</strong> of <a href=\"/game-bestof3-gen9vgc2025regibo3-2354350939\">a best-of-3</a></h2>\n|t:|1746061129\n|gametype|doubles\n|player|p1|FALL3N_DWN|carmine-festival|1214\n|player|p2|Sewlu|1|1159\n|teamsize|p1|6\n|teamsize|p2|6\n|gen|9\n|tier|[Gen 9] VGC 2025 Reg I (Bo3)\n|rated|\n|rule|Species Clause: Limit one of each Pok\u00e9mon\n|rule|Item Clause: Limit 1 of each item\n|clearpoke\n|poke|p1|Calyrex-Shadow, L50|\n|poke|p1|Zamazenta-*, L50|\n|poke|p1|Rillaboom, L50, M|\n|poke|p1|Incineroar, L50, F|\n|poke|p1|Ogerpon-Hearthflame, L50, F|\n|poke|p1|Raging Bolt, L50|\n|poke|p2|Miraidon, L50|\n|poke|p2|Lunala, L50|\n|poke|p2|Ogerpon-Hearthflame, L50, F|\n|poke|p2|Flutter Mane, L50|\n|poke|p2|Incineroar, L50, M|\n|poke|p2|Iron Hands, L50|\n|teampreview|4\n|showteam|p1|Calyrex-Shadow||LifeOrb|AsOneSpectrier|AstralBarrage,Psychic,NastyPlot,Protect||||||50|,,,,,Normal]Zamazenta-Crowned||RustedShield|DauntlessShield|BodyPress,behemothbash,WideGuard,Protect||||||50|,,,,,Water]Rillaboom||MiracleSeed|GrassySurge|FakeOut,GrassyGlide,WoodHammer,Uturn|||M|||50|,,,,,Fire]Incineroar||RockyHelmet|Intimidate|FlareBlitz,KnockOff,FakeOut,PartingShot|||F|||50|,,,,,Bug]Ogerpon-Hearthflame||HearthflameMask|MoldBreaker|GrassyGlide,IvyCudgel,SpikyShield,FollowMe|||F|||50|,,,,,Fire]Raging Bolt||AssaultVest|Protosynthesis|Thunderclap,Thunderbolt,DracoMeteor,Electroweb||||||50|,,,,,Electric\n|showteam|p2|Miraidon||ChoiceSpecs|HadronEngine|ElectroDrift,VoltSwitch,DazzlingGleam,DracoMeteor||||||50|,,,,,Fairy]Lunala||ElectricSeed|ShadowShield|MoongeistBeam,Psychic,TrickRoom,WideGuard||||||50|,,,,,Water]Ogerpon-Hearthflame||HearthflameMask|MoldBreaker|IvyCudgel,WoodHammer,FollowMe,SpikyShield|||F|||50|,,,,,Fire]Flutter Mane||BoosterEnergy|Protosynthesis|Moonblast,ShadowBall,IcyWind,Protect||||||50|,,,,,Fairy]Incineroar||RockyHelmet|Intimidate|KnockOff,FakeOut,PartingShot,HelpingHand|||M|||50|,,,,,Bug]Iron Hands||AssaultVest|QuarkDrive|HeavySlam,LowKick,DrainPunch,FakeOut||||||50|,,,,,Steel\n|inactive|Battle timer is ON: inactive players will automatically lose when time's up. (requested by Sewlu)\n|\n|t:|1746061179\n|start\n|switch|p1a: Calyrex|Calyrex-Shadow, L50|100/100\n|switch|p1b: Ogerpon|Ogerpon-Hearthflame, L50, F|100/100\n|switch|p2a: Lunala|Lunala, L50|100/100\n|switch|p2b: Iron Hands|Iron Hands, L50, shiny|100/100\n|-ability|p1a: Calyrex|As One\n|-ability|p1a: Calyrex|Unnerve\n|-ability|p1b: Ogerpon|Mold Breaker\n|turn|1\n|inactive|FALL3N_DWN has 30 seconds left.\n|\n|t:|1746061210\n|-terastallize|p2a: Lunala|Water\n|move|p2b: Iron Hands|Fake Out|p1b: Ogerpon\n|-damage|p1b: Ogerpon|82/100\n|move|p1a: Calyrex|Astral Barrage|p2a: Lunala|[spread] p2a,p2b\n|-damage|p2a: Lunala|75/100\n|-damage|p2b: Iron Hands|59/100\n|-damage|p1a: Calyrex|91/100|[from] item: Life Orb\n|cant|p1b: Ogerpon|flinch\n|move|p2a: Lunala|Trick Room|p2a: Lunala\n|-fieldstart|move: Trick Room|[of] p2a: Lunala\n|\n|upkeep\n|turn|2\n|inactive|FALL3N_DWN has 30 seconds left.\n|inactive|Sewlu has 30 seconds left.\n|inactive|Sewlu has 20 seconds left.\n|inactive|FALL3N_DWN has 20 seconds left.\n|inactive|Sewlu has 15 seconds left.\n|inactive|FALL3N_DWN has 15 seconds left.\n|inactive|Sewlu has 10 seconds left.\n|inactive|FALL3N_DWN has 10 seconds left.\n|inactive|Sewlu has 5 seconds left.\n|inactive|FALL3N_DWN has 5 seconds left.\n|\n|t:|1746061271\n|switch|p1a: Rillaboom|Rillaboom, L50, M|100/100\n|-fieldstart|move: Grassy Terrain|[from] ability: Grassy Surge|[of] p1a: Rillaboom\n|move|p1b: Ogerpon|Spiky Shield|p1b: Ogerpon\n|-singleturn|p1b: Ogerpon|move: Protect\n|move|p2b: Iron Hands|Heavy Slam|p1b: Ogerpon\n|-activate|p1b: Ogerpon|move: Protect\n|-damage|p2b: Iron Hands|47/100|[from] Spiky Shield|[of] p1b: Ogerpon\n|move|p2a: Lunala|Moongeist Beam|p1b: Ogerpon\n|-activate|p1b: Ogerpon|move: Protect\n|\n|-heal|p2b: Iron Hands|53/100|[from] Grassy Terrain\n|-heal|p2a: Lunala|81/100|[from] Grassy Terrain\n|-heal|p1b: Ogerpon|88/100|[from] Grassy Terrain\n|upkeep\n|turn|3\n|inactive|FALL3N_DWN has 30 seconds left.\n|inactive|Sewlu has 30 seconds left.\n|inactive|FALL3N_DWN has 20 seconds left.\n|inactive|Sewlu has 20 seconds left.\n|inactive|FALL3N_DWN has 15 seconds left.\n|inactive|Sewlu has 15 seconds left.\n|inactive|Sewlu has 10 seconds left.\n|inactive|FALL3N_DWN has 10 seconds left.\n|inactive|FALL3N_DWN has 5 seconds left.\n|\n|t:|1746061327\n|switch|p2a: Ogerpon|Ogerpon-Hearthflame, L50, F|100/100\n|-ability|p2a: Ogerpon|Mold Breaker\n|move|p1a: Rillaboom|Fake Out|p2b: Iron Hands\n|-damage|p2b: Iron Hands|43/100\n|move|p1b: Ogerpon|Grassy Glide|p2a: Ogerpon\n|-resisted|p2a: Ogerpon\n|-damage|p2a: Ogerpon|90/100\n|cant|p2b: Iron Hands|flinch\n|\n|-heal|p2b: Iron Hands|49/100|[from] Grassy Terrain\n|-heal|p2a: Ogerpon|96/100|[from] Grassy Terrain\n|-heal|p1b: Ogerpon|94/100|[from] Grassy Terrain\n|upkeep\n|turn|4\n|inactive|FALL3N_DWN has 30 seconds left.\n|inactive|FALL3N_DWN has 20 seconds left.\n|\n|t:|1746061365\n|move|p2b: Iron Hands|Heavy Slam|p1a: Rillaboom\n|-damage|p1a: Rillaboom|67/100\n|move|p1a: Rillaboom|U-turn|p2b: Iron Hands\n|-resisted|p2b: Iron Hands\n|-damage|p2b: Iron Hands|42/100\n|\n|t:|1746061370\n|switch|p1a: Zamazenta|Zamazenta-Crowned, L50|100/100|[from] U-turn\n|-ability|p1a: Zamazenta|Dauntless Shield|boost\n|-boost|p1a: Zamazenta|def|1\n|move|p2a: Ogerpon|Ivy Cudgel|p1a: Zamazenta|[anim] Ivy Cudgel Fire\n|-supereffective|p1a: Zamazenta\n|-damage|p1a: Zamazenta|57/100\n|move|p1b: Ogerpon|Ivy Cudgel|p2b: Iron Hands|[anim] Ivy Cudgel Fire\n|-crit|p2b: Iron Hands\n|-damage|p2b: Iron Hands|0 fnt\n|faint|p2b: Iron Hands\n|-end|p2b: Iron Hands|Quark Drive|[silent]\n|\n|-heal|p2a: Ogerpon|100/100|[from] Grassy Terrain\n|-heal|p1b: Ogerpon|100/100|[from] Grassy Terrain\n|-heal|p1a: Zamazenta|63/100|[from] Grassy Terrain\n|upkeep\n|\n|t:|1746061377\n|switch|p2b: Miraidon|Miraidon, L50|100/100\n|-fieldstart|move: Electric Terrain|[from] ability: Hadron Engine|[of] p2b: Miraidon\n|turn|5\n|inactive|FALL3N_DWN has 30 seconds left.\n|inactive|FALL3N_DWN has 20 seconds left.\n|inactive|FALL3N_DWN has 15 seconds left.\n|\n|t:|1746061421\n|-terastallize|p1a: Zamazenta|Water\n|move|p2a: Ogerpon|Follow Me|p2a: Ogerpon\n|-singleturn|p2a: Ogerpon|move: Follow Me\n|move|p1b: Ogerpon|Ivy Cudgel|p2a: Ogerpon|[anim] Ivy Cudgel Fire\n|-damage|p2a: Ogerpon|42/100\n|move|p1a: Zamazenta|Body Press|p2a: Ogerpon\n|-damage|p2a: Ogerpon|0 fnt\n|faint|p2a: Ogerpon\n|move|p2b: Miraidon|Volt Switch|p1b: Ogerpon\n|-resisted|p1b: Ogerpon\n|-damage|p1b: Ogerpon|47/100\n|\n|t:|1746061429\n|switch|p2b: Lunala|Lunala, L50, tera:Water|81/100|[from] Volt Switch\n|-enditem|p2b: Lunala|Electric Seed\n|-boost|p2b: Lunala|def|1|[from] item: Electric Seed\n|\n|-fieldend|move: Trick Room\n|upkeep\n|\n|t:|1746061430\n|switch|p2a: Miraidon|Miraidon, L50|100/100\n|-activate|p2a: Miraidon|ability: Hadron Engine\n|turn|6\n|inactive|FALL3N_DWN has 30 seconds left.\n|\n|t:|1746061459\n|switch|p1a: Rillaboom|Rillaboom, L50, M|67/100\n|-fieldstart|move: Grassy Terrain|[from] ability: Grassy Surge|[of] p1a: Rillaboom\n|move|p1b: Ogerpon|Grassy Glide|p2b: Lunala\n|-supereffective|p2b: Lunala\n|-damage|p2b: Lunala|33/100\n|move|p2a: Miraidon|Electro Drift|p1a: Rillaboom\n|-resisted|p1a: Rillaboom\n|-damage|p1a: Rillaboom|16/100\n|move|p2b: Lunala|Moongeist Beam|p1b: Ogerpon\n|-damage|p1b: Ogerpon|0 fnt\n|faint|p1b: Ogerpon\n|\n|-heal|p2b: Lunala|40/100|[from] Grassy Terrain\n|-heal|p1a: Rillaboom|22/100|[from] Grassy Terrain\n|upkeep\n|\n|t:|1746061467\n|switch|p1b: Zamazenta|Zamazenta-Crowned, L50, tera:Water|63/100\n|turn|7\n|\n|t:|1746061477\n|move|p1a: Rillaboom|Fake Out|p2a: Miraidon\n|-damage|p2a: Miraidon|84/100\n|cant|p2a: Miraidon|flinch\n|move|p1b: Zamazenta|Body Press|p2b: Lunala\n|-damage|p2b: Lunala|12/100\n|move|p2b: Lunala|Moongeist Beam|p1a: Rillaboom\n|-damage|p1a: Rillaboom|0 fnt\n|faint|p1a: Rillaboom\n|\n|-heal|p2a: Miraidon|91/100|[from] Grassy Terrain\n|-heal|p1b: Zamazenta|69/100|[from] Grassy Terrain\n|-heal|p2b: Lunala|18/100|[from] Grassy Terrain\n|upkeep\n|\n|t:|1746061486\n|switch|p1a: Calyrex|Calyrex-Shadow, L50|91/100\n|-ability|p1a: Calyrex|As One\n|-ability|p1a: Calyrex|Unnerve\n|turn|8\n|\n|t:|1746061506\n|move|p2b: Lunala|Wide Guard|p2b: Lunala\n|-singleturn|p2b: Lunala|Wide Guard\n|move|p1a: Calyrex|Psychic|p2a: Miraidon\n|-damage|p2a: Miraidon|23/100\n|-damage|p1a: Calyrex|81/100|[from] item: Life Orb\n|move|p2a: Miraidon|Electro Drift|p1b: Zamazenta\n|-supereffective|p1b: Zamazenta\n|-damage|p1b: Zamazenta|0 fnt\n|faint|p1b: Zamazenta\n|\n|-heal|p1a: Calyrex|87/100|[from] Grassy Terrain\n|-heal|p2a: Miraidon|29/100|[from] Grassy Terrain\n|-heal|p2b: Lunala|24/100|[from] Grassy Terrain\n|upkeep\n|turn|9\n|\n|t:|1746061527\n|move|p1a: Calyrex|Astral Barrage|p2a: Miraidon|[spread] p2a,p2b\n|-damage|p2a: Miraidon|0 fnt\n|-damage|p2b: Lunala|0 fnt\n|faint|p2a: Miraidon\n|faint|p2b: Lunala\n|-damage|p1a: Calyrex|78/100|[from] item: Life Orb\n|\n|win|FALL3N_DWN\n||Sewlu is ready for game 3.\n||FALL3N_DWN is ready for game 3.\n|uhtml|next|Next: <a href=\"/battle-gen9vgc2025regibo3-2354358148\"><strong>Game 3 of 3</strong></a>\n|l|\u2606Sewlu\n|player|p2|\n", "uploadtime": 1746061826, "views": 12, "formatid": "gen9vgc2025regibo3", "rating": null, "private": 0, "password": null}