{"id": "gen9vgc2025regibo3-2354581103", "format": "[Gen 9] VGC 2025 Reg I (Bo3)", "players": ["NameLessUlixes", "hfchcggjhgvchcfu"], "log": "|j|\u2606NameLessUlixes\n|j|\u2606hfchcggjhgvchcfu\n|html|<table width=\"100%\"><tr><td align=\"left\">NameLessUlixes</td><td align=\"right\">hfchcggjhgvchcfu</tr><tr><td align=\"left\"><i class=\"fa fa-circle\"></i> <i class=\"fa fa-circle-o\"></i> </td><td align=\"right\"><i class=\"fa fa-circle-o\"></i> <i class=\"fa fa-circle-o\"></i> </tr></table>\n|uhtml|bestof|<h2><strong>Game 2</strong> of <a href=\"/game-bestof3-gen9vgc2025regibo3-2354579170\">a best-of-3</a></h2>\n|t:|1746098162\n|gametype|doubles\n|player|p1|NameLessUlixes|265|1151\n|player|p2|hfchcggjhgvchcfu|169|1078\n|teamsize|p1|6\n|teamsize|p2|6\n|gen|9\n|tier|[Gen 9] VGC 2025 Reg I (Bo3)\n|rated|\n|rule|Species Clause: Limit one of each Pok\u00e9mon\n|rule|Item Clause: Limit 1 of each item\n|clearpoke\n|poke|p1|Zamazenta-*, L50|\n|poke|p1|Calyrex-Shadow, L50|\n|poke|p1|Incineroar, L50, M|\n|poke|p1|Grimmsnarl, L50, M|\n|poke|p1|Cresselia, L50, F|\n|poke|p1|Ursaluna, L50, M|\n|poke|p2|Miraidon, L50|\n|poke|p2|Koraidon, L50|\n|poke|p2|Iron Bundle, L50|\n|poke|p2|Iron Valiant, L50|\n|poke|p2|Gouging Fire, L50|\n|poke|p2|Brute Bonnet, L50|\n|teampreview|4\n|showteam|p1|Zamazenta-Crowned||RustedShield|DauntlessShield|behemothbash,BodyPress,WideGuard,Protect||||||50|,,,,,Water]Calyrex-Shadow||LifeOrb|AsOneSpectrier|AstralBarrage,Psyshock,TeraBlast,Protect||||||50|,,,,,Fairy]Incineroar||SitrusBerry|Intimidate|FakeOut,KnockOff,PartingShot,WillOWisp|||M|||50|,,,,,Water]Grimmsnarl||LightClay|Prankster|SpiritBreak,LightScreen,Reflect,ThunderWave|||M|||50|,,,,,Grass]Cresselia||SafetyGoggles|Levitate|AllySwitch,LunarBlessing,Moonblast,TrickRoom|||F|||50|,,,,,Poison]Ursaluna||FlameOrb|Guts|Facade,HeadlongRush,HighHorsepower,Protect|||M|||50|,,,,,Fairy\n|showteam|p2|Miraidon||LifeOrb|HadronEngine|ElectroDrift,DracoMeteor,DazzlingGleam,ParabolicCharge||||||50|,,,,,Fairy]Koraidon||ChoiceScarf|OrichalcumPulse|CollisionCourse,FlareBlitz,WildCharge,DragonClaw||||||50|,,,,,Fire]Iron Bundle||BoosterEnergy|QuarkDrive|IcyWind,FreezeDry,HydroPump,Protect||||||50|,,,,,Ice]Iron Valiant||FocusSash|QuarkDrive|Protect,WideGuard,SpiritBreak,Encore||||||50|,,,,,Fairy]Gouging Fire||RockyHelmet|Protosynthesis|BurningBulwark,FlareBlitz,Howl,BreakingSwipe||||||50|,,,,,Steel]Brute Bonnet||SitrusBerry|Protosynthesis|ClearSmog,RagePowder,Spore,SuckerPunch||||||50|,,,,,Dark\n|inactive|Battle timer is ON: inactive players will automatically lose when time's up. (requested by NameLessUlixes)\n|inactive|hfchcggjhgvchcfu also wants the timer to be on.\n|\n|t:|1746098195\n|start\n|switch|p1a: Grimmsnarl|Grimmsnarl, L50, M|100/100\n|switch|p1b: Cresselia|Cresselia, L50, F, shiny|100/100\n|switch|p2a: Miraidon|Miraidon, L50|100/100\n|switch|p2b: Iron Bundle|Iron Bundle, L50|100/100\n|-fieldstart|move: Electric Terrain|[from] ability: Hadron Engine|[of] p2a: Miraidon\n|-activate|p2b: Iron Bundle|ability: Quark Drive\n|-start|p2b: Iron Bundle|quarkdrivespe\n|turn|1\n|\n|t:|1746098207\n|move|p1a: Grimmsnarl|Light Screen|p1a: Grimmsnarl\n|-sidestart|p1: NameLessUlixes|move: Light Screen\n|move|p2b: Iron Bundle|Hydro Pump|p1b: Cresselia\n|-damage|p1b: Cresselia|77/100\n|move|p2a: Miraidon|Electro Drift|p1b: Cresselia\n|-damage|p1b: Cresselia|24/100\n|-damage|p2a: Miraidon|91/100|[from] item: Life Orb\n|move|p1b: Cresselia|Trick Room|p1b: Cresselia\n|-fieldstart|move: Trick Room|[of] p1b: Cresselia\n|\n|upkeep\n|turn|2\n|inactive|hfchcggjhgvchcfu has 30 seconds left.\n|\n|t:|1746098236\n|-terastallize|p2a: Miraidon|Fairy\n|move|p1a: Grimmsnarl|Spirit Break|p2a: Miraidon\n|-damage|p2a: Miraidon|60/100\n|-unboost|p2a: Miraidon|spa|1\n|move|p1b: Cresselia|Lunar Blessing|p1b: Cresselia|[spread] p1a,p1b\n|-heal|p1b: Cresselia|49/100\n|move|p2a: Miraidon|Electro Drift|p1b: Cresselia\n|-damage|p1b: Cresselia|15/100\n|-damage|p2a: Miraidon|50/100|[from] item: Life Orb\n|move|p2b: Iron Bundle|Hydro Pump|p1a: Grimmsnarl\n|-damage|p1a: Grimmsnarl|63/100\n|\n|upkeep\n|turn|3\n|inactive|NameLessUlixes has 30 seconds left.\n|\n|t:|1746098264\n|move|p1a: Grimmsnarl|Spirit Break|p2a: Miraidon\n|-damage|p2a: Miraidon|16/100\n|-unboost|p2a: Miraidon|spa|1\n|move|p1b: Cresselia|Lunar Blessing|p1b: Cresselia|[spread] p1a,p1b\n|-heal|p1a: Grimmsnarl|88/100\n|-heal|p1b: Cresselia|41/100\n|move|p2a: Miraidon|Electro Drift|p1b: Cresselia\n|-damage|p1b: Cresselia|15/100\n|-damage|p2a: Miraidon|6/100|[from] item: Life Orb\n|move|p2b: Iron Bundle|Hydro Pump|p1b: Cresselia\n|-crit|p1b: Cresselia\n|-damage|p1b: Cresselia|0 fnt\n|faint|p1b: Cresselia\n|\n|upkeep\n|\n|t:|1746098285\n|switch|p1b: Ursaluna|Ursaluna, L50, M|100/100\n|turn|4\n|inactive|NameLessUlixes has 30 seconds left.\n|inactive|NameLessUlixes has 20 seconds left.\n|\n|t:|1746098324\n|move|p2b: Iron Bundle|Protect|p2b: Iron Bundle\n|-singleturn|p2b: Iron Bundle|Protect\n|move|p1b: Ursaluna|Facade|p2b: Iron Bundle\n|-activate|p2b: Iron Bundle|move: Protect\n|move|p1a: Grimmsnarl|Spirit Break|p2b: Iron Bundle\n|-activate|p2b: Iron Bundle|move: Protect\n|move|p2a: Miraidon|Parabolic Charge|p1a: Grimmsnarl|[spread] p1a\n|-activate|p2b: Iron Bundle|move: Protect\n|-immune|p1b: Ursaluna\n|-damage|p1a: Grimmsnarl|71/100\n|-heal|p2a: Miraidon|16/100|[from] drain|[of] p1a: Grimmsnarl\n|-damage|p2a: Miraidon|6/100|[from] item: Life Orb\n|\n|-status|p1b: Ursaluna|brn|[from] item: Flame Orb\n|upkeep\n|turn|5\n|inactive|hfchcggjhgvchcfu has 30 seconds left.\n|inactive|hfchcggjhgvchcfu has 20 seconds left.\n|\n|t:|1746098360\n|switch|p2a: Iron Valiant|Iron Valiant, L50|100/100\n|-activate|p2a: Iron Valiant|ability: Quark Drive\n|-start|p2a: Iron Valiant|quarkdrivespe\n|move|p1b: Ursaluna|Facade|p2b: Iron Bundle\n|-crit|p2b: Iron Bundle\n|-damage|p2b: Iron Bundle|0 fnt\n|faint|p2b: Iron Bundle\n|-end|p2b: Iron Bundle|Quark Drive|[silent]\n|move|p1a: Grimmsnarl|Spirit Break|p2a: Iron Valiant\n|-supereffective|p2a: Iron Valiant\n|-damage|p2a: Iron Valiant|16/100\n|-unboost|p2a: Iron Valiant|spa|1\n|\n|-damage|p1b: Ursaluna|95/100 brn|[from] brn\n|-fieldend|move: Trick Room\n|-fieldend|move: Electric Terrain\n|-end|p2a: Iron Valiant|Quark Drive\n|upkeep\n|\n|t:|1746098372\n|switch|p2b: Miraidon|Miraidon, L50, tera:Fairy|6/100\n|-fieldstart|move: Electric Terrain|[from] ability: Hadron Engine|[of] p2b: Miraidon\n|-activate|p2a: Iron Valiant|ability: Quark Drive\n|-start|p2a: Iron Valiant|quarkdrivespe\n|turn|6\n|\n|t:|1746098391\n|switch|p1a: Incineroar|Incineroar, L50, M|100/100\n|-ability|p1a: Incineroar|Intimidate|boost\n|-unboost|p2a: Iron Valiant|atk|1\n|-unboost|p2b: Miraidon|atk|1\n|move|p1b: Ursaluna|Protect|p1b: Ursaluna\n|-singleturn|p1b: Ursaluna|Protect\n|move|p2a: Iron Valiant|Spirit Break|p1a: Incineroar\n|-damage|p1a: Incineroar|79/100\n|-unboost|p1a: Incineroar|spa|1\n|move|p2b: Miraidon|Draco Meteor|p1b: Ursaluna\n|-activate|p1b: Ursaluna|move: Protect\n|\n|-damage|p1b: Ursaluna|89/100 brn|[from] brn\n|upkeep\n|turn|7\n|inactive|hfchcggjhgvchcfu has 30 seconds left.\n|\n|t:|1746098419\n|switch|p1b: Grimmsnarl|Grimmsnarl, L50, M|71/100\n|move|p1a: Incineroar|Fake Out|p2b: Miraidon\n|-damage|p2b: Miraidon|0 fnt\n|faint|p2b: Miraidon\n|move|p2a: Iron Valiant|Spirit Break|p1b: Grimmsnarl\n|-supereffective|p1b: Grimmsnarl\n|-damage|p1b: Grimmsnarl|19/100\n|-unboost|p1b: Grimmsnarl|spa|1\n|\n|upkeep\n|\n|t:|1746098427\n|switch|p2b: Koraidon|Koraidon, L50|100/100\n|-weather|SunnyDay|[from] ability: Orichalcum Pulse|[of] p2b: Koraidon\n|-activate|p2b: Koraidon|Orichalcum Pulse|[source]\n|turn|8\n|\n|t:|1746098443\n|switch|p1a: Ursaluna|Ursaluna, L50, M|89/100 brn\n|move|p1b: Grimmsnarl|Reflect|p1b: Grimmsnarl\n|-sidestart|p1: NameLessUlixes|Reflect\n|move|p2b: Koraidon|Collision Course|p1a: Ursaluna\n|-supereffective|p1a: Ursaluna\n|-damage|p1a: Ursaluna|0 fnt\n|faint|p1a: Ursaluna\n|move|p2a: Iron Valiant|Spirit Break|p1b: Grimmsnarl\n|-supereffective|p1b: Grimmsnarl\n|-crit|p1b: Grimmsnarl\n|-damage|p1b: Grimmsnarl|0 fnt\n|faint|p1b: Grimmsnarl\n|\n|-weather|SunnyDay|[upkeep]\n|-sideend|p1: NameLessUlixes|move: Light Screen\n|upkeep\n|-message|NameLessUlixes forfeited.\n|\n|win|hfchcggjhgvchcfu\n|l|\u2606NameLessUlixes\n|player|p1|\n||NameLessUlixes is ready for game 3.\n||hfchcggjhgvchcfu is ready for game 3.\n|uhtml|next|Next: <a href=\"/battle-gen9vgc2025regibo3-2354582814\"><strong>Game 3 of 3</strong></a>\n|l|\u2606hfchcggjhgvchcfu\n|player|p2|\n", "uploadtime": 1746098851, "views": 7, "formatid": "gen9vgc2025regibo3", "rating": null, "private": 0, "password": null}