{"id": "gen9vgc2025regibo3-2354152743", "format": "[Gen 9] VGC 2025 Reg I (Bo3)", "players": ["Ome Henk", "Pakaan64"], "log": "|j|\u2606Ome Henk\n|j|\u2606Pakaan64\n|html|<table width=\"100%\"><tr><td align=\"left\">Ome Henk</td><td align=\"right\">Pakaan64</tr><tr><td align=\"left\"><i class=\"fa fa-circle\"></i> <i class=\"fa fa-circle-o\"></i> </td><td align=\"right\"><i class=\"fa fa-circle-o\"></i> <i class=\"fa fa-circle\"></i> </tr></table>\n|uhtml|bestof|<h2><strong>Game 3</strong> of <a href=\"/game-bestof3-gen9vgc2025regibo3-2354140194\">a best-of-3</a></h2>\n|t:|1746039415\n|gametype|doubles\n|player|p1|Ome Henk|pokemonrangerf-gen6xy|\n|player|p2|Pakaan64|koga|\n|teamsize|p1|6\n|teamsize|p2|6\n|gen|9\n|tier|[Gen 9] VGC 2025 Reg I (Bo3)\n|rule|Species Clause: Limit one of each Pok\u00e9mon\n|rule|Item Clause: Limit 1 of each item\n|clearpoke\n|poke|p1|Zamazenta-*, L50|\n|poke|p1|Koraidon, L50|\n|poke|p1|Incineroar, L50, M|\n|poke|p1|Chien-Pao, L50|\n|poke|p1|Rillaboom, L50, M|\n|poke|p1|Whimsicott, L50, F|\n|poke|p2|Kyogre, L50|\n|poke|p2|Rillaboom, L50, M|\n|poke|p2|Zacian-*, L50|\n|poke|p2|Tornadus, L50, M|\n|poke|p2|Ogerpon-Wellspring, L50, F|\n|poke|p2|Incineroar, L50, F|\n|teampreview|4\n|showteam|p1|Zamazenta-Crowned||RustedShield|DauntlessShield|BodyPress,WideGuard,HeavySlam,Protect||||||50|,,,,,Poison]Koraidon||ClearAmulet|OrichalcumPulse|FlameCharge,FlareBlitz,CollisionCourse,Protect||||||50|,,,,,Fire]Incineroar||RockyHelmet|Intimidate|FakeOut,PartingShot,KnockOff,WillOWisp|||M|||50|,,,,,Ghost]Chien-Pao||FocusSash|SwordofRuin|IceSpinner,SuckerPunch,SacredSword,Protect||||||50|,,,,,Ghost]Rillaboom||AssaultVest|GrassySurge|GrassyGlide,FakeOut,WoodHammer,Uturn|||M|||50|,,,,,Fire]Whimsicott||CovertCloak|Prankster|Tailwind,Moonblast,Encore,HelpingHand|||F|||50|,,,,,Dark\n|showteam|p2|Kyogre||Leftovers|Drizzle|CalmMind,Protect,WaterSpout,IceBeam||||||50|,,,,,Poison]Rillaboom||AssaultVest|GrassySurge|GrassyGlide,WoodHammer,Uturn,FakeOut|||M|||50|,,,,,Grass]Zacian-Crowned||RustedSword|IntrepidSword|SwordsDance,Protect,PlayRough,behemothblade||||||50|,,,,,Grass]Tornadus||CovertCloak|Prankster|Tailwind,BleakwindStorm,Taunt,RainDance|||M|||50|,,,,,Dark]Ogerpon-Wellspring||WellspringMask|WaterAbsorb|GrassyGlide,SpikyShield,IvyCudgel,FollowMe|||F|||50|,,,,,Water]Incineroar||SafetyGoggles|Intimidate|PartingShot,FakeOut,WillOWisp,KnockOff|||F|||50|,,,,,Dragon\n|inactive|Battle timer is ON: inactive players will automatically lose when time's up. (requested by Pakaan64)\n|\n|t:|1746039437\n|start\n|switch|p1a: Prinses|Zamazenta-Crowned, L50|100/100\n|switch|p1b: Lieve Kat|Chien-Pao, L50|100/100\n|switch|p2a: Zacian|Zacian-Crowned, L50|100/100\n|switch|p2b: Kyogre|Kyogre, L50|100/100\n|-ability|p2a: Zacian|Intrepid Sword|boost\n|-boost|p2a: Zacian|atk|1\n|-ability|p1b: Lieve Kat|Sword of Ruin\n|-ability|p1a: Prinses|Dauntless Shield|boost\n|-boost|p1a: Prinses|def|1\n|-weather|RainDance|[from] ability: Drizzle|[of] p2b: Kyogre\n|turn|1\n|j| Jorijn\n|j| sushishine\n|inactive|Ome Henk has 30 seconds left.\n|inactive|Pakaan64 has 30 seconds left.\n|inactive|Ome Henk has 20 seconds left.\n|\n|t:|1746039475\n|switch|p1b: Klote Kat|Incineroar, L50, M|100/100\n|-ability|p1b: Klote Kat|Intimidate|boost\n|-unboost|p2a: Zacian|atk|1\n|-unboost|p2b: Kyogre|atk|1\n|move|p2a: Zacian|Swords Dance|p2a: Zacian\n|-boost|p2a: Zacian|atk|2\n|move|p1a: Prinses|Body Press|p2a: Zacian\n|-damage|p2a: Zacian|27/100\n|move|p2b: Kyogre|Calm Mind|p2b: Kyogre\n|-boost|p2b: Kyogre|spa|1\n|-boost|p2b: Kyogre|spd|1\n|\n|-weather|RainDance|[upkeep]\n|upkeep\n|turn|2\n|inactive|Ome Henk has 30 seconds left.\n|\n|t:|1746039501\n|move|p2a: Zacian|Protect|p2a: Zacian\n|-singleturn|p2a: Zacian|Protect\n|move|p1b: Klote Kat|Fake Out|p2b: Kyogre\n|-damage|p2b: Kyogre|91/100\n|move|p1a: Prinses|Body Press|p2a: Zacian\n|-activate|p2a: Zacian|move: Protect\n|cant|p2b: Kyogre|flinch\n|\n|-weather|RainDance|[upkeep]\n|-heal|p2b: Kyogre|97/100|[from] item: Leftovers\n|upkeep\n|turn|3\n|j| Majene\n|inactive|Ome Henk has 30 seconds left.\n|\n|t:|1746039535\n|-terastallize|p1a: Prinses|Poison\n|move|p2a: Zacian|Play Rough|p1a: Prinses\n|-resisted|p1a: Prinses\n|-damage|p1a: Prinses|79/100\n|move|p1a: Prinses|Body Press|p2a: Zacian\n|-damage|p2a: Zacian|0 fnt\n|faint|p2a: Zacian\n|move|p2b: Kyogre|Water Spout|p1a: Prinses|[spread] p1a,p1b\n|-supereffective|p1b: Klote Kat\n|-damage|p1a: Prinses|0 fnt\n|-damage|p1b: Klote Kat|0 fnt\n|faint|p1a: Prinses\n|faint|p1b: Klote Kat\n|\n|-weather|RainDance|[upkeep]\n|-heal|p2b: Kyogre|100/100|[from] item: Leftovers\n|upkeep\n|\n|t:|1746039549\n|switch|p2a: Incineroar|Incineroar, L50, F|100/100\n|switch|p1a: Zonnepaneel|Koraidon, L50|100/100\n|switch|p1b: Lieve Kat|Chien-Pao, L50|100/100\n|-weather|SunnyDay|[from] ability: Orichalcum Pulse|[of] p1a: Zonnepaneel\n|-activate|p1a: Zonnepaneel|Orichalcum Pulse|[source]\n|-ability|p1b: Lieve Kat|Sword of Ruin\n|-ability|p2a: Incineroar|Intimidate|boost\n|-fail|p1a: Zonnepaneel|unboost|[from] item: Clear Amulet|[of] p1a: Zonnepaneel\n|-unboost|p1b: Lieve Kat|atk|1\n|turn|4\n|j| Harry Koekenpan\n|\n|t:|1746039565\n|-terastallize|p2a: Incineroar|Dragon\n|move|p1b: Lieve Kat|Protect|p1b: Lieve Kat\n|-singleturn|p1b: Lieve Kat|Protect\n|move|p1a: Zonnepaneel|Protect|p1a: Zonnepaneel\n|-singleturn|p1a: Zonnepaneel|Protect\n|move|p2b: Kyogre|Protect|p2b: Kyogre\n|-singleturn|p2b: Kyogre|Protect\n|move|p2a: Incineroar|Will-O-Wisp|p1a: Zonnepaneel\n|-activate|p1a: Zonnepaneel|move: Protect\n|\n|-weather|SunnyDay|[upkeep]\n|upkeep\n|turn|5\n|l| Harry Koekenpan\n|inactive|Ome Henk has 30 seconds left.\n|\n|t:|1746039590\n|switch|p2b: Tornadus|Tornadus, L50, M|100/100\n|move|p1a: Zonnepaneel|Collision Course|p2a: Incineroar\n|-damage|p2a: Incineroar|8/100\n|move|p1b: Lieve Kat|Ice Spinner|p2a: Incineroar\n|-supereffective|p2a: Incineroar\n|-damage|p2a: Incineroar|0 fnt\n|faint|p2a: Incineroar\n|\n|-weather|SunnyDay|[upkeep]\n|upkeep\n|\n|t:|1746039598\n|switch|p2a: Kyogre|Kyogre, L50|100/100\n|-weather|RainDance|[from] ability: Drizzle|[of] p2a: Kyogre\n|turn|6\n|inactive|Pakaan64 has 30 seconds left.\n|inactive|Pakaan64 has 20 seconds left.\n|inactive|Pakaan64 has 15 seconds left.\n|inactive|Pakaan64 has 10 seconds left.\n|\n|t:|1746039644\n|move|p1a: Zonnepaneel|Protect|p1a: Zonnepaneel\n|-singleturn|p1a: Zonnepaneel|Protect\n|move|p2b: Tornadus|Tailwind|p2b: Tornadus\n|-sidestart|p2: Pakaan64|move: Tailwind\n|move|p2a: Kyogre|Ice Beam|p1a: Zonnepaneel\n|-activate|p1a: Zonnepaneel|move: Protect\n|move|p1b: Lieve Kat|Ice Spinner|p2b: Tornadus\n|-supereffective|p2b: Tornadus\n|-damage|p2b: Tornadus|7/100\n|\n|-weather|RainDance|[upkeep]\n|upkeep\n|turn|7\n|\n|t:|1746039669\n|move|p1b: Lieve Kat|Sucker Punch|p2b: Tornadus\n|-damage|p2b: Tornadus|0 fnt\n|faint|p2b: Tornadus\n|move|p2a: Kyogre|Ice Beam|p1a: Zonnepaneel\n|-supereffective|p1a: Zonnepaneel\n|-damage|p1a: Zonnepaneel|19/100\n|move|p1a: Zonnepaneel|Collision Course|p2a: Kyogre\n|-damage|p2a: Kyogre|34/100\n|\n|-weather|RainDance|[upkeep]\n|-heal|p2a: Kyogre|40/100|[from] item: Leftovers\n|upkeep\n|turn|8\n|inactive|Ome Henk has 30 seconds left.\n|inactive|Ome Henk has 20 seconds left.\n|\n|t:|1746039707\n|move|p1b: Lieve Kat|Sucker Punch|p2a: Kyogre\n|-damage|p2a: Kyogre|11/100\n|move|p2a: Kyogre|Water Spout|p1a: Zonnepaneel|[spread] p1a,p1b\n|-resisted|p1a: Zonnepaneel\n|-damage|p1a: Zonnepaneel|14/100\n|-damage|p1b: Lieve Kat|83/100\n|move|p1a: Zonnepaneel|Collision Course|p2a: Kyogre\n|-damage|p2a: Kyogre|0 fnt\n|faint|p2a: Kyogre\n|\n|win|Ome Henk\n|c|\u2606Ome Henk|GG!\n|c|\u2606Pakaan64|Gg\n|l| Jorijn\n|l| Majene\n|l|\u2606Pakaan64\n|player|p2|\n|j| CarrotsAreVeryPog\n", "uploadtime": 1746039897, "views": 35, "formatid": "gen9vgc2025regibo3", "rating": null, "private": 0, "password": null}