{"id": "gen9vgc2025regibo3-2354786771", "format": "[Gen 9] VGC 2025 Reg I (Bo3)", "players": ["IsThisTheNewLight?", "Rondalino16"], "log": "|j|\u2606IsThisTheNewLight?\n|j|\u2606Rondalino16\n|html|<table width=\"100%\"><tr><td align=\"left\">IsThisTheNewLight?</td><td align=\"right\">Rondalino16</tr><tr><td align=\"left\"><i class=\"fa fa-circle-o\"></i> <i class=\"fa fa-circle-o\"></i> </td><td align=\"right\"><i class=\"fa fa-circle-o\"></i> <i class=\"fa fa-circle-o\"></i> </tr></table>\n|uhtml|bestof|<h2><strong>Game 1</strong> of <a href=\"/game-bestof3-gen9vgc2025regibo3-2354786769\">a best-of-3</a></h2>\n|t:|1746119693\n|gametype|doubles\n|player|p1|IsThisTheNewLight?|170|1000\n|player|p2|Rondalino16|schoolkid|1117\n|teamsize|p1|6\n|teamsize|p2|6\n|gen|9\n|tier|[Gen 9] VGC 2025 Reg I (Bo3)\n|rated|\n|rule|Species Clause: Limit one of each Pok\u00e9mon\n|rule|Item Clause: Limit 1 of each item\n|clearpoke\n|poke|p1|Miraidon, L50|\n|poke|p1|Grimmsnarl, L50, M|\n|poke|p1|Amoonguss, L50, M|\n|poke|p1|Calyrex-Ice, L50|\n|poke|p1|Indeedee-F, L50, F|\n|poke|p1|Palafin, L50, M|\n|poke|p2|Miraidon, L50|\n|poke|p2|Koraidon, L50|\n|poke|p2|Raging Bolt, L50|\n|poke|p2|Farigiraf, L50, F|\n|poke|p2|Incineroar, L50, F|\n|poke|p2|Flutter Mane, L50|\n|teampreview|4\n|showteam|p1|Miraidon||ChoiceSpecs|HadronEngine|Discharge,ElectroDrift,VoltSwitch,DragonPulse||||||50|,,,,,Electric]Grimmsnarl||CovertCloak|Prankster|FakeOut,Reflect,LightScreen,SpiritBreak|||M|||50|,,,,,Fairy]Amoonguss||Leftovers|EffectSpore|PollenPuff,SludgeBomb,RagePowder,Protect|||M|||50|,,,,,Poison]Calyrex-Ice||AssaultVest|AsOneGlastrier|GlacialLance,ExpandingForce,IcyWind,IcicleSpear||||||50|,,,,,Ice]Indeedee-F||SitrusBerry|PsychicSurge|FollowMe,HelpingHand,TrickRoom,FakeOut|||F|||50|,,,,,Psychic]Palafin||ChoiceBand|ZerotoHero|CloseCombat,FlipTurn,Waterfall,Liquidation|||M|||50|,,,,,Water\n|showteam|p2|Miraidon||ChoiceSpecs|HadronEngine|ElectroDrift,VoltSwitch,DracoMeteor,DazzlingGleam||||||50|,,,,,Fairy]Koraidon||ClearAmulet|OrichalcumPulse|CollisionCourse,FlareBlitz,FlameCharge,Protect||||||50|,,,,,Fire]Raging Bolt||LifeOrb|Protosynthesis|RisingVoltage,Thunderclap,DragonPulse,Protect||||||50|,,,,,Electric]Farigiraf||ElectricSeed|ArmorTail|Psychic,TrickRoom,Roar,HelpingHand|||F|||50|,,,,,Water]Incineroar||AssaultVest|Intimidate|KnockOff,FakeOut,FlareBlitz,Uturn|||F|||50|,,,,,Bug]Flutter Mane||FocusSash|Protosynthesis|Moonblast,ShadowBall,IcyWind,Protect||||||50|,,,,,Normal\n|\n|t:|1746119775\n|start\n|switch|p1a: Grimmsnarl|Grimmsnarl, L50, M, shiny|100/100\n|switch|p1b: Indeedee|Indeedee-F, L50, F, shiny|100/100\n|switch|p2a: Alexia|Farigiraf, L50, F|100/100\n|switch|p2b: Mbapp\u00e9|Incineroar, L50, F|100/100\n|-fieldstart|move: Psychic Terrain|[from] ability: Psychic Surge|[of] p1b: Indeedee\n|-ability|p2b: Mbapp\u00e9|Intimidate|boost\n|-unboost|p1a: Grimmsnarl|atk|1\n|-unboost|p1b: Indeedee|atk|1\n|turn|1\n|\n|t:|1746119817\n|move|p1b: Indeedee|Follow Me|p1b: Indeedee\n|-singleturn|p1b: Indeedee|move: Follow Me\n|move|p1a: Grimmsnarl|Reflect|p1a: Grimmsnarl\n|-sidestart|p1: IsThisTheNewLight?|Reflect\n|move|p2b: Mbapp\u00e9|U-turn|p1b: Indeedee\n|-supereffective|p1b: Indeedee\n|-damage|p1b: Indeedee|64/100\n|\n|t:|1746119825\n|switch|p2b: Messi|Raging Bolt, L50|100/100|[from] U-turn\n|move|p2a: Alexia|Roar|p1b: Indeedee\n|drag|p1b: Miraidon|Miraidon, L50|100/100\n|-fieldstart|move: Electric Terrain|[from] ability: Hadron Engine|[of] p1b: Miraidon\n|-enditem|p2a: Alexia|Electric Seed\n|-boost|p2a: Alexia|def|1|[from] item: Electric Seed\n|\n|upkeep\n|turn|2\n|\n|t:|1746119867\n|switch|p1b: Indeedee|Indeedee-F, L50, F, shiny|64/100\n|-fieldstart|move: Psychic Terrain|[from] ability: Psychic Surge|[of] p1b: Indeedee\n|move|p2b: Messi|Protect|p2b: Messi\n|-singleturn|p2b: Messi|Protect\n|move|p1a: Grimmsnarl|Light Screen|p1a: Grimmsnarl\n|-sidestart|p1: IsThisTheNewLight?|move: Light Screen\n|move|p2a: Alexia|Trick Room|p2a: Alexia\n|-fieldstart|move: Trick Room|[of] p2a: Alexia\n|\n|upkeep\n|turn|3\n|\n|t:|1746119890\n|-terastallize|p2b: Messi|Electric\n|move|p1b: Indeedee|Fake Out||[still]\n|cant|p2a: Alexia|ability: Armor Tail|Fake Out|[of] p1b: Indeedee\n|move|p1a: Grimmsnarl|Spirit Break|p2b: Messi\n|-damage|p2b: Messi|84/100\n|-unboost|p2b: Messi|spa|1\n|move|p2b: Messi|Rising Voltage|p1b: Indeedee\n|-damage|p1b: Indeedee|43/100\n|-enditem|p1b: Indeedee|Sitrus Berry|[eat]\n|-heal|p1b: Indeedee|68/100|[from] item: Sitrus Berry\n|-damage|p2b: Messi|74/100|[from] item: Life Orb\n|move|p2a: Alexia|Roar|p1a: Grimmsnarl\n|drag|p1a: Calyrex|Calyrex-Ice, L50|100/100\n|-ability|p1a: Calyrex|As One\n|-ability|p1a: Calyrex|Unnerve\n|\n|upkeep\n|turn|4\n|\n|t:|1746119933\n|-end|p2b: Messi|Protosynthesis|[silent]\n|switch|p2b: Mbapp\u00e9|Incineroar, L50, F|100/100\n|-ability|p2b: Mbapp\u00e9|Intimidate|boost\n|-unboost|p1a: Calyrex|atk|1\n|-unboost|p1b: Indeedee|atk|1\n|move|p1b: Indeedee|Helping Hand|p1a: Calyrex\n|-singleturn|p1a: Calyrex|Helping Hand|[of] p1b: Indeedee\n|move|p1a: Calyrex|Expanding Force|p2b: Mbapp\u00e9|[spread] p2a\n|-immune|p2b: Mbapp\u00e9\n|-resisted|p2a: Alexia\n|-damage|p2a: Alexia|76/100\n|move|p2a: Alexia|Roar|p1b: Indeedee\n|drag|p1b: Miraidon|Miraidon, L50|100/100\n|-fieldstart|move: Electric Terrain|[from] ability: Hadron Engine|[of] p1b: Miraidon\n|\n|upkeep\n|turn|5\n|\n|t:|1746119958\n|-terastallize|p1a: Calyrex|Ice\n|move|p2a: Alexia|Helping Hand|p2b: Mbapp\u00e9\n|-singleturn|p2b: Mbapp\u00e9|Helping Hand|[of] p2a: Alexia\n|move|p1a: Calyrex|Glacial Lance|p2a: Alexia|[spread] p2a,p2b\n|-resisted|p2b: Mbapp\u00e9\n|-damage|p2a: Alexia|48/100\n|-damage|p2b: Mbapp\u00e9|83/100\n|move|p2b: Mbapp\u00e9|Flare Blitz|p1a: Calyrex\n|-supereffective|p1a: Calyrex\n|-damage|p1a: Calyrex|40/100\n|-damage|p2b: Mbapp\u00e9|66/100|[from] Recoil\n|move|p1b: Miraidon|Discharge|p2a: Alexia|[spread] p1a,p2a,p2b\n|-crit|p2a: Alexia\n|-damage|p1a: Calyrex|11/100\n|-damage|p2a: Alexia|0 fnt\n|-damage|p2b: Mbapp\u00e9|21/100\n|faint|p2a: Alexia\n|\n|-sideend|p1: IsThisTheNewLight?|Reflect\n|upkeep\n|\n|t:|1746119977\n|switch|p2a: Messi|Raging Bolt, L50, tera:Electric|74/100\n|turn|6\n|\n|t:|1746120003\n|switch|p2b: Neymar|Koraidon, L50|100/100\n|-weather|SunnyDay|[from] ability: Orichalcum Pulse|[of] p2b: Neymar\n|-activate|p2a: Messi|ability: Protosynthesis\n|-start|p2a: Messi|protosynthesisspa\n|-activate|p2b: Neymar|Orichalcum Pulse|[source]\n|move|p1a: Calyrex|Icy Wind|p2b: Neymar|[spread] p2a,p2b\n|-supereffective|p2b: Neymar\n|-damage|p2a: Messi|58/100\n|-damage|p2b: Neymar|67/100\n|-unboost|p2a: Messi|spe|1\n|move|p2a: Messi|Rising Voltage|p1a: Calyrex\n|-hint|Rising Voltage's BP doubled on grounded target.\n|-damage|p1a: Calyrex|0 fnt\n|faint|p1a: Calyrex\n|-damage|p2a: Messi|48/100|[from] item: Life Orb\n|move|p1b: Miraidon|Discharge|p2b: Neymar|[spread] p2a,p2b\n|-resisted|p2a: Messi\n|-resisted|p2b: Neymar\n|-damage|p2a: Messi|16/100\n|-damage|p2b: Neymar|27/100\n|\n|-weather|SunnyDay|[upkeep]\n|-sideend|p1: IsThisTheNewLight?|move: Light Screen\n|-fieldend|move: Trick Room\n|upkeep\n|\n|t:|1746120015\n|switch|p1a: Grimmsnarl|Grimmsnarl, L50, M, shiny|100/100\n|turn|7\n|\n|t:|1746120045\n|move|p1a: Grimmsnarl|Reflect|p1a: Grimmsnarl\n|-sidestart|p1: IsThisTheNewLight?|Reflect\n|move|p1b: Miraidon|Discharge|p2a: Messi|[spread] p1a,p2a,p2b\n|-resisted|p2a: Messi\n|-resisted|p2b: Neymar\n|-damage|p1a: Grimmsnarl|11/100\n|-damage|p2a: Messi|0 fnt\n|-damage|p2b: Neymar|0 fnt\n|faint|p2a: Messi\n|-end|p2a: Messi|Protosynthesis|[silent]\n|faint|p2b: Neymar\n|\n|-weather|SunnyDay|[upkeep]\n|upkeep\n|\n|t:|1746120057\n|switch|p2a: Mbapp\u00e9|Incineroar, L50, F|21/100\n|-ability|p2a: Mbapp\u00e9|Intimidate|boost\n|-unboost|p1a: Grimmsnarl|atk|1\n|-unboost|p1b: Miraidon|atk|1\n|turn|8\n|\n|t:|1746120070\n|move|p1b: Miraidon|Discharge|p2a: Mbapp\u00e9|[spread] p1a,p2a\n|-damage|p1a: Grimmsnarl|0 fnt\n|-damage|p2a: Mbapp\u00e9|0 fnt\n|faint|p1a: Grimmsnarl\n|faint|p2a: Mbapp\u00e9\n|\n|win|IsThisTheNewLight?\n||IsThisTheNewLight? is ready for game 2.\n", "uploadtime": 1746120078, "views": 6, "formatid": "gen9vgc2025regibo3", "rating": null, "private": 0, "password": null}