{"id": "gen9vgc2025regibo3-2353418981", "format": "[Gen 9] VGC 2025 Reg I (Bo3)", "players": ["ihateursh", "TrCJags"], "log": "|j|\u2606ihateursh\n|j|\u2606TrCJags\n|html|<table width=\"100%\"><tr><td align=\"left\">ihateursh</td><td align=\"right\">TrCJags</tr><tr><td align=\"left\"><i class=\"fa fa-circle-o\"></i> <i class=\"fa fa-circle-o\"></i> </td><td align=\"right\"><i class=\"fa fa-circle-o\"></i> <i class=\"fa fa-circle-o\"></i> </tr></table>\n|uhtml|bestof|<h2><strong>Game 1</strong> of <a href=\"/game-bestof3-gen9vgc2025regibo3-2353418980\">a best-of-3</a></h2>\n|t:|1745954267\n|gametype|doubles\n|player|p1|ihateursh|169|1084\n|player|p2|TrCJags|scientist-gen4dp|1166\n|teamsize|p1|6\n|teamsize|p2|6\n|gen|9\n|tier|[Gen 9] VGC 2025 Reg I (Bo3)\n|rated|\n|rule|Species Clause: Limit one of each Pok\u00e9mon\n|rule|Item Clause: Limit 1 of each item\n|clearpoke\n|poke|p1|Zacian-*, L50|\n|poke|p1|Kyogre, L50|\n|poke|p1|Grimmsnarl, L50, M|\n|poke|p1|Urshifu-*, L50, M|\n|poke|p1|Incineroar, L50, F|\n|poke|p1|Amoonguss, L50, M|\n|poke|p2|Calyrex-Shadow, L50|\n|poke|p2|Koraidon, L50|\n|poke|p2|Ogerpon-Cornerstone, L50, F|\n|poke|p2|Chi-Yu, L50|\n|poke|p2|Raging Bolt, L50|\n|poke|p2|Jumpluff, L50, F|\n|teampreview|4\n|showteam|p1|Zacian-Crowned||RustedSword|IntrepidSword|behemothblade,PlayRough,SacredSword,Protect||||||50|,,,,,Stellar]Kyogre||Leftovers|Drizzle|CalmMind,OriginPulse,IceBeam,Protect||||||50|,,,,,Grass]Grimmsnarl||LightClay|Prankster|FoulPlay,LightScreen,Reflect,ThunderWave|||M|||50|,,,,,Ghost]Urshifu-Rapid-Strike||ChoiceScarf|UnseenFist|SurgingStrikes,CloseCombat,Uturn,RockTomb|||M|||50|,,,,,Water]Incineroar||SafetyGoggles|Intimidate|FakeOut,KnockOff,PartingShot,FlareBlitz|||F|||50|,,,,,Ghost]Amoonguss||RockyHelmet|Regenerator|Spore,RagePowder,Protect,PollenPuff|||M|||50|,,,,,Water\n|showteam|p2|Calyrex-Shadow||FocusSash|AsOneSpectrier|AstralBarrage,DrainingKiss,Protect,Encore||||||50|,,,,,Fairy]Koraidon||LifeOrb|OrichalcumPulse|FlareBlitz,FlameCharge,CloseCombat,Protect||||||50|,,,,,Fire]Ogerpon-Cornerstone||CornerstoneMask|Sturdy|IvyCudgel,Taunt,SpikyShield,FollowMe|||F|||50|,,,,,Rock]Chi-Yu||ChoiceScarf|BeadsofRuin|HeatWave,DarkPulse,Snarl,Overheat||||||50|,,,,,Ghost]Raging Bolt||SafetyGoggles|Protosynthesis|Thunderclap,DracoMeteor,VoltSwitch,Protect||||||50|,,,,,Electric]Jumpluff||CovertCloak|Chlorophyll|RagePowder,SleepPowder,Tailwind,PollenPuff|||F|||50|,,,,,Dark\n|\n|t:|1745954322\n|start\n|switch|p1a: Urshifu|Urshifu-Rapid-Strike, L50, M|100/100\n|switch|p1b: Grimmsnarl|Grimmsnarl, L50, M|100/100\n|switch|p2a: Chi-Yu|Chi-Yu, L50|100/100\n|switch|p2b: Calyrex|Calyrex-Shadow, L50|100/100\n|-ability|p2b: Calyrex|As One\n|-ability|p2b: Calyrex|Unnerve\n|-ability|p2a: Chi-Yu|Beads of Ruin\n|turn|1\n|inactive|Battle timer is ON: inactive players will automatically lose when time's up. (requested by ihateursh)\n|inactive|ihateursh has 60 seconds left.\n|inactive|TrCJags has 60 seconds left.\n|\n|t:|1745954374\n|switch|p2b: Koraidon|Koraidon, L50|100/100\n|-weather|SunnyDay|[from] ability: Orichalcum Pulse|[of] p2b: Koraidon\n|-activate|p2b: Koraidon|Orichalcum Pulse|[source]\n|move|p1b: Grimmsnarl|Light Screen|p1b: Grimmsnarl\n|-sidestart|p1: ihateursh|move: Light Screen\n|move|p2a: Chi-Yu|Heat Wave|p1a: Urshifu|[spread] p1a,p1b\n|-resisted|p1a: Urshifu\n|-crit|p1a: Urshifu\n|-damage|p1a: Urshifu|1/100\n|-damage|p1b: Grimmsnarl|53/100\n|move|p1a: Urshifu|U-turn|p2a: Chi-Yu\n|-damage|p2a: Chi-Yu|57/100\n|\n|t:|1745954384\n|switch|p1a: Kyogre|Kyogre, L50|100/100|[from] U-turn\n|-weather|RainDance|[from] ability: Drizzle|[of] p1a: Kyogre\n|\n|-weather|RainDance|[upkeep]\n|upkeep\n|turn|2\n|inactive|TrCJags has 30 seconds left.\n|inactive|TrCJags has 20 seconds left.\n|inactive|TrCJags has 15 seconds left.\n|inactive|TrCJags has 10 seconds left.\n|\n|t:|1745954430\n|switch|p2a: Raging Bolt|Raging Bolt, L50|100/100\n|move|p2b: Koraidon|Protect|p2b: Koraidon\n|-singleturn|p2b: Koraidon|Protect\n|move|p1b: Grimmsnarl|Thunder Wave|p2b: Koraidon\n|-activate|p2b: Koraidon|move: Protect\n|move|p1a: Kyogre|Origin Pulse|p2a: Raging Bolt|[spread] p2a\n|-activate|p2b: Koraidon|move: Protect\n|-resisted|p2a: Raging Bolt\n|-crit|p2a: Raging Bolt\n|-damage|p2a: Raging Bolt|53/100\n|\n|-weather|RainDance|[upkeep]\n|upkeep\n|turn|3\n|inactive|TrCJags has 30 seconds left.\n|inactive|ihateursh has 30 seconds left.\n|inactive|TrCJags has 20 seconds left.\n|inactive|TrCJags has 15 seconds left.\n|\n|t:|1745954471\n|switch|p2b: Chi-Yu|Chi-Yu, L50|57/100\n|-ability|p2b: Chi-Yu|Beads of Ruin\n|-terastallize|p1a: Kyogre|Grass\n|move|p1b: Grimmsnarl|Thunder Wave|p2b: Chi-Yu\n|-hint|Since gen 7, Dark is immune to Prankster moves.\n|-immune|p2b: Chi-Yu\n|move|p1a: Kyogre|Origin Pulse|p2a: Raging Bolt|[spread] p2a,p2b\n|-resisted|p2a: Raging Bolt\n|-supereffective|p2b: Chi-Yu\n|-damage|p2a: Raging Bolt|11/100\n|-damage|p2b: Chi-Yu|0 fnt\n|faint|p2b: Chi-Yu\n|move|p2a: Raging Bolt|Volt Switch|p1b: Grimmsnarl\n|-damage|p1b: Grimmsnarl|34/100\n|inactive|TrCJags has 30 seconds left.\n|inactive|TrCJags has 20 seconds left.\n|\n|t:|1745954510\n|-end|p2a: Raging Bolt|Protosynthesis|[silent]\n|switch|p2a: Koraidon|Koraidon, L50|100/100|[from] Volt Switch\n|-weather|SunnyDay|[from] ability: Orichalcum Pulse|[of] p2a: Koraidon\n|-activate|p2a: Koraidon|Orichalcum Pulse|[source]\n|\n|-weather|SunnyDay|[upkeep]\n|upkeep\n|\n|t:|1745954517\n|switch|p2b: Calyrex|Calyrex-Shadow, L50|100/100\n|-ability|p2b: Calyrex|As One\n|-ability|p2b: Calyrex|Unnerve\n|turn|4\n|inactive|TrCJags has 30 seconds left.\n|inactive|TrCJags has 20 seconds left.\n|inactive|TrCJags has 15 seconds left.\n|inactive|TrCJags has 10 seconds left.\n|\n|t:|1745954565\n|switch|p1a: Urshifu|Urshifu-Rapid-Strike, L50, M|1/100\n|-terastallize|p2a: Koraidon|Fire\n|move|p1b: Grimmsnarl|Thunder Wave|p2b: Calyrex\n|-status|p2b: Calyrex|par\n|move|p2a: Koraidon|Flame Charge|p1a: Urshifu\n|-resisted|p1a: Urshifu\n|-damage|p1a: Urshifu|0 fnt\n|-boost|p2a: Koraidon|spe|1\n|faint|p1a: Urshifu\n|-damage|p2a: Koraidon|91/100|[from] item: Life Orb\n|move|p2b: Calyrex|Astral Barrage|p1b: Grimmsnarl\n|-resisted|p1b: Grimmsnarl\n|-damage|p1b: Grimmsnarl|14/100\n|\n|-weather|SunnyDay|[upkeep]\n|upkeep\n|inactive|ihateursh has 30 seconds left.\n|\n|t:|1745954590\n|switch|p1a: Kyogre|Kyogre, L50, tera:Grass|100/100\n|-weather|RainDance|[from] ability: Drizzle|[of] p1a: Kyogre\n|turn|5\n|\n|t:|1745954606\n|switch|p2a: Raging Bolt|Raging Bolt, L50|11/100\n|move|p1b: Grimmsnarl|Thunder Wave|p2a: Raging Bolt\n|-immune|p2a: Raging Bolt\n|move|p1a: Kyogre|Origin Pulse|p2b: Calyrex|[spread] p2a\n|-miss|p1a: Kyogre|p2b: Calyrex\n|-resisted|p2a: Raging Bolt\n|-damage|p2a: Raging Bolt|0 fnt\n|faint|p2a: Raging Bolt\n|-end|p2a: Raging Bolt|Protosynthesis|[silent]\n|move|p2b: Calyrex|Astral Barrage|p1a: Kyogre|[spread] p1a,p1b\n|-resisted|p1b: Grimmsnarl\n|-damage|p1a: Kyogre|76/100\n|-damage|p1b: Grimmsnarl|0 fnt\n|faint|p1b: Grimmsnarl\n|-ability|p2b: Calyrex|Grim Neigh|boost\n|-boost|p2b: Calyrex|spa|1\n|\n|-weather|RainDance|[upkeep]\n|-heal|p1a: Kyogre|82/100|[from] item: Leftovers\n|upkeep\n|\n|t:|1745954626\n|switch|p2a: Koraidon|Koraidon, L50, tera:Fire|91/100\n|switch|p1b: Zacian|Zacian-Crowned, L50, shiny|100/100\n|-weather|SunnyDay|[from] ability: Orichalcum Pulse|[of] p2a: Koraidon\n|-activate|p2a: Koraidon|Orichalcum Pulse|[source]\n|-ability|p1b: Zacian|Intrepid Sword|boost\n|-boost|p1b: Zacian|atk|1\n|turn|6\n|inactive|TrCJags has 30 seconds left.\n|inactive|TrCJags has 20 seconds left.\n|inactive|TrCJags has 15 seconds left.\n|inactive|TrCJags has 10 seconds left.\n|\n|t:|1745954672\n|move|p2a: Koraidon|Flare Blitz|p1a: Kyogre\n|-supereffective|p1a: Kyogre\n|-damage|p1a: Kyogre|0 fnt\n|faint|p1a: Kyogre\n|-damage|p2a: Koraidon|62/100|[from] Recoil\n|-damage|p2a: Koraidon|52/100|[from] item: Life Orb\n|move|p1b: Zacian|Sacred Sword|p2a: Koraidon\n|-damage|p2a: Koraidon|7/100\n|move|p2b: Calyrex|Astral Barrage|p1b: Zacian\n|-damage|p1b: Zacian|45/100\n|\n|-weather|SunnyDay|[upkeep]\n|upkeep\n|turn|7\n|-message|ihateursh forfeited.\n|\n|win|TrCJags\n||ihateursh is ready for game 2.\n||TrCJags is ready for game 2.\n|uhtml|next|Next: <a href=\"/battle-gen9vgc2025regibo3-2353423782\"><strong>Game 2 of 3</strong></a>\n|l|\u2606ihateursh\n|player|p1|\n", "uploadtime": 1745955111, "views": 10, "formatid": "gen9vgc2025regibo3", "rating": null, "private": 0, "password": null}