{"id": "gen9vgc2025regibo3-2353846515", "format": "[Gen 9] VGC 2025 Reg I (Bo3)", "players": ["Schroombert", "Winged Kings"], "log": "|j|\u2606Schroombert\n|j|\u2606Winged Kings\n|html|<table width=\"100%\"><tr><td align=\"left\">Schroombert</td><td align=\"right\">Winged Kings</tr><tr><td align=\"left\"><i class=\"fa fa-circle-o\"></i> <i class=\"fa fa-circle-o\"></i> </td><td align=\"right\"><i class=\"fa fa-circle-o\"></i> <i class=\"fa fa-circle\"></i> </tr></table>\n|uhtml|bestof|<h2><strong>Game 2</strong> of <a href=\"/game-bestof3-gen9vgc2025regibo3-2353845011\">a best-of-3</a></h2>\n|t:|1746009554\n|gametype|doubles\n|player|p1|Schroombert|rancher|1342\n|player|p2|Winged Kings|iono|1240\n|teamsize|p1|6\n|teamsize|p2|6\n|gen|9\n|tier|[Gen 9] VGC 2025 Reg I (Bo3)\n|rated|\n|rule|Species Clause: Limit one of each Pok\u00e9mon\n|rule|Item Clause: Limit 1 of each item\n|clearpoke\n|poke|p1|Calyrex-Shadow, L50|\n|poke|p1|Koraidon, L50|\n|poke|p1|Brute Bonnet, L50|\n|poke|p1|Raging Bolt, L50|\n|poke|p1|Incineroar, L50, M|\n|poke|p1|Flutter Mane, L50|\n|poke|p2|Koraidon, L50|\n|poke|p2|Ho-Oh, L50|\n|poke|p2|Raging Bolt, L50|\n|poke|p2|Flutter Mane, L50|\n|poke|p2|Iron Treads, L50|\n|poke|p2|Brute Bonnet, L50|\n|teampreview|4\n|showteam|p1|Calyrex-Shadow||FocusSash|AsOneSpectrier|AstralBarrage,Psyshock,NastyPlot,Protect||||||50|,,,,,Ghost]Koraidon||ClearAmulet|OrichalcumPulse|FlareBlitz,CollisionCourse,FlameCharge,Protect||||||50|,,,,,Fire]Brute Bonnet||CovertCloak|Protosynthesis|SuckerPunch,SeedBomb,RagePowder,Spore||||||50|,,,,,Water]Raging Bolt||AssaultVest|Protosynthesis|Snarl,DracoMeteor,Thunderclap,Electroweb||||||50|,,,,,Electric]Incineroar||RockyHelmet|Intimidate|FlareBlitz,KnockOff,Uturn,FakeOut|||M|||50|,,,,,Ghost]Flutter Mane||BoosterEnergy|Protosynthesis|Moonblast,ShadowBall,IcyWind,Protect||||||50|,,,,,Fairy\n|showteam|p2|Koraidon||LoadedDice|OrichalcumPulse|CollisionCourse,FlareBlitz,ScaleShot,Protect||||||50|,,,,,Fire]Ho-Oh||ClearAmulet|Regenerator|BraveBird,SacredFire,Tailwind,Protect||||||50|,,,,,Grass]Raging Bolt||AssaultVest|Protosynthesis|Electroweb,DracoMeteor,Thunderclap,Snarl||||||50|,,,,,Electric]Flutter Mane||FocusSash|Protosynthesis|Moonblast,ShadowBall,IcyWind,Protect||||||50|,,,,,Stellar]Iron Treads||LifeOrb|QuarkDrive|IronHead,KnockOff,HighHorsepower,Protect||||||50|,,,,,Ghost]Brute Bonnet||CovertCloak|Protosynthesis|Spore,RagePowder,SeedBomb,SuckerPunch||||||50|,,,,,Water\n|inactive|Battle timer is ON: inactive players will automatically lose when time's up. (requested by Schroombert)\n|inactive|Schroombert has 60 seconds left.\n|\n|t:|1746009589\n|start\n|switch|p1a: Incineroar|Incineroar, L50, M|100/100\n|switch|p1b: Calyrex|Calyrex-Shadow, L50|100/100\n|switch|p2a: Flutter Mane|Flutter Mane, L50|100/100\n|switch|p2b: Ho-Oh|Ho-Oh, L50, shiny|100/100\n|-ability|p1b: Calyrex|As One\n|-ability|p1b: Calyrex|Unnerve\n|-ability|p1a: Incineroar|Intimidate|boost\n|-unboost|p2a: Flutter Mane|atk|1\n|-fail|p2b: Ho-Oh|unboost|[from] item: Clear Amulet|[of] p2b: Ho-Oh\n|turn|1\n|inactive|Winged Kings has 30 seconds left.\n|\n|t:|1746009618\n|move|p2a: Flutter Mane|Protect|p2a: Flutter Mane\n|-singleturn|p2a: Flutter Mane|Protect\n|move|p1a: Incineroar|Fake Out|p2b: Ho-Oh\n|-damage|p2b: Ho-Oh|93/100\n|move|p1b: Calyrex|Astral Barrage|p2a: Flutter Mane|[spread] p2b\n|-activate|p2a: Flutter Mane|move: Protect\n|-damage|p2b: Ho-Oh|57/100\n|cant|p2b: Ho-Oh|flinch\n|\n|upkeep\n|turn|2\n|\n|t:|1746009629\n|move|p1b: Calyrex|Astral Barrage|p2a: Flutter Mane|[spread] p2a,p2b\n|-supereffective|p2a: Flutter Mane\n|-enditem|p2a: Flutter Mane|Focus Sash\n|-damage|p2a: Flutter Mane|1/100\n|-damage|p2b: Ho-Oh|23/100\n|move|p2a: Flutter Mane|Icy Wind|p1a: Incineroar|[spread] p1a,p1b\n|-resisted|p1a: Incineroar\n|-damage|p1a: Incineroar|93/100\n|-damage|p1b: Calyrex|86/100\n|-unboost|p1a: Incineroar|spe|1\n|-unboost|p1b: Calyrex|spe|1\n|move|p2b: Ho-Oh|Sacred Fire|p1b: Calyrex\n|-damage|p1b: Calyrex|25/100\n|move|p1a: Incineroar|U-turn|p2a: Flutter Mane\n|-resisted|p2a: Flutter Mane\n|-damage|p2a: Flutter Mane|0 fnt\n|faint|p2a: Flutter Mane\n|-end|p2a: Flutter Mane|Protosynthesis|[silent]\n|\n|t:|1746009645\n|switch|p1a: Flutter Mane|Flutter Mane, L50, shiny|100/100|[from] U-turn\n|-enditem|p1a: Flutter Mane|Booster Energy\n|-activate|p1a: Flutter Mane|ability: Protosynthesis|[fromitem]\n|-start|p1a: Flutter Mane|protosynthesisspe\n|\n|upkeep\n|inactive|Winged Kings has 30 seconds left.\n|inactive|Winged Kings has 20 seconds left.\n|inactive|Winged Kings has 15 seconds left.\n|\n|t:|1746009688\n|switch|p2a: Raging Bolt|Raging Bolt, L50|100/100\n|turn|3\n|\n|t:|1746009696\n|switch|p1b: Incineroar|Incineroar, L50, M|93/100\n|-ability|p1b: Incineroar|Intimidate|boost\n|-unboost|p2a: Raging Bolt|atk|1\n|-fail|p2b: Ho-Oh|unboost|[from] item: Clear Amulet|[of] p2b: Ho-Oh\n|switch|p2b: Koraidon|Koraidon, L50|100/100\n|-weather|SunnyDay|[from] ability: Orichalcum Pulse|[of] p2b: Koraidon\n|-activate|p2a: Raging Bolt|ability: Protosynthesis\n|-start|p2a: Raging Bolt|protosynthesisspa\n|-activate|p2b: Koraidon|Orichalcum Pulse|[source]\n|-terastallize|p2a: Raging Bolt|Electric\n|move|p1a: Flutter Mane|Shadow Ball|p2b: Koraidon\n|-damage|p2b: Koraidon|58/100\n|-unboost|p2b: Koraidon|spd|1\n|move|p2a: Raging Bolt|Electroweb|p1b: Incineroar|[spread] p1a,p1b\n|-damage|p1a: Flutter Mane|63/100\n|-damage|p1b: Incineroar|57/100\n|-unboost|p1a: Flutter Mane|spe|1\n|-unboost|p1b: Incineroar|spe|1\n|\n|-weather|SunnyDay|[upkeep]\n|upkeep\n|turn|4\n|inactive|Schroombert has 30 seconds left.\n|\n|t:|1746009731\n|-end|p1a: Flutter Mane|Protosynthesis|[silent]\n|switch|p1a: Koraidon|Koraidon, L50|100/100\n|-activate|p1a: Koraidon|ability: Orichalcum Pulse\n|switch|p2b: Ho-Oh|Ho-Oh, L50, shiny|56/100\n|move|p1b: Incineroar|Fake Out|p2b: Ho-Oh\n|-damage|p2b: Ho-Oh|48/100\n|move|p2a: Raging Bolt|Electroweb|p1b: Incineroar|[spread] p1a,p1b\n|-resisted|p1a: Koraidon\n|-damage|p1a: Koraidon|84/100\n|-damage|p1b: Incineroar|22/100\n|-unboost|p1b: Incineroar|spe|1\n|\n|-weather|SunnyDay|[upkeep]\n|upkeep\n|turn|5\n|inactive|Schroombert has 30 seconds left.\n|\n|t:|1746009760\n|move|p1a: Koraidon|Flame Charge|p2a: Raging Bolt\n|-damage|p2a: Raging Bolt|72/100\n|-boost|p1a: Koraidon|spe|1\n|move|p2b: Ho-Oh|Tailwind|p2b: Ho-Oh\n|-sidestart|p2: Winged Kings|move: Tailwind\n|move|p2a: Raging Bolt|Electroweb|p1a: Koraidon|[spread] p1a,p1b\n|-resisted|p1a: Koraidon\n|-crit|p1b: Incineroar\n|-damage|p1a: Koraidon|67/100\n|-damage|p1b: Incineroar|0 fnt\n|faint|p1b: Incineroar\n|\n|-weather|SunnyDay|[upkeep]\n|upkeep\n|\n|t:|1746009776\n|switch|p1b: Flutter Mane|Flutter Mane, L50, shiny|63/100\n|-activate|p1b: Flutter Mane|ability: Protosynthesis\n|-start|p1b: Flutter Mane|protosynthesisspe\n|turn|6\n|inactive|Schroombert has 30 seconds left.\n|\n|t:|1746009806\n|move|p1a: Koraidon|Protect|p1a: Koraidon\n|-singleturn|p1a: Koraidon|Protect\n|move|p1b: Flutter Mane|Shadow Ball|p2b: Ho-Oh\n|-damage|p2b: Ho-Oh|22/100\n|move|p2b: Ho-Oh|Brave Bird|p1a: Koraidon\n|-activate|p1a: Koraidon|move: Protect\n|move|p2a: Raging Bolt|Electroweb|p1a: Koraidon|[spread] p1b\n|-activate|p1a: Koraidon|move: Protect\n|-damage|p1b: Flutter Mane|26/100\n|-unboost|p1b: Flutter Mane|spe|1\n|\n|-weather|SunnyDay|[upkeep]\n|upkeep\n|turn|7\n|inactive|Schroombert has 30 seconds left.\n|inactive|Winged Kings has 30 seconds left.\n|\n|t:|1746009839\n|switch|p2b: Koraidon|Koraidon, L50|58/100\n|-activate|p2b: Koraidon|ability: Orichalcum Pulse\n|-terastallize|p1a: Koraidon|Fire\n|move|p1a: Koraidon|Flame Charge|p2a: Raging Bolt\n|-damage|p2a: Raging Bolt|22/100\n|-boost|p1a: Koraidon|spe|1\n|move|p2a: Raging Bolt|Electroweb|p1a: Koraidon|[spread] p1b\n|-miss|p2a: Raging Bolt|p1a: Koraidon\n|-damage|p1b: Flutter Mane|0 fnt\n|faint|p1b: Flutter Mane\n|-end|p1b: Flutter Mane|Protosynthesis|[silent]\n|\n|-weather|none\n|-end|p2a: Raging Bolt|Protosynthesis\n|upkeep\n|\n|t:|1746009853\n|switch|p1b: Calyrex|Calyrex-Shadow, L50|25/100\n|-ability|p1b: Calyrex|As One\n|-ability|p1b: Calyrex|Unnerve\n|turn|8\n|\n|t:|1746009867\n|move|p1a: Koraidon|Protect|p1a: Koraidon\n|-singleturn|p1a: Koraidon|Protect\n|move|p1b: Calyrex|Protect|p1b: Calyrex\n|-singleturn|p1b: Calyrex|Protect\n|move|p2a: Raging Bolt|Thunderclap||[still]\n|-fail|p2a: Raging Bolt\n|move|p2b: Koraidon|Scale Shot|p2a: Raging Bolt\n|-damage|p2a: Raging Bolt|10/100\n|-damage|p2a: Raging Bolt|0 fnt\n|faint|p2a: Raging Bolt\n|-end|p2a: Raging Bolt|Protosynthesis|[silent]\n|-hitcount|p2: Raging Bolt|2\n|-unboost|p2b: Koraidon|def|1\n|-boost|p2b: Koraidon|spe|1\n|\n|-sideend|p2: Winged Kings|move: Tailwind\n|upkeep\n|\n|t:|1746009875\n|switch|p2a: Ho-Oh|Ho-Oh, L50, shiny|55/100\n|turn|9\n|\n|t:|1746009898\n|move|p2b: Koraidon|Protect|p2b: Koraidon\n|-singleturn|p2b: Koraidon|Protect\n|move|p1a: Koraidon|Collision Course|p2a: Ho-Oh\n|-resisted|p2a: Ho-Oh\n|-damage|p2a: Ho-Oh|34/100\n|move|p1b: Calyrex|Astral Barrage|p2b: Koraidon|[spread] p2a\n|-activate|p2b: Koraidon|move: Protect\n|-damage|p2a: Ho-Oh|1/100\n|move|p2a: Ho-Oh|Tailwind|p2a: Ho-Oh\n|-sidestart|p2: Winged Kings|move: Tailwind\n|\n|upkeep\n|turn|10\n|\n|t:|1746009919\n|move|p1b: Calyrex|Protect|p1b: Calyrex\n|-singleturn|p1b: Calyrex|Protect\n|move|p2b: Koraidon|Scale Shot|p1a: Koraidon\n|-damage|p1a: Koraidon|56/100\n|-damage|p1a: Koraidon|44/100\n|-damage|p1a: Koraidon|32/100\n|-damage|p1a: Koraidon|19/100\n|-hitcount|p1a: Koraidon|4\n|-unboost|p2b: Koraidon|def|1\n|-boost|p2b: Koraidon|spe|1\n|move|p1a: Koraidon|Flame Charge|p2a: Ho-Oh\n|-resisted|p2a: Ho-Oh\n|-damage|p2a: Ho-Oh|0 fnt\n|-boost|p1a: Koraidon|spe|1\n|faint|p2a: Ho-Oh\n|\n|upkeep\n|turn|11\n|\n|t:|1746009942\n|move|p2b: Koraidon|Collision Course|p1a: Koraidon\n|-damage|p1a: Koraidon|0 fnt\n|faint|p1a: Koraidon\n|move|p1b: Calyrex|Psyshock|p2b: Koraidon\n|-supereffective|p2b: Koraidon\n|-damage|p2b: Koraidon|0 fnt\n|faint|p2b: Koraidon\n|\n|win|Schroombert\n||Schroombert is ready for game 3.\n||Winged Kings is ready for game 3.\n|uhtml|next|Next: <a href=\"/battle-gen9vgc2025regibo3-2353849109\"><strong>Game 3 of 3</strong></a>\n|l|\u2606Schroombert\n|player|p1|\n|l|\u2606Winged Kings\n|player|p2|\n", "uploadtime": 1746010275, "views": 6, "formatid": "gen9vgc2025regibo3", "rating": null, "private": 0, "password": null}