{"id": "gen9vgc2025regibo3-2354347910", "format": "[Gen 9] VGC 2025 Reg I (Bo3)", "players": ["themismatcher", "alphamystogan"], "log": "|j|\u2606themismatcher\n|j|\u2606alphamystogan\n|html|<table width=\"100%\"><tr><td align=\"left\">themismatcher</td><td align=\"right\">alphamystogan</tr><tr><td align=\"left\"><i class=\"fa fa-circle-o\"></i> <i class=\"fa fa-circle-o\"></i> </td><td align=\"right\"><i class=\"fa fa-circle-o\"></i> <i class=\"fa fa-circle-o\"></i> </tr></table>\n|uhtml|bestof|<h2><strong>Game 1</strong> of <a href=\"/game-bestof3-gen9vgc2025regibo3-2354347909\">a best-of-3</a></h2>\n|t:|1746060291\n|gametype|doubles\n|player|p1|themismatcher|benga|\n|player|p2|alphamystogan|266|\n|teamsize|p1|6\n|teamsize|p2|6\n|gen|9\n|tier|[Gen 9] VGC 2025 Reg I (Bo3)\n|rule|Species Clause: Limit one of each Pok\u00e9mon\n|rule|Item Clause: Limit 1 of each item\n|clearpoke\n|poke|p1|Indeedee-F, L50, F|\n|poke|p1|Brute Bonnet, L50|\n|poke|p1|Calyrex-Shadow, L50|\n|poke|p1|Chi-Yu, L50|\n|poke|p1|Koraidon, L50|\n|poke|p1|Whimsicott, L50, M|\n|poke|p2|Koraidon, L50|\n|poke|p2|Calyrex-Ice, L50|\n|poke|p2|Brute Bonnet, L50|\n|poke|p2|Flutter Mane, L50|\n|poke|p2|Chi-Yu, L50|\n|poke|p2|Raging Bolt, L50|\n|teampreview|4\n|showteam|p1|Indeedee-F||PsychicSeed|PsychicSurge|Psychic,Imprison,HelpingHand,TrickRoom|||F|||50|,,,,,Fairy]Brute Bonnet||SitrusBerry|Protosynthesis|SeedBomb,SuckerPunch,Spore,RagePowder||||||50|,,,,,Water]Calyrex-Shadow||FocusSash|AsOneSpectrier|AstralBarrage,ExpandingForce,ShadowBall,Protect||||||50|,,,,,Ghost]Chi-Yu||ChoiceScarf|BeadsofRuin|HeatWave,DarkPulse,Overheat,Snarl||||||50|,,,,,Fire]Koraidon||ClearAmulet|OrichalcumPulse|FlareBlitz,CollisionCourse,FlameCharge,Protect||||||50|,,,,,Fire]Whimsicott||CovertCloak|Prankster|Tailwind,Moonblast,Encore,SunnyDay|||M|||50|,,,,,Dark\n|showteam|p2|Koraidon||LifeOrb|OrichalcumPulse|FlameCharge,FlareBlitz,CloseCombat,Protect||||||50|,,,,,Fire]Calyrex-Ice||ClearAmulet|AsOneGlastrier|GlacialLance,HighHorsepower,Protect,TrickRoom||||||50|,,,,,Poison]Brute Bonnet||CovertCloak|Protosynthesis|Protect,SuckerPunch,Spore,RagePowder||||||50|,,,,,Water]Flutter Mane||ChoiceSpecs|Protosynthesis|ShadowBall,Moonblast,DazzlingGleam,IcyWind||||||50|,,,,,Fairy]Chi-Yu||ChoiceScarf|BeadsofRuin|HeatWave,Snarl,DarkPulse,Overheat||||||50|,,,,,Ghost]Raging Bolt||AssaultVest|Protosynthesis|Thunderbolt,DracoMeteor,Thunderclap,Snarl||||||50|,,,,,Water\n|inactive|Battle timer is ON: inactive players will automatically lose when time's up. (requested by alphamystogan)\n|inactive|themismatcher has 60 seconds left.\n|inactive|alphamystogan has 60 seconds left.\n|inactive|themismatcher has 30 seconds left.\n|inactive|themismatcher has 20 seconds left.\n|inactive|themismatcher has 15 seconds left.\n|inactive|themismatcher has 10 seconds left.\n|inactive|themismatcher has 5 seconds left.\n|inactiveoff|Battle timer is now OFF.\n|\n|t:|1746060418\n|start\n|switch|p1a: Calyrex|Calyrex-Shadow, L50|100/100\n|switch|p1b: Indeedee|Indeedee-F, L50, F|100/100\n|switch|p2a: Calyrex|Calyrex-Ice, L50|100/100\n|switch|p2b: Raging Bolt|Raging Bolt, L50|100/100\n|-ability|p1a: Calyrex|As One\n|-ability|p1a: Calyrex|Unnerve\n|-ability|p2a: Calyrex|As One\n|-ability|p2a: Calyrex|Unnerve\n|-fieldstart|move: Psychic Terrain|[from] ability: Psychic Surge|[of] p1b: Indeedee\n|-enditem|p1b: Indeedee|Psychic Seed\n|-boost|p1b: Indeedee|spd|1|[from] item: Psychic Seed\n|turn|1\n|\n|t:|1746060462\n|move|p1a: Calyrex|Protect|p1a: Calyrex\n|-singleturn|p1a: Calyrex|Protect\n|move|p2a: Calyrex|Protect|p2a: Calyrex\n|-singleturn|p2a: Calyrex|Protect\n|move|p1b: Indeedee|Imprison|p1b: Indeedee\n|-start|p1b: Indeedee|move: Imprison\n|move|p2b: Raging Bolt|Snarl|p1a: Calyrex|[spread] p1b\n|-activate|p1a: Calyrex|move: Protect\n|-supereffective|p1b: Indeedee\n|-damage|p1b: Indeedee|82/100\n|-unboost|p1b: Indeedee|spa|1\n|\n|upkeep\n|turn|2\n|\n|t:|1746060485\n|switch|p2a: Brute Bonnet|Brute Bonnet, L50|100/100\n|-terastallize|p1a: Calyrex|Ghost\n|move|p1b: Indeedee|Helping Hand|p1a: Calyrex\n|-singleturn|p1a: Calyrex|Helping Hand|[of] p1b: Indeedee\n|move|p1a: Calyrex|Astral Barrage|p2b: Raging Bolt|[spread] p2a,p2b\n|-resisted|p2a: Brute Bonnet\n|-damage|p2a: Brute Bonnet|53/100\n|-damage|p2b: Raging Bolt|32/100\n|move|p2b: Raging Bolt|Snarl|p1b: Indeedee|[spread] p1a,p1b\n|-supereffective|p1a: Calyrex\n|-supereffective|p1b: Indeedee\n|-damage|p1a: Calyrex|71/100\n|-damage|p1b: Indeedee|62/100\n|-unboost|p1a: Calyrex|spa|1\n|-unboost|p1b: Indeedee|spa|1\n|\n|upkeep\n|turn|3\n|\n|t:|1746060544\n|switch|p1a: Brute Bonnet|Brute Bonnet, L50|100/100\n|switch|p1b: Koraidon|Koraidon, L50|100/100\n|-weather|SunnyDay|[from] ability: Orichalcum Pulse|[of] p1b: Koraidon\n|-activate|p2b: Raging Bolt|ability: Protosynthesis\n|-start|p2b: Raging Bolt|protosynthesisspa\n|-activate|p1a: Brute Bonnet|ability: Protosynthesis\n|-start|p1a: Brute Bonnet|protosynthesisdef\n|-activate|p2a: Brute Bonnet|ability: Protosynthesis\n|-start|p2a: Brute Bonnet|protosynthesisdef\n|-activate|p1b: Koraidon|Orichalcum Pulse|[source]\n|move|p2b: Raging Bolt|Snarl|p1a: Brute Bonnet|[spread] p1a,p1b\n|-resisted|p1a: Brute Bonnet\n|-resisted|p1b: Koraidon\n|-damage|p1a: Brute Bonnet|93/100\n|-damage|p1b: Koraidon|92/100\n|-unboost|p1a: Brute Bonnet|spa|1\n|move|p2a: Brute Bonnet|Spore|p1a: Brute Bonnet\n|-immune|p1a: Brute Bonnet\n|\n|-weather|SunnyDay|[upkeep]\n|upkeep\n|turn|4\n|\n|t:|1746060590\n|move|p2a: Brute Bonnet|Rage Powder|p2a: Brute Bonnet\n|-singleturn|p2a: Brute Bonnet|move: Rage Powder\n|move|p1b: Koraidon|Collision Course|p2a: Brute Bonnet\n|-supereffective|p2a: Brute Bonnet\n|-damage|p2a: Brute Bonnet|0 fnt\n|faint|p2a: Brute Bonnet\n|-end|p2a: Brute Bonnet|Protosynthesis|[silent]\n|move|p2b: Raging Bolt|Draco Meteor|p1b: Koraidon\n|-supereffective|p1b: Koraidon\n|-crit|p1b: Koraidon\n|-damage|p1b: Koraidon|0 fnt\n|-unboost|p2b: Raging Bolt|spa|2\n|faint|p1b: Koraidon\n|move|p1a: Brute Bonnet|Spore|p2b: Raging Bolt\n|-status|p2b: Raging Bolt|slp|[from] move: Spore\n|\n|-weather|SunnyDay|[upkeep]\n|upkeep\n|\n|t:|1746060632\n|switch|p1b: Calyrex|Calyrex-Shadow, L50, tera:Ghost|71/100\n|switch|p2a: Chi-Yu|Chi-Yu, L50|100/100\n|-ability|p1b: Calyrex|As One\n|-ability|p1b: Calyrex|Unnerve\n|-ability|p2a: Chi-Yu|Beads of Ruin\n|turn|5\n|\n|t:|1746060698\n|move|p2a: Chi-Yu|Heat Wave|p1b: Calyrex|[spread] p1a,p1b\n|-supereffective|p1a: Brute Bonnet\n|-damage|p1a: Brute Bonnet|0 fnt\n|-damage|p1b: Calyrex|0 fnt\n|faint|p1a: Brute Bonnet\n|-end|p1a: Brute Bonnet|Protosynthesis|[silent]\n|faint|p1b: Calyrex\n|cant|p2b: Raging Bolt|slp\n|\n|-weather|SunnyDay|[upkeep]\n|-fieldend|move: Psychic Terrain\n|upkeep\n|\n|t:|1746060703\n|switch|p1b: Indeedee|Indeedee-F, L50, F|62/100\n|-fieldstart|move: Psychic Terrain|[from] ability: Psychic Surge|[of] p1b: Indeedee\n|turn|6\n|\n|t:|1746060712\n|-end|p2b: Raging Bolt|Protosynthesis|[silent]\n|switch|p2b: Calyrex|Calyrex-Ice, L50|100/100\n|-ability|p2b: Calyrex|As One\n|-ability|p2b: Calyrex|Unnerve\n|move|p2a: Chi-Yu|Heat Wave|p1b: Indeedee|[miss]\n|-miss|p2a: Chi-Yu|p1b: Indeedee\n|move|p1b: Indeedee|Psychic|p2b: Calyrex\n|-resisted|p2b: Calyrex\n|-damage|p2b: Calyrex|84/100\n|\n|-weather|SunnyDay|[upkeep]\n|upkeep\n|turn|7\n|\n|t:|1746060720\n|move|p2a: Chi-Yu|Heat Wave|p1b: Indeedee\n|-damage|p1b: Indeedee|0 fnt\n|faint|p1b: Indeedee\n|\n|win|alphamystogan\n||themismatcher is ready for game 2.\n|inactive|alphamystogan has 30 seconds to confirm battle start!\n||alphamystogan is ready for game 2.\n|uhtml|next|Next: <a href=\"/battle-gen9vgc2025regibo3-2354351553\"><strong>Game 2 of 3</strong></a>\n", "uploadtime": 1746061595, "views": 13, "formatid": "gen9vgc2025regibo3", "rating": null, "private": 0, "password": null}