{"id": "gen9vgc2025regibo3-2353525675", "format": "[Gen 9] VGC 2025 Reg I (Bo3)", "players": ["ExessVGC", "jahreed"], "log": "|j|\u2606ExessVGC\n|j|\u2606jahreed\n|html|<table width=\"100%\"><tr><td align=\"left\">ExessVGC</td><td align=\"right\">jahreed</tr><tr><td align=\"left\"><i class=\"fa fa-circle\"></i> <i class=\"fa fa-circle-o\"></i> </td><td align=\"right\"><i class=\"fa fa-circle-o\"></i> <i class=\"fa fa-circle\"></i> </tr></table>\n|uhtml|bestof|<h2><strong>Game 3</strong> of <a href=\"/game-bestof3-gen9vgc2025regibo3-2353519076\">a best-of-3</a></h2>\n|t:|1745964507\n|gametype|doubles\n|player|p1|ExessVGC|101|1085\n|player|p2|jahreed|pryce|1165\n|teamsize|p1|6\n|teamsize|p2|6\n|gen|9\n|tier|[Gen 9] VGC 2025 Reg I (Bo3)\n|rated|\n|rule|Species Clause: Limit one of each Pok\u00e9mon\n|rule|Item Clause: Limit 1 of each item\n|clearpoke\n|poke|p1|Giratina, L50|\n|poke|p1|Grimmsnarl, L50, M|\n|poke|p1|Incineroar, L50, M|\n|poke|p1|Tornadus, L50, M|\n|poke|p1|Urshifu-*, L50, M|\n|poke|p1|Miraidon, L50|\n|poke|p2|Zamazenta-*, L50|\n|poke|p2|Calyrex-Shadow, L50|\n|poke|p2|Tornadus, L50, M|\n|poke|p2|Urshifu-*, L50, F|\n|poke|p2|Rillaboom, L50, M|\n|poke|p2|Chien-Pao, L50|\n|teampreview|4\n|showteam|p1|Giratina||Leftovers|Pressure|Hex,Protect,CalmMind,DragonPulse||||||50|,,,,,Fairy]Grimmsnarl||LightClay|Prankster|ThunderWave,LightScreen,Reflect,SpiritBreak|||M|||50|,,,,,Water]Incineroar||SafetyGoggles|Intimidate|FakeOut,WillOWisp,PartingShot,KnockOff|||M|||50|,,,,,Water]Tornadus||CovertCloak|Prankster|RainDance,Tailwind,BleakwindStorm,Taunt|||M|||50|,,,,,Dark]Urshifu-Rapid-Strike||ChoiceScarf|UnseenFist|SurgingStrikes,CloseCombat,Uturn,AquaJet|||M|||50|,,,,,Water]Miraidon||LifeOrb|HadronEngine|DazzlingGleam,ElectroDrift,DracoMeteor,Protect||||||50|,,,,,Fairy\n|showteam|p2|Zamazenta-Crowned||RustedShield|DauntlessShield|BodyPress,behemothbash,WideGuard,Protect||||||50|,,,,,Ghost]Calyrex-Shadow||LifeOrb|AsOneSpectrier|AstralBarrage,Psychic,DarkPulse,Protect||||||50|,,,,,Dark]Tornadus||CovertCloak|Prankster|BleakwindStorm,Tailwind,RainDance,Protect|||M|||50|,,,,,Dark]Urshifu-Rapid-Strike||MysticWater|UnseenFist|SurgingStrikes,Taunt,AquaJet,Detect|||F|||50|,,,,,Water]Rillaboom||AssaultVest|GrassySurge|WoodHammer,GrassyGlide,Uturn,FakeOut|||M|||50|,,,,,Fire]Chien-Pao||FocusSash|SwordofRuin|SuckerPunch,SacredSword,IcicleCrash,Protect||||||50|,,,,,Ghost\n|inactive|Battle timer is ON: inactive players will automatically lose when time's up. (requested by jahreed)\n|\n|t:|1745964528\n|start\n|switch|p1a: Urshifu|Urshifu-Rapid-Strike, L50, M|100/100\n|switch|p1b: Tornadus|Tornadus, L50, M|100/100\n|switch|p2a: Chien-Pao|Chien-Pao, L50|100/100\n|switch|p2b: Zamazenta|Zamazenta-Crowned, L50|100/100\n|-ability|p2a: Chien-Pao|Sword of Ruin\n|-ability|p2b: Zamazenta|Dauntless Shield|boost\n|-boost|p2b: Zamazenta|def|1\n|turn|1\n|inactive|ExessVGC has 30 seconds left.\n|inactive|ExessVGC has 20 seconds left.\n|inactive|jahreed has 30 seconds left.\n|inactive|ExessVGC has 15 seconds left.\n|inactive|ExessVGC has 10 seconds left.\n|inactive|jahreed has 20 seconds left.\n|\n|t:|1745964577\n|move|p1b: Tornadus|Rain Dance|p1b: Tornadus\n|-weather|RainDance\n|move|p1a: Urshifu|Surging Strikes|p2a: Chien-Pao\n|-crit|p2a: Chien-Pao\n|-damage|p2a: Chien-Pao|54/100\n|-crit|p2a: Chien-Pao\n|-damage|p2a: Chien-Pao|3/100\n|-crit|p2a: Chien-Pao\n|-damage|p2a: Chien-Pao|0 fnt\n|faint|p2a: Chien-Pao\n|-hitcount|p2: Chien-Pao|3\n|move|p2b: Zamazenta|Body Press|p1a: Urshifu\n|-damage|p1a: Urshifu|31/100\n|\n|-weather|RainDance|[upkeep]\n|upkeep\n|\n|t:|1745964587\n|switch|p2a: Rillaboom|Rillaboom, L50, M|100/100\n|-fieldstart|move: Grassy Terrain|[from] ability: Grassy Surge|[of] p2a: Rillaboom\n|turn|2\n|inactive|ExessVGC has 30 seconds left.\n|\n|t:|1745964619\n|switch|p1a: Il Campione|Incineroar, L50, M|100/100\n|-ability|p1a: Il Campione|Intimidate|boost\n|-unboost|p2a: Rillaboom|atk|1\n|-unboost|p2b: Zamazenta|atk|1\n|move|p2a: Rillaboom|Grassy Glide|p1a: Il Campione\n|-resisted|p1a: Il Campione\n|-damage|p1a: Il Campione|92/100\n|move|p2b: Zamazenta|Body Press|p1a: Il Campione\n|-supereffective|p1a: Il Campione\n|-damage|p1a: Il Campione|0 fnt\n|faint|p1a: Il Campione\n|move|p1b: Tornadus|Bleakwind Storm|p2a: Rillaboom|[spread] p2a,p2b\n|-supereffective|p2a: Rillaboom\n|-damage|p2a: Rillaboom|57/100\n|-damage|p2b: Zamazenta|74/100\n|\n|-weather|RainDance|[upkeep]\n|-heal|p2b: Zamazenta|80/100|[from] Grassy Terrain\n|-heal|p2a: Rillaboom|63/100|[from] Grassy Terrain\n|upkeep\n|\n|t:|1745964635\n|switch|p1a: Miraidon|Miraidon, L50|100/100\n|-fieldstart|move: Electric Terrain|[from] ability: Hadron Engine|[of] p1a: Miraidon\n|turn|3\n|\n|t:|1745964656\n|move|p2b: Zamazenta|Wide Guard|p2b: Zamazenta\n|-singleturn|p2b: Zamazenta|Wide Guard\n|move|p1a: Miraidon|Electro Drift|p2b: Zamazenta\n|-damage|p2b: Zamazenta|0 fnt\n|faint|p2b: Zamazenta\n|-damage|p1a: Miraidon|91/100|[from] item: Life Orb\n|move|p1b: Tornadus|Bleakwind Storm|p2a: Rillaboom\n|-activate|p2a: Rillaboom|move: Wide Guard\n|move|p2a: Rillaboom|U-turn|p1a: Miraidon\n|-damage|p1a: Miraidon|76/100\n|\n|t:|1745964667\n|switch|p2a: Calyrex|Calyrex-Shadow, L50|100/100|[from] U-turn\n|-ability|p2a: Calyrex|As One\n|-ability|p2a: Calyrex|Unnerve\n|\n|-weather|RainDance|[upkeep]\n|upkeep\n|\n|t:|1745964669\n|switch|p2b: Rillaboom|Rillaboom, L50, M|63/100\n|-fieldstart|move: Grassy Terrain|[from] ability: Grassy Surge|[of] p2b: Rillaboom\n|turn|4\n|inactive|ExessVGC has 30 seconds left.\n|inactive|jahreed has 30 seconds left.\n|inactive|jahreed has 20 seconds left.\n|\n|t:|1745964705\n|-terastallize|p1b: Tornadus|Dark\n|move|p1a: Miraidon|Protect|p1a: Miraidon\n|-singleturn|p1a: Miraidon|Protect\n|move|p1b: Tornadus|Tailwind|p1b: Tornadus\n|-sidestart|p1: ExessVGC|move: Tailwind\n|move|p2a: Calyrex|Astral Barrage|p1a: Miraidon|[spread] p1b\n|-activate|p1a: Miraidon|move: Protect\n|-resisted|p1b: Tornadus\n|-damage|p1b: Tornadus|58/100\n|-damage|p2a: Calyrex|91/100|[from] item: Life Orb\n|move|p2b: Rillaboom|Wood Hammer|p1b: Tornadus\n|-damage|p1b: Tornadus|0 fnt\n|faint|p1b: Tornadus\n|-damage|p2b: Rillaboom|48/100|[from] Recoil\n|\n|-weather|RainDance|[upkeep]\n|-heal|p1a: Miraidon|82/100|[from] Grassy Terrain\n|-heal|p2a: Calyrex|97/100|[from] Grassy Terrain\n|-heal|p2b: Rillaboom|53/100|[from] Grassy Terrain\n|upkeep\n|\n|t:|1745964720\n|switch|p1b: Urshifu|Urshifu-Rapid-Strike, L50, M|31/100\n|turn|5\n|inactive|ExessVGC has 30 seconds left.\n|\n|t:|1745964749\n|move|p1b: Urshifu|Aqua Jet|p2a: Calyrex\n|-damage|p2a: Calyrex|58/100\n|move|p2b: Rillaboom|Grassy Glide|p1b: Urshifu\n|-supereffective|p1b: Urshifu\n|-damage|p1b: Urshifu|0 fnt\n|faint|p1b: Urshifu\n|move|p1a: Miraidon|Electro Drift|p2a: Calyrex\n|-damage|p2a: Calyrex|0 fnt\n|faint|p2a: Calyrex\n|-damage|p1a: Miraidon|73/100|[from] item: Life Orb\n|\n|-weather|none\n|-heal|p1a: Miraidon|79/100|[from] Grassy Terrain\n|-heal|p2b: Rillaboom|59/100|[from] Grassy Terrain\n|upkeep\n|turn|6\n|inactive|ExessVGC has 30 seconds left.\n|\n|t:|1745964775\n|move|p1a: Miraidon|Protect|p1a: Miraidon\n|-singleturn|p1a: Miraidon|Protect\n|move|p2b: Rillaboom|Grassy Glide|p1a: Miraidon\n|-activate|p1a: Miraidon|move: Protect\n|\n|-heal|p1a: Miraidon|85/100|[from] Grassy Terrain\n|-heal|p2b: Rillaboom|65/100|[from] Grassy Terrain\n|upkeep\n|turn|7\n|\n|t:|1745964782\n|move|p2b: Rillaboom|Grassy Glide|p1a: Miraidon\n|-resisted|p1a: Miraidon\n|-damage|p1a: Miraidon|68/100\n|move|p1a: Miraidon|Dazzling Gleam|p2b: Rillaboom\n|-damage|p2b: Rillaboom|41/100\n|-damage|p1a: Miraidon|58/100|[from] item: Life Orb\n|\n|-heal|p1a: Miraidon|64/100|[from] Grassy Terrain\n|-heal|p2b: Rillaboom|47/100|[from] Grassy Terrain\n|-sideend|p1: ExessVGC|move: Tailwind\n|upkeep\n|turn|8\n|inactive|jahreed has 30 seconds left.\n|\n|t:|1745964809\n|move|p1a: Miraidon|Dazzling Gleam|p2b: Rillaboom\n|-damage|p2b: Rillaboom|26/100\n|-damage|p1a: Miraidon|54/100|[from] item: Life Orb\n|move|p2b: Rillaboom|Wood Hammer|p1a: Miraidon\n|-resisted|p1a: Miraidon\n|-damage|p1a: Miraidon|17/100\n|-damage|p2b: Rillaboom|15/100|[from] Recoil\n|\n|-heal|p1a: Miraidon|23/100|[from] Grassy Terrain\n|-heal|p2b: Rillaboom|21/100|[from] Grassy Terrain\n|-fieldend|move: Grassy Terrain\n|upkeep\n|turn|9\n|inactive|ExessVGC has 30 seconds left.\n|inactive|ExessVGC has 20 seconds left.\n|inactive|ExessVGC has 15 seconds left.\n|\n|t:|1745964853\n|-terastallize|p2b: Rillaboom|Fire\n|move|p1a: Miraidon|Draco Meteor|p2b: Rillaboom\n|-damage|p2b: Rillaboom|0 fnt\n|-unboost|p1a: Miraidon|spa|2\n|faint|p2b: Rillaboom\n|-damage|p1a: Miraidon|14/100|[from] item: Life Orb\n|\n|win|ExessVGC\n|raw|ExessVGC's rating: 1085 &rarr; <strong>1118</strong><br />(+33 for winning)\n|raw|jahreed's rating: 1165 &rarr; <strong>1134</strong><br />(-31 for losing)\n|c|\u2606jahreed|lmao\n|c|\u2606jahreed|gg\n", "uploadtime": 1745964901, "views": 35, "formatid": "gen9vgc2025regibo3", "rating": 1118, "private": 0, "password": null}