{"id": "gen9vgc2025regibo3-2354201452", "format": "[Gen 9] VGC 2025 Reg I (Bo3)", "players": ["poke_bum23", "Namsnurb"], "log": "|j|\u2606poke_bum23\n|j|\u2606Namsnurb\n|html|<table width=\"100%\"><tr><td align=\"left\">poke_bum23</td><td align=\"right\">Namsnurb</tr><tr><td align=\"left\"><i class=\"fa fa-circle-o\"></i> <i class=\"fa fa-circle-o\"></i> </td><td align=\"right\"><i class=\"fa fa-circle-o\"></i> <i class=\"fa fa-circle\"></i> </tr></table>\n|uhtml|bestof|<h2><strong>Game 2</strong> of <a href=\"/game-bestof3-gen9vgc2025regibo3-2354198474\">a best-of-3</a></h2>\n|t:|1746044089\n|gametype|doubles\n|player|p1|poke_bum23|170|1039\n|player|p2|Namsnurb|alder|1054\n|teamsize|p1|6\n|teamsize|p2|6\n|gen|9\n|tier|[Gen 9] VGC 2025 Reg I (Bo3)\n|rated|\n|rule|Species Clause: Limit one of each Pok\u00e9mon\n|rule|Item Clause: Limit 1 of each item\n|clearpoke\n|poke|p1|Calyrex-Ice, L50|\n|poke|p1|Lunala, L50|\n|poke|p1|Grimmsnarl, L50, M|\n|poke|p1|Smeargle, L50, F|\n|poke|p1|Ursaluna-Bloodmoon, L50, M|\n|poke|p1|Landorus, L50, M|\n|poke|p2|Calyrex-Ice, L50|\n|poke|p2|Tornadus, L50, M|\n|poke|p2|Amoonguss, L50, M|\n|poke|p2|Ogerpon-Cornerstone, L50, F|\n|poke|p2|Miraidon, L50|\n|poke|p2|Ditto, L50|\n|teampreview|4\n|showteam|p1|Calyrex-Ice||ClearAmulet|AsOneGlastrier|GlacialLance,HighHorsepower,TrickRoom,Protect||||||50|,,,,,Fire]Lunala||MentalHerb|ShadowShield|TrickRoom,HelpingHand,WideGuard,MoongeistBeam||||||50|,,,,,Water]Grimmsnarl||LightClay|Prankster|PartingShot,LightScreen,Reflect,SpiritBreak|||M|||50|,,,,,Ghost]Smeargle||FocusSash|OwnTempo|FakeOut,FollowMe,Spore,Decorate|||F|||50|,,,,,Ghost]Ursaluna-Bloodmoon||ThroatSpray|MindsEye|BloodMoon,HyperVoice,EarthPower,Protect|||M|||50|,,,,,Normal]Landorus||LifeOrb|SheerForce|EarthPower,SludgeBomb,WeatherBall,Protect|||M|||50|,,,,,Poison\n|showteam|p2|Calyrex-Ice||ClearAmulet|AsOneGlastrier|SwordsDance,Protect,GlacialLance,HighHorsepower||||||50|,,,,,Water]Tornadus||CovertCloak|Prankster|Taunt,Tailwind,BleakwindStorm,DarkPulse|||M|||50|,,,,,Dark]Amoonguss||RockyHelmet|EffectSpore|PollenPuff,SludgeBomb,Spore,RagePowder|||M|||50|,,,,,Water]Ogerpon-Cornerstone||CornerstoneMask|Sturdy|FollowMe,IvyCudgel,SpikyShield,PowerWhip|||F|||50|,,,,,Rock]Miraidon||ChoiceSpecs|HadronEngine|DazzlingGleam,Overheat,ElectroDrift,VoltSwitch||||||50|,,,,,Fairy]Ditto||ChoiceScarf|Imposter|Transform||||||50|,,,,,Normal\n|inactive|Battle timer is ON: inactive players will automatically lose when time's up. (requested by Namsnurb)\n|inactive|poke_bum23 has 60 seconds left.\n|\n|t:|1746044127\n|start\n|switch|p1a: Smeargle|Smeargle, L50, F|100/100\n|switch|p1b: Lunala|Lunala, L50|100/100\n|switch|p2a: Ditto|Ditto, L50|100/100\n|switch|p2b: Calyrex|Calyrex-Ice, L50|100/100\n|-ability|p2b: Calyrex|As One\n|-ability|p2b: Calyrex|Unnerve\n|-transform|p2a: Ditto|p1b: Lunala|[from] ability: Imposter\n|turn|1\n|inactive|Namsnurb has 30 seconds left.\n|inactive|Namsnurb has 20 seconds left.\n|\n|t:|1746044166\n|switch|p2a: Amoonguss|Amoonguss, L50, M|100/100\n|-terastallize|p2b: Calyrex|Water\n|move|p1a: Smeargle|Fake Out|p2b: Calyrex\n|-damage|p2b: Calyrex|97/100\n|move|p1b: Lunala|Moongeist Beam|p2a: Amoonguss\n|-damage|p2a: Amoonguss|62/100\n|cant|p2b: Calyrex|flinch\n|\n|upkeep\n|turn|2\n|\n|t:|1746044189\n|move|p1a: Smeargle|Follow Me|p1a: Smeargle\n|-singleturn|p1a: Smeargle|move: Follow Me\n|move|p2a: Amoonguss|Rage Powder|p2a: Amoonguss\n|-singleturn|p2a: Amoonguss|move: Rage Powder\n|move|p2b: Calyrex|High Horsepower|p1a: Smeargle\n|-damage|p1a: Smeargle|26/100\n|move|p1b: Lunala|Trick Room|p1b: Lunala\n|-fieldstart|move: Trick Room|[of] p1b: Lunala\n|\n|upkeep\n|turn|3\n|\n|t:|1746044210\n|move|p1a: Smeargle|Follow Me|p1a: Smeargle\n|-singleturn|p1a: Smeargle|move: Follow Me\n|move|p2a: Amoonguss|Sludge Bomb|p1a: Smeargle\n|-damage|p1a: Smeargle|0 fnt\n|faint|p1a: Smeargle\n|move|p2b: Calyrex|High Horsepower|p1b: Lunala\n|-damage|p1b: Lunala|85/100\n|move|p1b: Lunala|Moongeist Beam|p2a: Amoonguss\n|-damage|p2a: Amoonguss|22/100\n|\n|upkeep\n|\n|t:|1746044223\n|switch|p1a: Calyrex|Calyrex-Ice, L50|100/100\n|-ability|p1a: Calyrex|As One\n|-ability|p1a: Calyrex|Unnerve\n|turn|4\n|\n|t:|1746044240\n|move|p2a: Amoonguss|Spore|p1a: Calyrex\n|-status|p1a: Calyrex|slp|[from] move: Spore\n|cant|p1a: Calyrex|slp\n|move|p2b: Calyrex|Swords Dance|p2b: Calyrex\n|-boost|p2b: Calyrex|atk|2\n|move|p1b: Lunala|Moongeist Beam|p2b: Calyrex\n|-damage|p2b: Calyrex|65/100\n|\n|upkeep\n|turn|5\n|\n|t:|1746044258\n|cant|p1a: Calyrex|slp\n|move|p2a: Amoonguss|Spore|p1b: Lunala\n|-status|p1b: Lunala|slp|[from] move: Spore\n|move|p2b: Calyrex|High Horsepower|p1a: Calyrex\n|-damage|p1a: Calyrex|47/100 slp\n|cant|p1b: Lunala|slp\n|\n|upkeep\n|turn|6\n|\n|t:|1746044272\n|-curestatus|p1a: Calyrex|slp|[msg]\n|move|p1a: Calyrex|Protect|p1a: Calyrex\n|-singleturn|p1a: Calyrex|Protect\n|move|p2a: Amoonguss|Pollen Puff|p2b: Calyrex\n|-heal|p2b: Calyrex|100/100\n|move|p2b: Calyrex|Glacial Lance|p1b: Lunala|[spread] p1b\n|-activate|p1a: Calyrex|move: Protect\n|-damage|p1b: Lunala|5/100 slp\n|cant|p1b: Lunala|slp\n|\n|-fieldend|move: Trick Room\n|upkeep\n|turn|7\n|\n|t:|1746044297\n|-curestatus|p1b: Lunala|slp|[msg]\n|move|p1b: Lunala|Wide Guard|p1b: Lunala\n|-singleturn|p1b: Lunala|Wide Guard\n|move|p2b: Calyrex|Glacial Lance|p1b: Lunala|[spread] \n|-activate|p1a: Calyrex|move: Wide Guard\n|-activate|p1b: Lunala|move: Wide Guard\n|move|p2a: Amoonguss|Sludge Bomb|p1b: Lunala\n|-resisted|p1b: Lunala\n|-damage|p1b: Lunala|0 fnt\n|faint|p1b: Lunala\n|move|p1a: Calyrex|Trick Room|p1a: Calyrex\n|-fieldstart|move: Trick Room|[of] p1a: Calyrex\n|\n|upkeep\n|\n|t:|1746044306\n|switch|p1b: Landorus|Landorus, L50, M|100/100\n|turn|8\n|\n|t:|1746044321\n|move|p1a: Calyrex|Protect|p1a: Calyrex\n|-singleturn|p1a: Calyrex|Protect\n|move|p2a: Amoonguss|Spore|p1a: Calyrex\n|-activate|p1a: Calyrex|move: Protect\n|move|p2b: Calyrex|Glacial Lance|p1a: Calyrex|[spread] p1b\n|-activate|p1a: Calyrex|move: Protect\n|-supereffective|p1b: Landorus\n|-damage|p1b: Landorus|0 fnt\n|faint|p1b: Landorus\n|-ability|p2b: Calyrex|Chilling Neigh|boost\n|-boost|p2b: Calyrex|atk|1\n|\n|upkeep\n|turn|9\n|\n|t:|1746044335\n|-terastallize|p1a: Calyrex|Fire\n|move|p2a: Amoonguss|Spore|p1a: Calyrex\n|-status|p1a: Calyrex|slp|[from] move: Spore\n|cant|p1a: Calyrex|slp\n|move|p2b: Calyrex|High Horsepower|p1a: Calyrex\n|-supereffective|p1a: Calyrex\n|-damage|p1a: Calyrex|0 fnt\n|faint|p1a: Calyrex\n|\n|win|Namsnurb\n|raw|poke_bum23's rating: 1039 &rarr; <strong>1024</strong><br />(-15 for losing)\n|raw|Namsnurb's rating: 1054 &rarr; <strong>1085</strong><br />(+31 for winning)\n|l|\u2606poke_bum23\n|player|p1|\n", "uploadtime": 1746044345, "views": 6, "formatid": "gen9vgc2025regibo3", "rating": 1024, "private": 0, "password": null}