{"id": "gen9vgc2025regibo3-2353805722", "format": "[Gen 9] VGC 2025 Reg I (Bo3)", "players": ["corndog7", "AUBrigade"], "log": "|j|\u2606corndog7\n|j|\u2606AUBrigade\n|html|<table width=\"100%\"><tr><td align=\"left\">corndog7</td><td align=\"right\">AUBrigade</tr><tr><td align=\"left\"><i class=\"fa fa-circle\"></i> <i class=\"fa fa-circle-o\"></i> </td><td align=\"right\"><i class=\"fa fa-circle-o\"></i> <i class=\"fa fa-circle-o\"></i> </tr></table>\n|uhtml|bestof|<h2><strong>Game 2</strong> of <a href=\"/game-bestof3-gen9vgc2025regibo3-2353804308\">a best-of-3</a></h2>\n|t:|1746002997\n|gametype|doubles\n|player|p1|corndog7|linebacker|1262\n|player|p2|AUBrigade|morty|1324\n|teamsize|p1|6\n|teamsize|p2|6\n|gen|9\n|tier|[Gen 9] VGC 2025 Reg I (Bo3)\n|rated|\n|rule|Species Clause: Limit one of each Pok\u00e9mon\n|rule|Item Clause: Limit 1 of each item\n|clearpoke\n|poke|p1|Miraidon, L50|\n|poke|p1|Farigiraf, L50, M|\n|poke|p1|Iron Hands, L50|\n|poke|p1|Ho-Oh, L50|\n|poke|p1|Volcarona, L50, M|\n|poke|p1|Urshifu-*, L50, F|\n|poke|p2|Koraidon, L50|\n|poke|p2|Ho-Oh, L50|\n|poke|p2|Flutter Mane, L50|\n|poke|p2|Incineroar, L50, F|\n|poke|p2|Rillaboom, L50, F|\n|poke|p2|Cobalion, L50|\n|teampreview|4\n|showteam|p1|Miraidon||ChoiceSpecs|HadronEngine|ElectroDrift,DracoMeteor,DazzlingGleam,VoltSwitch||||||50|,,,,,Fairy]Farigiraf||ThroatSpray|ArmorTail|HyperVoice,PsychicNoise,TrickRoom,Protect|||M|||50|,,,,,Fairy]Iron Hands||AssaultVest|QuarkDrive|FakeOut,DrainPunch,LowKick,HeavySlam||||||50|,,,,,Water]Ho-Oh||ClearAmulet|Regenerator|SacredFire,BraveBird,Tailwind,Protect||||||50|,,,,,Grass]Volcarona||Leftovers|FlameBody|FieryDance,GigaDrain,QuiverDance,Protect|||M|||50|,,,,,Grass]Urshifu-Rapid-Strike||FocusSash|UnseenFist|AquaJet,SurgingStrikes,CloseCombat,Detect|||F|||50|,,,,,Water\n|showteam|p2|Koraidon||LoadedDice|OrichalcumPulse|ScaleShot,CollisionCourse,FlareBlitz,Protect||||||50|,,,,,Fire]Ho-Oh||ClearAmulet|Regenerator|SacredFire,BraveBird,Tailwind,Protect||||||50|,,,,,Grass]Flutter Mane||FocusSash|Protosynthesis|Moonblast,IcyWind,DazzlingGleam,Protect||||||50|,,,,,Fairy]Incineroar||SafetyGoggles|Intimidate|PartingShot,FakeOut,KnockOff,Taunt|||F|||50|,,,,,Bug]Rillaboom||AssaultVest|GrassySurge|Uturn,FakeOut,GrassyGlide,WoodHammer|||F|||50|,,,,,Fire]Cobalion||GrassySeed|Justified|BodyPress,IronDefense,Protect,QuickGuard||||||50|,,,,,Electric\n|inactive|Battle timer is ON: inactive players will automatically lose when time's up. (requested by corndog7)\n|\n|t:|1746003027\n|start\n|switch|p1a: Miraidon|Miraidon, L50|100/100\n|switch|p1b: Iron Hands|Iron Hands, L50|100/100\n|switch|p2a: Koraidon|Koraidon, L50|100/100\n|switch|p2b: Flutter Mane|Flutter Mane, L50, shiny|100/100\n|-fieldstart|move: Electric Terrain|[from] ability: Hadron Engine|[of] p1a: Miraidon\n|-activate|p1b: Iron Hands|ability: Quark Drive\n|-start|p1b: Iron Hands|quarkdriveatk\n|-weather|SunnyDay|[from] ability: Orichalcum Pulse|[of] p2a: Koraidon\n|-activate|p2b: Flutter Mane|ability: Protosynthesis\n|-start|p2b: Flutter Mane|protosynthesisspe\n|-activate|p2a: Koraidon|Orichalcum Pulse|[source]\n|turn|1\n|inactive|AUBrigade has 30 seconds left.\n|\n|t:|1746003053\n|-terastallize|p1a: Miraidon|Fairy\n|move|p2b: Flutter Mane|Protect|p2b: Flutter Mane\n|-singleturn|p2b: Flutter Mane|Protect\n|move|p2a: Koraidon|Protect|p2a: Koraidon\n|-singleturn|p2a: Koraidon|Protect\n|move|p1b: Iron Hands|Fake Out|p2a: Koraidon\n|-activate|p2a: Koraidon|move: Protect\n|move|p1a: Miraidon|Volt Switch|p2b: Flutter Mane\n|-activate|p2b: Flutter Mane|move: Protect\n|\n|-weather|SunnyDay|[upkeep]\n|upkeep\n|turn|2\n|inactive|AUBrigade has 30 seconds left.\n|\n|t:|1746003085\n|switch|p1a: Ho-Oh|Ho-Oh, L50|100/100\n|move|p2b: Flutter Mane|Moonblast|p1b: Iron Hands\n|-supereffective|p1b: Iron Hands\n|-damage|p1b: Iron Hands|44/100\n|move|p2a: Koraidon|Flare Blitz|p1b: Iron Hands\n|-damage|p1b: Iron Hands|0 fnt\n|faint|p1b: Iron Hands\n|-end|p1b: Iron Hands|Quark Drive|[silent]\n|-damage|p2a: Koraidon|80/100|[from] Recoil\n|\n|-weather|SunnyDay|[upkeep]\n|upkeep\n|\n|t:|1746003095\n|switch|p1b: Miraidon|Miraidon, L50, tera:Fairy|100/100\n|-activate|p1b: Miraidon|ability: Hadron Engine\n|turn|3\n|inactive|AUBrigade has 30 seconds left.\n|inactive|AUBrigade has 20 seconds left.\n|inactive|AUBrigade has 15 seconds left.\n|inactive|AUBrigade has 10 seconds left.\n|inactive|AUBrigade has 5 seconds left.\n|\n|t:|1746003148\n|move|p2b: Flutter Mane|Moonblast|p1a: Ho-Oh\n|-resisted|p1a: Ho-Oh\n|-damage|p1a: Ho-Oh|84/100\n|move|p1b: Miraidon|Draco Meteor|p2a: Koraidon\n|-supereffective|p2a: Koraidon\n|-damage|p2a: Koraidon|0 fnt\n|-unboost|p1b: Miraidon|spa|2\n|faint|p2a: Koraidon\n|move|p1a: Ho-Oh|Tailwind|p1a: Ho-Oh\n|-sidestart|p1: corndog7|move: Tailwind\n|\n|-weather|SunnyDay|[upkeep]\n|upkeep\n|\n|t:|1746003169\n|switch|p2a: Rillaboom|Rillaboom, L50, F|100/100\n|-fieldstart|move: Grassy Terrain|[from] ability: Grassy Surge|[of] p2a: Rillaboom\n|turn|4\n|\n|t:|1746003188\n|switch|p1b: Farigiraf|Farigiraf, L50, M|100/100\n|-end|p2b: Flutter Mane|Protosynthesis|[silent]\n|switch|p2b: Incineroar|Incineroar, L50, F|100/100\n|-ability|p2b: Incineroar|Intimidate|boost\n|-fail|p1a: Ho-Oh|unboost|[from] item: Clear Amulet|[of] p1a: Ho-Oh\n|-unboost|p1b: Farigiraf|atk|1\n|-terastallize|p2a: Rillaboom|Fire\n|move|p1a: Ho-Oh|Sacred Fire|p2b: Incineroar\n|-resisted|p2b: Incineroar\n|-damage|p2b: Incineroar|70/100\n|move|p2a: Rillaboom|Wood Hammer|p1b: Farigiraf\n|-damage|p1b: Farigiraf|27/100\n|-damage|p2a: Rillaboom|75/100|[from] Recoil\n|\n|-weather|SunnyDay|[upkeep]\n|-heal|p1b: Farigiraf|33/100|[from] Grassy Terrain\n|-heal|p2a: Rillaboom|81/100|[from] Grassy Terrain\n|-heal|p2b: Incineroar|76/100|[from] Grassy Terrain\n|upkeep\n|turn|5\n|\n|t:|1746003211\n|switch|p1b: Miraidon|Miraidon, L50, tera:Fairy|100/100\n|-fieldstart|move: Electric Terrain|[from] ability: Hadron Engine|[of] p1b: Miraidon\n|move|p1a: Ho-Oh|Brave Bird|p2b: Incineroar\n|-damage|p2b: Incineroar|27/100\n|-damage|p1a: Ho-Oh|67/100|[from] Recoil\n|move|p2a: Rillaboom|U-turn|p1b: Miraidon\n|-resisted|p1b: Miraidon\n|-damage|p1b: Miraidon|90/100\n|\n|t:|1746003220\n|switch|p2a: Flutter Mane|Flutter Mane, L50, shiny|100/100|[from] U-turn\n|-activate|p2a: Flutter Mane|ability: Protosynthesis\n|-start|p2a: Flutter Mane|protosynthesisspe\n|move|p2b: Incineroar|Knock Off|p1a: Ho-Oh\n|-damage|p1a: Ho-Oh|32/100\n|-enditem|p1a: Ho-Oh|Clear Amulet|[from] move: Knock Off|[of] p2b: Incineroar\n|\n|-weather|none\n|-end|p2a: Flutter Mane|Protosynthesis\n|upkeep\n|turn|6\n|inactive|AUBrigade has 30 seconds left.\n|\n|t:|1746003253\n|switch|p2b: Rillaboom|Rillaboom, L50, F, tera:Fire|81/100\n|-fieldstart|move: Grassy Terrain|[from] ability: Grassy Surge|[of] p2b: Rillaboom\n|move|p1b: Miraidon|Dazzling Gleam|p2b: Rillaboom|[spread] p2a,p2b\n|-resisted|p2b: Rillaboom\n|-damage|p2a: Flutter Mane|52/100\n|-damage|p2b: Rillaboom|64/100\n|move|p1a: Ho-Oh|Sacred Fire|p2a: Flutter Mane\n|-damage|p2a: Flutter Mane|0 fnt\n|faint|p2a: Flutter Mane\n|-end|p2a: Flutter Mane|Protosynthesis|[silent]\n|\n|-heal|p1b: Miraidon|96/100|[from] Grassy Terrain\n|-heal|p2b: Rillaboom|70/100|[from] Grassy Terrain\n|-sideend|p1: corndog7|move: Tailwind\n|upkeep\n|\n|t:|1746003265\n|switch|p2a: Incineroar|Incineroar, L50, F|27/100\n|-ability|p2a: Incineroar|Intimidate|boost\n|-unboost|p1a: Ho-Oh|atk|1\n|-unboost|p1b: Miraidon|atk|1\n|turn|7\n|-message|AUBrigade forfeited.\n|\n|win|corndog7\n|raw|corndog7's rating: 1262 &rarr; <strong>1291</strong><br />(+29 for winning)\n|raw|AUBrigade's rating: 1324 &rarr; <strong>1300</strong><br />(-24 for losing)\n", "uploadtime": 1746003269, "views": 12, "formatid": "gen9vgc2025regibo3", "rating": 1291, "private": 0, "password": null}