{"id": "gen9vgc2025regibo3-2354501213", "format": "[Gen 9] VGC 2025 Reg I (Bo3)", "players": ["Johto Fresh", "tempocalypse"], "log": "|j|\u2606Johto Fresh\n|j|\u2606tempocalypse\n|html|<table width=\"100%\"><tr><td align=\"left\">Johto Fresh</td><td align=\"right\">tempocalypse</tr><tr><td align=\"left\"><i class=\"fa fa-circle-o\"></i> <i class=\"fa fa-circle-o\"></i> </td><td align=\"right\"><i class=\"fa fa-circle-o\"></i> <i class=\"fa fa-circle\"></i> </tr></table>\n|uhtml|bestof|<h2><strong>Game 2</strong> of <a href=\"/game-bestof3-gen9vgc2025regibo3-2354498662\">a best-of-3</a></h2>\n|t:|1746082736\n|gametype|doubles\n|player|p1|Johto Fresh|cameraman|1060\n|player|p2|tempocalypse|101|1132\n|teamsize|p1|6\n|teamsize|p2|6\n|gen|9\n|tier|[Gen 9] VGC 2025 Reg I (Bo3)\n|rated|\n|rule|Species Clause: Limit one of each Pok\u00e9mon\n|rule|Item Clause: Limit 1 of each item\n|clearpoke\n|poke|p1|Tyranitar, L50, M|\n|poke|p1|Entei, L50|\n|poke|p1|Raikou, L50|\n|poke|p1|Ho-Oh, L50|\n|poke|p1|Lugia, L50|\n|poke|p1|Suicune, L50|\n|poke|p2|Koraidon, L50|\n|poke|p2|Ho-Oh, L50|\n|poke|p2|Walking Wake, L50|\n|poke|p2|Rillaboom, L50, F|\n|poke|p2|Sandy Shocks, L50|\n|poke|p2|Cobalion, L50|\n|teampreview|4\n|showteam|p1|Tyranitar||AssaultVest|SandStream|RockSlide,KnockOff,TeraBlast,LowKick|||M|||50|,,,,,Flying]Entei||LifeOrb|InnerFocus|ExtremeSpeed,SacredFire,StompingTantrum,Protect||||||50|,,,,,Normal]Raikou||ChoiceScarf|InnerFocus|Discharge,ShadowBall,Scald,VoltSwitch||||||50|,,,,,Electric]Ho-Oh||CovertCloak|Regenerator|SacredFire,BraveBird,Tailwind,Protect||||||50|,,,,,Ground]Lugia||RockyHelmet|Multiscale|Aeroblast,PsychUp,Reflect,Recover||||||50|,,,,,Ground]Suicune||SafetyGoggles|InnerFocus|Scald,Snarl,CalmMind,Protect||||||50|,,,,,Dark\n|showteam|p2|Koraidon||LifeOrb|OrichalcumPulse|FlareBlitz,CloseCombat,FlameCharge,Protect||||||50|,,,,,Fire]Ho-Oh||ClearAmulet|Regenerator|SacredFire,BraveBird,Recover,Protect||||||50|,,,,,Grass]Walking Wake||ChoiceSpecs|Protosynthesis|DracoMeteor,HydroSteam,Snarl,MudShot||||||50|,,,,,Water]Rillaboom||AssaultVest|GrassySurge|WoodHammer,GrassyGlide,FakeOut,Uturn|||F|||50|,,,,,Fire]Sandy Shocks||FocusSash|Protosynthesis|EarthPower,Thunderbolt,Electroweb,Protect||||||50|,,,,,Stellar]Cobalion||GrassySeed|Justified|BodyPress,IronDefense,Coaching,Protect||||||50|,,,,,Fairy\n|inactive|Battle timer is ON: inactive players will automatically lose when time's up. (requested by tempocalypse)\n|inactive|Johto Fresh has 60 seconds left.\n|inactive|tempocalypse has 60 seconds left.\n|\n|t:|1746082775\n|start\n|switch|p1a: Lugia|Lugia, L50|100/100\n|switch|p1b: Suicune|Suicune, L50|100/100\n|switch|p2a: Walking Wake|Walking Wake, L50|100/100\n|switch|p2b: Rillaboom|Rillaboom, L50, F|100/100\n|-fieldstart|move: Grassy Terrain|[from] ability: Grassy Surge|[of] p2b: Rillaboom\n|turn|1\n|inactive|Johto Fresh has 30 seconds left.\n|inactive|Johto Fresh has 20 seconds left.\n|\n|t:|1746082810\n|-terastallize|p1b: Suicune|Dark\n|move|p2b: Rillaboom|Fake Out|p1a: Lugia\n|-damage|p1a: Lugia|97/100\n|-damage|p2b: Rillaboom|84/100|[from] item: Rocky Helmet|[of] p1a: Lugia\n|move|p2a: Walking Wake|Snarl|p1b: Suicune|[spread] p1a,p1b\n|-supereffective|p1a: Lugia\n|-resisted|p1b: Suicune\n|-damage|p1a: Lugia|74/100\n|-damage|p1b: Suicune|93/100\n|-unboost|p1a: Lugia|spa|1\n|-unboost|p1b: Suicune|spa|1\n|cant|p1a: Lugia|flinch\n|move|p1b: Suicune|Snarl|p2b: Rillaboom|[spread] p2a,p2b\n|-crit|p2b: Rillaboom\n|-damage|p2a: Walking Wake|88/100\n|-damage|p2b: Rillaboom|66/100\n|-unboost|p2a: Walking Wake|spa|1\n|-unboost|p2b: Rillaboom|spa|1\n|\n|-heal|p2a: Walking Wake|94/100|[from] Grassy Terrain\n|-heal|p1b: Suicune|99/100|[from] Grassy Terrain\n|-heal|p2b: Rillaboom|72/100|[from] Grassy Terrain\n|upkeep\n|turn|2\n|inactive|Johto Fresh has 30 seconds left.\n|inactive|tempocalypse has 30 seconds left.\n|inactive|tempocalypse has 20 seconds left.\n|inactive|tempocalypse has 15 seconds left.\n|\n|t:|1746082854\n|move|p2a: Walking Wake|Snarl|p1a: Lugia|[spread] p1a,p1b\n|-supereffective|p1a: Lugia\n|-resisted|p1b: Suicune\n|-damage|p1a: Lugia|57/100\n|-damage|p1b: Suicune|95/100\n|-unboost|p1a: Lugia|spa|1\n|-unboost|p1b: Suicune|spa|1\n|move|p1a: Lugia|Reflect|p1a: Lugia\n|-sidestart|p1: Johto Fresh|Reflect\n|move|p1b: Suicune|Calm Mind|p1b: Suicune\n|-boost|p1b: Suicune|spa|1\n|-boost|p1b: Suicune|spd|1\n|move|p2b: Rillaboom|U-turn|p1b: Suicune\n|-supereffective|p1b: Suicune\n|-damage|p1b: Suicune|68/100\n|\n|t:|1746082877\n|switch|p2b: Ho-Oh|Ho-Oh, L50|100/100|[from] U-turn\n|\n|-heal|p2a: Walking Wake|100/100|[from] Grassy Terrain\n|-heal|p1b: Suicune|74/100|[from] Grassy Terrain\n|upkeep\n|turn|3\n|\n|t:|1746082898\n|move|p2a: Walking Wake|Snarl|p1a: Lugia|[spread] p1a,p1b\n|-supereffective|p1a: Lugia\n|-crit|p1a: Lugia\n|-resisted|p1b: Suicune\n|-damage|p1a: Lugia|19/100\n|-damage|p1b: Suicune|71/100\n|-unboost|p1a: Lugia|spa|1\n|-unboost|p1b: Suicune|spa|1\n|move|p1a: Lugia|Recover|p1a: Lugia\n|-heal|p1a: Lugia|69/100\n|move|p2b: Ho-Oh|Brave Bird|p1b: Suicune\n|-damage|p1b: Suicune|41/100\n|-damage|p2b: Ho-Oh|91/100|[from] Recoil\n|move|p1b: Suicune|Calm Mind|p1b: Suicune\n|-boost|p1b: Suicune|spa|1\n|-boost|p1b: Suicune|spd|1\n|\n|-heal|p1b: Suicune|47/100|[from] Grassy Terrain\n|upkeep\n|turn|4\n|inactive|Johto Fresh has 30 seconds left.\n|inactive|tempocalypse has 30 seconds left.\n|inactive|tempocalypse has 20 seconds left.\n|\n|t:|1746082933\n|move|p2a: Walking Wake|Snarl|p1b: Suicune|[spread] p1a,p1b\n|-supereffective|p1a: Lugia\n|-resisted|p1b: Suicune\n|-damage|p1a: Lugia|51/100\n|-damage|p1b: Suicune|45/100\n|-unboost|p1a: Lugia|spa|1\n|-unboost|p1b: Suicune|spa|1\n|move|p1a: Lugia|Recover|p1a: Lugia\n|-heal|p1a: Lugia|100/100\n|move|p2b: Ho-Oh|Brave Bird|p1a: Lugia\n|-damage|p1a: Lugia|89/100\n|-damage|p2b: Ho-Oh|75/100|[from] item: Rocky Helmet|[of] p1a: Lugia\n|-damage|p2b: Ho-Oh|71/100|[from] Recoil\n|move|p1b: Suicune|Snarl|p2b: Ho-Oh|[spread] p2a,p2b\n|-damage|p2a: Walking Wake|90/100\n|-damage|p2b: Ho-Oh|66/100\n|-unboost|p2a: Walking Wake|spa|1\n|\n|-heal|p2a: Walking Wake|97/100|[from] Grassy Terrain\n|-heal|p1b: Suicune|51/100|[from] Grassy Terrain\n|upkeep\n|turn|5\n|inactive|Johto Fresh has 30 seconds left.\n|l|\u2606tempocalypse\n|inactive|tempocalypse disconnected and has a minute to reconnect!\n|player|p2|\n|inactive|Johto Fresh has 20 seconds left.\n|inactive|Johto Fresh has 15 seconds left.\n|inactive|Johto Fresh has 10 seconds left.\n|j|\u2606tempocalypse\n|inactive|tempocalypse reconnected.\n|player|p2|tempocalypse|101|\n|\n|t:|1746082983\n|switch|p1a: Tyranitar|Tyranitar, L50, M, shiny|100/100\n|-weather|Sandstorm|[from] ability: Sand Stream|[of] p1a: Tyranitar\n|move|p2b: Ho-Oh|Protect|p2b: Ho-Oh\n|-singleturn|p2b: Ho-Oh|Protect\n|move|p2a: Walking Wake|Snarl|p1a: Tyranitar|[spread] p1a,p1b\n|-resisted|p1a: Tyranitar\n|-resisted|p1b: Suicune\n|-damage|p1a: Tyranitar|99/100\n|-damage|p1b: Suicune|50/100\n|-unboost|p1a: Tyranitar|spa|1\n|-unboost|p1b: Suicune|spa|1\n|move|p1b: Suicune|Scald|p2b: Ho-Oh\n|-activate|p2b: Ho-Oh|move: Protect\n|\n|-weather|Sandstorm|[upkeep]\n|-damage|p2a: Walking Wake|90/100|[from] Sandstorm\n|-damage|p2b: Ho-Oh|60/100|[from] Sandstorm\n|-heal|p2a: Walking Wake|97/100|[from] Grassy Terrain\n|-heal|p1b: Suicune|56/100|[from] Grassy Terrain\n|-heal|p1a: Tyranitar|100/100|[from] Grassy Terrain\n|-fieldend|move: Grassy Terrain\n|upkeep\n|turn|6\n|inactive|Johto Fresh has 30 seconds left.\n|\n|t:|1746083010\n|switch|p2b: Rillaboom|Rillaboom, L50, F|72/100\n|-fieldstart|move: Grassy Terrain|[from] ability: Grassy Surge|[of] p2b: Rillaboom\n|move|p2a: Walking Wake|Snarl|p1a: Tyranitar|[spread] p1a,p1b\n|-resisted|p1a: Tyranitar\n|-resisted|p1b: Suicune\n|-damage|p1a: Tyranitar|99/100\n|-damage|p1b: Suicune|54/100\n|-unboost|p1a: Tyranitar|spa|1\n|-unboost|p1b: Suicune|spa|1\n|move|p1b: Suicune|Scald|p2b: Rillaboom\n|-resisted|p2b: Rillaboom\n|-damage|p2b: Rillaboom|69/100\n|move|p1a: Tyranitar|Rock Slide|p2a: Walking Wake|[spread] p2a,p2b\n|-damage|p2a: Walking Wake|64/100\n|-damage|p2b: Rillaboom|41/100\n|\n|-weather|Sandstorm|[upkeep]\n|-damage|p2a: Walking Wake|57/100|[from] Sandstorm\n|-damage|p2b: Rillaboom|35/100|[from] Sandstorm\n|-heal|p2a: Walking Wake|64/100|[from] Grassy Terrain\n|-heal|p1b: Suicune|60/100|[from] Grassy Terrain\n|-heal|p2b: Rillaboom|41/100|[from] Grassy Terrain\n|-heal|p1a: Tyranitar|100/100|[from] Grassy Terrain\n|-sideend|p1: Johto Fresh|Reflect\n|upkeep\n|turn|7\n|inactive|Johto Fresh has 30 seconds left.\n|inactive|tempocalypse has 30 seconds left.\n|\n|t:|1746083044\n|switch|p1a: Ho-Oh|Ho-Oh, L50|100/100\n|move|p2a: Walking Wake|Snarl|p1b: Suicune|[spread] p1a,p1b\n|-resisted|p1b: Suicune\n|-damage|p1a: Ho-Oh|94/100\n|-damage|p1b: Suicune|59/100\n|-unboost|p1b: Suicune|spa|1\n|move|p1b: Suicune|Snarl|p2a: Walking Wake|[spread] p2a,p2b\n|-damage|p2a: Walking Wake|58/100\n|-damage|p2b: Rillaboom|37/100\n|-unboost|p2a: Walking Wake|spa|1\n|-unboost|p2b: Rillaboom|spa|1\n|move|p2b: Rillaboom|Wood Hammer|p1a: Ho-Oh\n|-resisted|p1a: Ho-Oh\n|-damage|p1a: Ho-Oh|77/100\n|-damage|p2b: Rillaboom|31/100|[from] Recoil\n|\n|-weather|Sandstorm|[upkeep]\n|-damage|p2a: Walking Wake|52/100|[from] Sandstorm\n|-damage|p1a: Ho-Oh|71/100|[from] Sandstorm\n|-damage|p2b: Rillaboom|26/100|[from] Sandstorm\n|-heal|p2a: Walking Wake|58/100|[from] Grassy Terrain\n|-heal|p1b: Suicune|65/100|[from] Grassy Terrain\n|-heal|p2b: Rillaboom|31/100|[from] Grassy Terrain\n|upkeep\n|turn|8\n|inactive|Johto Fresh has 30 seconds left.\n|\n|t:|1746083070\n|-end|p2a: Walking Wake|Protosynthesis|[silent]\n|switch|p2a: Ho-Oh|Ho-Oh, L50|93/100\n|move|p1a: Ho-Oh|Sacred Fire|p2b: Rillaboom\n|-supereffective|p2b: Rillaboom\n|-damage|p2b: Rillaboom|0 fnt\n|faint|p2b: Rillaboom\n|move|p1b: Suicune|Calm Mind|p1b: Suicune\n|-boost|p1b: Suicune|spa|1\n|-boost|p1b: Suicune|spd|1\n|\n|-weather|Sandstorm|[upkeep]\n|-damage|p1a: Ho-Oh|65/100|[from] Sandstorm\n|-damage|p2a: Ho-Oh|87/100|[from] Sandstorm\n|-heal|p1b: Suicune|71/100|[from] Grassy Terrain\n|upkeep\n|inactive|tempocalypse has 30 seconds left.\n|\n|t:|1746083097\n|switch|p2b: Koraidon|Koraidon, L50|100/100\n|-weather|SunnyDay|[from] ability: Orichalcum Pulse|[of] p2b: Koraidon\n|-activate|p2b: Koraidon|Orichalcum Pulse|[source]\n|turn|9\n|inactive|tempocalypse has 30 seconds left.\n|\n|t:|1746083129\n|move|p2b: Koraidon|Protect|p2b: Koraidon\n|-singleturn|p2b: Koraidon|Protect\n|move|p1a: Ho-Oh|Tailwind|p1a: Ho-Oh\n|-sidestart|p1: Johto Fresh|move: Tailwind\n|move|p1b: Suicune|Scald|p2a: Ho-Oh\n|-supereffective|p2a: Ho-Oh\n|-damage|p2a: Ho-Oh|81/100\n|move|p2a: Ho-Oh|Sacred Fire|p1a: Ho-Oh\n|-resisted|p1a: Ho-Oh\n|-damage|p1a: Ho-Oh|31/100\n|\n|-weather|SunnyDay|[upkeep]\n|-heal|p1b: Suicune|77/100|[from] Grassy Terrain\n|upkeep\n|turn|10\n|inactive|tempocalypse has 30 seconds left.\n|inactive|tempocalypse has 20 seconds left.\n|inactive|tempocalypse has 15 seconds left.\n|\n|t:|1746083174\n|move|p1a: Ho-Oh|Brave Bird|p2b: Koraidon\n|-supereffective|p2b: Koraidon\n|-damage|p2b: Koraidon|0 fnt\n|faint|p2b: Koraidon\n|-damage|p1a: Ho-Oh|4/100|[from] Recoil\n|move|p1b: Suicune|Scald|p2a: Ho-Oh\n|-supereffective|p2a: Ho-Oh\n|-damage|p2a: Ho-Oh|75/100\n|move|p2a: Ho-Oh|Sacred Fire|p1a: Ho-Oh\n|-resisted|p1a: Ho-Oh\n|-damage|p1a: Ho-Oh|0 fnt\n|faint|p1a: Ho-Oh\n|\n|-weather|SunnyDay|[upkeep]\n|-heal|p1b: Suicune|83/100|[from] Grassy Terrain\n|-fieldend|move: Grassy Terrain\n|upkeep\n|\n|t:|1746083193\n|switch|p2b: Walking Wake|Walking Wake, L50|58/100\n|switch|p1a: Tyranitar|Tyranitar, L50, M, shiny|100/100\n|-weather|Sandstorm|[from] ability: Sand Stream|[of] p1a: Tyranitar\n|turn|11\n|\n|t:|1746083212\n|-terastallize|p2a: Ho-Oh|Grass\n|move|p1b: Suicune|Snarl|p2b: Walking Wake|[spread] p2a,p2b\n|-damage|p2a: Ho-Oh|72/100\n|-damage|p2b: Walking Wake|52/100\n|-unboost|p2b: Walking Wake|spa|1\n|move|p2b: Walking Wake|Snarl|p1a: Tyranitar|[spread] p1a,p1b\n|-resisted|p1a: Tyranitar\n|-crit|p1a: Tyranitar\n|-resisted|p1b: Suicune\n|-damage|p1a: Tyranitar|96/100\n|-damage|p1b: Suicune|81/100\n|-unboost|p1a: Tyranitar|spa|1\n|-unboost|p1b: Suicune|spa|1\n|move|p1a: Tyranitar|Rock Slide|p2b: Walking Wake|[spread] p2b\n|-miss|p1a: Tyranitar|p2a: Ho-Oh\n|-damage|p2b: Walking Wake|15/100\n|move|p2a: Ho-Oh|Sacred Fire|p1a: Tyranitar\n|-resisted|p1a: Tyranitar\n|-damage|p1a: Tyranitar|73/100\n|\n|-weather|Sandstorm|[upkeep]\n|-damage|p2b: Walking Wake|9/100|[from] Sandstorm\n|-damage|p2a: Ho-Oh|66/100|[from] Sandstorm\n|upkeep\n|turn|12\n|inactive|Johto Fresh has 30 seconds left.\n|inactive|tempocalypse has 30 seconds left.\n|inactive|Johto Fresh has 20 seconds left.\n|inactive|Johto Fresh has 15 seconds left.\n|inactive|tempocalypse has 20 seconds left.\n|inactive|tempocalypse has 15 seconds left.\n|\n|t:|1746083265\n|move|p1b: Suicune|Scald|p2b: Walking Wake\n|-resisted|p2b: Walking Wake\n|-damage|p2b: Walking Wake|7/100\n|-status|p2b: Walking Wake|brn\n|move|p2b: Walking Wake|Snarl|p1a: Tyranitar|[spread] p1a,p1b\n|-resisted|p1a: Tyranitar\n|-resisted|p1b: Suicune\n|-damage|p1a: Tyranitar|71/100\n|-damage|p1b: Suicune|79/100\n|-unboost|p1a: Tyranitar|spa|1\n|-unboost|p1b: Suicune|spa|1\n|move|p1a: Tyranitar|Knock Off|p2a: Ho-Oh\n|-damage|p2a: Ho-Oh|21/100\n|-enditem|p2a: Ho-Oh|Clear Amulet|[from] move: Knock Off|[of] p1a: Tyranitar\n|move|p2a: Ho-Oh|Sacred Fire|p1a: Tyranitar\n|-resisted|p1a: Tyranitar\n|-damage|p1a: Tyranitar|52/100\n|\n|-weather|Sandstorm|[upkeep]\n|-damage|p2b: Walking Wake|0 fnt|[from] Sandstorm\n|-damage|p2a: Ho-Oh|14/100|[from] Sandstorm\n|faint|p2b: Walking Wake\n|-end|p2b: Walking Wake|Protosynthesis|[silent]\n|-sideend|p1: Johto Fresh|move: Tailwind\n|upkeep\n|turn|13\n|-message|tempocalypse forfeited.\n|\n|win|Johto Fresh\n|l|\u2606tempocalypse\n|player|p2|\n||tempocalypse is ready for game 3.\n||Johto Fresh is ready for game 3.\n|uhtml|next|Next: <a href=\"/battle-gen9vgc2025regibo3-2354503887\"><strong>Game 3 of 3</strong></a>\n", "uploadtime": 1746083582, "views": 23, "formatid": "gen9vgc2025regibo3", "rating": null, "private": 0, "password": null}