{"id": "gen9vgc2025regibo3-2354941161", "format": "[Gen 9] VGC 2025 Reg I (Bo3)", "players": ["mkssj", "Edmondantes97"], "log": "|j|\u2606mkssj\n|j|\u2606Edmondantes97\n|html|<table width=\"100%\"><tr><td align=\"left\">mkssj</td><td align=\"right\">Edmondantes97</tr><tr><td align=\"left\"><i class=\"fa fa-circle-o\"></i> <i class=\"fa fa-circle-o\"></i> </td><td align=\"right\"><i class=\"fa fa-circle-o\"></i> <i class=\"fa fa-circle-o\"></i> </tr></table>\n|uhtml|bestof|<h2><strong>Game 1</strong> of <a href=\"/game-bestof3-gen9vgc2025regibo3-2354941160\">a best-of-3</a></h2>\n|t:|1746133953\n|gametype|doubles\n|player|p1|mkssj|swimmerf-gen4|1040\n|player|p2|Edmondantes97|lucas|1114\n|teamsize|p1|6\n|teamsize|p2|6\n|gen|9\n|tier|[Gen 9] VGC 2025 Reg I (Bo3)\n|rated|\n|rule|Species Clause: Limit one of each Pok\u00e9mon\n|rule|Item Clause: Limit 1 of each item\n|clearpoke\n|poke|p1|Tornadus, L50, M|\n|poke|p1|Urshifu-*, L50, M|\n|poke|p1|Incineroar, L50, M|\n|poke|p1|Thundurus, L50, M|\n|poke|p1|Kyogre, L50|\n|poke|p1|Chien-Pao, L50|\n|poke|p2|Dialga-Origin, L50|\n|poke|p2|Tyranitar, L50, F|\n|poke|p2|Ampharos, L50, F|\n|poke|p2|Solgaleo, L50|\n|poke|p2|Indeedee-F, L50, F|\n|poke|p2|Gastrodon, L50, M|\n|teampreview|4\n|showteam|p1|Tornadus||SafetyGoggles|Prankster|BleakwindStorm,Tailwind,Taunt,Protect|||M|||50|,,,,,Steel]Urshifu-Rapid-Strike||MysticWater|UnseenFist|SurgingStrikes,Detect,CloseCombat,PoisonJab|||M|||50|,,,,,Water]Incineroar||Leftovers|Intimidate|PartingShot,FakeOut,Protect,FlareBlitz|||M|||50|,,,,,Steel]Thundurus||ClearAmulet|Prankster|ThunderWave,Protect,Taunt,WildboltStorm|||M|||50|,,,,,Electric]Kyogre||SitrusBerry|Drizzle|OriginPulse,Thunder,Protect,CalmMind||||||50|,,,,,Water]Chien-Pao||ChoiceBand|SwordofRuin|IcyWind,SuckerPunch,SacredSword,IceSpinner||||||50|,,,,,Dark\n|showteam|p2|Dialga-Origin||AdamantCrystal|Telepathy|DracoMeteor,TrickRoom,Protect,FlashCannon||||||50|,,,,,Fairy]Tyranitar||ClearAmulet|SandStream|RockSlide,Protect,KnockOff,TeraBlast|||F|||50|,,,,,Flying]Ampharos||ChoiceSpecs|Static|Discharge,DazzlingGleam,Thunderbolt,VoltSwitch|||F|||50|,,,,,Fairy]Solgaleo||PsychicSeed|FullMetalBody|PsychicFangs,WideGuard,SunsteelStrike,TrickRoom||||||50|,,,,,Ground]Indeedee-F||RockyHelmet|PsychicSurge|FollowMe,TrickRoom,HelpingHand,Psychic|||F|||50|,,,,,Dragon]Gastrodon||LifeOrb|StormDrain|EarthPower,MuddyWater,Yawn,StealthRock|||M|||50|,,,,,Water\n|\n|t:|1746134016\n|start\n|switch|p1a: Tornadus|Tornadus, L50, M, shiny|100/100\n|switch|p1b: Kyogre|Kyogre, L50|100/100\n|switch|p2a: Gastrodon|Gastrodon, L50, M|100/100\n|switch|p2b: Solgaleo|Solgaleo, L50|100/100\n|-weather|RainDance|[from] ability: Drizzle|[of] p1b: Kyogre\n|turn|1\n|\n|t:|1746134046\n|move|p1a: Tornadus|Tailwind|p1a: Tornadus\n|-sidestart|p1: mkssj|move: Tailwind\n|move|p1b: Kyogre|Calm Mind|p1b: Kyogre\n|-boost|p1b: Kyogre|spa|1\n|-boost|p1b: Kyogre|spd|1\n|move|p2b: Solgaleo|Sunsteel Strike|p1a: Tornadus\n|-damage|p1a: Tornadus|28/100\n|move|p2a: Gastrodon|Stealth Rock|p1b: Kyogre\n|-sidestart|p1: mkssj|move: Stealth Rock\n|\n|-weather|RainDance|[upkeep]\n|upkeep\n|turn|2\n|\n|t:|1746134059\n|-terastallize|p1b: Kyogre|Water\n|move|p1a: Tornadus|Bleakwind Storm|p2b: Solgaleo|[spread] p2a,p2b\n|-crit|p2a: Gastrodon\n|-resisted|p2b: Solgaleo\n|-damage|p2a: Gastrodon|46/100\n|-damage|p2b: Solgaleo|86/100\n|move|p1b: Kyogre|Origin Pulse|p2a: Gastrodon|[spread] p2b\n|-ability|p2a: Gastrodon|Storm Drain|boost\n|-boost|p2a: Gastrodon|spa|1\n|-damage|p2b: Solgaleo|0 fnt\n|faint|p2b: Solgaleo\n|move|p2a: Gastrodon|Muddy Water|p1a: Tornadus|[spread] p1a,p1b\n|-resisted|p1b: Kyogre\n|-damage|p1a: Tornadus|0 fnt\n|-damage|p1b: Kyogre|82/100\n|faint|p1a: Tornadus\n|-damage|p2a: Gastrodon|37/100|[from] item: Life Orb\n|\n|-weather|RainDance|[upkeep]\n|upkeep\n|\n|t:|1746134076\n|switch|p1a: Thundurus|Thundurus, L50, M, shiny|100/100\n|switch|p2b: Dialga|Dialga-Origin, L50|100/100\n|-damage|p1a: Thundurus|76/100|[from] Stealth Rock\n|turn|3\n|\n|t:|1746134114\n|move|p1a: Thundurus|Wildbolt Storm|p2b: Dialga|[spread] p2b\n|-immune|p2a: Gastrodon\n|-resisted|p2b: Dialga\n|-crit|p2b: Dialga\n|-damage|p2b: Dialga|82/100\n|-status|p2b: Dialga|par\n|move|p1b: Kyogre|Origin Pulse|p2a: Gastrodon|[spread] p2b\n|-ability|p2a: Gastrodon|Storm Drain|boost\n|-boost|p2a: Gastrodon|spa|1\n|-resisted|p2b: Dialga\n|-damage|p2b: Dialga|35/100 par\n|move|p2a: Gastrodon|Muddy Water|p1b: Kyogre|[spread] p1a,p1b\n|-resisted|p1b: Kyogre\n|-damage|p1a: Thundurus|0 fnt\n|-damage|p1b: Kyogre|58/100\n|-unboost|p1b: Kyogre|accuracy|1\n|faint|p1a: Thundurus\n|-damage|p2a: Gastrodon|27/100|[from] item: Life Orb\n|move|p2b: Dialga|Trick Room|p2b: Dialga\n|-fieldstart|move: Trick Room|[of] p2b: Dialga\n|\n|-weather|RainDance|[upkeep]\n|upkeep\n|\n|t:|1746134132\n|switch|p1a: Incineroar|Incineroar, L50, M, shiny|100/100\n|-damage|p1a: Incineroar|76/100|[from] Stealth Rock\n|-ability|p1a: Incineroar|Intimidate|boost\n|-unboost|p2a: Gastrodon|atk|1\n|-unboost|p2b: Dialga|atk|1\n|turn|4\n|\n|t:|1746134150\n|move|p1a: Incineroar|Protect|p1a: Incineroar\n|-singleturn|p1a: Incineroar|Protect\n|move|p1b: Kyogre|Protect|p1b: Kyogre\n|-singleturn|p1b: Kyogre|Protect\n|move|p2b: Dialga|Draco Meteor|p1a: Incineroar\n|-activate|p1a: Incineroar|move: Protect\n|move|p2a: Gastrodon|Muddy Water|p1b: Kyogre|[spread] \n|-activate|p1a: Incineroar|move: Protect\n|-activate|p1b: Kyogre|move: Protect\n|\n|-weather|RainDance|[upkeep]\n|-heal|p1a: Incineroar|82/100|[from] item: Leftovers\n|-sideend|p1: mkssj|move: Tailwind\n|upkeep\n|turn|5\n|\n|t:|1746134186\n|cant|p2b: Dialga|par\n|move|p2a: Gastrodon|Earth Power|p1a: Incineroar\n|-supereffective|p1a: Incineroar\n|-damage|p1a: Incineroar|0 fnt\n|faint|p1a: Incineroar\n|-damage|p2a: Gastrodon|17/100|[from] item: Life Orb\n|move|p1b: Kyogre|Origin Pulse|p2b: Dialga|[spread] p2b\n|-ability|p2a: Gastrodon|Storm Drain|boost\n|-boost|p2a: Gastrodon|spa|1\n|-resisted|p2b: Dialga\n|-damage|p2b: Dialga|0 fnt\n|faint|p2b: Dialga\n|\n|-weather|none\n|upkeep\n|\n|t:|1746134199\n|switch|p2b: Ampharos|Ampharos, L50, F|100/100\n|turn|6\n|-message|mkssj forfeited.\n|\n|win|Edmondantes97\n|l|\u2606mkssj\n|player|p1|\n||Edmondantes97 is ready for game 2.\n|inactive|mkssj has 30 seconds to confirm battle start!\n|inactive|mkssj has 20 seconds to confirm battle start!\n|inactive|mkssj has 10 seconds to confirm battle start!\n|inactive|mkssj has 0 seconds to confirm battle start!\n|uhtml|next|Next: <a href=\"/battle-gen9vgc2025regibo3-2354944080\"><strong>Game 2 of 3</strong></a>\n|l|\u2606Edmondantes97\n|player|p2|\n", "uploadtime": 1746134530, "views": 6, "formatid": "gen9vgc2025regibo3", "rating": null, "private": 0, "password": null}