{"id": "gen9vgc2025regibo3-2353718043", "format": "[Gen 9] VGC 2025 Reg I (Bo3)", "players": ["StaticPikaVGC", "teddy2gloves"], "log": "|j|\u2606StaticPikaVGC\n|j|\u2606teddy2gloves\n|html|<table width=\"100%\"><tr><td align=\"left\">StaticPikaVGC</td><td align=\"right\">teddy2gloves</tr><tr><td align=\"left\"><i class=\"fa fa-circle-o\"></i> <i class=\"fa fa-circle-o\"></i> </td><td align=\"right\"><i class=\"fa fa-circle-o\"></i> <i class=\"fa fa-circle-o\"></i> </tr></table>\n|uhtml|bestof|<h2><strong>Game 1</strong> of <a href=\"/game-bestof3-gen9vgc2025regibo3-2353718042\">a best-of-3</a></h2>\n|t:|1745988078\n|gametype|doubles\n|player|p1|StaticPikaVGC|lady|1002\n|player|p2|teddy2gloves|170|1081\n|teamsize|p1|6\n|teamsize|p2|6\n|gen|9\n|tier|[Gen 9] VGC 2025 Reg I (Bo3)\n|rated|\n|rule|Species Clause: Limit one of each Pok\u00e9mon\n|rule|Item Clause: Limit 1 of each item\n|clearpoke\n|poke|p1|Necrozma-Dusk-Mane, L50|\n|poke|p1|Lunala, L50|\n|poke|p1|Incineroar, L50, M|\n|poke|p1|Urshifu-*, L50, F|\n|poke|p1|Rillaboom, L50, F|\n|poke|p1|Tornadus, L50, M|\n|poke|p2|Koraidon, L50|\n|poke|p2|Flutter Mane, L50|\n|poke|p2|Chi-Yu, L50|\n|poke|p2|Brute Bonnet, L50|\n|poke|p2|Calyrex-Ice, L50|\n|poke|p2|Ursaluna-Bloodmoon, L50, M|\n|teampreview|4\n|showteam|p1|Necrozma-Dusk-Mane||ClearAmulet|PrismArmor|PsychicFangs,DragonDance,KnockOff,SunsteelStrike||||||50|,,,,,Water]Lunala||PowerHerb|ShadowShield|WideGuard,Moonblast,MeteorBeam,MoongeistBeam||||||50|,,,,,Fairy]Incineroar||SafetyGoggles|Intimidate|FakeOut,PartingShot,KnockOff,Taunt|||M|||50|,,,,,Ghost]Urshifu-Rapid-Strike||FocusSash|UnseenFist|SurgingStrikes,Uturn,DrainPunch,AquaJet|||F|||50|,,,,,Stellar]Rillaboom||AssaultVest|GrassySurge|FakeOut,WoodHammer,HighHorsepower,Uturn|||F|||50|,,,,,Fire]Tornadus||CovertCloak|Prankster|Tailwind,BleakwindStorm,RainDance,SunnyDay|||M|||50|,,,,,Ground\n|showteam|p2|Koraidon||LifeOrb|OrichalcumPulse|FlareBlitz,CollisionCourse,BreakingSwipe,Protect||||||50|,,,,,Fire]Flutter Mane||ChoiceSpecs|Protosynthesis|IcyWind,DazzlingGleam,ShadowBall,PowerGem||||||50|,,,,,Fairy]Chi-Yu||FocusSash|BeadsofRuin|Protect,HeatWave,Taunt,Overheat||||||50|,,,,,Ghost]Brute Bonnet||RockyHelmet|Protosynthesis|Spore,RagePowder,SuckerPunch,SeedBomb||||||50|,,,,,Water]Calyrex-Ice||ClearAmulet|AsOneGlastrier|GlacialLance,HighHorsepower,Protect,TrickRoom||||||50|,,,,,Fire]Ursaluna-Bloodmoon||AssaultVest|MindsEye|Moonblast,HyperVoice,BloodMoon,EarthPower|||M|||50|,,,,,Normal\n|\n|t:|1745988141\n|start\n|switch|p1a: Tornadus|Tornadus, L50, M, shiny|100/100\n|switch|p1b: Incineroar|Incineroar, L50, M, shiny|100/100\n|switch|p2a: Flutter Mane|Flutter Mane, L50|100/100\n|switch|p2b: Chi-Yu|Chi-Yu, L50|100/100\n|-ability|p2b: Chi-Yu|Beads of Ruin\n|-ability|p1b: Incineroar|Intimidate|boost\n|-unboost|p2a: Flutter Mane|atk|1\n|-unboost|p2b: Chi-Yu|atk|1\n|turn|1\n|\n|t:|1745988172\n|switch|p1b: Necrozma|Necrozma-Dusk-Mane, L50, shiny|100/100\n|move|p1a: Tornadus|Rain Dance|p1a: Tornadus\n|-weather|RainDance\n|move|p2a: Flutter Mane|Power Gem|p1b: Necrozma\n|-resisted|p1b: Necrozma\n|-damage|p1b: Necrozma|79/100\n|move|p2b: Chi-Yu|Heat Wave|p1a: Tornadus|[spread] p1a,p1b\n|-supereffective|p1b: Necrozma\n|-damage|p1a: Tornadus|66/100\n|-damage|p1b: Necrozma|47/100\n|\n|-weather|RainDance|[upkeep]\n|upkeep\n|turn|2\n|\n|t:|1745988190\n|-end|p2a: Flutter Mane|Protosynthesis|[silent]\n|switch|p2a: Koraidon|Koraidon, L50|100/100\n|-weather|SunnyDay|[from] ability: Orichalcum Pulse|[of] p2a: Koraidon\n|-activate|p2a: Koraidon|Orichalcum Pulse|[source]\n|move|p1a: Tornadus|Tailwind|p1a: Tornadus\n|-sidestart|p1: StaticPikaVGC|move: Tailwind\n|move|p1b: Necrozma|Sunsteel Strike|p2a: Koraidon\n|-damage|p2a: Koraidon|42/100\n|move|p2b: Chi-Yu|Heat Wave|p1a: Tornadus|[spread] p1a\n|-miss|p2b: Chi-Yu|p1b: Necrozma\n|-damage|p1a: Tornadus|0 fnt\n|faint|p1a: Tornadus\n|\n|-weather|SunnyDay|[upkeep]\n|upkeep\n|\n|t:|1745988208\n|switch|p1a: Incineroar|Incineroar, L50, M, shiny|100/100\n|-ability|p1a: Incineroar|Intimidate|boost\n|-unboost|p2a: Koraidon|atk|1\n|-unboost|p2b: Chi-Yu|atk|1\n|turn|3\n|\n|t:|1745988221\n|switch|p1a: Lunala|Lunala, L50, shiny|100/100\n|switch|p2b: Flutter Mane|Flutter Mane, L50|100/100\n|-activate|p2b: Flutter Mane|ability: Protosynthesis\n|-start|p2b: Flutter Mane|protosynthesisspe\n|move|p2a: Koraidon|Protect|p2a: Koraidon\n|-singleturn|p2a: Koraidon|Protect\n|move|p1b: Necrozma|Dragon Dance|p1b: Necrozma\n|-boost|p1b: Necrozma|atk|1\n|-boost|p1b: Necrozma|spe|1\n|\n|-weather|SunnyDay|[upkeep]\n|upkeep\n|turn|4\n|\n|t:|1745988251\n|-terastallize|p1a: Lunala|Fairy\n|move|p1b: Necrozma|Sunsteel Strike|p2b: Flutter Mane\n|-supereffective|p2b: Flutter Mane\n|-damage|p2b: Flutter Mane|0 fnt\n|faint|p2b: Flutter Mane\n|-end|p2b: Flutter Mane|Protosynthesis|[silent]\n|move|p1a: Lunala|Moonblast|p2a: Koraidon\n|-supereffective|p2a: Koraidon\n|-damage|p2a: Koraidon|0 fnt\n|faint|p2a: Koraidon\n|\n|-weather|SunnyDay|[upkeep]\n|upkeep\n|\n|t:|1745988257\n|switch|p2a: Chi-Yu|Chi-Yu, L50|100/100\n|switch|p2b: Brute Bonnet|Brute Bonnet, L50|100/100\n|-ability|p2a: Chi-Yu|Beads of Ruin\n|-activate|p2b: Brute Bonnet|ability: Protosynthesis\n|-start|p2b: Brute Bonnet|protosynthesisdef\n|turn|5\n|\n|t:|1745988304\n|move|p2b: Brute Bonnet|Sucker Punch|p1b: Necrozma\n|-supereffective|p1b: Necrozma\n|-damage|p1b: Necrozma|7/100\n|move|p1b: Necrozma|Knock Off|p2b: Brute Bonnet\n|-resisted|p2b: Brute Bonnet\n|-damage|p2b: Brute Bonnet|87/100\n|-damage|p1b: Necrozma|0 fnt|[from] item: Rocky Helmet|[of] p2b: Brute Bonnet\n|faint|p1b: Necrozma\n|move|p1a: Lunala|Meteor Beam||[still]\n|-prepare|p1a: Lunala|Meteor Beam\n|-boost|p1a: Lunala|spa|1\n|-enditem|p1a: Lunala|Power Herb\n|-anim|p1a: Lunala|Meteor Beam|p2a: Chi-Yu\n|-supereffective|p2a: Chi-Yu\n|-enditem|p2a: Chi-Yu|Focus Sash\n|-damage|p2a: Chi-Yu|1/100\n|move|p2a: Chi-Yu|Overheat|p1a: Lunala|[miss]\n|-miss|p2a: Chi-Yu|p1a: Lunala\n|\n|-weather|SunnyDay|[upkeep]\n|-sideend|p1: StaticPikaVGC|move: Tailwind\n|upkeep\n|\n|t:|1745988321\n|switch|p1b: Incineroar|Incineroar, L50, M, shiny|100/100\n|-ability|p1b: Incineroar|Intimidate|boost\n|-unboost|p2a: Chi-Yu|atk|1\n|-unboost|p2b: Brute Bonnet|atk|1\n|turn|6\n|-message|teddy2gloves forfeited.\n|\n|win|StaticPikaVGC\n|l|\u2606teddy2gloves\n|player|p2|\n||teddy2gloves is ready for game 2.\n|inactive|StaticPikaVGC has 30 seconds to confirm battle start!\n||StaticPikaVGC is ready for game 2.\n|uhtml|next|Next: <a href=\"/battle-gen9vgc2025regibo3-2353719722\"><strong>Game 2 of 3</strong></a>\n", "uploadtime": 1745988668, "views": 7, "formatid": "gen9vgc2025regibo3", "rating": null, "private": 0, "password": null}