{"id": "gen9vgc2025regibo3-2354059789", "format": "[Gen 9] VGC 2025 Reg I (Bo3)", "players": ["KLOEEE", "Habeebk"], "log": "|j|\u203dKLOEEE\n|j|\u203dHabeebk\n|html|<table width=\"100%\"><tr><td align=\"left\">KLOEEE</td><td align=\"right\">Habeebk</tr><tr><td align=\"left\"><i class=\"fa fa-circle-o\"></i> <i class=\"fa fa-circle-o\"></i> </td><td align=\"right\"><i class=\"fa fa-circle-o\"></i> <i class=\"fa fa-circle-o\"></i> </tr></table>\n|uhtml|bestof|<h2><strong>Game 1</strong> of <a href=\"/game-bestof3-gen9vgc2025regibo3-2354059788\">a best-of-3</a></h2>\n|t:|1746031398\n|gametype|doubles\n|player|p1|KLOEEE|caitlin-masters|1081\n|player|p2|Habeebk|lucas|1091\n|teamsize|p1|6\n|teamsize|p2|6\n|gen|9\n|tier|[Gen 9] VGC 2025 Reg I (Bo3)\n|rated|\n|rule|Species Clause: Limit one of each Pok\u00e9mon\n|rule|Item Clause: Limit 1 of each item\n|clearpoke\n|poke|p1|Miraidon, L50|\n|poke|p1|Zamazenta-*, L50|\n|poke|p1|Grimmsnarl, L50, M|\n|poke|p1|Volcarona, L50, M|\n|poke|p1|Iron Hands, L50|\n|poke|p1|Ditto, L50|\n|poke|p2|Zekrom, L50|\n|poke|p2|Miraidon, L50|\n|poke|p2|Tornadus, L50, M|\n|poke|p2|Incineroar, L50, F|\n|poke|p2|Urshifu-*, L50, M|\n|poke|p2|Pelipper, L50, M|\n|teampreview|4\n|showteam|p1|Miraidon||ChoiceSpecs|HadronEngine|ElectroDrift,DracoMeteor,VoltSwitch,DazzlingGleam||||||50|,,,,,Fairy]Zamazenta-Crowned||RustedShield|DauntlessShield|BodyPress,HeavySlam,WideGuard,Protect||||||50|,,,,,Dragon]Grimmsnarl||LightClay|Prankster|Reflect,LightScreen,FoulPlay,ThunderWave|||M|||50|,,,,,Ghost]Volcarona||ElectricSeed|FlameBody|FieryDance,StruggleBug,QuiverDance,Protect|||M|||50|,,,,,Grass]Iron Hands||AssaultVest|QuarkDrive|DrainPunch,VoltSwitch,WildCharge,FakeOut||||||50|,,,,,Water]Ditto||FocusSash|Imposter|Transform||||||50|,,,,,Dark\n|showteam|p2|Zekrom||LifeOrb|Teravolt|DragonDance,DragonClaw,Protect,FusionBolt||||||50|,,,,,Electric]Miraidon||ChoiceSpecs|HadronEngine|DazzlingGleam,DracoMeteor,ElectroDrift,VoltSwitch||||||50|,,,,,Fairy]Tornadus||CovertCloak|Prankster|Tailwind,BleakwindStorm,ScaryFace,Protect|||M|||50|,,,,,Dark]Incineroar||AssaultVest|Intimidate|KnockOff,FlareBlitz,Uturn,FakeOut|||F|||50|,,,,,Bug]Urshifu||FocusSash|UnseenFist|WickedBlow,SuckerPunch,CloseCombat,Detect|||M|||50|,,,,,Stellar]Pelipper||AbilityShield|Drizzle|Hurricane,Protect,WeatherBall,WideGuard|||M|||50|,,,,,Ghost\n|\n|t:|1746031441\n|start\n|switch|p1a: Iron Hands|Iron Hands, L50|100/100\n|switch|p1b: Grimmsnarl|Grimmsnarl, L50, M, shiny|100/100\n|switch|p2a: Incineroar|Incineroar, L50, F|100/100\n|switch|p2b: Miraidon|Miraidon, L50|100/100\n|-fieldstart|move: Electric Terrain|[from] ability: Hadron Engine|[of] p2b: Miraidon\n|-activate|p1a: Iron Hands|ability: Quark Drive\n|-start|p1a: Iron Hands|quarkdriveatk\n|-ability|p2a: Incineroar|Intimidate|boost\n|-unboost|p1a: Iron Hands|atk|1\n|-unboost|p1b: Grimmsnarl|atk|1\n|turn|1\n|\n|t:|1746031464\n|-terastallize|p2b: Miraidon|Fairy\n|move|p2a: Incineroar|Fake Out|p1a: Iron Hands\n|-damage|p1a: Iron Hands|92/100\n|cant|p1a: Iron Hands|flinch\n|move|p1b: Grimmsnarl|Light Screen|p1b: Grimmsnarl\n|-sidestart|p1: KLOEEE|move: Light Screen\n|move|p2b: Miraidon|Dazzling Gleam|p1b: Grimmsnarl|[spread] p1a,p1b\n|-supereffective|p1a: Iron Hands\n|-supereffective|p1b: Grimmsnarl\n|-damage|p1a: Iron Hands|48/100\n|-damage|p1b: Grimmsnarl|25/100\n|\n|upkeep\n|turn|2\n|\n|t:|1746031486\n|move|p1b: Grimmsnarl|Thunder Wave|p2b: Miraidon\n|-status|p2b: Miraidon|par\n|move|p2b: Miraidon|Dazzling Gleam|p1a: Iron Hands|[spread] p1a,p1b\n|-supereffective|p1a: Iron Hands\n|-supereffective|p1b: Grimmsnarl\n|-damage|p1a: Iron Hands|4/100\n|-damage|p1b: Grimmsnarl|0 fnt\n|faint|p1b: Grimmsnarl\n|move|p2a: Incineroar|Knock Off|p1a: Iron Hands\n|-resisted|p1a: Iron Hands\n|-damage|p1a: Iron Hands|0 fnt\n|-enditem|p1a: Iron Hands|Assault Vest|[from] move: Knock Off|[of] p2a: Incineroar\n|faint|p1a: Iron Hands\n|-end|p1a: Iron Hands|Quark Drive|[silent]\n|\n|upkeep\n|\n|t:|1746031497\n|switch|p1b: Miraidon|Miraidon, L50|100/100\n|switch|p1a: Ditto|Ditto, L50, shiny|100/100\n|-activate|p1b: Miraidon|ability: Hadron Engine\n|-transform|p1a: Ditto|p2b: Miraidon|[from] ability: Imposter\n|-activate|p1a: Ditto|ability: Hadron Engine\n|-start|p1a: Ditto|typechange|Electric/Dragon|[silent]\n|turn|3\n|\n|t:|1746031524\n|switch|p2b: Zekrom|Zekrom, L50|100/100\n|-ability|p2b: Zekrom|Teravolt\n|-terastallize|p1b: Miraidon|Fairy\n|move|p1a: Ditto|Electro Drift|p2b: Zekrom\n|-resisted|p2b: Zekrom\n|-damage|p2b: Zekrom|82/100\n|move|p1b: Miraidon|Dazzling Gleam|p2a: Incineroar|[spread] p2a,p2b\n|-supereffective|p2b: Zekrom\n|-damage|p2a: Incineroar|54/100\n|-damage|p2b: Zekrom|0 fnt\n|faint|p2b: Zekrom\n|move|p2a: Incineroar|Knock Off|p1b: Miraidon\n|-resisted|p1b: Miraidon\n|-damage|p1b: Miraidon|80/100\n|-enditem|p1b: Miraidon|Choice Specs|[from] move: Knock Off|[of] p2a: Incineroar\n|\n|upkeep\n|\n|t:|1746031536\n|switch|p2b: Tornadus|Tornadus, L50, M|100/100\n|turn|4\n|\n|t:|1746031552\n|move|p2b: Tornadus|Protect|p2b: Tornadus\n|-singleturn|p2b: Tornadus|Protect\n|move|p1a: Ditto|Electro Drift|p2b: Tornadus\n|-activate|p2b: Tornadus|move: Protect\n|move|p1b: Miraidon|Electro Drift|p2a: Incineroar\n|-crit|p2a: Incineroar\n|-damage|p2a: Incineroar|0 fnt\n|faint|p2a: Incineroar\n|\n|upkeep\n|\n|t:|1746031562\n|switch|p2a: Miraidon|Miraidon, L50, tera:Fairy|100/100 par\n|-activate|p2a: Miraidon|ability: Hadron Engine\n|turn|5\n|\n|t:|1746031574\n|move|p2b: Tornadus|Tailwind|p2b: Tornadus\n|-sidestart|p2: Habeebk|move: Tailwind\n|move|p1a: Ditto|Electro Drift|p2b: Tornadus\n|-supereffective|p2b: Tornadus\n|-damage|p2b: Tornadus|0 fnt\n|faint|p2b: Tornadus\n|cant|p2a: Miraidon|par\n|move|p1b: Miraidon|Electro Drift|p2a: Miraidon\n|-damage|p2a: Miraidon|6/100 par\n|\n|-fieldend|move: Electric Terrain\n|upkeep\n|turn|6\n|\n|t:|1746031599\n|move|p1a: Ditto|Electro Drift|p2a: Miraidon\n|-damage|p2a: Miraidon|0 fnt\n|faint|p2a: Miraidon\n|\n|win|KLOEEE\n||Habeebk is ready for game 2.\n||KLOEEE is ready for game 2.\n|uhtml|next|Next: <a href=\"/battle-gen9vgc2025regibo3-2354062255\"><strong>Game 2 of 3</strong></a>\n|l|\u203dHabeebk\n|player|p2|\n", "uploadtime": 1746031605, "views": 21, "formatid": "gen9vgc2025regibo3", "rating": null, "private": 0, "password": null}