{"id": "gen9vgc2025regibo3-2353839272", "format": "[Gen 9] VGC 2025 Reg I (Bo3)", "players": ["clearmomdotcom", "el wey mamon"], "log": "|j|\u2606clearmomdotcom\n|j|\u2606el wey mamon\n|html|<table width=\"100%\"><tr><td align=\"left\">clearmomdotcom</td><td align=\"right\">el wey mamon</tr><tr><td align=\"left\"><i class=\"fa fa-circle-o\"></i> <i class=\"fa fa-circle-o\"></i> </td><td align=\"right\"><i class=\"fa fa-circle-o\"></i> <i class=\"fa fa-circle-o\"></i> </tr></table>\n|uhtml|bestof|<h2><strong>Game 1</strong> of <a href=\"/game-bestof3-gen9vgc2025regibo3-2353839271\">a best-of-3</a></h2>\n|t:|1746008442\n|gametype|doubles\n|player|p1|clearmomdotcom|waitress|1279\n|player|p2|el wey mamon|1|1200\n|teamsize|p1|6\n|teamsize|p2|6\n|gen|9\n|tier|[Gen 9] VGC 2025 Reg I (Bo3)\n|rated|\n|rule|Species Clause: Limit one of each Pok\u00e9mon\n|rule|Item Clause: Limit 1 of each item\n|clearpoke\n|poke|p1|Zamazenta-*, L50|\n|poke|p1|Urshifu-*, L50, M|\n|poke|p1|Chien-Pao, L50|\n|poke|p1|Dragonite, L50, M|\n|poke|p1|Rillaboom, L50, M|\n|poke|p1|Giratina-Origin, L50|\n|poke|p2|Calyrex-Shadow, L50|\n|poke|p2|Terapagos, L50, M|\n|poke|p2|Rillaboom, L50, F|\n|poke|p2|Incineroar, L50, M|\n|poke|p2|Urshifu-*, L50, F|\n|poke|p2|Amoonguss, L50, M|\n|teampreview|4\n|showteam|p1|Zamazenta-Crowned||RustedShield|DauntlessShield|BodyPress,HeavySlam,WideGuard,Protect||||||50|,,,,,Ghost]Urshifu-Rapid-Strike||ChoiceScarf|UnseenFist|SurgingStrikes,CloseCombat,Uturn,AquaJet|||M|||50|,,,,,Water]Chien-Pao||FocusSash|SwordofRuin|IcicleCrash,Crunch,SuckerPunch,Protect||||||50|,,,,,Ghost]Dragonite||ChoiceBand|InnerFocus|ExtremeSpeed,Outrage,AerialAce,StompingTantrum|||M|||50|,,,,,Normal]Rillaboom||AssaultVest|GrassySurge|FakeOut,GrassyGlide,WoodHammer,Uturn|||M|||50|,,,,,Water]Giratina-Origin||GriseousCore|Levitate|ShadowSneak,DracoMeteor,Poltergeist,Protect||||||50|,,,,,Steel\n|showteam|p2|Calyrex-Shadow||FocusSash|AsOneSpectrier|AstralBarrage,Encore,Disable,Protect||||||50|,,,,,Ghost]Terapagos||Leftovers|TeraShift|TeraStarstorm,EarthPower,CalmMind,Protect|||M|||50|,,,,,Stellar]Rillaboom||AssaultVest|GrassySurge|WoodHammer,GrassyGlide,FakeOut,Uturn|||F|||50|,,,,,Fire]Incineroar||SafetyGoggles|Intimidate|KnockOff,WillOWisp,FakeOut,PartingShot|||M|||50|,,,,,Water]Urshifu-Rapid-Strike||ChoiceScarf|UnseenFist|CloseCombat,SurgingStrikes,Uturn,AquaJet|||F|||50|,,,,,Water]Amoonguss||RockyHelmet|Regenerator|SludgeBomb,RagePowder,Spore,Protect|||M|||50|,,,,,Water\n|\n|t:|1746008479\n|start\n|switch|p1a: Zamazenta|Zamazenta-Crowned, L50|100/100\n|switch|p1b: Chien-Pao|Chien-Pao, L50|100/100\n|switch|p2a: Urshifu|Urshifu-Rapid-Strike, L50, F|100/100\n|switch|p2b: Incineroar|Incineroar, L50, M|100/100\n|-ability|p1b: Chien-Pao|Sword of Ruin\n|-ability|p1a: Zamazenta|Dauntless Shield|boost\n|-boost|p1a: Zamazenta|def|1\n|-ability|p2b: Incineroar|Intimidate|boost\n|-unboost|p1a: Zamazenta|atk|1\n|-unboost|p1b: Chien-Pao|atk|1\n|turn|1\n|\n|t:|1746008506\n|switch|p1b: Rillaboom|Rillaboom, L50, M|100/100\n|-fieldstart|move: Grassy Terrain|[from] ability: Grassy Surge|[of] p1b: Rillaboom\n|switch|p2b: Amoonguss|Amoonguss, L50, M|100/100\n|move|p2a: Urshifu|Surging Strikes|p1a: Zamazenta\n|-crit|p1a: Zamazenta\n|-damage|p1a: Zamazenta|87/100\n|-crit|p1a: Zamazenta\n|-damage|p1a: Zamazenta|73/100\n|-crit|p1a: Zamazenta\n|-damage|p1a: Zamazenta|59/100\n|-hitcount|p1a: Zamazenta|3\n|move|p1a: Zamazenta|Body Press|p2b: Amoonguss\n|-resisted|p2b: Amoonguss\n|-damage|p2b: Amoonguss|74/100\n|-damage|p1a: Zamazenta|43/100|[from] item: Rocky Helmet|[of] p2b: Amoonguss\n|\n|-heal|p1a: Zamazenta|49/100|[from] Grassy Terrain\n|-heal|p2b: Amoonguss|79/100|[from] Grassy Terrain\n|upkeep\n|turn|2\n|\n|t:|1746008551\n|move|p1a: Zamazenta|Protect|p1a: Zamazenta\n|-singleturn|p1a: Zamazenta|Protect\n|move|p2b: Amoonguss|Rage Powder|p2b: Amoonguss\n|-singleturn|p2b: Amoonguss|move: Rage Powder\n|move|p2a: Urshifu|Surging Strikes|p1a: Zamazenta\n|-crit|p1a: Zamazenta\n|-damage|p1a: Zamazenta|34/100\n|-crit|p1a: Zamazenta\n|-damage|p1a: Zamazenta|20/100\n|-crit|p1a: Zamazenta\n|-damage|p1a: Zamazenta|5/100\n|-hitcount|p1a: Zamazenta|3\n|move|p1b: Rillaboom|U-turn|p2b: Amoonguss\n|-damage|p2b: Amoonguss|62/100\n|-damage|p1b: Rillaboom|84/100|[from] item: Rocky Helmet|[of] p2b: Amoonguss\n|\n|t:|1746008560\n|switch|p1b: Giratina|Giratina-Origin, L50|100/100|[from] U-turn\n|\n|-heal|p1a: Zamazenta|11/100|[from] Grassy Terrain\n|-heal|p2b: Amoonguss|68/100|[from] Grassy Terrain\n|upkeep\n|turn|3\n|\n|t:|1746008586\n|switch|p1a: Rillaboom|Rillaboom, L50, M|84/100\n|switch|p2b: Incineroar|Incineroar, L50, M|100/100\n|-ability|p2b: Incineroar|Intimidate|boost\n|-unboost|p1a: Rillaboom|atk|1\n|-unboost|p1b: Giratina|atk|1\n|move|p2a: Urshifu|Surging Strikes|p1a: Rillaboom\n|-resisted|p1a: Rillaboom\n|-crit|p1a: Rillaboom\n|-damage|p1a: Rillaboom|74/100\n|-resisted|p1a: Rillaboom\n|-crit|p1a: Rillaboom\n|-damage|p1a: Rillaboom|65/100\n|-resisted|p1a: Rillaboom\n|-crit|p1a: Rillaboom\n|-damage|p1a: Rillaboom|55/100\n|-hitcount|p1a: Rillaboom|3\n|move|p1b: Giratina|Draco Meteor|p2b: Incineroar\n|-damage|p2b: Incineroar|36/100\n|-unboost|p1b: Giratina|spa|2\n|\n|-heal|p1a: Rillaboom|61/100|[from] Grassy Terrain\n|-heal|p2b: Incineroar|42/100|[from] Grassy Terrain\n|upkeep\n|turn|4\n|\n|t:|1746008623\n|switch|p2a: Amoonguss|Amoonguss, L50, M|100/100\n|move|p1a: Rillaboom|Fake Out|p2b: Incineroar\n|-damage|p2b: Incineroar|34/100\n|move|p1b: Giratina|Draco Meteor|p2b: Incineroar\n|-damage|p2b: Incineroar|2/100\n|-unboost|p1b: Giratina|spa|2\n|cant|p2b: Incineroar|flinch\n|\n|-heal|p1a: Rillaboom|67/100|[from] Grassy Terrain\n|-heal|p2b: Incineroar|8/100|[from] Grassy Terrain\n|upkeep\n|turn|5\n|\n|t:|1746008656\n|switch|p1b: Zamazenta|Zamazenta-Crowned, L50|11/100\n|switch|p2b: Urshifu|Urshifu-Rapid-Strike, L50, F|100/100\n|move|p1a: Rillaboom|U-turn|p2b: Urshifu\n|-resisted|p2b: Urshifu\n|-damage|p2b: Urshifu|92/100\n|\n|t:|1746008663\n|switch|p1a: Giratina|Giratina-Origin, L50|100/100|[from] U-turn\n|move|p2a: Amoonguss|Sludge Bomb|p1a: Giratina\n|-resisted|p1a: Giratina\n|-damage|p1a: Giratina|90/100\n|\n|-heal|p2b: Urshifu|98/100|[from] Grassy Terrain\n|-heal|p1b: Zamazenta|17/100|[from] Grassy Terrain\n|-fieldend|move: Grassy Terrain\n|upkeep\n|turn|6\n|\n|t:|1746008692\n|switch|p1b: Rillaboom|Rillaboom, L50, M|67/100\n|-fieldstart|move: Grassy Terrain|[from] ability: Grassy Surge|[of] p1b: Rillaboom\n|move|p2b: Urshifu|Surging Strikes|p1b: Rillaboom\n|-resisted|p1b: Rillaboom\n|-crit|p1b: Rillaboom\n|-damage|p1b: Rillaboom|57/100\n|-resisted|p1b: Rillaboom\n|-crit|p1b: Rillaboom\n|-damage|p1b: Rillaboom|47/100\n|-resisted|p1b: Rillaboom\n|-crit|p1b: Rillaboom\n|-damage|p1b: Rillaboom|37/100\n|-hitcount|p1b: Rillaboom|3\n|move|p1a: Giratina|Draco Meteor|p2a: Amoonguss\n|-damage|p2a: Amoonguss|47/100\n|-unboost|p1a: Giratina|spa|2\n|move|p2a: Amoonguss|Sludge Bomb|p1b: Rillaboom\n|-supereffective|p1b: Rillaboom\n|-damage|p1b: Rillaboom|2/100\n|-status|p1b: Rillaboom|psn\n|\n|-heal|p2b: Urshifu|100/100|[from] Grassy Terrain\n|-heal|p1b: Rillaboom|8/100 psn|[from] Grassy Terrain\n|-heal|p2a: Amoonguss|53/100|[from] Grassy Terrain\n|-damage|p1b: Rillaboom|0 fnt|[from] psn\n|faint|p1b: Rillaboom\n|upkeep\n|\n|t:|1746008713\n|switch|p1b: Chien-Pao|Chien-Pao, L50|100/100\n|-ability|p1b: Chien-Pao|Sword of Ruin\n|turn|7\n|\n|t:|1746008737\n|switch|p2a: Incineroar|Incineroar, L50, M|8/100\n|-ability|p2a: Incineroar|Intimidate|boost\n|-unboost|p1a: Giratina|atk|1\n|-unboost|p1b: Chien-Pao|atk|1\n|-terastallize|p2b: Urshifu|Water\n|move|p2b: Urshifu|Surging Strikes|p1b: Chien-Pao\n|-crit|p1b: Chien-Pao\n|-damage|p1b: Chien-Pao|58/100\n|-crit|p1b: Chien-Pao\n|-damage|p1b: Chien-Pao|14/100\n|-crit|p1b: Chien-Pao\n|-damage|p1b: Chien-Pao|0 fnt\n|faint|p1b: Chien-Pao\n|-hitcount|p1: Chien-Pao|3\n|move|p1a: Giratina|Poltergeist|p2b: Urshifu\n|-activate|p2b: Urshifu|move: Poltergeist|Choice Scarf\n|-damage|p2b: Urshifu|54/100\n|\n|-heal|p2b: Urshifu|60/100|[from] Grassy Terrain\n|-heal|p2a: Incineroar|14/100|[from] Grassy Terrain\n|upkeep\n|-message|clearmomdotcom forfeited.\n|\n|win|el wey mamon\n|l|\u2606clearmomdotcom\n|player|p1|\n||el wey mamon is ready for game 2.\n||clearmomdotcom is ready for game 2.\n|uhtml|next|Next: <a href=\"/battle-gen9vgc2025regibo3-2353841291\"><strong>Game 2 of 3</strong></a>\n", "uploadtime": 1746009033, "views": 6, "formatid": "gen9vgc2025regibo3", "rating": null, "private": 0, "password": null}