{"id": "gen9vgc2025regibo3-2354855508", "format": "[Gen 9] VGC 2025 Reg I (Bo3)", "players": ["Llama_Llord", "soohzabimaru"], "log": "|j|\u2606Llama_Llord\n|j|\u2606soohzabimaru\n|html|<table width=\"100%\"><tr><td align=\"left\">Llama_Llord</td><td align=\"right\">soohzabimaru</tr><tr><td align=\"left\"><i class=\"fa fa-circle-o\"></i> <i class=\"fa fa-circle-o\"></i> </td><td align=\"right\"><i class=\"fa fa-circle-o\"></i> <i class=\"fa fa-circle\"></i> </tr></table>\n|uhtml|bestof|<h2><strong>Game 2</strong> of <a href=\"/game-bestof3-gen9vgc2025regibo3-2354853516\">a best-of-3</a></h2>\n|t:|1746125660\n|gametype|doubles\n|player|p1|Llama_Llord|266|1242\n|player|p2|soohzabimaru|101|1266\n|teamsize|p1|6\n|teamsize|p2|6\n|gen|9\n|tier|[Gen 9] VGC 2025 Reg I (Bo3)\n|rated|\n|rule|Species Clause: Limit one of each Pok\u00e9mon\n|rule|Item Clause: Limit 1 of each item\n|clearpoke\n|poke|p1|Zacian-*, L50|\n|poke|p1|Kyogre, L50|\n|poke|p1|Tornadus, L50, M|\n|poke|p1|Amoonguss, L50, F|\n|poke|p1|Urshifu-*, L50, F|\n|poke|p1|Grimmsnarl, L50, M|\n|poke|p2|Calyrex-Shadow, L50|\n|poke|p2|Koraidon, L50|\n|poke|p2|Brute Bonnet, L50|\n|poke|p2|Tornadus, L50, M|\n|poke|p2|Chi-Yu, L50|\n|poke|p2|Dragonite, L50, M|\n|teampreview|4\n|showteam|p1|Zacian-Crowned||RustedSword|IntrepidSword|behemothblade,SwordsDance,PlayRough,Protect||||||50|,,,,,Ground]Kyogre||AssaultVest|Drizzle|WaterSpout,IceBeam,OriginPulse,Thunder||||||50|,,,,,Grass]Tornadus||CovertCloak|Prankster|Tailwind,BleakwindStorm,Taunt,RainDance|||M|||50|,,,,,Dark]Amoonguss||RockyHelmet|Regenerator|RagePowder,Spore,PollenPuff,Protect|||F|||50|,,,,,Water]Urshifu-Rapid-Strike||ChoiceScarf|UnseenFist|SurgingStrikes,CloseCombat,Uturn,Coaching|||F|||50|,,,,,Fire]Grimmsnarl||LightClay|Prankster|LightScreen,Reflect,FakeTears,SpiritBreak|||M|||50|,,,,,Ghost\n|showteam|p2|Calyrex-Shadow||FocusSash|AsOneSpectrier|AstralBarrage,Psychic,NastyPlot,Protect||||||50|,,,,,Ghost]Koraidon||LifeOrb|OrichalcumPulse|CloseCombat,FlareBlitz,FlameCharge,Protect||||||50|,,,,,Fire]Brute Bonnet||CovertCloak|Protosynthesis|Spore,RagePowder,SuckerPunch,PollenPuff||||||50|,,,,,Water]Tornadus||RockyHelmet|Prankster|Tailwind,SunnyDay,BleakwindStorm,Protect|||M|||50|,,,,,Steel]Chi-Yu||ChoiceScarf|BeadsofRuin|DarkPulse,Snarl,Overheat,HeatWave||||||50|,,,,,Ghost]Dragonite||ChoiceBand|InnerFocus|ExtremeSpeed,Outrage,AerialAce,StompingTantrum|||M|||50|,,,,,Normal\n|inactive|Battle timer is ON: inactive players will automatically lose when time's up. (requested by Llama_Llord)\n|\n|t:|1746125676\n|start\n|switch|p1a: Kyogre|Kyogre, L50|100/100\n|switch|p1b: Urshifu|Urshifu-Rapid-Strike, L50, F|100/100\n|switch|p2a: Chi-Yu|Chi-Yu, L50|100/100\n|switch|p2b: Tornadus|Tornadus, L50, M, shiny|100/100\n|-ability|p2a: Chi-Yu|Beads of Ruin\n|-weather|RainDance|[from] ability: Drizzle|[of] p1a: Kyogre\n|turn|1\n|\n|t:|1746125695\n|switch|p1a: Tornadus|Tornadus, L50, M|100/100\n|move|p2b: Tornadus|Sunny Day|p2b: Tornadus\n|-weather|SunnyDay\n|move|p2a: Chi-Yu|Overheat|p1b: Urshifu\n|-resisted|p1b: Urshifu\n|-damage|p1b: Urshifu|0 fnt\n|-unboost|p2a: Chi-Yu|spa|2\n|faint|p1b: Urshifu\n|\n|-weather|SunnyDay|[upkeep]\n|upkeep\n|\n|t:|1746125701\n|switch|p1b: Kyogre|Kyogre, L50|100/100\n|-weather|RainDance|[from] ability: Drizzle|[of] p1b: Kyogre\n|turn|2\n|j| Cremone\n|\n|t:|1746125713\n|switch|p2a: Koraidon|Koraidon, L50|100/100\n|-weather|SunnyDay|[from] ability: Orichalcum Pulse|[of] p2a: Koraidon\n|-activate|p2a: Koraidon|Orichalcum Pulse|[source]\n|move|p1a: Tornadus|Tailwind|p1a: Tornadus\n|-sidestart|p1: Llama_Llord|move: Tailwind\n|move|p2b: Tornadus|Tailwind|p2b: Tornadus\n|-sidestart|p2: soohzabimaru|move: Tailwind\n|move|p1b: Kyogre|Water Spout|p2a: Koraidon|[spread] p2a,p2b\n|-resisted|p2a: Koraidon\n|-damage|p2a: Koraidon|83/100\n|-damage|p2b: Tornadus|66/100\n|\n|-weather|SunnyDay|[upkeep]\n|upkeep\n|turn|3\n|l| Cremone\n|\n|t:|1746125725\n|move|p1a: Tornadus|Rain Dance|p1a: Tornadus\n|-weather|RainDance\n|move|p2b: Tornadus|Sunny Day|p2b: Tornadus\n|-weather|SunnyDay\n|move|p2a: Koraidon|Close Combat|p1b: Kyogre\n|-crit|p1b: Kyogre\n|-damage|p1b: Kyogre|0 fnt\n|-unboost|p2a: Koraidon|def|1\n|-unboost|p2a: Koraidon|spd|1\n|faint|p1b: Kyogre\n|-damage|p2a: Koraidon|74/100|[from] item: Life Orb\n|\n|-weather|SunnyDay|[upkeep]\n|upkeep\n|\n|t:|1746125728\n|switch|p1b: Zacian|Zacian-Crowned, L50|100/100\n|-ability|p1b: Zacian|Intrepid Sword|boost\n|-boost|p1b: Zacian|atk|1\n|turn|4\n|\n|t:|1746125749\n|-terastallize|p2a: Koraidon|Fire\n|move|p2b: Tornadus|Protect|p2b: Tornadus\n|-singleturn|p2b: Tornadus|Protect\n|move|p1a: Tornadus|Rain Dance|p1a: Tornadus\n|-weather|RainDance\n|move|p1b: Zacian|Behemoth Blade|p2b: Tornadus\n|-activate|p2b: Tornadus|move: Protect\n|move|p2a: Koraidon|Flare Blitz|p1a: Tornadus\n|-damage|p1a: Tornadus|38/100\n|-damage|p2a: Koraidon|56/100|[from] Recoil\n|-damage|p2a: Koraidon|46/100|[from] item: Life Orb\n|\n|-weather|RainDance|[upkeep]\n|upkeep\n|turn|5\n|\n|t:|1746125770\n|switch|p2b: Chi-Yu|Chi-Yu, L50|100/100\n|-ability|p2b: Chi-Yu|Beads of Ruin\n|move|p1b: Zacian|Protect|p1b: Zacian\n|-singleturn|p1b: Zacian|Protect\n|move|p2a: Koraidon|Flare Blitz|p1a: Tornadus\n|-damage|p1a: Tornadus|0 fnt\n|faint|p1a: Tornadus\n|-damage|p2a: Koraidon|35/100|[from] Recoil\n|-damage|p2a: Koraidon|25/100|[from] item: Life Orb\n|\n|-weather|RainDance|[upkeep]\n|-sideend|p2: soohzabimaru|move: Tailwind\n|-sideend|p1: Llama_Llord|move: Tailwind\n|upkeep\n|turn|6\n|\n|t:|1746125785\n|-terastallize|p1b: Zacian|Ground\n|move|p2b: Chi-Yu|Overheat|p1b: Zacian\n|-damage|p1b: Zacian|58/100\n|-unboost|p2b: Chi-Yu|spa|2\n|move|p1b: Zacian|Play Rough|p2b: Chi-Yu\n|-damage|p2b: Chi-Yu|0 fnt\n|faint|p2b: Chi-Yu\n|move|p2a: Koraidon|Flare Blitz|p1b: Zacian\n|-damage|p1b: Zacian|21/100\n|-damage|p2a: Koraidon|13/100|[from] Recoil\n|-damage|p2a: Koraidon|3/100|[from] item: Life Orb\n|\n|-weather|RainDance|[upkeep]\n|upkeep\n|\n|t:|1746125792\n|switch|p2b: Tornadus|Tornadus, L50, M, shiny|66/100\n|turn|7\n|\n|t:|1746125796\n|move|p2b: Tornadus|Tailwind|p2b: Tornadus\n|-sidestart|p2: soohzabimaru|move: Tailwind\n|move|p2a: Koraidon|Close Combat|p1b: Zacian\n|-damage|p1b: Zacian|0 fnt\n|-unboost|p2a: Koraidon|def|1\n|-unboost|p2a: Koraidon|spd|1\n|faint|p1b: Zacian\n|-damage|p2a: Koraidon|0 fnt|[from] item: Life Orb\n|faint|p2a: Koraidon\n|\n|win|soohzabimaru\n|raw|Llama_Llord's rating: 1242 &rarr; <strong>1219</strong><br />(-23 for losing)\n|raw|soohzabimaru's rating: 1266 &rarr; <strong>1289</strong><br />(+23 for winning)\n", "uploadtime": 1746125797, "views": 15, "formatid": "gen9vgc2025regibo3", "rating": 1219, "private": 0, "password": null}