{"id": "gen9vgc2025regibo3-2354215906", "format": "[Gen 9] VGC 2025 Reg I (Bo3)", "players": ["wittraid", "agumonbm"], "log": "|j|\u2606wittraid\n|j|\u2606agumonbm\n|html|<table width=\"100%\"><tr><td align=\"left\">wittraid</td><td align=\"right\">agumonbm</tr><tr><td align=\"left\"><i class=\"fa fa-circle-o\"></i> <i class=\"fa fa-circle-o\"></i> </td><td align=\"right\"><i class=\"fa fa-circle-o\"></i> <i class=\"fa fa-circle-o\"></i> </tr></table>\n|uhtml|bestof|<h2><strong>Game 1</strong> of <a href=\"/game-bestof3-gen9vgc2025regibo3-2354215905\">a best-of-3</a></h2>\n|t:|1746045544\n|gametype|doubles\n|player|p1|wittraid|169|1236\n|player|p2|agumonbm|lucas|1153\n|teamsize|p1|6\n|teamsize|p2|6\n|gen|9\n|tier|[Gen 9] VGC 2025 Reg I (Bo3)\n|rated|\n|rule|Species Clause: Limit one of each Pok\u00e9mon\n|rule|Item Clause: Limit 1 of each item\n|clearpoke\n|poke|p1|Ursaluna-Bloodmoon, L50, M|\n|poke|p1|Lunala, L50|\n|poke|p1|Calyrex-Ice, L50|\n|poke|p1|Metagross, L50|\n|poke|p1|Raging Bolt, L50|\n|poke|p1|Urshifu-*, L50, F|\n|poke|p2|Kyogre, L50|\n|poke|p2|Miraidon, L50|\n|poke|p2|Tornadus, L50, M|\n|poke|p2|Landorus, L50, M|\n|poke|p2|Farigiraf, L50, F|\n|poke|p2|Iron Hands, L50|\n|teampreview|4\n|showteam|p1|Ursaluna-Bloodmoon||ThroatSpray|MindsEye|HyperVoice,EarthPower,Protect,BloodMoon|||M|||50|,,,,,Ghost]Lunala||PowerHerb|ShadowShield|MoongeistBeam,WideGuard,TrickRoom,MeteorBeam||||||50|,,,,,Grass]Calyrex-Ice||ClearAmulet|AsOneGlastrier|Protect,GlacialLance,HighHorsepower,TrickRoom||||||50|,,,,,Fire]Metagross||LifeOrb|ClearBody|HammerArm,PsychicFangs,Protect,HeavySlam||||||50|,,,,,Grass]Raging Bolt||BoosterEnergy|Protosynthesis|Thunderbolt,Thunderclap,Protect,Roar||||||50|,,,,,Grass]Urshifu||ExpertBelt|UnseenFist|WickedBlow,SuckerPunch,Protect,CloseCombat|||F|||50|,,,,,Poison\n|showteam|p2|Kyogre||Leftovers|Drizzle|Protect,OriginPulse,CalmMind,IceBeam||||||50|,,,,,Grass]Miraidon||ChoiceSpecs|HadronEngine|VoltSwitch,ElectroDrift,DracoMeteor,DazzlingGleam||||||50|,,,,,Fairy]Tornadus||CovertCloak|Prankster|BleakwindStorm,Tailwind,RainDance,Taunt|||M|||50|,,,,,Steel]Landorus||LifeOrb|SheerForce|Protect,EarthPower,SludgeBomb,SandsearStorm|||M|||50|,,,,,Poison]Farigiraf||ElectricSeed|ArmorTail|TrickRoom,Psychic,HelpingHand,FoulPlay|||F|||50|,,,,,Dark]Iron Hands||AssaultVest|QuarkDrive|DrainPunch,FakeOut,VoltSwitch,HeavySlam||||||50|,,,,,Ghost\n|inactive|Battle timer is ON: inactive players will automatically lose when time's up. (requested by wittraid)\n|inactive|agumonbm also wants the timer to be on.\n|inactive|wittraid has 60 seconds left.\n|inactive|agumonbm has 60 seconds left.\n|\n|t:|1746045584\n|start\n|switch|p1a: Lunala|Lunala, L50|100/100\n|switch|p1b: Calyrex|Calyrex-Ice, L50|100/100\n|switch|p2a: Miraidon|Miraidon, L50|100/100\n|switch|p2b: Kyogre|Kyogre, L50|100/100\n|-ability|p1b: Calyrex|As One\n|-ability|p1b: Calyrex|Unnerve\n|-fieldstart|move: Electric Terrain|[from] ability: Hadron Engine|[of] p2a: Miraidon\n|-weather|RainDance|[from] ability: Drizzle|[of] p2b: Kyogre\n|turn|1\n|\n|t:|1746045608\n|move|p1a: Lunala|Wide Guard|p1a: Lunala\n|-singleturn|p1a: Lunala|Wide Guard\n|move|p2a: Miraidon|Electro Drift|p1a: Lunala\n|-damage|p1a: Lunala|60/100\n|move|p2b: Kyogre|Calm Mind|p2b: Kyogre\n|-boost|p2b: Kyogre|spa|1\n|-boost|p2b: Kyogre|spd|1\n|move|p1b: Calyrex|Trick Room|p1b: Calyrex\n|-fieldstart|move: Trick Room|[of] p1b: Calyrex\n|\n|-weather|RainDance|[upkeep]\n|upkeep\n|turn|2\n|\n|t:|1746045629\n|switch|p2a: Iron Hands|Iron Hands, L50|100/100\n|-activate|p2a: Iron Hands|ability: Quark Drive\n|-start|p2a: Iron Hands|quarkdriveatk\n|move|p1b: Calyrex|Glacial Lance|p2a: Iron Hands|[spread] p2a,p2b\n|-resisted|p2b: Kyogre\n|-damage|p2a: Iron Hands|70/100\n|-damage|p2b: Kyogre|79/100\n|move|p1a: Lunala|Meteor Beam||[still]\n|-prepare|p1a: Lunala|Meteor Beam\n|-boost|p1a: Lunala|spa|1\n|-enditem|p1a: Lunala|Power Herb\n|-anim|p1a: Lunala|Meteor Beam|p2b: Kyogre\n|-crit|p2b: Kyogre\n|-damage|p2b: Kyogre|24/100\n|move|p2b: Kyogre|Ice Beam|p1a: Lunala\n|-damage|p1a: Lunala|28/100\n|\n|-weather|RainDance|[upkeep]\n|-heal|p2b: Kyogre|31/100|[from] item: Leftovers\n|upkeep\n|turn|3\n|inactive|agumonbm has 30 seconds left.\n|\n|t:|1746045655\n|move|p1b: Calyrex|Protect|p1b: Calyrex\n|-singleturn|p1b: Calyrex|Protect\n|move|p2b: Kyogre|Protect|p2b: Kyogre\n|-singleturn|p2b: Kyogre|Protect\n|move|p2a: Iron Hands|Drain Punch|p1b: Calyrex\n|-activate|p1b: Calyrex|move: Protect\n|move|p1a: Lunala|Moongeist Beam|p2a: Iron Hands\n|-damage|p2a: Iron Hands|37/100\n|\n|-weather|RainDance|[upkeep]\n|-heal|p2b: Kyogre|37/100|[from] item: Leftovers\n|upkeep\n|turn|4\n|\n|t:|1746045672\n|move|p1b: Calyrex|Glacial Lance|p2a: Iron Hands|[spread] p2a,p2b\n|-resisted|p2b: Kyogre\n|-damage|p2a: Iron Hands|3/100\n|-damage|p2b: Kyogre|15/100\n|move|p2a: Iron Hands|Drain Punch|p1b: Calyrex\n|-damage|p1b: Calyrex|70/100\n|-heal|p2a: Iron Hands|17/100|[from] drain|[of] p1b: Calyrex\n|move|p1a: Lunala|Moongeist Beam|p2b: Kyogre\n|-damage|p2b: Kyogre|0 fnt\n|faint|p2b: Kyogre\n|\n|-weather|RainDance|[upkeep]\n|upkeep\n|\n|t:|1746045684\n|switch|p2b: Landorus|Landorus, L50, M|100/100\n|turn|5\n|\n|t:|1746045696\n|-end|p2a: Iron Hands|Quark Drive|[silent]\n|switch|p2a: Miraidon|Miraidon, L50|100/100\n|-activate|p2a: Miraidon|ability: Hadron Engine\n|move|p2b: Landorus|Protect|p2b: Landorus\n|-singleturn|p2b: Landorus|Protect\n|move|p1b: Calyrex|Glacial Lance|p2a: Miraidon|[spread] p2a\n|-activate|p2b: Landorus|move: Protect\n|-supereffective|p2a: Miraidon\n|-damage|p2a: Miraidon|11/100\n|move|p1a: Lunala|Moongeist Beam|p2b: Landorus\n|-activate|p2b: Landorus|move: Protect\n|\n|-weather|none\n|-fieldend|move: Trick Room\n|-fieldend|move: Electric Terrain\n|upkeep\n|turn|6\n|inactive|agumonbm has 30 seconds left.\n|\n|t:|1746045724\n|-terastallize|p2a: Miraidon|Fairy\n|move|p1b: Calyrex|Protect|p1b: Calyrex\n|-singleturn|p1b: Calyrex|Protect\n|move|p2a: Miraidon|Electro Drift|p1b: Calyrex\n|-activate|p1b: Calyrex|move: Protect\n|move|p2b: Landorus|Earth Power|p1a: Lunala\n|-damage|p1a: Lunala|0 fnt\n|faint|p1a: Lunala\n|\n|upkeep\n|\n|t:|1746045737\n|switch|p1a: Ursaluna|Ursaluna-Bloodmoon, L50, M|100/100\n|turn|7\n|\n|t:|1746045755\n|switch|p1b: Metagross|Metagross, L50|100/100\n|move|p2a: Miraidon|Electro Drift|p1b: Metagross\n|-damage|p1b: Metagross|17/100\n|move|p2b: Landorus|Earth Power|p1b: Metagross\n|-supereffective|p1b: Metagross\n|-damage|p1b: Metagross|0 fnt\n|faint|p1b: Metagross\n|move|p1a: Ursaluna|Hyper Voice|p2a: Miraidon|[spread] p2a,p2b\n|-damage|p2a: Miraidon|0 fnt\n|-damage|p2b: Landorus|63/100\n|faint|p2a: Miraidon\n|-enditem|p1a: Ursaluna|Throat Spray\n|-boost|p1a: Ursaluna|spa|1|[from] item: Throat Spray\n|\n|upkeep\n|\n|t:|1746045770\n|switch|p2a: Iron Hands|Iron Hands, L50|17/100\n|switch|p1b: Calyrex|Calyrex-Ice, L50|70/100\n|-ability|p1b: Calyrex|As One\n|-ability|p1b: Calyrex|Unnerve\n|turn|8\n|\n|t:|1746045779\n|move|p1a: Ursaluna|Protect|p1a: Ursaluna\n|-singleturn|p1a: Ursaluna|Protect\n|move|p1b: Calyrex|Protect|p1b: Calyrex\n|-singleturn|p1b: Calyrex|Protect\n|move|p2a: Iron Hands|Fake Out|p1a: Ursaluna\n|-activate|p1a: Ursaluna|move: Protect\n|move|p2b: Landorus|Earth Power|p1b: Calyrex\n|-activate|p1b: Calyrex|move: Protect\n|\n|upkeep\n|turn|9\n|inactive|wittraid has 30 seconds left.\n|\n|t:|1746045805\n|-terastallize|p1a: Ursaluna|Ghost\n|move|p2b: Landorus|Earth Power|p1b: Calyrex\n|-damage|p1b: Calyrex|27/100\n|move|p2a: Iron Hands|Drain Punch|p1b: Calyrex\n|-damage|p1b: Calyrex|3/100\n|-heal|p2a: Iron Hands|27/100|[from] drain|[of] p1b: Calyrex\n|move|p1a: Ursaluna|Hyper Voice|p2a: Iron Hands|[spread] p2a,p2b\n|-damage|p2a: Iron Hands|3/100\n|-damage|p2b: Landorus|7/100\n|move|p1b: Calyrex|Glacial Lance|p2a: Iron Hands|[spread] p2a,p2b\n|-supereffective|p2b: Landorus\n|-damage|p2a: Iron Hands|0 fnt\n|-damage|p2b: Landorus|0 fnt\n|faint|p2a: Iron Hands\n|-end|p2a: Iron Hands|Quark Drive|[silent]\n|faint|p2b: Landorus\n|\n|win|wittraid\n|inactive|wittraid has 30 seconds to confirm battle start!\n|inactive|agumonbm has 30 seconds to confirm battle start!\n|l|\u2606agumonbm\n|player|p2|\n||agumonbm is ready for game 2.\n|c|\u2606wittraid|gg\n||wittraid is ready for game 2.\n|uhtml|next|Next: <a href=\"/battle-gen9vgc2025regibo3-2354218613\"><strong>Game 2 of 3</strong></a>\n|l|\u2606wittraid\n|player|p1|\n", "uploadtime": 1746046177, "views": 6, "formatid": "gen9vgc2025regibo3", "rating": null, "private": 0, "password": null}