{"id": "gen9vgc2025regibo3-2353988926", "format": "[Gen 9] VGC 2025 Reg I (Bo3)", "players": ["Pxxcy", "PIERRYPKT"], "log": "|j|\u2606Pxxcy\n|j|\u2606PIERRYPKT\n|html|<table width=\"100%\"><tr><td align=\"left\">Pxxcy</td><td align=\"right\">PIERRYPKT</tr><tr><td align=\"left\"><i class=\"fa fa-circle-o\"></i> <i class=\"fa fa-circle-o\"></i> </td><td align=\"right\"><i class=\"fa fa-circle-o\"></i> <i class=\"fa fa-circle-o\"></i> </tr></table>\n|uhtml|bestof|<h2><strong>Game 1</strong> of <a href=\"/game-bestof3-gen9vgc2025regibo3-2353988925\">a best-of-3</a></h2>\n|t:|1746025356\n|gametype|doubles\n|player|p1|Pxxcy|169|1105\n|player|p2|PIERRYPKT|benga|1009\n|teamsize|p1|6\n|teamsize|p2|6\n|gen|9\n|tier|[Gen 9] VGC 2025 Reg I (Bo3)\n|rated|\n|rule|Species Clause: Limit one of each Pok\u00e9mon\n|rule|Item Clause: Limit 1 of each item\n|clearpoke\n|poke|p1|Sneasler, L50, F|\n|poke|p1|Calyrex-Shadow, L50|\n|poke|p1|Dondozo, L50, F|\n|poke|p1|Tatsugiri-Droopy, L50, F|\n|poke|p1|Chi-Yu, L50|\n|poke|p1|Miraidon, L50|\n|poke|p2|Kyogre, L50|\n|poke|p2|Luxray, L50, F|\n|poke|p2|Ogerpon-Wellspring, L50, F|\n|poke|p2|Gholdengo, L50|\n|poke|p2|Raging Bolt, L50|\n|poke|p2|Miraidon, L50|\n|teampreview|4\n|showteam|p1|Sneasler||ElectricSeed|Unburden|CloseCombat,DireClaw,ToxicSpikes,FakeOut|||F|||50|,,,,,Dark]Calyrex-Shadow||LifeOrb|AsOneSpectrier|AstralBarrage,Psychic,Encore,Protect||||||50|,,,,,Dark]Dondozo||Leftovers|Unaware|Earthquake,BodyPress,OrderUp,Protect|||F|||50|,,,,,Grass]Tatsugiri-Droopy||FocusSash|Commander|DracoMeteor,MuddyWater,HelpingHand,Protect|||F|||50|,,,,,Stellar]Chi-Yu||ChoiceScarf|BeadsofRuin|Overheat,HeatWave,ScaryFace,Snarl||||||50|,,,,,Ghost]Miraidon||AssaultVest|HadronEngine|ElectroDrift,DracoMeteor,DazzlingGleam,VoltSwitch||||||50|,,,,,Fairy\n|showteam|p2|Kyogre||MysticWater|Drizzle|WaterSpout,Thunder,Protect,IcyWind||||||50|,,,,,Water]Luxray||SafetyGoggles|Intimidate|Crunch,IceFang,SupercellSlam,Roar|||F|||50|,,,,,Grass]Ogerpon-Wellspring||WellspringMask|WaterAbsorb|Uturn,IvyCudgel,SpikyShield,StompingTantrum|||F|||50|,,,,,Water]Gholdengo||FocusSash|GoodasGold|ShadowBall,MakeItRain,Thunder,DazzlingGleam||||||50|,,,,,Ghost]Raging Bolt||LifeOrb|Protosynthesis|DracoMeteor,Thunderbolt,Thunderclap,Protect||||||50|,,,,,Fairy]Miraidon||ChoiceSpecs|HadronEngine|ElectroDrift,DragonPulse,DazzlingGleam,Overheat||||||50|,,,,,Electric\n|\n|t:|1746025395\n|start\n|switch|p1a: Sneasler|Sneasler, L50, F|100/100\n|switch|p1b: Miraidon|Miraidon, L50|100/100\n|switch|p2a: Kyogre|Kyogre, L50|100/100\n|switch|p2b: Gholdengo|Gholdengo, L50|100/100\n|-fieldstart|move: Electric Terrain|[from] ability: Hadron Engine|[of] p1b: Miraidon\n|-enditem|p1a: Sneasler|Electric Seed\n|-boost|p1a: Sneasler|def|1|[from] item: Electric Seed\n|-weather|RainDance|[from] ability: Drizzle|[of] p2a: Kyogre\n|turn|1\n|\n|t:|1746025434\n|move|p2a: Kyogre|Protect|p2a: Kyogre\n|-singleturn|p2a: Kyogre|Protect\n|move|p1a: Sneasler|Fake Out|p2a: Kyogre\n|-activate|p2a: Kyogre|move: Protect\n|move|p1b: Miraidon|Volt Switch|p2a: Kyogre\n|-activate|p2a: Kyogre|move: Protect\n|move|p2b: Gholdengo|Dazzling Gleam|p1b: Miraidon|[spread] p1a,p1b\n|-supereffective|p1b: Miraidon\n|-damage|p1a: Sneasler|69/100\n|-damage|p1b: Miraidon|76/100\n|\n|-weather|RainDance|[upkeep]\n|upkeep\n|turn|2\n|\n|t:|1746025457\n|switch|p2a: Luxray|Luxray, L50, F|100/100\n|-ability|p2a: Luxray|Intimidate|boost\n|-unboost|p1a: Sneasler|atk|1\n|-unboost|p1b: Miraidon|atk|1\n|move|p1a: Sneasler|Dire Claw|p2a: Luxray\n|-damage|p2a: Luxray|60/100\n|move|p1b: Miraidon|Volt Switch|p2b: Gholdengo\n|-damage|p2b: Gholdengo|19/100\n|\n|t:|1746025471\n|switch|p1b: Chi-Yu|Chi-Yu, L50|100/100|[from] Volt Switch\n|-ability|p1b: Chi-Yu|Beads of Ruin\n|move|p2b: Gholdengo|Thunder|p1a: Sneasler\n|-damage|p1a: Sneasler|0 fnt\n|faint|p1a: Sneasler\n|\n|-weather|RainDance|[upkeep]\n|upkeep\n|\n|t:|1746025480\n|switch|p1a: Calyrex|Calyrex-Shadow, L50|100/100\n|-ability|p1a: Calyrex|As One\n|-ability|p1a: Calyrex|Unnerve\n|turn|3\n|\n|t:|1746025513\n|move|p1b: Chi-Yu|Snarl|p2b: Gholdengo|[spread] p2a,p2b\n|-supereffective|p2b: Gholdengo\n|-damage|p2a: Luxray|15/100\n|-damage|p2b: Gholdengo|0 fnt\n|-unboost|p2a: Luxray|spa|1\n|faint|p2b: Gholdengo\n|move|p1a: Calyrex|Astral Barrage|p2a: Luxray\n|-crit|p2a: Luxray\n|-damage|p2a: Luxray|0 fnt\n|faint|p2a: Luxray\n|-ability|p1a: Calyrex|Grim Neigh|boost\n|-boost|p1a: Calyrex|spa|1\n|-damage|p1a: Calyrex|91/100|[from] item: Life Orb\n|\n|-weather|RainDance|[upkeep]\n|upkeep\n|inactive|Battle timer is ON: inactive players will automatically lose when time's up. (requested by Pxxcy)\n|\n|t:|1746025529\n|switch|p2b: Raging Bolt|Raging Bolt, L50|100/100\n|switch|p2a: Kyogre|Kyogre, L50|100/100\n|turn|4\n|\n|t:|1746025544\n|-terastallize|p2a: Kyogre|Water\n|move|p1a: Calyrex|Protect|p1a: Calyrex\n|-singleturn|p1a: Calyrex|Protect\n|move|p2b: Raging Bolt|Protect|p2b: Raging Bolt\n|-singleturn|p2b: Raging Bolt|Protect\n|move|p1b: Chi-Yu|Snarl|p2a: Kyogre|[spread] p2a\n|-activate|p2b: Raging Bolt|move: Protect\n|-damage|p2a: Kyogre|80/100\n|-unboost|p2a: Kyogre|spa|1\n|move|p2a: Kyogre|Water Spout|p1b: Chi-Yu|[spread] p1b\n|-activate|p1a: Calyrex|move: Protect\n|-supereffective|p1b: Chi-Yu\n|-damage|p1b: Chi-Yu|0 fnt\n|faint|p1b: Chi-Yu\n|\n|-weather|RainDance|[upkeep]\n|upkeep\n|\n|t:|1746025559\n|switch|p1b: Miraidon|Miraidon, L50|76/100\n|-activate|p1b: Miraidon|ability: Hadron Engine\n|turn|5\n|\n|t:|1746025575\n|-terastallize|p1b: Miraidon|Fairy\n|move|p2a: Kyogre|Protect|p2a: Kyogre\n|-singleturn|p2a: Kyogre|Protect\n|move|p1a: Calyrex|Astral Barrage|p2a: Kyogre|[spread] p2b\n|-activate|p2a: Kyogre|move: Protect\n|-damage|p2b: Raging Bolt|18/100\n|-damage|p1a: Calyrex|81/100|[from] item: Life Orb\n|move|p1b: Miraidon|Dazzling Gleam|p2a: Kyogre|[spread] p2b\n|-activate|p2a: Kyogre|move: Protect\n|-supereffective|p2b: Raging Bolt\n|-damage|p2b: Raging Bolt|0 fnt\n|faint|p2b: Raging Bolt\n|-end|p2b: Raging Bolt|Protosynthesis|[silent]\n|\n|-weather|none\n|-fieldend|move: Electric Terrain\n|upkeep\n|turn|6\n|-message|PIERRYPKT forfeited.\n|\n|win|Pxxcy\n|l|\u2606PIERRYPKT\n|player|p2|\n||Pxxcy is ready for game 2.\n|raw|Pxxcy's rating: 1105 &rarr; <strong>1123</strong><br />(+18 for winning)\n|raw|PIERRYPKT's rating: 1009 &rarr; <strong>1001</strong><br />(-8 for losing)\n|l|\u2606Pxxcy\n|player|p1|\n", "uploadtime": 1746025856, "views": 6, "formatid": "gen9vgc2025regibo3", "rating": 1001, "private": 0, "password": null}