{"id": "gen9vgc2025regibo3-2355056566", "format": "[Gen 9] VGC 2025 Reg I (Bo3)", "players": ["KIME09122", "We Spout I Shout"], "log": "|j|\u2606KIME09122\n|j|\u2606We Spout I Shout\n|html|<table width=\"100%\"><tr><td align=\"left\">KIME09122</td><td align=\"right\">We Spout I Shout</tr><tr><td align=\"left\"><i class=\"fa fa-circle-o\"></i> <i class=\"fa fa-circle-o\"></i> </td><td align=\"right\"><i class=\"fa fa-circle-o\"></i> <i class=\"fa fa-circle-o\"></i> </tr></table>\n|uhtml|bestof|<h2><strong>Game 1</strong> of <a href=\"/game-bestof3-gen9vgc2025regibo3-2355056565\">a best-of-3</a></h2>\n|t:|1746147105\n|gametype|doubles\n|player|p1|KIME09122|102|1094\n|player|p2|We Spout I Shout|265|1214\n|teamsize|p1|6\n|teamsize|p2|6\n|gen|9\n|tier|[Gen 9] VGC 2025 Reg I (Bo3)\n|rated|\n|rule|Species Clause: Limit one of each Pok\u00e9mon\n|rule|Item Clause: Limit 1 of each item\n|clearpoke\n|poke|p1|Zamazenta-*, L50|\n|poke|p1|Pelipper, L50, M|\n|poke|p1|Urshifu-*, L50, M|\n|poke|p1|Calyrex-Shadow, L50|\n|poke|p1|Tornadus, L50, M|\n|poke|p1|Indeedee, L50, M|\n|poke|p2|Miraidon, L50|\n|poke|p2|Calyrex-Shadow, L50|\n|poke|p2|Grimmsnarl, L50, M|\n|poke|p2|Incineroar, L50, F|\n|poke|p2|Iron Hands, L50|\n|poke|p2|Ditto, L50|\n|teampreview|4\n|showteam|p1|Zamazenta-Crowned||RustedShield|DauntlessShield|WideGuard,BodyPress,HeavySlam,IronDefense||||||50|,,,,,Ground]Pelipper||DampRock|Drizzle|WeatherBall,HelpingHand,Hurricane,Tailwind|||M|||50|,,,,,Water]Urshifu-Rapid-Strike||ChoiceScarf|UnseenFist|SurgingStrikes,CloseCombat,AquaJet,Uturn|||M|||50|,,,,,Water]Calyrex-Shadow||FocusSash|AsOneSpectrier|AstralBarrage,Psychic,NastyPlot,Protect||||||50|,,,,,Dark]Tornadus||CovertCloak|Prankster|Hurricane,Tailwind,RainDance,Taunt|||M|||50|,,,,,Dark]Indeedee||SitrusBerry|PsychicSurge|Imprison,Protect,TrickRoom,Psychic|||M|||50|,,,,,Psychic\n|showteam|p2|Miraidon||ChoiceSpecs|HadronEngine|ElectroDrift,DracoMeteor,VoltSwitch,DazzlingGleam||||||50|,,,,,Fairy]Calyrex-Shadow||FocusSash|AsOneSpectrier|AstralBarrage,Psychic,Encore,Protect||||||50|,,,,,Ghost]Grimmsnarl||LightClay|Prankster|SpiritBreak,LightScreen,Reflect,ThunderWave|||M|||50|,,,,,Ghost]Incineroar||CovertCloak|Intimidate|KnockOff,HelpingHand,FakeOut,Uturn|||F|||50|,,,,,Fairy]Iron Hands||AssaultVest|QuarkDrive|DrainPunch,FakeOut,LowKick,HeavySlam||||||50|,,,,,Water]Ditto||ChoiceScarf|Imposter|Transform||||||50|,,,,,Normal\n|inactive|Battle timer is ON: inactive players will automatically lose when time's up. (requested by We Spout I Shout)\n|inactive|KIME09122 has 60 seconds left.\n|inactive|We Spout I Shout has 60 seconds left.\n|inactive|KIME09122 has 30 seconds left.\n|inactive|KIME09122 has 20 seconds left.\n|inactive|KIME09122 has 15 seconds left.\n|inactive|KIME09122 has 10 seconds left.\n|inactive|KIME09122 has 5 seconds left.\n|\n|t:|1746147197\n|start\n|switch|p1a: Zamazenta|Zamazenta-Crowned, L50|100/100\n|switch|p1b: Pelipper|Pelipper, L50, M|100/100\n|switch|p2a: Miraidon|Miraidon, L50|100/100\n|switch|p2b: Iron Hands|Iron Hands, L50|100/100\n|-fieldstart|move: Electric Terrain|[from] ability: Hadron Engine|[of] p2a: Miraidon\n|-activate|p2b: Iron Hands|ability: Quark Drive\n|-start|p2b: Iron Hands|quarkdriveatk\n|-ability|p1a: Zamazenta|Dauntless Shield|boost\n|-boost|p1a: Zamazenta|def|1\n|-weather|RainDance|[from] ability: Drizzle|[of] p1b: Pelipper\n|turn|1\n|\n|t:|1746147218\n|move|p2a: Miraidon|Volt Switch|p1b: Pelipper\n|-supereffective|p1b: Pelipper\n|-damage|p1b: Pelipper|0 fnt\n|faint|p1b: Pelipper\n|\n|t:|1746147221\n|switch|p2a: Calyrex|Calyrex-Shadow, L50|100/100|[from] Volt Switch\n|-ability|p2a: Calyrex|As One\n|-ability|p2a: Calyrex|Unnerve\n|move|p1a: Zamazenta|Iron Defense|p1a: Zamazenta\n|-boost|p1a: Zamazenta|def|2\n|move|p2b: Iron Hands|Low Kick|p1a: Zamazenta\n|-supereffective|p1a: Zamazenta\n|-damage|p1a: Zamazenta|52/100\n|\n|-weather|RainDance|[upkeep]\n|upkeep\n|\n|t:|1746147245\n|switch|p1b: Urshifu|Urshifu-Rapid-Strike, L50, M|100/100\n|turn|2\n|\n|t:|1746147255\n|switch|p2a: Ditto|Ditto, L50|100/100\n|-transform|p2a: Ditto|p1b: Urshifu|[from] ability: Imposter\n|move|p1b: Urshifu|Surging Strikes|p2a: Ditto\n|-resisted|p2a: Ditto\n|-crit|p2a: Ditto\n|-damage|p2a: Ditto|83/100\n|-resisted|p2a: Ditto\n|-crit|p2a: Ditto\n|-damage|p2a: Ditto|66/100\n|-resisted|p2a: Ditto\n|-crit|p2a: Ditto\n|-damage|p2a: Ditto|49/100\n|-hitcount|p2a: Ditto|3\n|move|p1a: Zamazenta|Body Press|p2b: Iron Hands\n|-damage|p2b: Iron Hands|34/100\n|move|p2b: Iron Hands|Low Kick|p1a: Zamazenta\n|-supereffective|p1a: Zamazenta\n|-damage|p1a: Zamazenta|3/100\n|\n|-weather|RainDance|[upkeep]\n|upkeep\n|turn|3\n|\n|t:|1746147270\n|move|p2a: Ditto|Surging Strikes|p1a: Zamazenta\n|-crit|p1a: Zamazenta\n|-damage|p1a: Zamazenta|0 fnt\n|faint|p1a: Zamazenta\n|-hitcount|p1: Zamazenta|1\n|move|p1b: Urshifu|Surging Strikes|p2a: Ditto\n|-resisted|p2a: Ditto\n|-crit|p2a: Ditto\n|-damage|p2a: Ditto|32/100\n|-resisted|p2a: Ditto\n|-crit|p2a: Ditto\n|-damage|p2a: Ditto|13/100\n|-resisted|p2a: Ditto\n|-crit|p2a: Ditto\n|-damage|p2a: Ditto|0 fnt\n|faint|p2a: Ditto\n|-hitcount|p2: Ditto|3\n|move|p2b: Iron Hands|Drain Punch|p1b: Urshifu\n|-damage|p1b: Urshifu|40/100\n|-heal|p2b: Iron Hands|57/100|[from] drain|[of] p1b: Urshifu\n|\n|-weather|RainDance|[upkeep]\n|upkeep\n|\n|t:|1746147278\n|switch|p1a: Calyrex|Calyrex-Shadow, L50|100/100\n|switch|p2a: Miraidon|Miraidon, L50|100/100\n|-ability|p1a: Calyrex|As One\n|-ability|p1a: Calyrex|Unnerve\n|-activate|p2a: Miraidon|ability: Hadron Engine\n|turn|4\n|inactive|KIME09122 has 30 seconds left.\n|\n|t:|1746147308\n|-terastallize|p1b: Urshifu|Water\n|move|p1a: Calyrex|Protect|p1a: Calyrex\n|-singleturn|p1a: Calyrex|Protect\n|move|p1b: Urshifu|Surging Strikes|p2b: Iron Hands\n|-crit|p2b: Iron Hands\n|-damage|p2b: Iron Hands|30/100\n|-crit|p2b: Iron Hands\n|-damage|p2b: Iron Hands|3/100\n|-crit|p2b: Iron Hands\n|-damage|p2b: Iron Hands|0 fnt\n|faint|p2b: Iron Hands\n|-end|p2b: Iron Hands|Quark Drive|[silent]\n|-hitcount|p2: Iron Hands|3\n|move|p2a: Miraidon|Volt Switch|p1b: Urshifu\n|-supereffective|p1b: Urshifu\n|-crit|p1b: Urshifu\n|-damage|p1b: Urshifu|0 fnt\n|faint|p1b: Urshifu\n|\n|t:|1746147314\n|switch|p2a: Calyrex|Calyrex-Shadow, L50|100/100|[from] Volt Switch\n|-ability|p2a: Calyrex|As One\n|-ability|p2a: Calyrex|Unnerve\n|\n|-weather|RainDance|[upkeep]\n|upkeep\n|\n|t:|1746147315\n|switch|p2b: Miraidon|Miraidon, L50|100/100\n|-activate|p2b: Miraidon|ability: Hadron Engine\n|turn|5\n|\n|t:|1746147331\n|move|p1a: Calyrex|Astral Barrage|p2a: Calyrex|[spread] p2a,p2b\n|-supereffective|p2a: Calyrex\n|-enditem|p2a: Calyrex|Focus Sash\n|-damage|p2a: Calyrex|1/100\n|-damage|p2b: Miraidon|51/100\n|move|p2a: Calyrex|Astral Barrage|p1a: Calyrex\n|-supereffective|p1a: Calyrex\n|-enditem|p1a: Calyrex|Focus Sash\n|-damage|p1a: Calyrex|1/100\n|move|p2b: Miraidon|Electro Drift|p1a: Calyrex\n|-damage|p1a: Calyrex|0 fnt\n|faint|p1a: Calyrex\n|\n|win|We Spout I Shout\n||KIME09122 is ready for game 2.\n||We Spout I Shout is ready for game 2.\n|uhtml|next|Next: <a href=\"/battle-gen9vgc2025regibo3-2355058561\"><strong>Game 2 of 3</strong></a>\n|l|\u2606KIME09122\n|player|p1|\n", "uploadtime": 1746147449, "views": 3, "formatid": "gen9vgc2025regibo3", "rating": null, "private": 0, "password": null}