{"id": "gen9vgc2025regibo3-2353672506", "format": "[Gen 9] VGC 2025 Reg I (Bo3)", "players": ["TheGamingMammoth", "juacox300"], "log": "|j|\u2606TheGamingMammoth\n|j|\u2606juacox300\n|html|<table width=\"100%\"><tr><td align=\"left\">TheGamingMammoth</td><td align=\"right\">juacox300</tr><tr><td align=\"left\"><i class=\"fa fa-circle\"></i> <i class=\"fa fa-circle-o\"></i> </td><td align=\"right\"><i class=\"fa fa-circle-o\"></i> <i class=\"fa fa-circle-o\"></i> </tr></table>\n|uhtml|bestof|<h2><strong>Game 2</strong> of <a href=\"/game-bestof3-gen9vgc2025regibo3-2353669885\">a best-of-3</a></h2>\n|t:|1745981752\n|gametype|doubles\n|player|p1|TheGamingMammoth|101|1282\n|player|p2|juacox300|unknown|1454\n|teamsize|p1|6\n|teamsize|p2|6\n|gen|9\n|tier|[Gen 9] VGC 2025 Reg I (Bo3)\n|rated|\n|rule|Species Clause: Limit one of each Pok\u00e9mon\n|rule|Item Clause: Limit 1 of each item\n|clearpoke\n|poke|p1|Calyrex-Shadow, L50|\n|poke|p1|Terapagos, L50, M|\n|poke|p1|Incineroar, L50, F|\n|poke|p1|Rillaboom, L50, M|\n|poke|p1|Ogerpon-Cornerstone, L50, F|\n|poke|p1|Ditto, L50|\n|poke|p2|Miraidon, L50|\n|poke|p2|Iron Hands, L50|\n|poke|p2|Calyrex-Ice, L50|\n|poke|p2|Incineroar, L50, M|\n|poke|p2|Chi-Yu, L50|\n|poke|p2|Alcremie-Salted-Cream, L50, F|\n|teampreview|4\n|showteam|p1|Calyrex-Shadow||FocusSash|AsOneSpectrier|AstralBarrage,Psychic,Encore,Protect||||||50|,,,,,Ghost]Terapagos||Leftovers|TeraShift|TeraStarstorm,EarthPower,CalmMind,Protect|||M|||50|,,,,,Stellar]Incineroar||RockyHelmet|Intimidate|FakeOut,WillOWisp,KnockOff,PartingShot|||F|||50|,,,,,Ghost]Rillaboom||AssaultVest|GrassySurge|FakeOut,DrumBeating,GrassyGlide,Uturn|||M|||50|,,,,,Normal]Ogerpon-Cornerstone||CornerstoneMask|Sturdy|IvyCudgel,PowerWhip,FollowMe,SpikyShield|||F|||50|,,,,,Rock]Ditto||SafetyGoggles|Imposter|Transform||||||50|,,,,,Normal\n|showteam|p2|Miraidon||LifeOrb|HadronEngine|ElectroDrift,DracoMeteor,Protect,DazzlingGleam||||||50|,,,,,Fairy]Iron Hands||AssaultVest|QuarkDrive|WildCharge,LowKick,FakeOut,HeavySlam||||||50|,,,,,Fire]Calyrex-Ice||ClearAmulet|AsOneGlastrier|GlacialLance,HighHorsepower,Protect,TrickRoom||||||50|,,,,,Dragon]Incineroar||RockyHelmet|Intimidate|KnockOff,FlareBlitz,FakeOut,Taunt|||M|||50|,,,,,Poison]Chi-Yu||ChoiceScarf|BeadsofRuin|HeatWave,Snarl,Overheat,DarkPulse||||||50|,,,,,Ghost]Alcremie-Salted-Cream||CovertCloak|AromaVeil|AlluringVoice,Decorate,Protect,Encore|||F|||50|,,,,,Grass\n|\n|t:|1745981803\n|start\n|switch|p1a: Chimpanzini|Rillaboom, L50, M, shiny|100/100\n|switch|p1b: Tung Tung Sahur|Calyrex-Shadow, L50|100/100\n|switch|p2a: FerroNalgada|Iron Hands, L50|100/100\n|switch|p2b: Elena|Alcremie-Salted-Cream, L50, F|100/100\n|-ability|p1b: Tung Tung Sahur|As One\n|-ability|p1b: Tung Tung Sahur|Unnerve\n|-fieldstart|move: Grassy Terrain|[from] ability: Grassy Surge|[of] p1a: Chimpanzini\n|turn|1\n|\n|t:|1745981821\n|-end|p2a: FerroNalgada|Quark Drive|[silent]\n|switch|p2a: Chi-Yu|Chi-Yu, L50|100/100\n|-ability|p2a: Chi-Yu|Beads of Ruin\n|move|p1b: Tung Tung Sahur|Astral Barrage|p2a: Chi-Yu|[spread] p2a,p2b\n|-resisted|p2a: Chi-Yu\n|-damage|p2a: Chi-Yu|65/100\n|-damage|p2b: Elena|44/100\n|move|p1a: Chimpanzini|Drum Beating|p2b: Elena\n|-damage|p2b: Elena|0 fnt\n|faint|p2b: Elena\n|\n|-heal|p2a: Chi-Yu|71/100|[from] Grassy Terrain\n|upkeep\n|\n|t:|1745981827\n|switch|p2b: Calyrex|Calyrex-Ice, L50|100/100\n|-ability|p2b: Calyrex|As One\n|-ability|p2b: Calyrex|Unnerve\n|turn|2\n|\n|t:|1745981845\n|-terastallize|p2b: Calyrex|Dragon\n|move|p2a: Chi-Yu|Heat Wave|p1a: Chimpanzini|[spread] p1b\n|-miss|p2a: Chi-Yu|p1a: Chimpanzini\n|-damage|p1b: Tung Tung Sahur|46/100\n|move|p1b: Tung Tung Sahur|Astral Barrage|p2a: Chi-Yu|[spread] p2a,p2b\n|-resisted|p2a: Chi-Yu\n|-damage|p2a: Chi-Yu|38/100\n|-damage|p2b: Calyrex|55/100\n|move|p1a: Chimpanzini|U-turn|p2b: Calyrex\n|-damage|p2b: Calyrex|41/100\n|\n|t:|1745981856\n|switch|p1a: TrulimeroTrulicina|Incineroar, L50, F|100/100|[from] U-turn\n|-ability|p1a: TrulimeroTrulicina|Intimidate|boost\n|-unboost|p2a: Chi-Yu|atk|1\n|-fail|p2b: Calyrex|unboost|[from] item: Clear Amulet|[of] p2b: Calyrex\n|move|p2b: Calyrex|Trick Room|p2b: Calyrex\n|-fieldstart|move: Trick Room|[of] p2b: Calyrex\n|\n|-heal|p2b: Calyrex|47/100|[from] Grassy Terrain\n|-heal|p1b: Tung Tung Sahur|51/100|[from] Grassy Terrain\n|-heal|p2a: Chi-Yu|44/100|[from] Grassy Terrain\n|upkeep\n|turn|3\n|inactive|Battle timer is ON: inactive players will automatically lose when time's up. (requested by juacox300)\n|\n|t:|1745981914\n|switch|p2a: FerroNalgada|Iron Hands, L50|100/100\n|move|p2b: Calyrex|Protect|p2b: Calyrex\n|-singleturn|p2b: Calyrex|Protect\n|move|p1b: Tung Tung Sahur|Protect|p1b: Tung Tung Sahur\n|-singleturn|p1b: Tung Tung Sahur|Protect\n|move|p1a: TrulimeroTrulicina|Will-O-Wisp|p2b: Calyrex\n|-activate|p2b: Calyrex|move: Protect\n|\n|-heal|p2b: Calyrex|53/100|[from] Grassy Terrain\n|-heal|p1b: Tung Tung Sahur|57/100|[from] Grassy Terrain\n|upkeep\n|turn|4\n|\n|t:|1745981937\n|-terastallize|p1a: TrulimeroTrulicina|Ghost\n|move|p2b: Calyrex|Glacial Lance|p1a: TrulimeroTrulicina|[spread] p1a,p1b\n|-damage|p1a: TrulimeroTrulicina|58/100\n|-damage|p1b: Tung Tung Sahur|0 fnt\n|faint|p1b: Tung Tung Sahur\n|-ability|p2b: Calyrex|Chilling Neigh|boost\n|-boost|p2b: Calyrex|atk|1\n|move|p2a: FerroNalgada|Low Kick|p1a: TrulimeroTrulicina\n|-immune|p1a: TrulimeroTrulicina\n|move|p1a: TrulimeroTrulicina|Will-O-Wisp|p2b: Calyrex\n|-status|p2b: Calyrex|brn\n|\n|-heal|p2b: Calyrex|59/100 brn|[from] Grassy Terrain\n|-heal|p1a: TrulimeroTrulicina|64/100|[from] Grassy Terrain\n|-damage|p2b: Calyrex|53/100 brn|[from] brn\n|upkeep\n|\n|t:|1745981943\n|switch|p1b: Ogerpon|Ogerpon-Cornerstone, L50, F|100/100\n|turn|5\n|inactive|TheGamingMammoth has 30 seconds left.\n|\n|t:|1745981972\n|move|p2b: Calyrex|Glacial Lance|p1b: Ogerpon|[spread] p1a,p1b\n|-supereffective|p1b: Ogerpon\n|-damage|p1a: TrulimeroTrulicina|35/100\n|-ability|p1b: Ogerpon|Sturdy\n|-damage|p1b: Ogerpon|1/100\n|move|p2a: FerroNalgada|Wild Charge|p1a: TrulimeroTrulicina\n|-damage|p1a: TrulimeroTrulicina|0 fnt\n|-damage|p2a: FerroNalgada|84/100|[from] item: Rocky Helmet|[of] p1a: TrulimeroTrulicina\n|faint|p1a: TrulimeroTrulicina\n|-damage|p2a: FerroNalgada|78/100|[from] Recoil\n|move|p1b: Ogerpon|Power Whip|p2a: FerroNalgada\n|-damage|p2a: FerroNalgada|12/100\n|\n|-heal|p2b: Calyrex|59/100 brn|[from] Grassy Terrain\n|-heal|p2a: FerroNalgada|18/100|[from] Grassy Terrain\n|-heal|p1b: Ogerpon|7/100|[from] Grassy Terrain\n|-damage|p2b: Calyrex|53/100 brn|[from] brn\n|-fieldend|move: Grassy Terrain\n|upkeep\n|\n|t:|1745981976\n|switch|p1a: Chimpanzini|Rillaboom, L50, M, shiny|100/100\n|-fieldstart|move: Grassy Terrain|[from] ability: Grassy Surge|[of] p1a: Chimpanzini\n|turn|6\n|\n|t:|1745981994\n|move|p1b: Ogerpon|Spiky Shield|p1b: Ogerpon\n|-singleturn|p1b: Ogerpon|move: Protect\n|move|p1a: Chimpanzini|Fake Out|p2b: Calyrex\n|-damage|p2b: Calyrex|44/100 brn\n|cant|p2b: Calyrex|flinch\n|move|p2a: FerroNalgada|Low Kick|p1a: Chimpanzini\n|-damage|p1a: Chimpanzini|48/100\n|\n|-heal|p2b: Calyrex|50/100 brn|[from] Grassy Terrain\n|-heal|p2a: FerroNalgada|25/100|[from] Grassy Terrain\n|-heal|p1a: Chimpanzini|54/100|[from] Grassy Terrain\n|-heal|p1b: Ogerpon|13/100|[from] Grassy Terrain\n|-damage|p2b: Calyrex|44/100 brn|[from] brn\n|-fieldend|move: Trick Room\n|upkeep\n|turn|7\n|\n|t:|1745982007\n|move|p2b: Calyrex|Protect|p2b: Calyrex\n|-singleturn|p2b: Calyrex|Protect\n|move|p1b: Ogerpon|Ivy Cudgel|p2b: Calyrex|[anim] Ivy Cudgel Rock\n|-activate|p2b: Calyrex|move: Protect\n|move|p1a: Chimpanzini|Drum Beating|p2a: FerroNalgada\n|-damage|p2a: FerroNalgada|0 fnt\n|faint|p2a: FerroNalgada\n|-end|p2a: FerroNalgada|Quark Drive|[silent]\n|\n|-heal|p1b: Ogerpon|18/100|[from] Grassy Terrain\n|-heal|p1a: Chimpanzini|60/100|[from] Grassy Terrain\n|-heal|p2b: Calyrex|50/100 brn|[from] Grassy Terrain\n|-damage|p2b: Calyrex|44/100 brn|[from] brn\n|upkeep\n|\n|t:|1745982008\n|switch|p2a: Chi-Yu|Chi-Yu, L50|44/100\n|-ability|p2a: Chi-Yu|Beads of Ruin\n|turn|8\n|\n|t:|1745982018\n|move|p2a: Chi-Yu|Heat Wave|p1b: Ogerpon|[spread] p1a,p1b\n|-supereffective|p1a: Chimpanzini\n|-damage|p1a: Chimpanzini|0 fnt\n|-damage|p1b: Ogerpon|0 fnt\n|faint|p1a: Chimpanzini\n|faint|p1b: Ogerpon\n|\n|win|juacox300\n||TheGamingMammoth is ready for game 3.\n|inactive|juacox300 has 30 seconds to confirm battle start!\n||juacox300 is ready for game 3.\n|uhtml|next|Next: <a href=\"/battle-gen9vgc2025regibo3-2353674703\"><strong>Game 3 of 3</strong></a>\n", "uploadtime": 1745982034, "views": 22, "formatid": "gen9vgc2025regibo3", "rating": null, "private": 0, "password": null}