{"id": "gen9vgc2025regibo3-2353394979", "format": "[Gen 9] VGC 2025 Reg I (Bo3)", "players": ["zelert82", "Chrizanagi"], "log": "|j|\u2606zelert82\n|j|\u2606Chrizanagi\n|html|<table width=\"100%\"><tr><td align=\"left\">zelert82</td><td align=\"right\">Chrizanagi</tr><tr><td align=\"left\"><i class=\"fa fa-circle\"></i> <i class=\"fa fa-circle-o\"></i> </td><td align=\"right\"><i class=\"fa fa-circle-o\"></i> <i class=\"fa fa-circle-o\"></i> </tr></table>\n|uhtml|bestof|<h2><strong>Game 2</strong> of <a href=\"/game-bestof3-gen9vgc2025regibo3-2353390732\">a best-of-3</a></h2>\n|t:|1745952184\n|gametype|doubles\n|player|p1|zelert82|2|\n|player|p2|Chrizanagi|wattson|\n|teamsize|p1|6\n|teamsize|p2|6\n|gen|9\n|tier|[Gen 9] VGC 2025 Reg I (Bo3)\n|rule|Species Clause: Limit one of each Pok\u00e9mon\n|rule|Item Clause: Limit 1 of each item\n|clearpoke\n|poke|p1|Calyrex-Shadow, L50|\n|poke|p1|Zamazenta-*, L50|\n|poke|p1|Raging Bolt, L50|\n|poke|p1|Dragonite, L50, M|\n|poke|p1|Tornadus, L50, M|\n|poke|p1|Ditto, L50|\n|poke|p2|Zamazenta-*, L50|\n|poke|p2|Kyogre, L50|\n|poke|p2|Amoonguss, L50, M|\n|poke|p2|Chien-Pao, L50|\n|poke|p2|Urshifu-*, L50, F|\n|poke|p2|Tornadus, L50, M|\n|teampreview|4\n|showteam|p1|Calyrex-Shadow||LifeOrb|AsOneSpectrier|AstralBarrage,Psychic,DrainingKiss,Protect||||||50|,,,,,Water]Zamazenta-Crowned||RustedShield|DauntlessShield|BodyPress,WideGuard,Imprison,Protect||||||50|,,,,,Water]Raging Bolt||BoosterEnergy|Protosynthesis|Thunderclap,DracoMeteor,Thunderbolt,Protect||||||50|,,,,,Electric]Dragonite||ChoiceBand|Multiscale|ExtremeSpeed,Outrage,IronHead,FirePunch|||M|||50|,,,,,Normal]Tornadus||CovertCloak|Prankster|Tailwind,RainDance,Taunt,BleakwindStorm|||M|||50|,,,,,Dark]Ditto||FocusSash|Imposter|Transform||||||50|,,,,,Grass\n|showteam|p2|Zamazenta-Crowned||RustedShield|DauntlessShield|BodyPress,HeavySlam,WideGuard,Protect||||||50|,,,,,Dragon]Kyogre||MysticWater|Drizzle|OriginPulse,IceBeam,WaterSpout,Protect||||||50|,,,,,Grass]Amoonguss||RockyHelmet|Regenerator|Spore,RagePowder,PollenPuff,Protect|||M|||50|,,,,,Water]Chien-Pao||FocusSash|SwordofRuin|IceSpinner,SuckerPunch,ThroatChop,Protect||||||50|,,,,,Ghost]Urshifu-Rapid-Strike||ChoiceScarf|UnseenFist|SurgingStrikes,CloseCombat,Uturn,RainDance|||F|||50|,,,,,Water]Tornadus||CovertCloak|Prankster|BleakwindStorm,Tailwind,Taunt,RainDance|||M|||50|,,,,,Steel\n|inactive|Battle timer is ON: inactive players will automatically lose when time's up. (requested by Chrizanagi)\n|inactive|zelert82 has 60 seconds left.\n|inactive|Chrizanagi has 60 seconds left.\n|\n|t:|1745952225\n|start\n|switch|p1a: Tornadus|Tornadus, L50, M|100/100\n|switch|p1b: Zamazenta|Zamazenta-Crowned, L50|100/100\n|switch|p2a: Chien-Pao|Chien-Pao, L50|100/100\n|switch|p2b: Tornadus|Tornadus, L50, M|100/100\n|-ability|p2a: Chien-Pao|Sword of Ruin\n|-ability|p1b: Zamazenta|Dauntless Shield|boost\n|-boost|p1b: Zamazenta|def|1\n|turn|1\n|inactive|zelert82 has 30 seconds left.\n|inactive|Chrizanagi has 30 seconds left.\n|inactive|zelert82 has 20 seconds left.\n|inactive|Chrizanagi has 20 seconds left.\n|\n|t:|1745952262\n|switch|p1b: Calyrex|Calyrex-Shadow, L50|100/100\n|-ability|p1b: Calyrex|As One\n|-ability|p1b: Calyrex|Unnerve\n|move|p1a: Tornadus|Tailwind|p1a: Tornadus\n|-sidestart|p1: zelert82|move: Tailwind\n|move|p2b: Tornadus|Tailwind|p2b: Tornadus\n|-sidestart|p2: Chrizanagi|move: Tailwind\n|move|p2a: Chien-Pao|Ice Spinner|p1a: Tornadus\n|-supereffective|p1a: Tornadus\n|-damage|p1a: Tornadus|0 fnt\n|faint|p1a: Tornadus\n|\n|upkeep\n|\n|t:|1745952282\n|switch|p1a: Zamazenta|Zamazenta-Crowned, L50|100/100\n|turn|2\n|\n|t:|1745952303\n|switch|p2a: Zamazenta|Zamazenta-Crowned, L50|100/100\n|-ability|p2a: Zamazenta|Dauntless Shield|boost\n|-boost|p2a: Zamazenta|def|1\n|-terastallize|p1b: Calyrex|Water\n|move|p2b: Tornadus|Taunt|p1a: Zamazenta\n|-start|p1a: Zamazenta|move: Taunt\n|move|p1b: Calyrex|Astral Barrage|p2a: Zamazenta|[spread] p2a,p2b\n|-damage|p2a: Zamazenta|42/100\n|-damage|p2b: Tornadus|26/100\n|-damage|p1b: Calyrex|91/100|[from] item: Life Orb\n|move|p1a: Zamazenta|Body Press|p2a: Zamazenta\n|-supereffective|p2a: Zamazenta\n|-damage|p2a: Zamazenta|3/100\n|\n|upkeep\n|turn|3\n|inactive|Chrizanagi has 30 seconds left.\n|inactive|Chrizanagi has 20 seconds left.\n|\n|t:|1745952341\n|move|p2a: Zamazenta|Protect|p2a: Zamazenta\n|-singleturn|p2a: Zamazenta|Protect\n|move|p2b: Tornadus|Taunt|p1b: Calyrex\n|-start|p1b: Calyrex|move: Taunt\n|move|p1b: Calyrex|Draining Kiss|p2a: Zamazenta\n|-activate|p2a: Zamazenta|move: Protect\n|move|p1a: Zamazenta|Body Press|p2b: Tornadus\n|-resisted|p2b: Tornadus\n|-damage|p2b: Tornadus|3/100\n|\n|upkeep\n|turn|4\n|inactive|Chrizanagi has 30 seconds left.\n|inactive|Chrizanagi has 20 seconds left.\n|inactive|Chrizanagi has 15 seconds left.\n|inactive|Chrizanagi has 10 seconds left.\n|\n|t:|1745952388\n|switch|p2b: Kyogre|Kyogre, L50, shiny|100/100\n|-weather|RainDance|[from] ability: Drizzle|[of] p2b: Kyogre\n|move|p1b: Calyrex|Psychic|p2a: Zamazenta\n|-damage|p2a: Zamazenta|0 fnt\n|faint|p2a: Zamazenta\n|-ability|p1b: Calyrex|Grim Neigh|boost\n|-boost|p1b: Calyrex|spa|1\n|-damage|p1b: Calyrex|81/100|[from] item: Life Orb\n|move|p1a: Zamazenta|Body Press|p2b: Kyogre\n|-damage|p2b: Kyogre|58/100\n|\n|-weather|RainDance|[upkeep]\n|-end|p1a: Zamazenta|move: Taunt\n|-sideend|p1: zelert82|move: Tailwind\n|-sideend|p2: Chrizanagi|move: Tailwind\n|upkeep\n|\n|t:|1745952402\n|switch|p2a: Tornadus|Tornadus, L50, M|3/100\n|turn|5\n|\n|t:|1745952410\n|move|p2b: Kyogre|Protect|p2b: Kyogre\n|-singleturn|p2b: Kyogre|Protect\n|move|p1a: Zamazenta|Wide Guard|p1a: Zamazenta\n|-singleturn|p1a: Zamazenta|Wide Guard\n|move|p2a: Tornadus|Tailwind|p2a: Tornadus\n|-sidestart|p2: Chrizanagi|move: Tailwind\n|move|p1b: Calyrex|Astral Barrage|p2b: Kyogre|[spread] p2a\n|-activate|p2b: Kyogre|move: Protect\n|-damage|p2a: Tornadus|0 fnt\n|faint|p2a: Tornadus\n|-ability|p1b: Calyrex|Grim Neigh|boost\n|-boost|p1b: Calyrex|spa|1\n|-damage|p1b: Calyrex|72/100|[from] item: Life Orb\n|\n|-weather|RainDance|[upkeep]\n|-end|p1b: Calyrex|move: Taunt\n|upkeep\n|\n|t:|1745952425\n|switch|p2a: Chien-Pao|Chien-Pao, L50|100/100\n|-ability|p2a: Chien-Pao|Sword of Ruin\n|turn|6\n|inactive|Chrizanagi has 30 seconds left.\n|\n|t:|1745952458\n|move|p2a: Chien-Pao|Protect|p2a: Chien-Pao\n|-singleturn|p2a: Chien-Pao|Protect\n|move|p1a: Zamazenta|Wide Guard|p1a: Zamazenta\n|-singleturn|p1a: Zamazenta|Wide Guard\n|move|p2b: Kyogre|Origin Pulse|p1b: Calyrex|[spread] \n|-activate|p1a: Zamazenta|move: Wide Guard\n|-activate|p1b: Calyrex|move: Wide Guard\n|move|p1b: Calyrex|Astral Barrage|p2b: Kyogre|[spread] p2b\n|-activate|p2a: Chien-Pao|move: Protect\n|-damage|p2b: Kyogre|0 fnt\n|faint|p2b: Kyogre\n|-ability|p1b: Calyrex|Grim Neigh|boost\n|-boost|p1b: Calyrex|spa|1\n|-damage|p1b: Calyrex|62/100|[from] item: Life Orb\n|\n|-weather|RainDance|[upkeep]\n|upkeep\n|turn|7\n|inactive|Chrizanagi has 30 seconds left.\n|\n|t:|1745952490\n|-terastallize|p2a: Chien-Pao|Ghost\n|move|p2a: Chien-Pao|Throat Chop|p1b: Calyrex\n|-damage|p1b: Calyrex|5/100\n|-start|p1b: Calyrex|Throat Chop|[silent]\n|move|p1b: Calyrex|Draining Kiss|p2a: Chien-Pao\n|-enditem|p2a: Chien-Pao|Focus Sash\n|-damage|p2a: Chien-Pao|1/100\n|-heal|p1b: Calyrex|71/100|[from] drain|[of] p2a: Chien-Pao\n|-damage|p1b: Calyrex|61/100|[from] item: Life Orb\n|move|p1a: Zamazenta|Body Press|p2a: Chien-Pao\n|-immune|p2a: Chien-Pao\n|\n|-weather|RainDance|[upkeep]\n|upkeep\n|turn|8\n|inactive|zelert82 has 30 seconds left.\n|\n|t:|1745952516\n|switch|p1a: Ditto|Ditto, L50|100/100\n|move|p1b: Calyrex|Protect|p1b: Calyrex\n|-singleturn|p1b: Calyrex|Protect\n|move|p2a: Chien-Pao|Throat Chop|p1b: Calyrex\n|-activate|p1b: Calyrex|move: Protect\n|\n|-weather|none\n|-end|p1b: Calyrex|Throat Chop|[silent]\n|-sideend|p2: Chrizanagi|move: Tailwind\n|upkeep\n|turn|9\n|\n|t:|1745952537\n|move|p1b: Calyrex|Astral Barrage|p2a: Chien-Pao\n|-supereffective|p2a: Chien-Pao\n|-damage|p2a: Chien-Pao|0 fnt\n|faint|p2a: Chien-Pao\n|-damage|p1b: Calyrex|52/100|[from] item: Life Orb\n|\n|win|zelert82\n|l|\u2606Chrizanagi\n|player|p2|\n", "uploadtime": 1745953043, "views": 6, "formatid": "gen9vgc2025regibo3", "rating": null, "private": 0, "password": null}