{"id": "gen9vgc2025regibo3-2353372524", "format": "[Gen 9] VGC 2025 Reg I (Bo3)", "players": ["matteo2002", "tryson69"], "log": "|j|\u2606matteo2002\n|j|\u2606tryson69\n|html|<table width=\"100%\"><tr><td align=\"left\">matteo2002</td><td align=\"right\">tryson69</tr><tr><td align=\"left\"><i class=\"fa fa-circle\"></i> <i class=\"fa fa-circle-o\"></i> </td><td align=\"right\"><i class=\"fa fa-circle-o\"></i> <i class=\"fa fa-circle\"></i> </tr></table>\n|uhtml|bestof|<h2><strong>Game 3</strong> of <a href=\"/game-bestof3-gen9vgc2025regibo3-2353366066\">a best-of-3</a></h2>\n|t:|1745950327\n|gametype|doubles\n|player|p1|matteo2002|101|1166\n|player|p2|tryson69|1|1089\n|teamsize|p1|6\n|teamsize|p2|6\n|gen|9\n|tier|[Gen 9] VGC 2025 Reg I (Bo3)\n|rated|\n|rule|Species Clause: Limit one of each Pok\u00e9mon\n|rule|Item Clause: Limit 1 of each item\n|clearpoke\n|poke|p1|Miraidon, L50|\n|poke|p1|Farigiraf, L50, F|\n|poke|p1|Iron Hands, L50|\n|poke|p1|Ho-Oh, L50|\n|poke|p1|Ogerpon-Cornerstone, L50, F|\n|poke|p1|Iron Bundle, L50|\n|poke|p2|Lunala, L50|\n|poke|p2|Koraidon, L50|\n|poke|p2|Grimmsnarl, L50, M|\n|poke|p2|Sneasler, L50, M|\n|poke|p2|Flutter Mane, L50|\n|poke|p2|Ogerpon-Wellspring, L50, F|\n|teampreview|4\n|showteam|p1|Miraidon||ChoiceSpecs|HadronEngine|ElectroDrift,DracoMeteor,VoltSwitch,DazzlingGleam||||||50|,,,,,Fairy]Farigiraf||ElectricSeed|ArmorTail|Psychic,FoulPlay,TrickRoom,HelpingHand|||F|||50|,,,,,Fairy]Iron Hands||AssaultVest|QuarkDrive|DrainPunch,LowKick,WildCharge,FakeOut||||||50|,,,,,Water]Ho-Oh||ClearAmulet|Regenerator|Protect,SacredFire,BraveBird,Tailwind||||||50|,,,,,Grass]Ogerpon-Cornerstone||CornerstoneMask|Sturdy|IvyCudgel,PowerWhip,FollowMe,SpikyShield|||F|||50|,,,,,Rock]Iron Bundle||CovertCloak|QuarkDrive|IcyWind,FreezeDry,Taunt,Protect||||||50|,,,,,Ghost\n|showteam|p2|Lunala||PowerHerb|ShadowShield|MoongeistBeam,MeteorBeam,WideGuard,DazzlingGleam||||||50|,,,,,Fairy]Koraidon||ClearAmulet|OrichalcumPulse|CollisionCourse,FlareBlitz,FlameCharge,Protect||||||50|,,,,,Fire]Grimmsnarl||LightClay|Prankster|LightScreen,Reflect,SpiritBreak,ThunderWave|||M|||50|,,,,,Ghost]Sneasler||FocusSash|Unburden|CloseCombat,FakeOut,DireClaw,Protect|||M|||50|,,,,,Fighting]Flutter Mane||EjectButton|Protosynthesis|Moonblast,ShadowBall,IcyWind,Protect||||||50|,,,,,Fairy]Ogerpon-Wellspring||WellspringMask|WaterAbsorb|IvyCudgel,HornLeech,FollowMe,SpikyShield|||F|||50|,,,,,Water\n|\n|t:|1745950377\n|start\n|switch|p1a: Iron Hands|Iron Hands, L50|100/100\n|switch|p1b: Farigiraf|Farigiraf, L50, F|100/100\n|switch|p2a: Lunala|Lunala, L50|100/100\n|switch|p2b: Grimmsnarl|Grimmsnarl, L50, M|100/100\n|turn|1\n|\n|t:|1745950394\n|move|p1a: Iron Hands|Fake Out|p2b: Grimmsnarl\n|-damage|p2b: Grimmsnarl|85/100\n|move|p2a: Lunala|Meteor Beam||[still]\n|-prepare|p2a: Lunala|Meteor Beam\n|-boost|p2a: Lunala|spa|1\n|-enditem|p2a: Lunala|Power Herb\n|-anim|p2a: Lunala|Meteor Beam|p1b: Farigiraf\n|-damage|p1b: Farigiraf|38/100\n|cant|p2b: Grimmsnarl|flinch\n|move|p1b: Farigiraf|Trick Room|p1b: Farigiraf\n|-fieldstart|move: Trick Room|[of] p1b: Farigiraf\n|\n|upkeep\n|turn|2\n|\n|t:|1745950410\n|move|p2b: Grimmsnarl|Reflect|p2b: Grimmsnarl\n|-sidestart|p2: tryson69|Reflect\n|move|p1a: Iron Hands|Wild Charge|p2a: Lunala\n|-damage|p2a: Lunala|88/100\n|-damage|p1a: Iron Hands|98/100|[from] Recoil\n|move|p1b: Farigiraf|Foul Play|p2a: Lunala\n|-supereffective|p2a: Lunala\n|-damage|p2a: Lunala|45/100\n|move|p2a: Lunala|Dazzling Gleam|p1a: Iron Hands|[spread] p1a,p1b\n|-supereffective|p1a: Iron Hands\n|-crit|p1a: Iron Hands\n|-damage|p1a: Iron Hands|42/100\n|-damage|p1b: Farigiraf|8/100\n|\n|upkeep\n|turn|3\n|\n|t:|1745950439\n|-end|p1a: Iron Hands|Quark Drive|[silent]\n|switch|p1a: Ho-Oh|Ho-Oh, L50|100/100\n|move|p1b: Farigiraf|Foul Play|p2a: Lunala\n|-supereffective|p2a: Lunala\n|-damage|p2a: Lunala|3/100\n|move|p2b: Grimmsnarl|Spirit Break|p1a: Ho-Oh\n|-resisted|p1a: Ho-Oh\n|-damage|p1a: Ho-Oh|90/100\n|move|p2a: Lunala|Dazzling Gleam|p1b: Farigiraf|[spread] p1a,p1b\n|-resisted|p1a: Ho-Oh\n|-damage|p1a: Ho-Oh|78/100\n|-damage|p1b: Farigiraf|0 fnt\n|faint|p1b: Farigiraf\n|\n|upkeep\n|\n|t:|1745950451\n|switch|p1b: Iron Hands|Iron Hands, L50|42/100\n|turn|4\n|\n|t:|1745950468\n|move|p2b: Grimmsnarl|Thunder Wave|p1a: Ho-Oh\n|-status|p1a: Ho-Oh|par\n|move|p1b: Iron Hands|Wild Charge|p2a: Lunala\n|-damage|p2a: Lunala|0 fnt\n|faint|p2a: Lunala\n|-damage|p1b: Iron Hands|42/100|[from] Recoil\n|move|p1a: Ho-Oh|Sacred Fire|p2b: Grimmsnarl\n|-damage|p2b: Grimmsnarl|51/100\n|\n|upkeep\n|\n|t:|1745950480\n|switch|p2a: Koraidon|Koraidon, L50|100/100\n|-weather|SunnyDay|[from] ability: Orichalcum Pulse|[of] p2a: Koraidon\n|-activate|p2a: Koraidon|Orichalcum Pulse|[source]\n|turn|5\n|\n|t:|1745950495\n|move|p2a: Koraidon|Protect|p2a: Koraidon\n|-singleturn|p2a: Koraidon|Protect\n|move|p2b: Grimmsnarl|Light Screen|p2b: Grimmsnarl\n|-sidestart|p2: tryson69|move: Light Screen\n|move|p1b: Iron Hands|Low Kick|p2a: Koraidon\n|-activate|p2a: Koraidon|move: Protect\n|move|p1a: Ho-Oh|Tailwind|p1a: Ho-Oh\n|-sidestart|p1: matteo2002|move: Tailwind\n|\n|-weather|SunnyDay|[upkeep]\n|-fieldend|move: Trick Room\n|upkeep\n|turn|6\n|\n|t:|1745950512\n|-terastallize|p2a: Koraidon|Fire\n|move|p2a: Koraidon|Flame Charge|p1b: Iron Hands\n|-damage|p1b: Iron Hands|0 fnt\n|-boost|p2a: Koraidon|spe|1\n|faint|p1b: Iron Hands\n|-end|p1b: Iron Hands|Quark Drive|[silent]\n|move|p1a: Ho-Oh|Sacred Fire|p2b: Grimmsnarl\n|-damage|p2b: Grimmsnarl|0 fnt\n|faint|p2b: Grimmsnarl\n|\n|-weather|SunnyDay|[upkeep]\n|upkeep\n|\n|t:|1745950523\n|switch|p2b: Sneasler|Sneasler, L50, M|100/100\n|switch|p1b: Miraidon|Miraidon, L50|100/100\n|-fieldstart|move: Electric Terrain|[from] ability: Hadron Engine|[of] p1b: Miraidon\n|turn|7\n|\n|t:|1745950540\n|move|p2b: Sneasler|Fake Out|p1b: Miraidon\n|-damage|p1b: Miraidon|86/100\n|cant|p1b: Miraidon|flinch\n|move|p2a: Koraidon|Flame Charge|p1a: Ho-Oh\n|-resisted|p1a: Ho-Oh\n|-damage|p1a: Ho-Oh|54/100 par\n|-boost|p2a: Koraidon|spe|1\n|move|p1a: Ho-Oh|Sacred Fire|p2b: Sneasler\n|-damage|p2b: Sneasler|14/100\n|-status|p2b: Sneasler|brn\n|\n|-weather|SunnyDay|[upkeep]\n|-damage|p2b: Sneasler|8/100 brn|[from] brn\n|upkeep\n|turn|8\n|\n|t:|1745950560\n|move|p1b: Miraidon|Electro Drift|p2a: Koraidon\n|-damage|p2a: Koraidon|9/100\n|move|p2a: Koraidon|Flare Blitz|p1b: Miraidon\n|-resisted|p1b: Miraidon\n|-damage|p1b: Miraidon|26/100\n|-status|p1b: Miraidon|brn\n|-damage|p2a: Koraidon|0 fnt|[from] Recoil\n|faint|p2a: Koraidon\n|move|p2b: Sneasler|Dire Claw|p1b: Miraidon\n|-damage|p1b: Miraidon|3/100 brn\n|move|p1a: Ho-Oh|Brave Bird|p2b: Sneasler\n|-supereffective|p2b: Sneasler\n|-damage|p2b: Sneasler|0 fnt\n|faint|p2b: Sneasler\n|-damage|p1a: Ho-Oh|52/100 par|[from] Recoil\n|\n|win|matteo2002\n|raw|matteo2002's rating: 1166 &rarr; <strong>1186</strong><br />(+20 for winning)\n|raw|tryson69's rating: 1089 &rarr; <strong>1071</strong><br />(-18 for losing)\n", "uploadtime": 1745950565, "views": 9, "formatid": "gen9vgc2025regibo3", "rating": 1071, "private": 0, "password": null}