{"id": "gen9vgc2025regibo3-2354190302", "format": "[Gen 9] VGC 2025 Reg I (Bo3)", "players": ["sorecruiser", "Jokinmartin14"], "log": "|j|\u2606sorecruiser\n|j|\u2606Jokinmartin14\n|html|<table width=\"100%\"><tr><td align=\"left\">sorecruiser</td><td align=\"right\">Jokinmartin14</tr><tr><td align=\"left\"><i class=\"fa fa-circle-o\"></i> <i class=\"fa fa-circle-o\"></i> </td><td align=\"right\"><i class=\"fa fa-circle-o\"></i> <i class=\"fa fa-circle-o\"></i> </tr></table>\n|uhtml|bestof|<h2><strong>Game 1</strong> of <a href=\"/game-bestof3-gen9vgc2025regibo3-2354190301\">a best-of-3</a></h2>\n|t:|1746043003\n|gametype|doubles\n|player|p1|sorecruiser|170|1051\n|player|p2|Jokinmartin14|blackbelt|1050\n|teamsize|p1|6\n|teamsize|p2|6\n|gen|9\n|tier|[Gen 9] VGC 2025 Reg I (Bo3)\n|rated|\n|rule|Species Clause: Limit one of each Pok\u00e9mon\n|rule|Item Clause: Limit 1 of each item\n|clearpoke\n|poke|p1|Calyrex-Shadow, L50|\n|poke|p1|Whimsicott, L50, M|\n|poke|p1|Rillaboom, L50, F|\n|poke|p1|Koraidon, L50|\n|poke|p1|Farigiraf, L50, M|\n|poke|p1|Chi-Yu, L50|\n|poke|p2|Groudon, L50|\n|poke|p2|Miraidon, L50|\n|poke|p2|Urshifu-*, L50, M|\n|poke|p2|Flutter Mane, L50|\n|poke|p2|Farigiraf, L50, M|\n|poke|p2|Whimsicott, L50, F|\n|teampreview|4\n|showteam|p1|Calyrex-Shadow||FocusSash|AsOneSpectrier|AstralBarrage,Psyshock,PollenPuff,Protect||||||50|,,,,,Ghost]Whimsicott||CovertCloak|Prankster|Tailwind,Encore,LightScreen,Moonblast|||M|||50|,,,,,Dark]Rillaboom||AssaultVest|GrassySurge|Uturn,GrassyGlide,WoodHammer,FakeOut|||F|||50|,,,,,Water]Koraidon||ClearAmulet|OrichalcumPulse|FlareBlitz,CollisionCourse,FlameCharge,Protect||||||50|,,,,,Fire]Farigiraf||SafetyGoggles|ArmorTail|PsychicNoise,FoulPlay,HelpingHand,TrickRoom|||M|||50|,,,,,Water]Chi-Yu||ChoiceScarf|BeadsofRuin|Snarl,Overheat,DarkPulse,HeatWave||||||50|,,,,,Ghost\n|showteam|p2|Groudon||AssaultVest|Drought|Eruption,Flamethrower,Thunderbolt,EarthPower||||||50|,,,,,Fire]Miraidon||ChoiceSpecs|HadronEngine|VoltSwitch,SolarBeam,Discharge,DazzlingGleam||||||50|,,,,,Fairy]Urshifu||FocusSash|UnseenFist|WickedBlow,SuckerPunch,CloseCombat,Detect|||M|||50|,,,,,Dark]Flutter Mane||BoosterEnergy|Protosynthesis|Moonblast,IcyWind,Taunt,Protect||||||50|,,,,,Normal]Farigiraf||ElectricSeed|ArmorTail|FoulPlay,Psychic,HelpingHand,TrickRoom|||M|||50|,,,,,Bug]Whimsicott||CovertCloak|Prankster|Tailwind,Encore,FakeTears,Moonblast|||F|||50|,,,,,Dark\n|inactive|Battle timer is ON: inactive players will automatically lose when time's up. (requested by Jokinmartin14)\n|inactive|sorecruiser has 60 seconds left.\n|inactive|Jokinmartin14 has 60 seconds left.\n|\n|t:|1746043058\n|start\n|switch|p1a: Whimsicott|Whimsicott, L50, M|100/100\n|switch|p1b: Chi-Yu|Chi-Yu, L50|100/100\n|switch|p2a: Farigiraf|Farigiraf, L50, M, shiny|100/100\n|switch|p2b: Miraidon|Miraidon, L50|100/100\n|-ability|p1b: Chi-Yu|Beads of Ruin\n|-fieldstart|move: Electric Terrain|[from] ability: Hadron Engine|[of] p2b: Miraidon\n|-enditem|p2a: Farigiraf|Electric Seed\n|-boost|p2a: Farigiraf|def|1|[from] item: Electric Seed\n|turn|1\n|inactive|Jokinmartin14 has 30 seconds left.\n|inactive|Jokinmartin14 has 20 seconds left.\n|inactive|Jokinmartin14 has 15 seconds left.\n|inactive|Jokinmartin14 has 10 seconds left.\n|\n|t:|1746043106\n|move|p2a: Farigiraf|Helping Hand|p2b: Miraidon\n|-singleturn|p2b: Miraidon|Helping Hand|[of] p2a: Farigiraf\n|move|p1a: Whimsicott|Light Screen|p1a: Whimsicott\n|-sidestart|p1: sorecruiser|move: Light Screen\n|move|p1b: Chi-Yu|Snarl|p2b: Miraidon|[spread] p2a,p2b\n|-supereffective|p2a: Farigiraf\n|-damage|p2a: Farigiraf|35/100\n|-damage|p2b: Miraidon|68/100\n|-unboost|p2a: Farigiraf|spa|1\n|-unboost|p2b: Miraidon|spa|1\n|move|p2b: Miraidon|Discharge|p1a: Whimsicott|[spread] p2a,p1a,p1b\n|-resisted|p1a: Whimsicott\n|-crit|p1b: Chi-Yu\n|-damage|p2a: Farigiraf|0 fnt\n|-damage|p1a: Whimsicott|57/100\n|-damage|p1b: Chi-Yu|0 fnt\n|faint|p2a: Farigiraf\n|faint|p1b: Chi-Yu\n|\n|upkeep\n|\n|t:|1746043123\n|switch|p1b: Koraidon|Koraidon, L50|100/100\n|switch|p2a: Urshifu|Urshifu, L50, M|100/100\n|-weather|SunnyDay|[from] ability: Orichalcum Pulse|[of] p1b: Koraidon\n|-activate|p1b: Koraidon|Orichalcum Pulse|[source]\n|turn|2\n|\n|t:|1746043145\n|switch|p1b: Rillaboom|Rillaboom, L50, F|100/100\n|-fieldstart|move: Grassy Terrain|[from] ability: Grassy Surge|[of] p1b: Rillaboom\n|move|p2a: Urshifu|Detect|p2a: Urshifu\n|-singleturn|p2a: Urshifu|Protect\n|move|p1a: Whimsicott|Tailwind|p1a: Whimsicott\n|-sidestart|p1: sorecruiser|move: Tailwind\n|move|p2b: Miraidon|Discharge|p1a: Whimsicott|[spread] p1a,p1b\n|-activate|p2a: Urshifu|move: Protect\n|-resisted|p1a: Whimsicott\n|-resisted|p1b: Rillaboom\n|-damage|p1a: Whimsicott|45/100\n|-damage|p1b: Rillaboom|93/100\n|\n|-weather|SunnyDay|[upkeep]\n|-heal|p1a: Whimsicott|51/100|[from] Grassy Terrain\n|-heal|p1b: Rillaboom|99/100|[from] Grassy Terrain\n|-heal|p2b: Miraidon|75/100|[from] Grassy Terrain\n|upkeep\n|turn|3\n|inactive|Jokinmartin14 has 30 seconds left.\n|\n|t:|1746043174\n|switch|p2b: Flutter Mane|Flutter Mane, L50, shiny|100/100\n|-activate|p2b: Flutter Mane|ability: Protosynthesis\n|-start|p2b: Flutter Mane|protosynthesisspe\n|move|p1a: Whimsicott|Moonblast|p2a: Urshifu\n|-supereffective|p2a: Urshifu\n|-enditem|p2a: Urshifu|Focus Sash\n|-damage|p2a: Urshifu|1/100\n|move|p1b: Rillaboom|U-turn|p2a: Urshifu\n|-damage|p2a: Urshifu|0 fnt\n|faint|p2a: Urshifu\n|\n|t:|1746043184\n|switch|p1b: Koraidon|Koraidon, L50|100/100|[from] U-turn\n|-activate|p1b: Koraidon|ability: Orichalcum Pulse\n|\n|-weather|SunnyDay|[upkeep]\n|-heal|p1a: Whimsicott|57/100|[from] Grassy Terrain\n|upkeep\n|\n|t:|1746043191\n|switch|p2a: Miraidon|Miraidon, L50|75/100\n|-fieldstart|move: Electric Terrain|[from] ability: Hadron Engine|[of] p2a: Miraidon\n|turn|4\n|\n|t:|1746043201\n|-terastallize|p1b: Koraidon|Fire\n|-terastallize|p2a: Miraidon|Fairy\n|move|p1b: Koraidon|Collision Course|p2a: Miraidon\n|-resisted|p2a: Miraidon\n|-damage|p2a: Miraidon|38/100\n|move|p1a: Whimsicott|Moonblast|p2a: Miraidon\n|-damage|p2a: Miraidon|15/100\n|-unboost|p2a: Miraidon|spa|1\n|move|p2b: Flutter Mane|Icy Wind|p1b: Koraidon|[spread] p1a,p1b\n|-supereffective|p1a: Whimsicott\n|-resisted|p1b: Koraidon\n|-damage|p1a: Whimsicott|37/100\n|-damage|p1b: Koraidon|97/100\n|move|p2a: Miraidon|Dazzling Gleam|p1a: Whimsicott|[spread] p1a,p1b\n|-resisted|p1b: Koraidon\n|-damage|p1a: Whimsicott|0 fnt\n|-damage|p1b: Koraidon|84/100\n|faint|p1a: Whimsicott\n|\n|-weather|SunnyDay|[upkeep]\n|upkeep\n|\n|t:|1746043218\n|switch|p1a: Rillaboom|Rillaboom, L50, F|99/100\n|-fieldstart|move: Grassy Terrain|[from] ability: Grassy Surge|[of] p1a: Rillaboom\n|turn|5\n|\n|t:|1746043230\n|move|p1a: Rillaboom|Grassy Glide|p2a: Miraidon\n|-damage|p2a: Miraidon|0 fnt\n|faint|p2a: Miraidon\n|move|p1b: Koraidon|Flare Blitz|p2b: Flutter Mane\n|-damage|p2b: Flutter Mane|0 fnt\n|faint|p2b: Flutter Mane\n|-end|p2b: Flutter Mane|Protosynthesis|[silent]\n|-damage|p1b: Koraidon|54/100|[from] Recoil\n|\n|win|sorecruiser\n|raw|sorecruiser's rating: 1051 &rarr; <strong>1083</strong><br />(+32 for winning)\n|raw|Jokinmartin14's rating: 1050 &rarr; <strong>1033</strong><br />(-17 for losing)\n", "uploadtime": 1746043238, "views": 26, "formatid": "gen9vgc2025regibo3", "rating": 1033, "private": 0, "password": null}