{"id": "gen9vgc2025regibo3-2354158405", "format": "[Gen 9] VGC 2025 Reg I (Bo3)", "players": ["TawanLima", "myadora"], "log": "|j|\u2606TawanLima\n|j|\u2606myadora\n|html|<table width=\"100%\"><tr><td align=\"left\">TawanLima</td><td align=\"right\">myadora</tr><tr><td align=\"left\"><i class=\"fa fa-circle-o\"></i> <i class=\"fa fa-circle-o\"></i> </td><td align=\"right\"><i class=\"fa fa-circle-o\"></i> <i class=\"fa fa-circle-o\"></i> </tr></table>\n|uhtml|bestof|<h2><strong>Game 1</strong> of <a href=\"/game-bestof3-gen9vgc2025regibo3-2354158404\">a best-of-3</a></h2>\n|t:|1746039943\n|gametype|doubles\n|player|p1|TawanLima|veteran|\n|player|p2|myadora|volo|\n|teamsize|p1|6\n|teamsize|p2|6\n|gen|9\n|tier|[Gen 9] VGC 2025 Reg I (Bo3)\n|rule|Species Clause: Limit one of each Pok\u00e9mon\n|rule|Item Clause: Limit 1 of each item\n|clearpoke\n|poke|p1|Whimsicott, L50, F|\n|poke|p1|Garganacl, L50, M|\n|poke|p1|Incineroar, L50, M|\n|poke|p1|Ditto, L50|\n|poke|p1|Palkia-Origin, L50|\n|poke|p1|Kyogre, L50|\n|poke|p2|Zacian-*, L50|\n|poke|p2|Calyrex-Shadow, L50|\n|poke|p2|Tornadus, L50, M|\n|poke|p2|Urshifu-*, L50, M|\n|poke|p2|Amoonguss, L50, M|\n|poke|p2|Landorus-Therian, L50, M|\n|teampreview|4\n|showteam|p1|Whimsicott||FocusSash|Prankster|Uturn,Tailwind,Protect,LeechSeed|||F|||50|,,,,,Grass]Garganacl||RockyHelmet|PurifyingSalt|SaltCure,Protect,WideGuard,RockSlide|||M|||50|,,,,,Rock]Incineroar||Leftovers|Intimidate|FakeOut,PartingShot,FlareBlitz,Protect|||M|||50|,,,,,Fire]Ditto||LifeOrb|Imposter|Transform||||||50|,,,,,Normal]Palkia-Origin||LustrousGlobe|Pressure|SpacialRend,HydroPump,AuraSphere,Protect||||||50|,,,,,Water]Kyogre||SafetyGoggles|Drizzle|OriginPulse,Thunder,Protect,CalmMind||||||50|,,,,,Water\n|showteam|p2|Zacian-Crowned||RustedSword|IntrepidSword|behemothblade,SacredSword,PlayRough,Protect||||||50|,,,,,Fairy]Calyrex-Shadow||LifeOrb|AsOneSpectrier|AstralBarrage,Protect,ExpandingForce,TeraBlast||||||50|,,,,,Electric]Tornadus||CovertCloak|Prankster|Tailwind,Taunt,BleakwindStorm,Protect|||M|||50|,,,,,Dark]Urshifu||FocusSash|UnseenFist|WickedBlow,CloseCombat,SuckerPunch,Uturn|||M|||50|,,,,,Poison]Amoonguss||RockyHelmet|Regenerator|RagePowder,Spore,PollenPuff,Protect|||M|||50|,,,,,Water]Landorus-Therian||AssaultVest|Intimidate|Earthquake,RockSlide,Uturn,StompingTantrum|||M|||50|,,,,,Flying\n|inactive|Battle timer is ON: inactive players will automatically lose when time's up. (requested by TawanLima)\n|inactive|TawanLima has 60 seconds left.\n|inactive|myadora has 60 seconds left.\n|\n|t:|1746039989\n|start\n|switch|p1a: Gatito|Incineroar, L50, M, shiny|100/100\n|switch|p1b: Omega Aniquiladora|Whimsicott, L50, F|100/100\n|switch|p2a: Cachorro|Zacian-Crowned, L50, shiny|100/100\n|switch|p2b: Tuf\u00e3o|Tornadus, L50, M|100/100\n|-ability|p2a: Cachorro|Intrepid Sword|boost\n|-boost|p2a: Cachorro|atk|1\n|-ability|p1a: Gatito|Intimidate|boost\n|-unboost|p2a: Cachorro|atk|1\n|-unboost|p2b: Tuf\u00e3o|atk|1\n|turn|1\n|inactive|TawanLima has 30 seconds left.\n|inactive|myadora has 30 seconds left.\n|inactive|TawanLima has 20 seconds left.\n|\n|t:|1746040029\n|move|p1b: Omega Aniquiladora|Tailwind|p1b: Omega Aniquiladora\n|-sidestart|p1: TawanLima|move: Tailwind\n|move|p2b: Tuf\u00e3o|Tailwind|p2b: Tuf\u00e3o\n|-sidestart|p2: myadora|move: Tailwind\n|move|p2a: Cachorro|Behemoth Blade|p1b: Omega Aniquiladora\n|-supereffective|p1b: Omega Aniquiladora\n|-enditem|p1b: Omega Aniquiladora|Focus Sash\n|-damage|p1b: Omega Aniquiladora|1/100\n|move|p1a: Gatito|Flare Blitz|p2a: Cachorro\n|-supereffective|p2a: Cachorro\n|-damage|p2a: Cachorro|0 fnt\n|faint|p2a: Cachorro\n|-damage|p1a: Gatito|73/100|[from] Recoil\n|\n|-heal|p1a: Gatito|79/100|[from] item: Leftovers\n|upkeep\n|\n|t:|1746040048\n|switch|p2a: Alucin\u00f3geno|Amoonguss, L50, M, shiny|100/100\n|turn|2\n|\n|t:|1746040066\n|move|p2a: Alucin\u00f3geno|Protect|p2a: Alucin\u00f3geno\n|-singleturn|p2a: Alucin\u00f3geno|Protect\n|move|p1b: Omega Aniquiladora|Leech Seed|p2a: Alucin\u00f3geno\n|-activate|p2a: Alucin\u00f3geno|move: Protect\n|move|p2b: Tuf\u00e3o|Bleakwind Storm|p1b: Omega Aniquiladora|[spread] p1a,p1b\n|-supereffective|p1b: Omega Aniquiladora\n|-damage|p1a: Gatito|54/100\n|-damage|p1b: Omega Aniquiladora|0 fnt\n|-unboost|p1a: Gatito|spe|1\n|faint|p1b: Omega Aniquiladora\n|move|p1a: Gatito|Flare Blitz|p2a: Alucin\u00f3geno\n|-activate|p2a: Alucin\u00f3geno|move: Protect\n|\n|-heal|p1a: Gatito|60/100|[from] item: Leftovers\n|upkeep\n|\n|t:|1746040081\n|switch|p1b: Kyogre|Kyogre, L50|100/100\n|-weather|RainDance|[from] ability: Drizzle|[of] p1b: Kyogre\n|turn|3\n|inactive|myadora has 30 seconds left.\n|inactive|myadora has 20 seconds left.\n|inactive|myadora has 15 seconds left.\n|\n|t:|1746040126\n|move|p2a: Alucin\u00f3geno|Rage Powder|p2a: Alucin\u00f3geno\n|-singleturn|p2a: Alucin\u00f3geno|move: Rage Powder\n|move|p2b: Tuf\u00e3o|Bleakwind Storm|p1a: Gatito|[spread] p1a,p1b\n|-damage|p1a: Gatito|33/100\n|-damage|p1b: Kyogre|80/100\n|-unboost|p1a: Gatito|spe|1\n|move|p1b: Kyogre|Origin Pulse|p2b: Tuf\u00e3o|[spread] p2b\n|-miss|p1b: Kyogre|p2a: Alucin\u00f3geno\n|-damage|p2b: Tuf\u00e3o|17/100\n|move|p1a: Gatito|Flare Blitz|p2a: Alucin\u00f3geno\n|-supereffective|p2a: Alucin\u00f3geno\n|-damage|p2a: Alucin\u00f3geno|64/100\n|-damage|p1a: Gatito|16/100|[from] item: Rocky Helmet|[of] p2a: Alucin\u00f3geno\n|-damage|p1a: Gatito|3/100|[from] Recoil\n|\n|-weather|RainDance|[upkeep]\n|-heal|p1a: Gatito|9/100|[from] item: Leftovers\n|upkeep\n|turn|4\n|inactive|TawanLima has 30 seconds left.\n|inactive|TawanLima has 20 seconds left.\n|inactive|TawanLima has 15 seconds left.\n|inactive|TawanLima has 10 seconds left.\n|\n|t:|1746040175\n|move|p2a: Alucin\u00f3geno|Protect|p2a: Alucin\u00f3geno\n|-singleturn|p2a: Alucin\u00f3geno|Protect\n|move|p2b: Tuf\u00e3o|Bleakwind Storm|p1a: Gatito|[spread] p1a,p1b\n|-damage|p1a: Gatito|0 fnt\n|-damage|p1b: Kyogre|60/100\n|-unboost|p1b: Kyogre|spe|1\n|faint|p1a: Gatito\n|move|p1b: Kyogre|Calm Mind|p1b: Kyogre\n|-boost|p1b: Kyogre|spa|1\n|-boost|p1b: Kyogre|spd|1\n|\n|-weather|RainDance|[upkeep]\n|-sideend|p2: myadora|move: Tailwind\n|-sideend|p1: TawanLima|move: Tailwind\n|upkeep\n|\n|t:|1746040186\n|switch|p1a: Roberto|Palkia-Origin, L50|100/100\n|-ability|p1a: Roberto|Pressure\n|turn|5\n|inactive|TawanLima has 30 seconds left.\n|\n|t:|1746040220\n|move|p2b: Tuf\u00e3o|Tailwind|p2b: Tuf\u00e3o\n|-sidestart|p2: myadora|move: Tailwind\n|move|p1a: Roberto|Spacial Rend|p2b: Tuf\u00e3o\n|-damage|p2b: Tuf\u00e3o|0 fnt\n|faint|p2b: Tuf\u00e3o\n|move|p2a: Alucin\u00f3geno|Spore|p1a: Roberto\n|-status|p1a: Roberto|slp|[from] move: Spore\n|move|p1b: Kyogre|Origin Pulse|p2a: Alucin\u00f3geno\n|-resisted|p2a: Alucin\u00f3geno\n|-damage|p2a: Alucin\u00f3geno|0 fnt\n|faint|p2a: Alucin\u00f3geno\n|\n|-weather|RainDance|[upkeep]\n|upkeep\n|\n|t:|1746040231\n|switch|p2b: Coelho e cavalo|Calyrex-Shadow, L50|100/100\n|-ability|p2b: Coelho e cavalo|As One\n|-ability|p2b: Coelho e cavalo|Unnerve\n|turn|6\n|inactive|TawanLima has 30 seconds left.\n|inactive|myadora has 30 seconds left.\n|\n|t:|1746040262\n|move|p1b: Kyogre|Protect|p1b: Kyogre\n|-singleturn|p1b: Kyogre|Protect\n|move|p2b: Coelho e cavalo|Astral Barrage|p1a: Roberto|[spread] p1a\n|-activate|p1b: Kyogre|move: Protect\n|-damage|p1a: Roberto|44/100 slp\n|-damage|p2b: Coelho e cavalo|91/100|[from] item: Life Orb\n|cant|p1a: Roberto|slp\n|\n|-weather|RainDance|[upkeep]\n|upkeep\n|turn|7\n|c|\u2606myadora|ta no pc?\n|inactive|TawanLima has 30 seconds left.\n|c|\u2606myadora|to com o discord aberto\n|c|\u2606TawanLima|sim\n|inactive|TawanLima has 20 seconds left.\n|inactive|TawanLima has 15 seconds left.\n|inactive|TawanLima has 10 seconds left.\n|inactive|TawanLima has 5 seconds left.\n|\n|t:|1746040317\n|move|p2b: Coelho e cavalo|Astral Barrage|p1b: Kyogre|[spread] p1a,p1b\n|-crit|p1a: Roberto\n|-damage|p1a: Roberto|0 fnt\n|-damage|p1b: Kyogre|27/100\n|faint|p1a: Roberto\n|-ability|p2b: Coelho e cavalo|Grim Neigh|boost\n|-boost|p2b: Coelho e cavalo|spa|1\n|-damage|p2b: Coelho e cavalo|81/100|[from] item: Life Orb\n|move|p1b: Kyogre|Origin Pulse|p2b: Coelho e cavalo|[miss]\n|-miss|p1b: Kyogre|p2b: Coelho e cavalo\n|\n|-weather|none\n|upkeep\n|turn|8\n|inactive|TawanLima has 30 seconds left.\n|inactive|TawanLima has 20 seconds left.\n|c|\u2606TawanLima|to l\u00e1\n|inactive|TawanLima has 15 seconds left.\n|\n|t:|1746040358\n|-terastallize|p2b: Coelho e cavalo|Electric\n|move|p1b: Kyogre|Protect|p1b: Kyogre\n|-singleturn|p1b: Kyogre|Protect\n|move|p2b: Coelho e cavalo|Tera Blast|p1b: Kyogre|[anim] Tera Blast Electric\n|-activate|p1b: Kyogre|move: Protect\n|\n|-sideend|p2: myadora|move: Tailwind\n|upkeep\n|turn|9\n|c|\u2606TawanLima|aqui eu perdi\n|inactive|TawanLima has 30 seconds left.\n|inactive|myadora has 30 seconds left.\n|inactive|TawanLima has 20 seconds left.\n|inactive|myadora has 20 seconds left.\n|inactive|TawanLima has 15 seconds left.\n|inactive|myadora has 15 seconds left.\n|inactive|TawanLima has 10 seconds left.\n|inactive|myadora has 10 seconds left.\n|inactive|myadora has 5 seconds left.\n|\n|t:|1746040409\n|-terastallize|p1b: Kyogre|Water\n|move|p2b: Coelho e cavalo|Tera Blast|p1b: Kyogre|[anim] Tera Blast Electric\n|-supereffective|p1b: Kyogre\n|-damage|p1b: Kyogre|0 fnt\n|faint|p1b: Kyogre\n|-damage|p2b: Coelho e cavalo|72/100|[from] item: Life Orb\n|\n|win|myadora\n||TawanLima is ready for game 2.\n|inactive|myadora has 30 seconds to confirm battle start!\n|l|\u2606myadora\n|player|p2|\n||myadora is ready for game 2.\n|uhtml|next|Next: <a href=\"/battle-gen9vgc2025regibo3-2354163511\"><strong>Game 2 of 3</strong></a>\n", "uploadtime": 1746040622, "views": 5, "formatid": "gen9vgc2025regibo3", "rating": null, "private": 0, "password": null}