{"id": "gen9vgc2025regibo3-2354093013", "format": "[Gen 9] VGC 2025 Reg I (Bo3)", "players": ["mavvyvgc", "Minustrian"], "log": "|j|\u2606mavvyvgc\n|j|\u2606Minustrian\n|html|<table width=\"100%\"><tr><td align=\"left\">mavvyvgc</td><td align=\"right\">Minustrian</tr><tr><td align=\"left\"><i class=\"fa fa-circle-o\"></i> <i class=\"fa fa-circle-o\"></i> </td><td align=\"right\"><i class=\"fa fa-circle-o\"></i> <i class=\"fa fa-circle-o\"></i> </tr></table>\n|uhtml|bestof|<h2><strong>Game 1</strong> of <a href=\"/game-bestof3-gen9vgc2025regibo3-2354093012\">a best-of-3</a></h2>\n|t:|1746034237\n|gametype|doubles\n|player|p1|mavvyvgc|riley|1041\n|player|p2|Minustrian|candice|1000\n|teamsize|p1|6\n|teamsize|p2|6\n|gen|9\n|tier|[Gen 9] VGC 2025 Reg I (Bo3)\n|rated|\n|rule|Species Clause: Limit one of each Pok\u00e9mon\n|rule|Item Clause: Limit 1 of each item\n|clearpoke\n|poke|p1|Calyrex-Shadow, L50|\n|poke|p1|Kyurem, L50|\n|poke|p1|Slowking, L50, M|\n|poke|p1|Ninetales-Alola, L50, M|\n|poke|p1|Tornadus, L50, M|\n|poke|p1|Incineroar, L50, M|\n|poke|p2|Kyogre, L50|\n|poke|p2|Zacian-*, L50|\n|poke|p2|Incineroar, L50, M|\n|poke|p2|Indeedee-F, L50, F|\n|poke|p2|Tornadus, L50, M|\n|poke|p2|Landorus, L50, M|\n|teampreview|4\n|showteam|p1|Calyrex-Shadow||FocusSash|AsOneSpectrier|DarkPulse,AstralBarrage,NastyPlot,Protect||||||50|,,,,,Dark]Kyurem||NeverMeltIce|Pressure|DracoMeteor,Protect,Glaciate,Blizzard||||||50|,,,,,Fire]Slowking||RockyHelmet|Oblivious|Psychic,TrickRoom,ChillyReception,HydroPump|||M|||50|,,,,,Water]Ninetales-Alola||LifeOrb|SnowWarning|Moonblast,FreezeDry,Blizzard,Protect|||M|||50|,,,,,Electric]Tornadus||CovertCloak|Prankster|Tailwind,WeatherBall,Protect,Snowscape|||M|||50|,,,,,Dark]Incineroar||AssaultVest|Intimidate|FakeOut,KnockOff,FlareBlitz,Uturn|||M|||50|,,,,,Fire\n|showteam|p2|Kyogre||ChoiceScarf|Drizzle|WaterSpout,OriginPulse,IceBeam,Thunder||||||50|,,,,,Water]Zacian-Crowned||RustedSword|IntrepidSword|behemothblade,PlayRough,SacredSword,Protect||||||50|,,,,,Fairy]Incineroar||RockyHelmet|Intimidate|FakeOut,PartingShot,WillOWisp,KnockOff|||M|||50|,,,,,Ghost]Indeedee-F||SafetyGoggles|PsychicSurge|FollowMe,TrickRoom,HelpingHand,Psychic|||F|||50|,,,,,Steel]Tornadus||CovertCloak|Prankster|BleakwindStorm,RainDance,Tailwind,Taunt|||M|||50|,,,,,Dark]Landorus||LifeOrb|SheerForce|EarthPower,SludgeBomb,SandsearStorm,Protect|||M|||50|,,,,,Poison\n|inactive|Battle timer is ON: inactive players will automatically lose when time's up. (requested by Minustrian)\n|inactive|mavvyvgc has 60 seconds left.\n|inactive|Minustrian has 60 seconds left.\n|inactive|Minustrian has 30 seconds left.\n|\n|t:|1746034303\n|start\n|switch|p1a: Incineroar|Incineroar, L50, M|100/100\n|switch|p1b: Slowking|Slowking, L50, M|100/100\n|switch|p2a: Ruru|Zacian-Crowned, L50|100/100\n|switch|p2b: Bubbles|Tornadus, L50, M|100/100\n|-ability|p2a: Ruru|Intrepid Sword|boost\n|-boost|p2a: Ruru|atk|1\n|-ability|p1a: Incineroar|Intimidate|boost\n|-unboost|p2a: Ruru|atk|1\n|-unboost|p2b: Bubbles|atk|1\n|turn|1\n|inactive|Minustrian has 30 seconds left.\n|inactive|Minustrian has 20 seconds left.\n|\n|t:|1746034339\n|move|p1a: Incineroar|Fake Out|p2a: Ruru\n|-resisted|p2a: Ruru\n|-damage|p2a: Ruru|96/100\n|move|p2b: Bubbles|Taunt|p1b: Slowking\n|-immune|p1b: Slowking|[from] ability: Oblivious\n|cant|p2a: Ruru|flinch\n|move|p1b: Slowking|Trick Room|p1b: Slowking\n|-fieldstart|move: Trick Room|[of] p1b: Slowking\n|\n|upkeep\n|turn|2\n|c|\u2606Minustrian|wtf smart\n|inactive|mavvyvgc has 30 seconds left.\n|inactive|Minustrian has 30 seconds left.\n|\n|t:|1746034373\n|switch|p2b: Mafuyu|Kyogre, L50|100/100\n|-weather|RainDance|[from] ability: Drizzle|[of] p2b: Mafuyu\n|move|p2a: Ruru|Protect|p2a: Ruru\n|-singleturn|p2a: Ruru|Protect\n|-prepare|p1b: Slowking|Chilly Reception|[premajor]\n|move|p1b: Slowking|Chilly Reception|p1b: Slowking\n|-weather|Snowscape\n|\n|t:|1746034384\n|switch|p1b: Kyurem|Kyurem, L50|100/100|[from] Chilly Reception\n|-ability|p1b: Kyurem|Pressure\n|move|p1a: Incineroar|Flare Blitz|p2a: Ruru\n|-activate|p2a: Ruru|move: Protect\n|\n|-weather|Snowscape|[upkeep]\n|upkeep\n|turn|3\n|\n|t:|1746034407\n|switch|p2a: Liam|Incineroar, L50, M|100/100\n|-ability|p2a: Liam|Intimidate|boost\n|-unboost|p1a: Incineroar|atk|1\n|-unboost|p1b: Kyurem|atk|1\n|move|p1a: Incineroar|Flare Blitz|p2a: Liam\n|-resisted|p2a: Liam\n|-damage|p2a: Liam|90/100\n|-damage|p1a: Incineroar|84/100|[from] item: Rocky Helmet|[of] p2a: Liam\n|-damage|p1a: Incineroar|81/100|[from] Recoil\n|move|p1b: Kyurem|Draco Meteor|p2b: Mafuyu|[miss]\n|-miss|p1b: Kyurem|p2b: Mafuyu\n|move|p2b: Mafuyu|Origin Pulse|p1b: Kyurem|[spread] p1a,p1b\n|-supereffective|p1a: Incineroar\n|-resisted|p1b: Kyurem\n|-damage|p1a: Incineroar|24/100\n|-damage|p1b: Kyurem|82/100\n|\n|-weather|Snowscape|[upkeep]\n|upkeep\n|turn|4\n|inactive|Minustrian has 30 seconds left.\n|inactive|mavvyvgc has 30 seconds left.\n|inactive|Minustrian has 20 seconds left.\n|\n|t:|1746034445\n|move|p1b: Kyurem|Protect|p1b: Kyurem\n|-singleturn|p1b: Kyurem|Protect\n|move|p2a: Liam|Fake Out|p1b: Kyurem\n|-activate|p1b: Kyurem|move: Protect\n|move|p1a: Incineroar|U-turn|p2b: Mafuyu\n|-damage|p2b: Mafuyu|87/100\n|\n|t:|1746034452\n|switch|p1a: Slowking|Slowking, L50, M|100/100|[from] U-turn\n|move|p2b: Mafuyu|Origin Pulse|p1b: Kyurem|[spread] p1a\n|-activate|p1b: Kyurem|move: Protect\n|-resisted|p1a: Slowking\n|-damage|p1a: Slowking|81/100\n|\n|-weather|Snowscape|[upkeep]\n|upkeep\n|turn|5\n|inactive|mavvyvgc has 30 seconds left.\n|inactive|mavvyvgc has 20 seconds left.\n|\n|t:|1746034488\n|switch|p2b: Ruru|Zacian-Crowned, L50|96/100\n|-terastallize|p1a: Slowking|Water\n|move|p1a: Slowking|Hydro Pump|p2a: Liam\n|-supereffective|p2a: Liam\n|-damage|p2a: Liam|0 fnt\n|faint|p2a: Liam\n|move|p1b: Kyurem|Blizzard|p2b: Ruru\n|-resisted|p2b: Ruru\n|-damage|p2b: Ruru|66/100\n|\n|-weather|Snowscape|[upkeep]\n|-fieldend|move: Trick Room\n|upkeep\n|\n|t:|1746034503\n|switch|p2a: Mafuyu|Kyogre, L50|87/100\n|-weather|RainDance|[from] ability: Drizzle|[of] p2a: Mafuyu\n|turn|6\n|\n|t:|1746034516\n|move|p1b: Kyurem|Protect|p1b: Kyurem\n|-singleturn|p1b: Kyurem|Protect\n|move|p2a: Mafuyu|Thunder|p1a: Slowking\n|-supereffective|p1a: Slowking\n|-damage|p1a: Slowking|8/100\n|-status|p1a: Slowking|par\n|move|p2b: Ruru|Play Rough|p1a: Slowking|[miss]\n|-miss|p2b: Ruru|p1a: Slowking\n|move|p1a: Slowking|Trick Room|p1a: Slowking\n|-fieldstart|move: Trick Room|[of] p1a: Slowking\n|\n|-weather|RainDance|[upkeep]\n|upkeep\n|turn|7\n|c|\u2606Minustrian|FUCK\n|inactive|mavvyvgc has 30 seconds left.\n|\n|t:|1746034548\n|move|p2b: Ruru|Protect|p2b: Ruru\n|-singleturn|p2b: Ruru|Protect\n|-prepare|p1a: Slowking|Chilly Reception|[premajor]\n|move|p1a: Slowking|Chilly Reception|p1a: Slowking\n|-weather|Snowscape\n|\n|t:|1746034554\n|switch|p1a: Incineroar|Incineroar, L50, M|24/100|[from] Chilly Reception\n|-ability|p1a: Incineroar|Intimidate|boost\n|-unboost|p2a: Mafuyu|atk|1\n|-unboost|p2b: Ruru|atk|1\n|move|p1b: Kyurem|Blizzard|p2a: Mafuyu|[spread] p2a\n|-activate|p2b: Ruru|move: Protect\n|-resisted|p2a: Mafuyu\n|-damage|p2a: Mafuyu|68/100\n|move|p2a: Mafuyu|Thunder|p1a: Incineroar|[miss]\n|-miss|p2a: Mafuyu|p1a: Incineroar\n|\n|-weather|Snowscape|[upkeep]\n|upkeep\n|turn|8\n|inactive|mavvyvgc has 30 seconds left.\n|inactive|mavvyvgc has 20 seconds left.\n|inactive|mavvyvgc has 15 seconds left.\n|inactive|mavvyvgc has 10 seconds left.\n|\n|t:|1746034601\n|switch|p2b: Bubbles|Tornadus, L50, M|100/100\n|move|p1b: Kyurem|Protect|p1b: Kyurem\n|-singleturn|p1b: Kyurem|Protect\n|move|p1a: Incineroar|Flare Blitz|p2b: Bubbles\n|-damage|p2b: Bubbles|52/100\n|-damage|p1a: Incineroar|9/100|[from] Recoil\n|move|p2a: Mafuyu|Thunder|p1a: Incineroar\n|-damage|p1a: Incineroar|0 fnt\n|faint|p1a: Incineroar\n|\n|-weather|Snowscape|[upkeep]\n|upkeep\n|inactive|mavvyvgc has 30 seconds left.\n|\n|t:|1746034630\n|switch|p1a: Slowking|Slowking, L50, M, tera:Water|8/100 par\n|turn|9\n|\n|t:|1746034647\n|-terastallize|p2b: Bubbles|Dark\n|move|p1a: Slowking|Psychic|p2a: Mafuyu\n|-crit|p2a: Mafuyu\n|-damage|p2a: Mafuyu|25/100\n|-unboost|p2a: Mafuyu|spd|1\n|move|p1b: Kyurem|Glaciate|p2b: Bubbles|[spread] p2a,p2b\n|-resisted|p2a: Mafuyu\n|-crit|p2b: Bubbles\n|-damage|p2a: Mafuyu|6/100\n|-damage|p2b: Bubbles|0 fnt\n|-unboost|p2a: Mafuyu|spe|1\n|faint|p2b: Bubbles\n|move|p2a: Mafuyu|Thunder|p1a: Slowking\n|-supereffective|p1a: Slowking\n|-damage|p1a: Slowking|0 fnt\n|faint|p1a: Slowking\n|\n|-weather|Snowscape|[upkeep]\n|upkeep\n|\n|t:|1746034663\n|switch|p1a: Calyrex|Calyrex-Shadow, L50|100/100\n|switch|p2b: Ruru|Zacian-Crowned, L50|66/100\n|-ability|p1a: Calyrex|As One\n|-ability|p1a: Calyrex|Unnerve\n|turn|10\n|\n|t:|1746034673\n|move|p2b: Ruru|Protect|p2b: Ruru\n|-singleturn|p2b: Ruru|Protect\n|move|p1a: Calyrex|Protect|p1a: Calyrex\n|-singleturn|p1a: Calyrex|Protect\n|move|p1b: Kyurem|Glaciate|p2a: Mafuyu|[spread] p2a\n|-activate|p2b: Ruru|move: Protect\n|-resisted|p2a: Mafuyu\n|-damage|p2a: Mafuyu|0 fnt\n|faint|p2a: Mafuyu\n|\n|-weather|Snowscape|[upkeep]\n|-fieldend|move: Trick Room\n|upkeep\n|turn|11\n|inactive|mavvyvgc has 30 seconds left.\n|inactive|Minustrian has 30 seconds left.\n|\n|t:|1746034704\n|move|p1a: Calyrex|Astral Barrage|p2b: Ruru\n|-crit|p2b: Ruru\n|-damage|p2b: Ruru|0 fnt\n|faint|p2b: Ruru\n|\n|win|mavvyvgc\n", "uploadtime": 1746034710, "views": 13, "formatid": "gen9vgc2025regibo3", "rating": null, "private": 0, "password": null}