{"id": "gen9vgc2025regibo3-2353422988", "format": "[Gen 9] VGC 2025 Reg I (Bo3)", "players": ["grubbinpoints", "myshirtisdirty"], "log": "|j|\u2606grubbinpoints\n|j|\u2606myshirtisdirty\n|html|<table width=\"100%\"><tr><td align=\"left\">grubbinpoints</td><td align=\"right\">myshirtisdirty</tr><tr><td align=\"left\"><i class=\"fa fa-circle\"></i> <i class=\"fa fa-circle-o\"></i> </td><td align=\"right\"><i class=\"fa fa-circle-o\"></i> <i class=\"fa fa-circle\"></i> </tr></table>\n|uhtml|bestof|<h2><strong>Game 3</strong> of <a href=\"/game-bestof3-gen9vgc2025regibo3-2353416789\">a best-of-3</a></h2>\n|t:|1745954628\n|gametype|doubles\n|player|p1|grubbinpoints|266|1111\n|player|p2|myshirtisdirty|1|1190\n|teamsize|p1|6\n|teamsize|p2|6\n|gen|9\n|tier|[Gen 9] VGC 2025 Reg I (Bo3)\n|rated|\n|rule|Species Clause: Limit one of each Pok\u00e9mon\n|rule|Item Clause: Limit 1 of each item\n|clearpoke\n|poke|p1|Lunala, L50|\n|poke|p1|Koraidon, L50|\n|poke|p1|Chi-Yu, L50|\n|poke|p1|Flutter Mane, L50|\n|poke|p1|Brute Bonnet, L50|\n|poke|p1|Ursaluna, L50, M|\n|poke|p2|Koraidon, L50|\n|poke|p2|Lunala, L50|\n|poke|p2|Chi-Yu, L50|\n|poke|p2|Ursaluna, L50, F|\n|poke|p2|Brute Bonnet, L50|\n|poke|p2|Flutter Mane, L50|\n|teampreview|4\n|showteam|p1|Lunala||PowerHerb|ShadowShield|MoongeistBeam,MeteorBeam,WideGuard,TrickRoom||||||50|,,,,,Water]Koraidon||LifeOrb|OrichalcumPulse|CloseCombat,FlareBlitz,FlameCharge,Protect||||||50|,,,,,Fire]Chi-Yu||ChoiceScarf|BeadsofRuin|HeatWave,DarkPulse,Flamethrower,Snarl||||||50|,,,,,Ghost]Flutter Mane||FocusSash|Protosynthesis|Moonblast,ShadowBall,IcyWind,Protect||||||50|,,,,,Normal]Brute Bonnet||CovertCloak|Protosynthesis|Spore,RagePowder,SuckerPunch,SeedBomb||||||50|,,,,,Water]Ursaluna||FlameOrb|Guts|Facade,Earthquake,HeadlongRush,Protect|||M|||50|,,,,,Water\n|showteam|p2|Koraidon||LifeOrb|OrichalcumPulse|FlareBlitz,FlameCharge,CloseCombat,Protect||||||50|,,,,,Fire]Lunala||PowerHerb|ShadowShield|MoongeistBeam,MeteorBeam,WideGuard,TrickRoom||||||50|,,,,,Water]Chi-Yu||ChoiceScarf|BeadsofRuin|Overheat,HeatWave,DarkPulse,Snarl||||||50|,,,,,Ghost]Ursaluna||FlameOrb|Guts|Facade,Earthquake,HeadlongRush,Protect|||F|||50|,,,,,Ghost]Brute Bonnet||CovertCloak|Protosynthesis|SeedBomb,SuckerPunch,Spore,RagePowder||||||50|,,,,,Water]Flutter Mane||FocusSash|Protosynthesis|Moonblast,IcyWind,ShadowBall,Protect||||||50|,,,,,Normal\n|\n|t:|1745954665\n|start\n|switch|p1a: Koraidon|Koraidon, L50|100/100\n|switch|p1b: Flutter Mane|Flutter Mane, L50|100/100\n|switch|p2a: Lunala|Lunala, L50|100/100\n|switch|p2b: Brute Bonnet|Brute Bonnet, L50|100/100\n|-weather|SunnyDay|[from] ability: Orichalcum Pulse|[of] p1a: Koraidon\n|-activate|p1b: Flutter Mane|ability: Protosynthesis\n|-start|p1b: Flutter Mane|protosynthesisspe\n|-activate|p2b: Brute Bonnet|ability: Protosynthesis\n|-start|p2b: Brute Bonnet|protosynthesisdef\n|-activate|p1a: Koraidon|Orichalcum Pulse|[source]\n|turn|1\n|\n|t:|1745954692\n|switch|p1a: Brute Bonnet|Brute Bonnet, L50|100/100\n|-activate|p1a: Brute Bonnet|ability: Protosynthesis\n|-start|p1a: Brute Bonnet|protosynthesisdef\n|-terastallize|p2b: Brute Bonnet|Water\n|move|p1b: Flutter Mane|Moonblast|p2b: Brute Bonnet\n|-damage|p2b: Brute Bonnet|62/100\n|move|p2b: Brute Bonnet|Spore|p1b: Flutter Mane\n|-status|p1b: Flutter Mane|slp|[from] move: Spore\n|move|p2a: Lunala|Trick Room|p2a: Lunala\n|-fieldstart|move: Trick Room|[of] p2a: Lunala\n|\n|-weather|SunnyDay|[upkeep]\n|upkeep\n|turn|2\n|\n|t:|1745954727\n|cant|p1b: Flutter Mane|slp\n|move|p2b: Brute Bonnet|Seed Bomb|p1b: Flutter Mane\n|-damage|p1b: Flutter Mane|24/100 slp\n|move|p1a: Brute Bonnet|Spore|p2a: Lunala\n|-status|p2a: Lunala|slp|[from] move: Spore\n|cant|p2a: Lunala|slp\n|\n|-weather|SunnyDay|[upkeep]\n|upkeep\n|turn|3\n|\n|t:|1745954742\n|switch|p2a: Ursaluna|Ursaluna, L50, F|100/100\n|move|p1a: Brute Bonnet|Sucker Punch||[still]\n|-fail|p1a: Brute Bonnet\n|move|p2b: Brute Bonnet|Seed Bomb|p1b: Flutter Mane\n|-damage|p1b: Flutter Mane|0 fnt\n|faint|p1b: Flutter Mane\n|-end|p1b: Flutter Mane|Protosynthesis|[silent]\n|\n|-weather|SunnyDay|[upkeep]\n|-status|p2a: Ursaluna|brn|[from] item: Flame Orb\n|upkeep\n|\n|t:|1745954746\n|switch|p1b: Lunala|Lunala, L50|100/100\n|turn|4\n|\n|t:|1745954764\n|move|p2a: Ursaluna|Facade|p1a: Brute Bonnet\n|-damage|p1a: Brute Bonnet|32/100\n|move|p2b: Brute Bonnet|Spore|p1b: Lunala\n|-status|p1b: Lunala|slp|[from] move: Spore\n|move|p1a: Brute Bonnet|Seed Bomb|p2a: Ursaluna\n|-supereffective|p2a: Ursaluna\n|-damage|p2a: Ursaluna|54/100 brn\n|cant|p1b: Lunala|slp\n|\n|-weather|SunnyDay|[upkeep]\n|-damage|p2a: Ursaluna|48/100 brn|[from] brn\n|upkeep\n|turn|5\n|\n|t:|1745954784\n|move|p1a: Brute Bonnet|Rage Powder|p1a: Brute Bonnet\n|-singleturn|p1a: Brute Bonnet|move: Rage Powder\n|move|p2a: Ursaluna|Earthquake|p1a: Brute Bonnet|[spread] p2b,p1a,p1b\n|-resisted|p1a: Brute Bonnet\n|-damage|p2b: Brute Bonnet|27/100\n|-damage|p1a: Brute Bonnet|17/100\n|-damage|p1b: Lunala|74/100 slp\n|move|p2b: Brute Bonnet|Seed Bomb|p1a: Brute Bonnet\n|-resisted|p1a: Brute Bonnet\n|-damage|p1a: Brute Bonnet|8/100\n|cant|p1b: Lunala|slp\n|\n|-weather|none\n|-end|p2b: Brute Bonnet|Protosynthesis\n|-end|p1a: Brute Bonnet|Protosynthesis\n|-damage|p2a: Ursaluna|42/100 brn|[from] brn\n|-fieldend|move: Trick Room\n|upkeep\n|turn|6\n|\n|t:|1745954807\n|move|p1a: Brute Bonnet|Rage Powder|p1a: Brute Bonnet\n|-singleturn|p1a: Brute Bonnet|move: Rage Powder\n|move|p2b: Brute Bonnet|Sucker Punch||[still]\n|-fail|p2b: Brute Bonnet\n|cant|p1b: Lunala|slp\n|move|p2a: Ursaluna|Earthquake|p1a: Brute Bonnet|[spread] p2b,p1a,p1b\n|-resisted|p1a: Brute Bonnet\n|-damage|p2b: Brute Bonnet|0 fnt\n|-damage|p1a: Brute Bonnet|0 fnt\n|-damage|p1b: Lunala|19/100 slp\n|faint|p2b: Brute Bonnet\n|-end|p2b: Brute Bonnet|Protosynthesis|[silent]\n|faint|p1a: Brute Bonnet\n|-end|p1a: Brute Bonnet|Protosynthesis|[silent]\n|\n|-damage|p2a: Ursaluna|36/100 brn|[from] brn\n|upkeep\n|\n|t:|1745954816\n|switch|p1a: Koraidon|Koraidon, L50|100/100\n|switch|p2b: Koraidon|Koraidon, L50|100/100\n|-weather|SunnyDay|[from] ability: Orichalcum Pulse|[of] p1a: Koraidon\n|-activate|p1a: Koraidon|Orichalcum Pulse|[source]\n|-activate|p2b: Koraidon|ability: Orichalcum Pulse\n|turn|7\n|\n|t:|1745954830\n|switch|p2a: Lunala|Lunala, L50|100/100 slp\n|move|p2b: Koraidon|Flame Charge|p1b: Lunala\n|-damage|p1b: Lunala|0 fnt\n|-boost|p2b: Koraidon|spe|1\n|faint|p1b: Lunala\n|-damage|p2b: Koraidon|91/100|[from] item: Life Orb\n|move|p1a: Koraidon|Close Combat|p2b: Koraidon\n|-damage|p2b: Koraidon|0 fnt\n|-unboost|p1a: Koraidon|def|1\n|-unboost|p1a: Koraidon|spd|1\n|faint|p2b: Koraidon\n|-damage|p1a: Koraidon|91/100|[from] item: Life Orb\n|\n|-weather|SunnyDay|[upkeep]\n|upkeep\n|\n|t:|1745954849\n|switch|p2b: Ursaluna|Ursaluna, L50, F|36/100 brn\n|turn|8\n|\n|t:|1745954859\n|move|p2b: Ursaluna|Protect|p2b: Ursaluna\n|-singleturn|p2b: Ursaluna|Protect\n|move|p1a: Koraidon|Flare Blitz|p2a: Lunala\n|-damage|p2a: Lunala|52/100 slp\n|-damage|p1a: Koraidon|70/100|[from] Recoil\n|-damage|p1a: Koraidon|60/100|[from] item: Life Orb\n|cant|p2a: Lunala|slp\n|\n|-weather|SunnyDay|[upkeep]\n|-damage|p2b: Ursaluna|30/100 brn|[from] brn\n|upkeep\n|turn|9\n|\n|t:|1745954874\n|move|p1a: Koraidon|Flare Blitz|p2b: Ursaluna\n|-damage|p2b: Ursaluna|0 fnt\n|faint|p2b: Ursaluna\n|-damage|p1a: Koraidon|47/100|[from] Recoil\n|-damage|p1a: Koraidon|37/100|[from] item: Life Orb\n|cant|p2a: Lunala|slp\n|\n|-weather|SunnyDay|[upkeep]\n|upkeep\n|turn|10\n|\n|t:|1745954888\n|-terastallize|p1a: Koraidon|Fire\n|move|p1a: Koraidon|Flare Blitz|p2a: Lunala\n|-damage|p2a: Lunala|0 fnt\n|faint|p2a: Lunala\n|-damage|p1a: Koraidon|15/100|[from] Recoil\n|-damage|p1a: Koraidon|6/100|[from] item: Life Orb\n|\n|win|grubbinpoints\n|raw|grubbinpoints's rating: 1111 &rarr; <strong>1142</strong><br />(+31 for winning)\n|raw|myshirtisdirty's rating: 1190 &rarr; <strong>1159</strong><br />(-31 for losing)\n", "uploadtime": 1745954888, "views": 7, "formatid": "gen9vgc2025regibo3", "rating": 1142, "private": 0, "password": null}