{"id": "gen9vgc2025regibo3-2354932385", "format": "[Gen 9] VGC 2025 Reg I (Bo3)", "players": ["drewpac19", "Playest011"], "log": "|j|\u2606drewpac19\n|j|\u2606Playest011\n|html|<table width=\"100%\"><tr><td align=\"left\">drewpac19</td><td align=\"right\">Playest011</tr><tr><td align=\"left\"><i class=\"fa fa-circle\"></i> <i class=\"fa fa-circle-o\"></i> </td><td align=\"right\"><i class=\"fa fa-circle-o\"></i> <i class=\"fa fa-circle\"></i> </tr></table>\n|uhtml|bestof|<h2><strong>Game 3</strong> of <a href=\"/game-bestof3-gen9vgc2025regibo3-2354929649\">a best-of-3</a></h2>\n|t:|1746133058\n|gametype|doubles\n|player|p1|drewpac19|101|1100\n|player|p2|Playest011|infielder|1027\n|teamsize|p1|6\n|teamsize|p2|6\n|gen|9\n|tier|[Gen 9] VGC 2025 Reg I (Bo3)\n|rated|\n|rule|Species Clause: Limit one of each Pok\u00e9mon\n|rule|Item Clause: Limit 1 of each item\n|clearpoke\n|poke|p1|Calyrex-Shadow, L50|\n|poke|p1|Incineroar, L50, M|\n|poke|p1|Grimmsnarl, L50, M|\n|poke|p1|Dragonite, L50, F|\n|poke|p1|Zamazenta-*, L50|\n|poke|p1|Indeedee-F, L50, F|\n|poke|p2|Zacian-*, L50|\n|poke|p2|Calyrex-Ice, L50|\n|poke|p2|Pelipper, L50, M|\n|poke|p2|Urshifu-*, L50, F|\n|poke|p2|Raging Bolt, L50|\n|poke|p2|Ogerpon-Cornerstone, L50, F|\n|teampreview|4\n|showteam|p1|Calyrex-Shadow||SpellTag|AsOneSpectrier|AstralBarrage,ExpandingForce,EnergyBall,Protect||||||50|,,,,,Normal]Incineroar||SafetyGoggles|Intimidate|KnockOff,WillOWisp,FlareBlitz,FakeOut|||M|||50|,,,,,Ghost]Grimmsnarl||LightClay|Prankster|Reflect,LightScreen,ThunderWave,SpiritBreak|||M|||50|,,,,,Grass]Dragonite||ChoiceBand|Multiscale|ExtremeSpeed,Earthquake,DragonClaw,AquaJet|||F|||50|,,,,,Normal]Zamazenta-Crowned||RustedShield|DauntlessShield|BodyPress,behemothbash,Crunch,WideGuard||||||50|,,,,,Fighting]Indeedee-F||RockyHelmet|PsychicSurge|DazzlingGleam,HelpingHand,FollowMe,TrickRoom|||F|||50|,,,,,Fairy\n|showteam|p2|Zacian-Crowned||RustedSword|IntrepidSword|Protect,PlayRough,SacredSword,behemothblade||||||50|,,,,,Dragon]Calyrex-Ice||ClearAmulet|AsOneGlastrier|Protect,TrickRoom,HighHorsepower,GlacialLance||||||50|,,,,,Water]Pelipper||FocusSash|Drizzle|Protect,Hurricane,WeatherBall,WideGuard|||M|||50|,,,,,Ghost]Urshifu-Rapid-Strike||ChoiceScarf|UnseenFist|SurgingStrikes,CloseCombat,Coaching,Uturn|||F|||50|,,,,,Ghost]Raging Bolt||BoosterEnergy|Protosynthesis|Protect,Thunderbolt,Thunderclap,DracoMeteor||||||50|,,,,,Fairy]Ogerpon-Cornerstone||CornerstoneMask|Sturdy|SpikyShield,FollowMe,WoodHammer,IvyCudgel|||F|||50|,,,,,Rock\n|inactive|Battle timer is ON: inactive players will automatically lose when time's up. (requested by Playest011)\n|\n|t:|1746133076\n|start\n|switch|p1a: Dragonite|Dragonite, L50, F|100/100\n|switch|p1b: Grimmsnarl|Grimmsnarl, L50, M|100/100\n|switch|p2a: Pelipper|Pelipper, L50, M|100/100\n|switch|p2b: Raging Bolt|Raging Bolt, L50|100/100\n|-weather|RainDance|[from] ability: Drizzle|[of] p2a: Pelipper\n|-enditem|p2b: Raging Bolt|Booster Energy\n|-activate|p2b: Raging Bolt|ability: Protosynthesis|[fromitem]\n|-start|p2b: Raging Bolt|protosynthesisspa\n|turn|1\n|\n|t:|1746133092\n|-terastallize|p1a: Dragonite|Normal\n|move|p2a: Pelipper|Protect|p2a: Pelipper\n|-singleturn|p2a: Pelipper|Protect\n|move|p1a: Dragonite|Extreme Speed|p2b: Raging Bolt\n|-damage|p2b: Raging Bolt|46/100\n|move|p1b: Grimmsnarl|Light Screen|p1b: Grimmsnarl\n|-sidestart|p1: drewpac19|move: Light Screen\n|move|p2b: Raging Bolt|Draco Meteor|p1a: Dragonite\n|-damage|p1a: Dragonite|72/100\n|-unboost|p2b: Raging Bolt|spa|2\n|\n|-weather|RainDance|[upkeep]\n|upkeep\n|turn|2\n|\n|t:|1746133108\n|move|p2b: Raging Bolt|Protect|p2b: Raging Bolt\n|-singleturn|p2b: Raging Bolt|Protect\n|move|p1a: Dragonite|Extreme Speed|p2a: Pelipper\n|-damage|p2a: Pelipper|12/100\n|move|p2a: Pelipper|Hurricane|p1a: Dragonite\n|-damage|p1a: Dragonite|40/100\n|move|p1b: Grimmsnarl|Spirit Break|p2b: Raging Bolt\n|-activate|p2b: Raging Bolt|move: Protect\n|\n|-weather|RainDance|[upkeep]\n|upkeep\n|turn|3\n|\n|t:|1746133127\n|-end|p2b: Raging Bolt|Protosynthesis|[silent]\n|switch|p2b: Zacian|Zacian-Crowned, L50|100/100\n|-ability|p2b: Zacian|Intrepid Sword|boost\n|-boost|p2b: Zacian|atk|1\n|move|p1a: Dragonite|Extreme Speed|p2a: Pelipper\n|-damage|p2a: Pelipper|0 fnt\n|faint|p2a: Pelipper\n|move|p1b: Grimmsnarl|Spirit Break|p2b: Zacian\n|-resisted|p2b: Zacian\n|-damage|p2b: Zacian|87/100\n|-unboost|p2b: Zacian|spa|1\n|\n|-weather|RainDance|[upkeep]\n|upkeep\n|\n|t:|1746133148\n|switch|p2a: Urshifu|Urshifu-Rapid-Strike, L50, F|100/100\n|turn|4\n|\n|t:|1746133158\n|-terastallize|p2a: Urshifu|Ghost\n|move|p1a: Dragonite|Extreme Speed|p2a: Urshifu\n|-immune|p2a: Urshifu\n|move|p1b: Grimmsnarl|Reflect|p1b: Grimmsnarl\n|-sidestart|p1: drewpac19|Reflect\n|move|p2a: Urshifu|Surging Strikes|p1a: Dragonite\n|-crit|p1a: Dragonite\n|-damage|p1a: Dragonite|10/100\n|-crit|p1a: Dragonite\n|-damage|p1a: Dragonite|0 fnt\n|faint|p1a: Dragonite\n|-hitcount|p1: Dragonite|2\n|move|p2b: Zacian|Behemoth Blade|p1b: Grimmsnarl\n|-supereffective|p1b: Grimmsnarl\n|-damage|p1b: Grimmsnarl|0 fnt\n|faint|p1b: Grimmsnarl\n|\n|-weather|RainDance|[upkeep]\n|upkeep\n|\n|t:|1746133162\n|switch|p1a: Zamazenta|Zamazenta-Crowned, L50|100/100\n|switch|p1b: Calyrex|Calyrex-Shadow, L50|100/100\n|-ability|p1b: Calyrex|As One\n|-ability|p1b: Calyrex|Unnerve\n|-ability|p1a: Zamazenta|Dauntless Shield|boost\n|-boost|p1a: Zamazenta|def|1\n|turn|5\n|\n|t:|1746133184\n|move|p2a: Urshifu|Surging Strikes|p1b: Calyrex\n|-crit|p1b: Calyrex\n|-damage|p1b: Calyrex|68/100\n|-crit|p1b: Calyrex\n|-damage|p1b: Calyrex|36/100\n|-crit|p1b: Calyrex\n|-damage|p1b: Calyrex|2/100\n|-hitcount|p1b: Calyrex|3\n|move|p2b: Zacian|Sacred Sword|p1a: Zamazenta\n|-supereffective|p1a: Zamazenta\n|-damage|p1a: Zamazenta|50/100\n|move|p1b: Calyrex|Astral Barrage|p2b: Zacian|[spread] p2a,p2b\n|-supereffective|p2a: Urshifu\n|-crit|p2a: Urshifu\n|-damage|p2a: Urshifu|0 fnt\n|-damage|p2b: Zacian|23/100\n|faint|p2a: Urshifu\n|-ability|p1b: Calyrex|Grim Neigh|boost\n|-boost|p1b: Calyrex|spa|1\n|move|p1a: Zamazenta|Body Press|p2b: Zacian\n|-damage|p2b: Zacian|0 fnt\n|faint|p2b: Zacian\n|\n|-weather|none\n|upkeep\n|\n|t:|1746133195\n|switch|p2b: Raging Bolt|Raging Bolt, L50|46/100\n|turn|6\n|\n|t:|1746133213\n|move|p2b: Raging Bolt|Thunderclap|p1a: Zamazenta\n|-damage|p1a: Zamazenta|32/100\n|move|p1b: Calyrex|Astral Barrage|p2b: Raging Bolt\n|-damage|p2b: Raging Bolt|0 fnt\n|faint|p2b: Raging Bolt\n|-end|p2b: Raging Bolt|Protosynthesis|[silent]\n|\n|win|drewpac19\n|raw|drewpac19's rating: 1100 &rarr; <strong>1120</strong><br />(+20 for winning)\n|raw|Playest011's rating: 1027 &rarr; <strong>1016</strong><br />(-11 for losing)\n|l|\u2606drewpac19\n|player|p1|\n|l|\u2606Playest011\n|player|p2|\n|j|\u2606Playest011\n|player|p2|Playest011|infielder|\n", "uploadtime": 1746133246, "views": 5, "formatid": "gen9vgc2025regibo3", "rating": 1016, "private": 0, "password": null}