{"id": "gen9vgc2025regibo3-2353440447", "format": "[Gen 9] VGC 2025 Reg I (Bo3)", "players": ["Slowjow", "catsharknado"], "log": "|j|\u2606Slowjow\n|j|\u2606catsharknado\n|html|<table width=\"100%\"><tr><td align=\"left\">Slowjow</td><td align=\"right\">catsharknado</tr><tr><td align=\"left\"><i class=\"fa fa-circle-o\"></i> <i class=\"fa fa-circle-o\"></i> </td><td align=\"right\"><i class=\"fa fa-circle-o\"></i> <i class=\"fa fa-circle-o\"></i> </tr></table>\n|uhtml|bestof|<h2><strong>Game 1</strong> of <a href=\"/game-bestof3-gen9vgc2025regibo3-2353440446\">a best-of-3</a></h2>\n|t:|1745956172\n|gametype|doubles\n|player|p1|Slowjow|1|1306\n|player|p2|catsharknado|266|1380\n|teamsize|p1|6\n|teamsize|p2|6\n|gen|9\n|tier|[Gen 9] VGC 2025 Reg I (Bo3)\n|rated|\n|rule|Species Clause: Limit one of each Pok\u00e9mon\n|rule|Item Clause: Limit 1 of each item\n|clearpoke\n|poke|p1|Koraidon, L50|\n|poke|p1|Lunala, L50|\n|poke|p1|Grimmsnarl, L50, M|\n|poke|p1|Incineroar, L50, F|\n|poke|p1|Walking Wake, L50|\n|poke|p1|Ursaluna, L50, F|\n|poke|p2|Terapagos, L50, M|\n|poke|p2|Incineroar, L50, M|\n|poke|p2|Rillaboom, L50, M|\n|poke|p2|Ogerpon-Cornerstone, L50, F|\n|poke|p2|Flutter Mane, L50|\n|poke|p2|Calyrex-Shadow, L50|\n|teampreview|4\n|showteam|p1|Koraidon||ClearAmulet|OrichalcumPulse|CollisionCourse,FlareBlitz,FlameCharge,Protect||||||50|,,,,,Fire]Lunala||PowerHerb|ShadowShield|MoongeistBeam,MeteorBeam,WideGuard,TrickRoom||||||50|,,,,,Water]Grimmsnarl||LightClay|Prankster|SpiritBreak,LightScreen,Reflect,ThunderWave|||M|||50|,,,,,Ghost]Incineroar||SitrusBerry|Intimidate|FakeOut,FlareBlitz,KnockOff,PartingShot|||F|||50|,,,,,Water]Walking Wake||LifeOrb|Protosynthesis|HydroSteam,Snarl,DracoMeteor,Protect||||||50|,,,,,Water]Ursaluna||FlameOrb|Guts|Facade,HeadlongRush,Earthquake,Protect|||F|||50|,,,,,Ghost\n|showteam|p2|Terapagos||Leftovers|TeraShift|CalmMind,Protect,TeraStarstorm,EarthPower|||M|||50|,,,,,Stellar]Incineroar||SafetyGoggles|Intimidate|KnockOff,FakeOut,PartingShot,WillOWisp|||M|||50|,,,,,Bug]Rillaboom||AssaultVest|GrassySurge|GrassyGlide,WoodHammer,FakeOut,Uturn|||M|||50|,,,,,Grass]Ogerpon-Cornerstone||CornerstoneMask|Sturdy|IvyCudgel,SpikyShield,FollowMe,PowerWhip|||F|||50|,,,,,Rock]Flutter Mane||BoosterEnergy|Protosynthesis|Moonblast,Protect,ThunderWave,Taunt||||||50|,,,,,Fairy]Calyrex-Shadow||FocusSash|AsOneSpectrier|AstralBarrage,Protect,WillOWisp,PollenPuff||||||50|,,,,,Ghost\n|inactive|Battle timer is ON: inactive players will automatically lose when time's up. (requested by catsharknado)\n|inactive|Slowjow has 60 seconds left.\n|inactive|Slowjow has 30 seconds left.\n|inactive|Slowjow has 20 seconds left.\n|inactive|Slowjow has 15 seconds left.\n|\n|t:|1745956248\n|start\n|switch|p1a: Lunala|Lunala, L50|100/100\n|switch|p1b: Incineroar|Incineroar, L50, F|100/100\n|switch|p2a: Flutter Mane|Flutter Mane, L50|100/100\n|switch|p2b: Incineroar|Incineroar, L50, M, shiny|100/100\n|-ability|p2b: Incineroar|Intimidate|boost\n|-unboost|p1a: Lunala|atk|1\n|-unboost|p1b: Incineroar|atk|1\n|-ability|p1b: Incineroar|Intimidate|boost\n|-unboost|p2a: Flutter Mane|atk|1\n|-unboost|p2b: Incineroar|atk|1\n|-enditem|p2a: Flutter Mane|Booster Energy\n|-activate|p2a: Flutter Mane|ability: Protosynthesis|[fromitem]\n|-start|p2a: Flutter Mane|protosynthesisspe\n|turn|1\n|inactive|Slowjow has 30 seconds left.\n|\n|t:|1745956280\n|switch|p2b: Terapagos|Terapagos, L50, M|100/100\n|-activate|p2b: Terapagos|ability: Tera Shift\n|detailschange|p2b: Terapagos|Terapagos-Terastal, L50, M\n|-heal|p2b: Terapagos|100/100|[silent]\n|move|p2a: Flutter Mane|Thunder Wave|p1a: Lunala\n|-status|p1a: Lunala|par\n|move|p1b: Incineroar|Parting Shot|p2a: Flutter Mane\n|-unboost|p2a: Flutter Mane|atk|1\n|-unboost|p2a: Flutter Mane|spa|1\n|\n|t:|1745956292\n|switch|p1b: Ursaluna|Ursaluna, L50, F|100/100|[from] Parting Shot\n|move|p1a: Lunala|Meteor Beam||[still]\n|-prepare|p1a: Lunala|Meteor Beam\n|-boost|p1a: Lunala|spa|1\n|-enditem|p1a: Lunala|Power Herb\n|-anim|p1a: Lunala|Meteor Beam|p2b: Terapagos\n|-activate|p2b: Terapagos|ability: Tera Shell\n|-resisted|p2b: Terapagos\n|-damage|p2b: Terapagos|75/100\n|\n|-heal|p2b: Terapagos|82/100|[from] item: Leftovers\n|-status|p1b: Ursaluna|brn|[from] item: Flame Orb\n|upkeep\n|turn|2\n|inactive|catsharknado has 30 seconds left.\n|\n|t:|1745956321\n|-terastallize|p2b: Terapagos|Stellar\n|detailschange|p2b: Terapagos|Terapagos-Stellar, L50, M, tera:Stellar\n|-heal|p2b: Terapagos|86/100|[silent]\n|move|p2a: Flutter Mane|Taunt|p1a: Lunala\n|-start|p1a: Lunala|move: Taunt\n|move|p2b: Terapagos|Calm Mind|p2b: Terapagos\n|-boost|p2b: Terapagos|spa|1\n|-boost|p2b: Terapagos|spd|1\n|move|p1b: Ursaluna|Facade|p2b: Terapagos\n|-damage|p2b: Terapagos|16/100\n|cant|p1a: Lunala|move: Taunt|Trick Room\n|\n|-heal|p2b: Terapagos|23/100|[from] item: Leftovers\n|-damage|p1b: Ursaluna|95/100 brn|[from] brn\n|upkeep\n|turn|3\n|inactive|Slowjow has 30 seconds left.\n|\n|t:|1745956355\n|switch|p1b: Incineroar|Incineroar, L50, F|100/100\n|-ability|p1b: Incineroar|Intimidate|boost\n|-unboost|p2a: Flutter Mane|atk|1\n|-unboost|p2b: Terapagos|atk|1\n|move|p2b: Terapagos|Protect|p2b: Terapagos\n|-singleturn|p2b: Terapagos|Protect\n|move|p2a: Flutter Mane|Moonblast|p1b: Incineroar\n|-damage|p1b: Incineroar|81/100\n|cant|p1a: Lunala|par\n|\n|-heal|p2b: Terapagos|29/100|[from] item: Leftovers\n|upkeep\n|turn|4\n|inactive|catsharknado has 30 seconds left.\n|inactive|catsharknado has 20 seconds left.\n|\n|t:|1745956391\n|move|p2a: Flutter Mane|Moonblast|p1a: Lunala\n|-damage|p1a: Lunala|90/100 par\n|move|p2b: Terapagos|Earth Power|p1b: Incineroar\n|-supereffective|p1b: Incineroar\n|-damage|p1b: Incineroar|0 fnt\n|faint|p1b: Incineroar\n|move|p1a: Lunala|Moongeist Beam|p2a: Flutter Mane\n|-supereffective|p2a: Flutter Mane\n|-damage|p2a: Flutter Mane|0 fnt\n|faint|p2a: Flutter Mane\n|-end|p2a: Flutter Mane|Protosynthesis|[silent]\n|\n|-heal|p2b: Terapagos|35/100|[from] item: Leftovers\n|-end|p1a: Lunala|move: Taunt\n|upkeep\n|\n|t:|1745956411\n|switch|p2a: Incineroar|Incineroar, L50, M, shiny|100/100\n|switch|p1b: Koraidon|Koraidon, L50|100/100\n|-weather|SunnyDay|[from] ability: Orichalcum Pulse|[of] p1b: Koraidon\n|-activate|p1b: Koraidon|Orichalcum Pulse|[source]\n|-ability|p2a: Incineroar|Intimidate|boost\n|-unboost|p1a: Lunala|atk|1\n|-fail|p1b: Koraidon|unboost|[from] item: Clear Amulet|[of] p1b: Koraidon\n|turn|5\n|\n|t:|1745956427\n|switch|p1b: Ursaluna|Ursaluna, L50, F|95/100 brn\n|move|p2a: Incineroar|Fake Out|p1b: Ursaluna\n|-damage|p1b: Ursaluna|87/100 brn\n|move|p2b: Terapagos|Earth Power|p1b: Ursaluna\n|-damage|p1b: Ursaluna|36/100 brn\n|move|p1a: Lunala|Trick Room|p1a: Lunala\n|-fieldstart|move: Trick Room|[of] p1a: Lunala\n|\n|-weather|SunnyDay|[upkeep]\n|-heal|p2b: Terapagos|41/100|[from] item: Leftovers\n|-damage|p1b: Ursaluna|30/100 brn|[from] brn\n|upkeep\n|turn|6\n|\n|t:|1745956446\n|switch|p2a: Calyrex|Calyrex-Shadow, L50|100/100\n|-ability|p2a: Calyrex|As One\n|-ability|p2a: Calyrex|Unnerve\n|move|p2b: Terapagos|Protect|p2b: Terapagos\n|-singleturn|p2b: Terapagos|Protect\n|move|p1b: Ursaluna|Headlong Rush|p2a: Calyrex\n|-crit|p2a: Calyrex\n|-enditem|p2a: Calyrex|Focus Sash\n|-damage|p2a: Calyrex|1/100\n|-unboost|p1b: Ursaluna|def|1\n|-unboost|p1b: Ursaluna|spd|1\n|cant|p1a: Lunala|par\n|\n|-weather|SunnyDay|[upkeep]\n|-heal|p2b: Terapagos|48/100|[from] item: Leftovers\n|-damage|p1b: Ursaluna|25/100 brn|[from] brn\n|upkeep\n|turn|7\n|inactive|catsharknado has 30 seconds left.\n|inactive|catsharknado has 20 seconds left.\n|\n|t:|1745956482\n|switch|p2a: Incineroar|Incineroar, L50, M, shiny|100/100\n|-ability|p2a: Incineroar|Intimidate|boost\n|-unboost|p1a: Lunala|atk|1\n|-unboost|p1b: Ursaluna|atk|1\n|move|p1b: Ursaluna|Facade|p2b: Terapagos\n|-damage|p2b: Terapagos|0 fnt\n|faint|p2b: Terapagos\n|move|p1a: Lunala|Moongeist Beam|p2a: Incineroar\n|-resisted|p2a: Incineroar\n|-damage|p2a: Incineroar|65/100\n|\n|-weather|SunnyDay|[upkeep]\n|-damage|p1b: Ursaluna|19/100 brn|[from] brn\n|upkeep\n|\n|t:|1745956489\n|switch|p2b: Calyrex|Calyrex-Shadow, L50|1/100\n|-ability|p2b: Calyrex|As One\n|-ability|p2b: Calyrex|Unnerve\n|turn|8\n|\n|t:|1745956509\n|-terastallize|p1b: Ursaluna|Ghost\n|move|p1a: Lunala|Wide Guard|p1a: Lunala\n|-singleturn|p1a: Lunala|Wide Guard\n|move|p2a: Incineroar|Fake Out|p1b: Ursaluna\n|-immune|p1b: Ursaluna\n|move|p1b: Ursaluna|Earthquake|p2b: Calyrex|[spread] p2a,p2b\n|-activate|p1a: Lunala|move: Wide Guard\n|-supereffective|p2a: Incineroar\n|-damage|p2a: Incineroar|0 fnt\n|-damage|p2b: Calyrex|0 fnt\n|faint|p2a: Incineroar\n|faint|p2b: Calyrex\n|\n|win|Slowjow\n||catsharknado is ready for game 2.\n|inactive|Slowjow has 30 seconds to confirm battle start!\n|inactive|Slowjow has 20 seconds to confirm battle start!\n", "uploadtime": 1745956529, "views": 19, "formatid": "gen9vgc2025regibo3", "rating": null, "private": 0, "password": null}