{"id": "gen9vgc2025regibo3-2353438269", "format": "[Gen 9] VGC 2025 Reg I (Bo3)", "players": ["RisingDaytonVGC", "PhilHellmuth.PH"], "log": "|j|\u2606RisingDaytonVGC\n|j|\u2606PhilHellmuth.PH\n|html|<table width=\"100%\"><tr><td align=\"left\">RisingDaytonVGC</td><td align=\"right\">PhilHellmuth.PH</tr><tr><td align=\"left\"><i class=\"fa fa-circle\"></i> <i class=\"fa fa-circle-o\"></i> </td><td align=\"right\"><i class=\"fa fa-circle-o\"></i> <i class=\"fa fa-circle\"></i> </tr></table>\n|uhtml|bestof|<h2><strong>Game 3</strong> of <a href=\"/game-bestof3-gen9vgc2025regibo3-2353431453\">a best-of-3</a></h2>\n|t:|1745955980\n|gametype|doubles\n|player|p1|RisingDaytonVGC|266|1171\n|player|p2|PhilHellmuth.PH|brawly|1274\n|teamsize|p1|6\n|teamsize|p2|6\n|gen|9\n|tier|[Gen 9] VGC 2025 Reg I (Bo3)\n|rated|\n|rule|Species Clause: Limit one of each Pok\u00e9mon\n|rule|Item Clause: Limit 1 of each item\n|clearpoke\n|poke|p1|Calyrex-Shadow, L50|\n|poke|p1|Miraidon, L50|\n|poke|p1|Whimsicott, L50, F|\n|poke|p1|Urshifu-*, L50, M|\n|poke|p1|Clefairy, L50, M|\n|poke|p1|Incineroar, L50, F|\n|poke|p2|Kyogre, L50|\n|poke|p2|Tornadus, L50, M|\n|poke|p2|Urshifu-*, L50, M|\n|poke|p2|Indeedee-F, L50, F|\n|poke|p2|Amoonguss, L50, M|\n|poke|p2|Calyrex-Ice, L50|\n|teampreview|4\n|showteam|p1|Calyrex-Shadow||FocusSash|AsOneSpectrier|AstralBarrage,Psychic,Protect,Encore||||||50|,,,,,Ghost]Miraidon||LifeOrb|HadronEngine|ElectroDrift,Discharge,DracoMeteor,Protect||||||50|,,,,,Electric]Whimsicott||CovertCloak|Prankster|Moonblast,Tailwind,Encore,LightScreen|||F|||50|,,,,,Dark]Urshifu-Rapid-Strike||ChoiceScarf|UnseenFist|SurgingStrikes,CloseCombat,Uturn,AquaJet|||M|||50|,,,,,Water]Clefairy||Eviolite|FriendGuard|HealPulse,AfterYou,FollowMe,Encore|||M|||50|,,,,,Fire]Incineroar||ClearAmulet|Intimidate|FlareBlitz,FakeOut,Protect,KnockOff|||F|||50|,,,,,Ghost\n|showteam|p2|Kyogre||ChoiceSpecs|Drizzle|WaterSpout,OriginPulse,HydroPump,IceBeam||||||50|,,,,,Grass]Tornadus||CovertCloak|Prankster|BleakwindStorm,Tailwind,RainDance,Taunt|||M|||50|,,,,,Dark]Urshifu-Rapid-Strike||ChoiceBand|UnseenFist|SurgingStrikes,CloseCombat,AquaJet,Uturn|||M|||50|,,,,,Ghost]Indeedee-F||PsychicSeed|PsychicSurge|FollowMe,TrickRoom,Psychic,HelpingHand|||F|||50|,,,,,Grass]Amoonguss||RockyHelmet|Regenerator|Spore,PollenPuff,RagePowder,ClearSmog|||M|||50|,,,,,Water]Calyrex-Ice||ClearAmulet|AsOneGlastrier|GlacialLance,TrickRoom,HighHorsepower,Protect||||||50|,,,,,Water\n|inactive|Battle timer is ON: inactive players will automatically lose when time's up. (requested by RisingDaytonVGC)\n|j| acetrainerjuno\n|inactive|RisingDaytonVGC has 60 seconds left.\n|\n|t:|1745956017\n|start\n|switch|p1a: Miraidon|Miraidon, L50|100/100\n|switch|p1b: Urshifu|Urshifu-Rapid-Strike, L50, M|100/100\n|switch|p2a: Indeedee|Indeedee-F, L50, F|100/100\n|switch|p2b: Calyrex|Calyrex-Ice, L50|100/100\n|-ability|p2b: Calyrex|As One\n|-ability|p2b: Calyrex|Unnerve\n|-fieldstart|move: Electric Terrain|[from] ability: Hadron Engine|[of] p1a: Miraidon\n|-fieldstart|move: Psychic Terrain|[from] ability: Psychic Surge|[of] p2a: Indeedee\n|-enditem|p2a: Indeedee|Psychic Seed\n|-boost|p2a: Indeedee|spd|1|[from] item: Psychic Seed\n|turn|1\n|inactive|PhilHellmuth.PH has 30 seconds left.\n|inactive|PhilHellmuth.PH has 20 seconds left.\n|inactive|PhilHellmuth.PH has 15 seconds left.\n|\n|t:|1745956059\n|move|p2a: Indeedee|Follow Me|p2a: Indeedee\n|-singleturn|p2a: Indeedee|move: Follow Me\n|move|p1b: Urshifu|Surging Strikes|p2a: Indeedee\n|-crit|p2a: Indeedee\n|-damage|p2a: Indeedee|78/100\n|-crit|p2a: Indeedee\n|-damage|p2a: Indeedee|55/100\n|-crit|p2a: Indeedee\n|-damage|p2a: Indeedee|34/100\n|-hitcount|p2a: Indeedee|3\n|move|p1a: Miraidon|Draco Meteor|p2a: Indeedee|[miss]\n|-miss|p1a: Miraidon|p2a: Indeedee\n|move|p2b: Calyrex|Trick Room|p2b: Calyrex\n|-fieldstart|move: Trick Room|[of] p2b: Calyrex\n|\n|upkeep\n|turn|2\n|inactive|PhilHellmuth.PH has 30 seconds left.\n|inactive|PhilHellmuth.PH has 20 seconds left.\n|\n|t:|1745956096\n|move|p1a: Miraidon|Protect|p1a: Miraidon\n|-singleturn|p1a: Miraidon|Protect\n|move|p2a: Indeedee|Follow Me|p2a: Indeedee\n|-singleturn|p2a: Indeedee|move: Follow Me\n|move|p2b: Calyrex|Glacial Lance|p1b: Urshifu|[spread] p1b\n|-activate|p1a: Miraidon|move: Protect\n|-resisted|p1b: Urshifu\n|-damage|p1b: Urshifu|72/100\n|move|p1b: Urshifu|Surging Strikes|p2a: Indeedee\n|-crit|p2a: Indeedee\n|-damage|p2a: Indeedee|12/100\n|-crit|p2a: Indeedee\n|-damage|p2a: Indeedee|0 fnt\n|faint|p2a: Indeedee\n|-hitcount|p2: Indeedee|2\n|\n|upkeep\n|\n|t:|1745956105\n|switch|p2a: Kyogre|Kyogre, L50|100/100\n|-weather|RainDance|[from] ability: Drizzle|[of] p2a: Kyogre\n|turn|3\n|inactive|PhilHellmuth.PH has 30 seconds left.\n|inactive|PhilHellmuth.PH has 20 seconds left.\n|inactive|PhilHellmuth.PH has 15 seconds left.\n|inactive|PhilHellmuth.PH has 10 seconds left.\n|inactive|PhilHellmuth.PH has 5 seconds left.\n|\n|t:|1745956155\n|switch|p1a: Calyrex|Calyrex-Shadow, L50|100/100\n|-ability|p1a: Calyrex|As One\n|-ability|p1a: Calyrex|Unnerve\n|move|p2b: Calyrex|Glacial Lance|p1b: Urshifu|[spread] p1a,p1b\n|-resisted|p1b: Urshifu\n|-crit|p1b: Urshifu\n|-damage|p1a: Calyrex|35/100\n|-damage|p1b: Urshifu|29/100\n|move|p2a: Kyogre|Origin Pulse|p1b: Urshifu|[spread] p1a,p1b\n|-crit|p1a: Calyrex\n|-resisted|p1b: Urshifu\n|-damage|p1a: Calyrex|0 fnt\n|-damage|p1b: Urshifu|0 fnt\n|faint|p1a: Calyrex\n|faint|p1b: Urshifu\n|\n|-weather|RainDance|[upkeep]\n|upkeep\n|\n|t:|1745956166\n|switch|p1b: Clefairy|Clefairy, L50, M, shiny|100/100\n|switch|p1a: Miraidon|Miraidon, L50|100/100\n|-fieldstart|move: Electric Terrain|[from] ability: Hadron Engine|[of] p1a: Miraidon\n|turn|4\n|\n|t:|1745956185\n|-terastallize|p2a: Kyogre|Grass\n|-terastallize|p1a: Miraidon|Electric\n|move|p1b: Clefairy|After You|p1a: Miraidon\n|-activate|p1a: Miraidon|move: After You\n|move|p1a: Miraidon|Discharge|p2b: Calyrex|[spread] p1b,p2a,p2b\n|-resisted|p2a: Kyogre\n|-crit|p2b: Calyrex\n|-damage|p1b: Clefairy|24/100\n|-damage|p2a: Kyogre|64/100\n|-damage|p2b: Calyrex|2/100\n|-status|p2a: Kyogre|par\n|-damage|p1a: Miraidon|91/100|[from] item: Life Orb\n|move|p2b: Calyrex|Glacial Lance|p1b: Clefairy|[spread] p1a,p1b\n|-damage|p1a: Miraidon|43/100\n|-damage|p1b: Clefairy|0 fnt\n|faint|p1b: Clefairy\n|-ability|p2b: Calyrex|Chilling Neigh|boost\n|-boost|p2b: Calyrex|atk|1\n|move|p2a: Kyogre|Origin Pulse|p1a: Miraidon|[miss]\n|-miss|p2a: Kyogre|p1a: Miraidon\n|\n|-weather|RainDance|[upkeep]\n|upkeep\n|turn|5\n|\n|t:|1745956210\n|move|p1a: Miraidon|Protect|p1a: Miraidon\n|-singleturn|p1a: Miraidon|Protect\n|move|p2b: Calyrex|High Horsepower|p1a: Miraidon\n|-activate|p1a: Miraidon|move: Protect\n|cant|p2a: Kyogre|par\n|\n|-weather|RainDance|[upkeep]\n|-fieldend|move: Trick Room\n|upkeep\n|turn|6\n|\n|t:|1745956219\n|move|p1a: Miraidon|Discharge|p2a: Kyogre|[spread] p2a,p2b\n|-resisted|p2a: Kyogre\n|-damage|p2a: Kyogre|32/100 par\n|-damage|p2b: Calyrex|0 fnt\n|faint|p2b: Calyrex\n|-damage|p1a: Miraidon|33/100|[from] item: Life Orb\n|move|p2a: Kyogre|Origin Pulse|p1a: Miraidon\n|-damage|p1a: Miraidon|0 fnt\n|faint|p1a: Miraidon\n|\n|win|PhilHellmuth.PH\n|raw|RisingDaytonVGC's rating: 1171 &rarr; <strong>1153</strong><br />(-18 for losing)\n|raw|PhilHellmuth.PH's rating: 1274 &rarr; <strong>1292</strong><br />(+18 for winning)\n|c|\u2606PhilHellmuth.PH|gg\n|c|\u2606RisingDaytonVGC|gg\n|l| acetrainerjuno\n|l|\u2606RisingDaytonVGC\n|player|p1|\n", "uploadtime": 1745956240, "views": 15, "formatid": "gen9vgc2025regibo3", "rating": 1153, "private": 0, "password": null}