{"id": "gen9vgc2025regibo3-2354233620", "format": "[Gen 9] VGC 2025 Reg I (Bo3)", "players": ["Mona Aster", "Queenthinng"], "log": "|j|\u2606Mona Aster\n|j|\u2606Queenthinng\n|html|<table width=\"100%\"><tr><td align=\"left\">Mona Aster</td><td align=\"right\">Queenthinng</tr><tr><td align=\"left\"><i class=\"fa fa-circle-o\"></i> <i class=\"fa fa-circle-o\"></i> </td><td align=\"right\"><i class=\"fa fa-circle-o\"></i> <i class=\"fa fa-circle-o\"></i> </tr></table>\n|uhtml|bestof|<h2><strong>Game 1</strong> of <a href=\"/game-bestof3-gen9vgc2025regibo3-2354233619\">a best-of-3</a></h2>\n|t:|1746047361\n|gametype|doubles\n|player|p1|Mona Aster|265|1144\n|player|p2|Queenthinng|acetrainerf|1073\n|teamsize|p1|6\n|teamsize|p2|6\n|gen|9\n|tier|[Gen 9] VGC 2025 Reg I (Bo3)\n|rated|\n|rule|Species Clause: Limit one of each Pok\u00e9mon\n|rule|Item Clause: Limit 1 of each item\n|clearpoke\n|poke|p1|Lunala, L50|\n|poke|p1|Groudon, L50|\n|poke|p1|Incineroar, L50, M|\n|poke|p1|Flutter Mane, L50|\n|poke|p1|Urshifu-*, L50, M|\n|poke|p1|Raging Bolt, L50|\n|poke|p2|Ho-Oh, L50|\n|poke|p2|Koraidon, L50|\n|poke|p2|Ting-Lu, L50|\n|poke|p2|Rillaboom, L50, M|\n|poke|p2|Flutter Mane, L50|\n|poke|p2|Amoonguss, L50, F|\n|teampreview|4\n|showteam|p1|Lunala||PowerHerb|ShadowShield|TrickRoom,MeteorBeam,WideGuard,MoongeistBeam||||||50|,,,,,Water]Groudon||ClearAmulet|Drought|Protect,PrecipiceBlades,HeatCrash,Substitute||||||50|,,,,,Fire]Incineroar||SafetyGoggles|Intimidate|FlareBlitz,KnockOff,FakeOut,PartingShot|||M|||50|,,,,,Ghost]Flutter Mane||FocusSash|Protosynthesis|Moonblast,Taunt,IcyWind,Protect||||||50|,,,,,Grass]Urshifu||ChoiceScarf|UnseenFist|WickedBlow,CloseCombat,Uturn,IronHead|||M|||50|,,,,,Stellar]Raging Bolt||AssaultVest|Protosynthesis|Electroweb,Thunderclap,WeatherBall,DracoMeteor||||||50|,,,,,Electric\n|showteam|p2|Ho-Oh||CovertCloak|Regenerator|SacredFire,BraveBird,Protect,Tailwind||||||50|,,,,,Grass]Koraidon||LifeOrb|OrichalcumPulse|FlareBlitz,CloseCombat,DragonClaw,Protect||||||50|,,,,,Fire]Ting-Lu||AssaultVest|VesselofRuin|ThroatChop,StompingTantrum,HeavySlam,Fissure||||||50|,,,,,Poison]Rillaboom||MiracleSeed|GrassySurge|WoodHammer,GrassyGlide,FakeOut,Protect|||M|||50|,,,,,Grass]Flutter Mane||FocusSash|Protosynthesis|Moonblast,ShadowBall,IcyWind,Protect||||||50|,,,,,Fairy]Amoonguss||RockyHelmet|Regenerator|Spore,RagePowder,PollenPuff,Protect|||F|||50|,,,,,Fairy\n|inactive|Battle timer is ON: inactive players will automatically lose when time's up. (requested by Queenthinng)\n|inactive|Mona Aster has 60 seconds left.\n|inactive|Queenthinng has 60 seconds left.\n|inactive|Queenthinng has 30 seconds left.\n|\n|t:|1746047437\n|start\n|switch|p1a: Incineroar|Incineroar, L50, M|100/100\n|switch|p1b: Lunala|Lunala, L50|100/100\n|switch|p2a: Ho-Oh|Ho-Oh, L50|100/100\n|switch|p2b: Ting-Lu|Ting-Lu, L50|100/100\n|-ability|p1a: Incineroar|Intimidate|boost\n|-unboost|p2a: Ho-Oh|atk|1\n|-unboost|p2b: Ting-Lu|atk|1\n|-ability|p2b: Ting-Lu|Vessel of Ruin\n|turn|1\n|inactive|Mona Aster has 30 seconds left.\n|\n|t:|1746047470\n|move|p2a: Ho-Oh|Protect|p2a: Ho-Oh\n|-singleturn|p2a: Ho-Oh|Protect\n|move|p1a: Incineroar|Fake Out|p2b: Ting-Lu\n|-damage|p2b: Ting-Lu|93/100\n|cant|p2b: Ting-Lu|flinch\n|move|p1b: Lunala|Trick Room|p1b: Lunala\n|-fieldstart|move: Trick Room|[of] p1b: Lunala\n|\n|upkeep\n|turn|2\n|inactive|Mona Aster has 30 seconds left.\n|inactive|Queenthinng has 30 seconds left.\n|\n|t:|1746047498\n|switch|p2a: Amoonguss|Amoonguss, L50, F|100/100\n|move|p2b: Ting-Lu|Throat Chop|p1b: Lunala\n|-supereffective|p1b: Lunala\n|-damage|p1b: Lunala|63/100\n|-start|p1b: Lunala|Throat Chop|[silent]\n|move|p1a: Incineroar|Knock Off|p2b: Ting-Lu\n|-resisted|p2b: Ting-Lu\n|-damage|p2b: Ting-Lu|80/100\n|-enditem|p2b: Ting-Lu|Assault Vest|[from] move: Knock Off|[of] p1a: Incineroar\n|move|p1b: Lunala|Meteor Beam||[still]\n|-prepare|p1b: Lunala|Meteor Beam\n|-boost|p1b: Lunala|spa|1\n|-enditem|p1b: Lunala|Power Herb\n|-anim|p1b: Lunala|Meteor Beam|p2a: Amoonguss\n|-damage|p2a: Amoonguss|51/100\n|\n|upkeep\n|turn|3\n|inactive|Mona Aster has 30 seconds left.\n|\n|t:|1746047532\n|move|p2a: Amoonguss|Spore|p1b: Lunala\n|-status|p1b: Lunala|slp|[from] move: Spore\n|move|p2b: Ting-Lu|Fissure|p1a: Incineroar|[miss]\n|-miss|p2b: Ting-Lu|p1a: Incineroar\n|move|p1a: Incineroar|Parting Shot|p2a: Amoonguss\n|-unboost|p2a: Amoonguss|atk|1\n|-unboost|p2a: Amoonguss|spa|1\n|\n|t:|1746047541\n|switch|p1a: Groudon|Groudon, L50|100/100|[from] Parting Shot\n|-weather|SunnyDay|[from] ability: Drought|[of] p1a: Groudon\n|cant|p1b: Lunala|slp\n|\n|-weather|SunnyDay|[upkeep]\n|-end|p1b: Lunala|Throat Chop|[silent]\n|upkeep\n|turn|4\n|\n|t:|1746047554\n|move|p1a: Groudon|Protect|p1a: Groudon\n|-singleturn|p1a: Groudon|Protect\n|move|p2a: Amoonguss|Spore|p1a: Groudon\n|-activate|p1a: Groudon|move: Protect\n|move|p2b: Ting-Lu|Throat Chop|p1b: Lunala\n|-supereffective|p1b: Lunala\n|-damage|p1b: Lunala|0 fnt\n|faint|p1b: Lunala\n|\n|-weather|SunnyDay|[upkeep]\n|upkeep\n|\n|t:|1746047561\n|switch|p1b: Incineroar|Incineroar, L50, M|100/100\n|-ability|p1b: Incineroar|Intimidate|boost\n|-unboost|p2a: Amoonguss|atk|1\n|-unboost|p2b: Ting-Lu|atk|1\n|turn|5\n|\n|t:|1746047574\n|switch|p2b: Ho-Oh|Ho-Oh, L50|100/100\n|move|p2a: Amoonguss|Protect|p2a: Amoonguss\n|-singleturn|p2a: Amoonguss|Protect\n|move|p1b: Incineroar|Fake Out|p2a: Amoonguss\n|-activate|p2a: Amoonguss|move: Protect\n|move|p1a: Groudon|Substitute|p1a: Groudon\n|-start|p1a: Groudon|Substitute\n|-damage|p1a: Groudon|76/100\n|\n|-weather|SunnyDay|[upkeep]\n|-fieldend|move: Trick Room\n|upkeep\n|turn|6\n|inactive|Queenthinng has 30 seconds left.\n|\n|t:|1746047600\n|move|p2b: Ho-Oh|Sacred Fire|p1a: Groudon\n|-end|p1a: Groudon|Substitute\n|move|p1a: Groudon|Precipice Blades|p2a: Amoonguss|[spread] \n|-immune|p2b: Ho-Oh\n|-miss|p1a: Groudon|p2a: Amoonguss\n|move|p1b: Incineroar|Parting Shot|p2b: Ho-Oh\n|-unboost|p2b: Ho-Oh|atk|1\n|-unboost|p2b: Ho-Oh|spa|1\n|\n|t:|1746047609\n|switch|p1b: Raging Bolt|Raging Bolt, L50|100/100|[from] Parting Shot\n|-activate|p1b: Raging Bolt|ability: Protosynthesis\n|-start|p1b: Raging Bolt|protosynthesisspa\n|move|p2a: Amoonguss|Pollen Puff|p1b: Raging Bolt\n|-damage|p1b: Raging Bolt|94/100\n|\n|-weather|SunnyDay|[upkeep]\n|upkeep\n|turn|7\n|\n|t:|1746047629\n|switch|p1a: Incineroar|Incineroar, L50, M|100/100\n|-ability|p1a: Incineroar|Intimidate|boost\n|-unboost|p2a: Amoonguss|atk|1\n|-unboost|p2b: Ho-Oh|atk|1\n|move|p2b: Ho-Oh|Protect|p2b: Ho-Oh\n|-singleturn|p2b: Ho-Oh|Protect\n|move|p1b: Raging Bolt|Electroweb|p2a: Amoonguss|[spread] p2a\n|-activate|p2b: Ho-Oh|move: Protect\n|-resisted|p2a: Amoonguss\n|-damage|p2a: Amoonguss|38/100\n|-unboost|p2a: Amoonguss|spe|1\n|move|p2a: Amoonguss|Spore|p1b: Raging Bolt\n|-status|p1b: Raging Bolt|slp|[from] move: Spore\n|\n|-weather|none\n|-end|p1b: Raging Bolt|Protosynthesis\n|upkeep\n|turn|8\n|\n|t:|1746047647\n|switch|p2b: Koraidon|Koraidon, L50|100/100\n|-weather|SunnyDay|[from] ability: Orichalcum Pulse|[of] p2b: Koraidon\n|-activate|p1b: Raging Bolt|ability: Protosynthesis\n|-start|p1b: Raging Bolt|protosynthesisspa\n|-activate|p2b: Koraidon|Orichalcum Pulse|[source]\n|move|p1a: Incineroar|Fake Out|p2b: Koraidon\n|-damage|p2b: Koraidon|90/100\n|cant|p1b: Raging Bolt|slp\n|move|p2a: Amoonguss|Pollen Puff|p1a: Incineroar\n|-damage|p1a: Incineroar|90/100\n|\n|-weather|SunnyDay|[upkeep]\n|upkeep\n|turn|9\n|\n|t:|1746047668\n|-terastallize|p1a: Incineroar|Ghost\n|cant|p1b: Raging Bolt|slp\n|move|p2b: Koraidon|Dragon Claw|p1b: Raging Bolt\n|-supereffective|p1b: Raging Bolt\n|-damage|p1b: Raging Bolt|0 fnt\n|faint|p1b: Raging Bolt\n|-end|p1b: Raging Bolt|Protosynthesis|[silent]\n|-damage|p2b: Koraidon|80/100|[from] item: Life Orb\n|move|p1a: Incineroar|Flare Blitz|p2a: Amoonguss\n|-supereffective|p2a: Amoonguss\n|-damage|p2a: Amoonguss|0 fnt\n|-damage|p1a: Incineroar|73/100|[from] item: Rocky Helmet|[of] p2a: Amoonguss\n|faint|p2a: Amoonguss\n|-damage|p1a: Incineroar|59/100|[from] Recoil\n|\n|-weather|SunnyDay|[upkeep]\n|upkeep\n|\n|t:|1746047683\n|switch|p1b: Groudon|Groudon, L50|76/100\n|switch|p2a: Ho-Oh|Ho-Oh, L50|100/100\n|turn|10\n|\n|t:|1746047705\n|move|p2b: Koraidon|Dragon Claw|p1a: Incineroar\n|-damage|p1a: Incineroar|0 fnt\n|faint|p1a: Incineroar\n|-damage|p2b: Koraidon|71/100|[from] item: Life Orb\n|move|p2a: Ho-Oh|Sacred Fire|p1b: Groudon\n|-damage|p1b: Groudon|25/100\n|-status|p1b: Groudon|brn\n|move|p1b: Groudon|Precipice Blades|p2a: Ho-Oh|[spread] p2b\n|-immune|p2a: Ho-Oh\n|-damage|p2b: Koraidon|47/100\n|\n|-weather|SunnyDay|[upkeep]\n|-damage|p1b: Groudon|19/100 brn|[from] brn\n|upkeep\n|turn|11\n|-message|Mona Aster forfeited.\n|\n|win|Queenthinng\n||Queenthinng is ready for game 2.\n", "uploadtime": 1746047723, "views": 7, "formatid": "gen9vgc2025regibo3", "rating": null, "private": 0, "password": null}