{"id": "gen9vgc2025regibo3-2354759568", "format": "[Gen 9] VGC 2025 Reg I (Bo3)", "players": ["PEKORA999", "dondozo sucks"], "log": "|j|\u2606PEKORA999\n|j|\u2606dondozo sucks\n|html|<table width=\"100%\"><tr><td align=\"left\">PEKORA999</td><td align=\"right\">dondozo sucks</tr><tr><td align=\"left\"><i class=\"fa fa-circle\"></i> <i class=\"fa fa-circle-o\"></i> </td><td align=\"right\"><i class=\"fa fa-circle-o\"></i> <i class=\"fa fa-circle-o\"></i> </tr></table>\n|uhtml|bestof|<h2><strong>Game 2</strong> of <a href=\"/game-bestof3-gen9vgc2025regibo3-2354756443\">a best-of-3</a></h2>\n|t:|1746117308\n|gametype|doubles\n|player|p1|PEKORA999|265|1475\n|player|p2|dondozo sucks|dawn|1745\n|teamsize|p1|6\n|teamsize|p2|6\n|gen|9\n|tier|[Gen 9] VGC 2025 Reg I (Bo3)\n|rated|\n|rule|Species Clause: Limit one of each Pok\u00e9mon\n|rule|Item Clause: Limit 1 of each item\n|clearpoke\n|poke|p1|Zamazenta-*, L50|\n|poke|p1|Calyrex-Shadow, L50|\n|poke|p1|Chi-Yu, L50|\n|poke|p1|Raging Bolt, L50|\n|poke|p1|Amoonguss, L50, M|\n|poke|p1|Tornadus, L50, M|\n|poke|p2|Calyrex-Shadow, L50|\n|poke|p2|Incineroar, L50, M|\n|poke|p2|Rillaboom, L50, M|\n|poke|p2|Terapagos, L50, M|\n|poke|p2|Ogerpon-Cornerstone, L50, F|\n|poke|p2|Grimmsnarl, L50, M|\n|teampreview|4\n|showteam|p1|Zamazenta-Crowned||RustedShield|DauntlessShield|behemothbash,IronDefense,BodyPress,WideGuard||||||50|,,,,,Grass]Calyrex-Shadow||FocusSash|AsOneSpectrier|AstralBarrage,Psychic,Encore,Protect||||||50|,,,,,Ghost]Chi-Yu||ChoiceScarf|BeadsofRuin|Overheat,HeatWave,DarkPulse,Snarl||||||50|,,,,,Ghost]Raging Bolt||AssaultVest|Protosynthesis|Electroweb,VoltSwitch,DracoMeteor,Thunderclap||||||50|,,,,,Electric]Amoonguss||RockyHelmet|Regenerator|Spore,RagePowder,PollenPuff,Protect|||M|||50|,,,,,Water]Tornadus||CovertCloak|Prankster|BleakwindStorm,Tailwind,SunnyDay,RainDance|||M|||50|,,,,,Dark\n|showteam|p2|Calyrex-Shadow||FocusSash|AsOneSpectrier|WillOWisp,Psychic,Protect,AstralBarrage||||||50|,,,,,Ghost]Incineroar||SafetyGoggles|Intimidate|KnockOff,HelpingHand,FakeOut,PartingShot|||M|||50|,,,,,Ghost]Rillaboom||AssaultVest|GrassySurge|WoodHammer,Uturn,FakeOut,GrassyGlide|||M|||50|,,,,,Fire]Terapagos||Leftovers|TeraShift|TeraStarstorm,Flamethrower,CalmMind,Protect|||M|||50|,,,,,Stellar]Ogerpon-Cornerstone||CornerstoneMask|Sturdy|IvyCudgel,GrassyGlide,FollowMe,SpikyShield|||F|||50|,,,,,Rock]Grimmsnarl||LightClay|Prankster|Reflect,LightScreen,SpiritBreak,ThunderWave|||M|||50|,,,,,Ghost\n|\n|t:|1746117322\n|start\n|switch|p1a: Chi-Yu|Chi-Yu, L50|100/100\n|switch|p1b: Zamazenta|Zamazenta-Crowned, L50|100/100\n|switch|p2a: Ogerpon|Ogerpon-Cornerstone, L50, F|100/100\n|switch|p2b: Rillaboom|Rillaboom, L50, M|100/100\n|-ability|p1a: Chi-Yu|Beads of Ruin\n|-ability|p1b: Zamazenta|Dauntless Shield|boost\n|-boost|p1b: Zamazenta|def|1\n|-fieldstart|move: Grassy Terrain|[from] ability: Grassy Surge|[of] p2b: Rillaboom\n|turn|1\n|\n|t:|1746117348\n|switch|p1a: Amoonguss|Amoonguss, L50, M|100/100\n|move|p2b: Rillaboom|Fake Out|p1b: Zamazenta\n|-resisted|p1b: Zamazenta\n|-damage|p1b: Zamazenta|98/100\n|move|p2a: Ogerpon|Ivy Cudgel|p1a: Amoonguss|[anim] Ivy Cudgel Rock\n|-crit|p1a: Amoonguss\n|-damage|p1a: Amoonguss|19/100\n|cant|p1b: Zamazenta|flinch\n|\n|-heal|p1b: Zamazenta|100/100|[from] Grassy Terrain\n|-heal|p1a: Amoonguss|25/100|[from] Grassy Terrain\n|upkeep\n|turn|2\n|\n|t:|1746117365\n|move|p2a: Ogerpon|Spiky Shield|p2a: Ogerpon\n|-singleturn|p2a: Ogerpon|move: Protect\n|move|p1a: Amoonguss|Protect|p1a: Amoonguss\n|-singleturn|p1a: Amoonguss|Protect\n|move|p1b: Zamazenta|Behemoth Bash|p2a: Ogerpon\n|-activate|p2a: Ogerpon|move: Protect\n|-damage|p1b: Zamazenta|88/100|[from] Spiky Shield|[of] p2a: Ogerpon\n|move|p2b: Rillaboom|U-turn|p1b: Zamazenta\n|-resisted|p1b: Zamazenta\n|-damage|p1b: Zamazenta|86/100\n|\n|t:|1746117374\n|switch|p2b: Calyrex|Calyrex-Shadow, L50|100/100|[from] U-turn\n|-ability|p2b: Calyrex|As One\n|-ability|p2b: Calyrex|Unnerve\n|\n|-heal|p1b: Zamazenta|92/100|[from] Grassy Terrain\n|-heal|p1a: Amoonguss|30/100|[from] Grassy Terrain\n|upkeep\n|turn|3\n|\n|t:|1746117422\n|move|p1a: Amoonguss|Protect||[still]\n|-fail|p1a: Amoonguss\n|move|p2b: Calyrex|Will-O-Wisp|p1b: Zamazenta\n|-status|p1b: Zamazenta|brn\n|move|p2a: Ogerpon|Ivy Cudgel|p1a: Amoonguss|[anim] Ivy Cudgel Rock\n|-damage|p1a: Amoonguss|0 fnt\n|faint|p1a: Amoonguss\n|move|p1b: Zamazenta|Behemoth Bash|p2b: Calyrex\n|-damage|p2b: Calyrex|75/100\n|\n|-heal|p2b: Calyrex|81/100|[from] Grassy Terrain\n|-heal|p1b: Zamazenta|98/100 brn|[from] Grassy Terrain\n|-damage|p1b: Zamazenta|92/100 brn|[from] brn\n|upkeep\n|\n|t:|1746117430\n|switch|p1a: Chi-Yu|Chi-Yu, L50|100/100\n|-ability|p1a: Chi-Yu|Beads of Ruin\n|turn|4\n|\n|t:|1746117437\n|switch|p2b: Rillaboom|Rillaboom, L50, M|100/100\n|move|p2a: Ogerpon|Spiky Shield|p2a: Ogerpon\n|-singleturn|p2a: Ogerpon|move: Protect\n|move|p1a: Chi-Yu|Heat Wave|p2b: Rillaboom|[spread] p2b\n|-activate|p2a: Ogerpon|move: Protect\n|-supereffective|p2b: Rillaboom\n|-damage|p2b: Rillaboom|33/100\n|move|p1b: Zamazenta|Body Press|p2a: Ogerpon\n|-activate|p2a: Ogerpon|move: Protect\n|-damage|p1b: Zamazenta|80/100 brn|[from] Spiky Shield|[of] p2a: Ogerpon\n|\n|-heal|p1b: Zamazenta|86/100 brn|[from] Grassy Terrain\n|-heal|p2b: Rillaboom|39/100|[from] Grassy Terrain\n|-damage|p1b: Zamazenta|80/100 brn|[from] brn\n|upkeep\n|turn|5\n|\n|t:|1746117458\n|switch|p1a: Calyrex|Calyrex-Shadow, L50|100/100\n|-ability|p1a: Calyrex|As One\n|-ability|p1a: Calyrex|Unnerve\n|move|p2b: Rillaboom|Fake Out|p1b: Zamazenta\n|-resisted|p1b: Zamazenta\n|-damage|p1b: Zamazenta|78/100 brn\n|move|p2a: Ogerpon|Ivy Cudgel|p1a: Calyrex|[anim] Ivy Cudgel Rock\n|-crit|p1a: Calyrex\n|-enditem|p1a: Calyrex|Focus Sash\n|-damage|p1a: Calyrex|1/100\n|cant|p1b: Zamazenta|flinch\n|\n|-heal|p1a: Calyrex|7/100|[from] Grassy Terrain\n|-heal|p1b: Zamazenta|84/100 brn|[from] Grassy Terrain\n|-heal|p2b: Rillaboom|44/100|[from] Grassy Terrain\n|-damage|p1b: Zamazenta|78/100 brn|[from] brn\n|-fieldend|move: Grassy Terrain\n|upkeep\n|turn|6\n|\n|t:|1746117476\n|switch|p2b: Terapagos|Terapagos, L50, M|100/100\n|-activate|p2b: Terapagos|ability: Tera Shift\n|detailschange|p2b: Terapagos|Terapagos-Terastal, L50, M\n|-heal|p2b: Terapagos|100/100|[silent]\n|move|p2a: Ogerpon|Spiky Shield|p2a: Ogerpon\n|-singleturn|p2a: Ogerpon|move: Protect\n|move|p1a: Calyrex|Astral Barrage|p2b: Terapagos|[spread] \n|-activate|p2a: Ogerpon|move: Protect\n|-immune|p2b: Terapagos\n|move|p1b: Zamazenta|Behemoth Bash|p2b: Terapagos\n|-activate|p2b: Terapagos|ability: Tera Shell\n|-resisted|p2b: Terapagos\n|-damage|p2b: Terapagos|94/100\n|\n|-heal|p2b: Terapagos|99/100|[from] item: Leftovers\n|-damage|p1b: Zamazenta|71/100 brn|[from] brn\n|upkeep\n|turn|7\n|\n|t:|1746117492\n|switch|p2a: Rillaboom|Rillaboom, L50, M|44/100\n|-fieldstart|move: Grassy Terrain|[from] ability: Grassy Surge|[of] p2a: Rillaboom\n|-terastallize|p2b: Terapagos|Stellar\n|detailschange|p2b: Terapagos|Terapagos-Stellar, L50, M, tera:Stellar\n|-heal|p2b: Terapagos|99/100|[silent]\n|-ability|p2b: Terapagos|Teraform Zero\n|-fieldend|move: Grassy Terrain\n|move|p1a: Calyrex|Astral Barrage|p2a: Rillaboom|[spread] p2a\n|-immune|p2b: Terapagos\n|-damage|p2a: Rillaboom|5/100\n|move|p1b: Zamazenta|Behemoth Bash|p2a: Rillaboom\n|-damage|p2a: Rillaboom|0 fnt\n|faint|p2a: Rillaboom\n|move|p2b: Terapagos|Flamethrower|p1b: Zamazenta\n|-supereffective|p1b: Zamazenta\n|-damage|p1b: Zamazenta|22/100 brn\n|\n|-heal|p2b: Terapagos|100/100|[from] item: Leftovers\n|-damage|p1b: Zamazenta|16/100 brn|[from] brn\n|upkeep\n|\n|t:|1746117498\n|switch|p2a: Ogerpon|Ogerpon-Cornerstone, L50, F|100/100\n|turn|8\n|\n|t:|1746117527\n|move|p2a: Ogerpon|Spiky Shield|p2a: Ogerpon\n|-singleturn|p2a: Ogerpon|move: Protect\n|move|p1a: Calyrex|Astral Barrage|p2a: Ogerpon|[spread] \n|-activate|p2a: Ogerpon|move: Protect\n|-immune|p2b: Terapagos\n|move|p1b: Zamazenta|Body Press|p2b: Terapagos\n|-supereffective|p2b: Terapagos\n|-crit|p2b: Terapagos\n|-damage|p2b: Terapagos|43/100\n|move|p2b: Terapagos|Tera Starstorm|p1b: Zamazenta|[spread] p1a,p1b\n|-damage|p1a: Calyrex|0 fnt\n|-damage|p1b: Zamazenta|0 fnt\n|faint|p1a: Calyrex\n|faint|p1b: Zamazenta\n|\n|-heal|p2b: Terapagos|50/100|[from] item: Leftovers\n|upkeep\n|\n|t:|1746117535\n|switch|p1b: Chi-Yu|Chi-Yu, L50|100/100\n|-ability|p1b: Chi-Yu|Beads of Ruin\n|turn|9\n|-message|PEKORA999 forfeited.\n|\n|win|dondozo sucks\n||dondozo sucks is ready for game 3.\n||PEKORA999 is ready for game 3.\n|uhtml|next|Next: <a href=\"/battle-gen9vgc2025regibo3-2354762178\"><strong>Game 3 of 3</strong></a>\n|l|\u2606dondozo sucks\n|player|p2|\n", "uploadtime": 1746117832, "views": 31, "formatid": "gen9vgc2025regibo3", "rating": null, "private": 0, "password": null}