{"id": "gen9vgc2025regibo3-2354576716", "format": "[Gen 9] VGC 2025 Reg I (Bo3)", "players": ["blackkobraVGC", "Jean CHASUBLE 1"], "log": "|j|\u2606blackkobraVGC\n|j|\u2606Jean CHASUBLE 1\n|html|<table width=\"100%\"><tr><td align=\"left\">blackkobraVGC</td><td align=\"right\">Jean CHASUBLE 1</tr><tr><td align=\"left\"><i class=\"fa fa-circle\"></i> <i class=\"fa fa-circle-o\"></i> </td><td align=\"right\"><i class=\"fa fa-circle-o\"></i> <i class=\"fa fa-circle-o\"></i> </tr></table>\n|uhtml|bestof|<h2><strong>Game 2</strong> of <a href=\"/game-bestof3-gen9vgc2025regibo3-2354575333\">a best-of-3</a></h2>\n|t:|1746097425\n|gametype|doubles\n|player|p1|blackkobraVGC|alder|1108\n|player|p2|Jean CHASUBLE 1|cheren-gen5bw2|1226\n|teamsize|p1|6\n|teamsize|p2|6\n|gen|9\n|tier|[Gen 9] VGC 2025 Reg I (Bo3)\n|rated|\n|rule|Species Clause: Limit one of each Pok\u00e9mon\n|rule|Item Clause: Limit 1 of each item\n|clearpoke\n|poke|p1|Ho-Oh, L50|\n|poke|p1|Miraidon, L50|\n|poke|p1|Farigiraf, L50, F|\n|poke|p1|Iron Hands, L50|\n|poke|p1|Urshifu-*, L50, M|\n|poke|p1|Iron Treads, L50|\n|poke|p2|Kyogre, L50|\n|poke|p2|Zacian-*, L50|\n|poke|p2|Tornadus, L50, M|\n|poke|p2|Landorus, L50, M|\n|poke|p2|Amoonguss, L50, M|\n|poke|p2|Urshifu-*, L50, F|\n|teampreview|4\n|showteam|p1|Ho-Oh||ClearAmulet|Regenerator|BraveBird,SacredFire,Tailwind,Protect||||||50|,,,,,Grass]Miraidon||ChoiceSpecs|HadronEngine|ElectroDrift,VoltSwitch,DazzlingGleam,DracoMeteor||||||50|,,,,,Fairy]Farigiraf||ElectricSeed|ArmorTail|Psychic,FoulPlay,TrickRoom,HelpingHand|||F|||50|,,,,,Water]Iron Hands||AssaultVest|QuarkDrive|FakeOut,DrainPunch,WildCharge,LowKick||||||50|,,,,,Water]Urshifu||FocusSash|UnseenFist|WickedBlow,CloseCombat,SuckerPunch,Protect|||M|||50|,,,,,Dark]Iron Treads||ChoiceBand|QuarkDrive|HighHorsepower,IronHead,RockSlide,Earthquake||||||50|,,,,,Ghost\n|showteam|p2|Kyogre||AssaultVest|Drizzle|Thunder,WaterSpout,IceBeam,HydroPump||||||50|,,,,,Grass]Zacian-Crowned||RustedSword|IntrepidSword|Protect,PlayRough,behemothblade,SacredSword||||||50|,,,,,Fairy]Tornadus||CovertCloak|Prankster|Tailwind,Taunt,BleakwindStorm,RainDance|||M|||50|,,,,,Dark]Landorus||LifeOrb|SheerForce|EarthPower,SandsearStorm,SludgeBomb,Protect|||M|||50|,,,,,Poison]Amoonguss||RockyHelmet|Regenerator|Spore,PollenPuff,Protect,RagePowder|||M|||50|,,,,,Water]Urshifu-Rapid-Strike||ChoiceScarf|UnseenFist|SurgingStrikes,Uturn,AquaJet,CloseCombat|||F|||50|,,,,,Water\n|inactive|Battle timer is ON: inactive players will automatically lose when time's up. (requested by blackkobraVGC)\n|\n|t:|1746097488\n|start\n|switch|p1a: Iron Hands|Iron Hands, L50|100/100\n|switch|p1b: Miraidon|Miraidon, L50|100/100\n|switch|p2a: Landorus|Landorus, L50, M|100/100\n|switch|p2b: Zacian|Zacian-Crowned, L50|100/100\n|-ability|p2b: Zacian|Intrepid Sword|boost\n|-boost|p2b: Zacian|atk|1\n|-fieldstart|move: Electric Terrain|[from] ability: Hadron Engine|[of] p1b: Miraidon\n|-activate|p1a: Iron Hands|ability: Quark Drive\n|-start|p1a: Iron Hands|quarkdriveatk\n|turn|1\n|inactive|blackkobraVGC has 30 seconds left.\n|\n|t:|1746097521\n|-end|p1a: Iron Hands|Quark Drive|[silent]\n|switch|p1a: Ho-Oh|Ho-Oh, L50|100/100\n|-terastallize|p1b: Miraidon|Fairy\n|move|p2b: Zacian|Protect|p2b: Zacian\n|-singleturn|p2b: Zacian|Protect\n|move|p2a: Landorus|Protect|p2a: Landorus\n|-singleturn|p2a: Landorus|Protect\n|move|p1b: Miraidon|Dazzling Gleam|p2a: Landorus|[spread] \n|-activate|p2a: Landorus|move: Protect\n|-activate|p2b: Zacian|move: Protect\n|\n|upkeep\n|turn|2\n|\n|t:|1746097537\n|switch|p1b: Iron Hands|Iron Hands, L50|100/100\n|-activate|p1b: Iron Hands|ability: Quark Drive\n|-start|p1b: Iron Hands|quarkdriveatk\n|switch|p2a: Tornadus|Tornadus, L50, M|100/100\n|move|p2b: Zacian|Behemoth Blade|p1b: Iron Hands\n|-resisted|p1b: Iron Hands\n|-damage|p1b: Iron Hands|71/100\n|move|p1a: Ho-Oh|Tailwind|p1a: Ho-Oh\n|-sidestart|p1: blackkobraVGC|move: Tailwind\n|\n|upkeep\n|turn|3\n|\n|t:|1746097562\n|move|p2b: Zacian|Protect|p2b: Zacian\n|-singleturn|p2b: Zacian|Protect\n|move|p2a: Tornadus|Tailwind|p2a: Tornadus\n|-sidestart|p2: Jean CHASUBLE 1|move: Tailwind\n|move|p1a: Ho-Oh|Sacred Fire|p2b: Zacian\n|-activate|p2b: Zacian|move: Protect\n|move|p1b: Iron Hands|Wild Charge|p2a: Tornadus\n|-supereffective|p2a: Tornadus\n|-damage|p2a: Tornadus|0 fnt\n|faint|p2a: Tornadus\n|-damage|p1b: Iron Hands|52/100|[from] Recoil\n|\n|upkeep\n|\n|t:|1746097573\n|switch|p2a: Landorus|Landorus, L50, M|100/100\n|turn|4\n|\n|t:|1746097591\n|-terastallize|p2b: Zacian|Fairy\n|move|p2b: Zacian|Play Rough|p1a: Ho-Oh\n|-resisted|p1a: Ho-Oh\n|-damage|p1a: Ho-Oh|53/100\n|move|p2a: Landorus|Earth Power|p1b: Iron Hands\n|-supereffective|p1b: Iron Hands\n|-damage|p1b: Iron Hands|0 fnt\n|faint|p1b: Iron Hands\n|-end|p1b: Iron Hands|Quark Drive|[silent]\n|move|p1a: Ho-Oh|Sacred Fire|p2b: Zacian\n|-damage|p2b: Zacian|44/100\n|\n|upkeep\n|\n|t:|1746097604\n|switch|p1b: Miraidon|Miraidon, L50, tera:Fairy|100/100\n|-activate|p1b: Miraidon|ability: Hadron Engine\n|turn|5\n|\n|t:|1746097627\n|switch|p1b: Urshifu|Urshifu, L50, M|100/100\n|move|p2b: Zacian|Behemoth Blade|p1b: Urshifu\n|-damage|p1b: Urshifu|18/100\n|move|p2a: Landorus|Sludge Bomb|p1a: Ho-Oh\n|-damage|p1a: Ho-Oh|24/100\n|move|p1a: Ho-Oh|Brave Bird|p2b: Zacian\n|-damage|p2b: Zacian|0 fnt\n|faint|p2b: Zacian\n|-damage|p1a: Ho-Oh|12/100|[from] Recoil\n|\n|-sideend|p1: blackkobraVGC|move: Tailwind\n|-fieldend|move: Electric Terrain\n|upkeep\n|\n|t:|1746097641\n|switch|p2b: Urshifu|Urshifu-Rapid-Strike, L50, F|100/100\n|turn|6\n|inactive|Jean CHASUBLE 1 has 30 seconds left.\n|\n|t:|1746097674\n|move|p1b: Urshifu|Protect|p1b: Urshifu\n|-singleturn|p1b: Urshifu|Protect\n|move|p1a: Ho-Oh|Protect|p1a: Ho-Oh\n|-singleturn|p1a: Ho-Oh|Protect\n|move|p2b: Urshifu|Close Combat|p1b: Urshifu\n|-supereffective|p1b: Urshifu\n|-damage|p1b: Urshifu|0 fnt\n|-unboost|p2b: Urshifu|def|1\n|-unboost|p2b: Urshifu|spd|1\n|faint|p1b: Urshifu\n|move|p2a: Landorus|Sludge Bomb|p1a: Ho-Oh\n|-activate|p1a: Ho-Oh|move: Protect\n|\n|-sideend|p2: Jean CHASUBLE 1|move: Tailwind\n|upkeep\n|\n|t:|1746097679\n|switch|p1b: Miraidon|Miraidon, L50, tera:Fairy|100/100\n|-fieldstart|move: Electric Terrain|[from] ability: Hadron Engine|[of] p1b: Miraidon\n|turn|7\n|\n|t:|1746097700\n|move|p2b: Urshifu|Close Combat|p1b: Miraidon\n|-resisted|p1b: Miraidon\n|-damage|p1b: Miraidon|71/100\n|-unboost|p2b: Urshifu|def|1\n|-unboost|p2b: Urshifu|spd|1\n|move|p1b: Miraidon|Draco Meteor|p2a: Landorus\n|-damage|p2a: Landorus|0 fnt\n|-unboost|p1b: Miraidon|spa|2\n|faint|p2a: Landorus\n|move|p1a: Ho-Oh|Tailwind|p1a: Ho-Oh\n|-sidestart|p1: blackkobraVGC|move: Tailwind\n|\n|upkeep\n|turn|8\n|\n|t:|1746097712\n|move|p1b: Miraidon|Draco Meteor|p2b: Urshifu\n|-damage|p2b: Urshifu|0 fnt\n|-unboost|p1b: Miraidon|spa|2\n|faint|p2b: Urshifu\n|\n|win|blackkobraVGC\n|raw|blackkobraVGC's rating: 1108 &rarr; <strong>1141</strong><br />(+33 for winning)\n|raw|Jean CHASUBLE 1's rating: 1226 &rarr; <strong>1193</strong><br />(-33 for losing)\n", "uploadtime": 1746097718, "views": 10, "formatid": "gen9vgc2025regibo3", "rating": 1141, "private": 0, "password": null}