{"id": "gen9vgc2025regibo3-2354668863", "format": "[Gen 9] VGC 2025 Reg I (Bo3)", "players": ["Silverdance93", "Shirteasy22"], "log": "|j|\u2606Silverdance93\n|j|\u203dShirteasy22\n|html|<table width=\"100%\"><tr><td align=\"left\">Silverdance93</td><td align=\"right\">Shirteasy22</tr><tr><td align=\"left\"><i class=\"fa fa-circle\"></i> <i class=\"fa fa-circle-o\"></i> </td><td align=\"right\"><i class=\"fa fa-circle-o\"></i> <i class=\"fa fa-circle-o\"></i> </tr></table>\n|uhtml|bestof|<h2><strong>Game 2</strong> of <a href=\"/game-bestof3-gen9vgc2025regibo3-2354665544\">a best-of-3</a></h2>\n|t:|1746108978\n|gametype|doubles\n|player|p1|Silverdance93|169|1289\n|player|p2|Shirteasy22|dancer|1176\n|teamsize|p1|6\n|teamsize|p2|6\n|gen|9\n|tier|[Gen 9] VGC 2025 Reg I (Bo3)\n|rated|\n|rule|Species Clause: Limit one of each Pok\u00e9mon\n|rule|Item Clause: Limit 1 of each item\n|clearpoke\n|poke|p1|Calyrex-Shadow, L50|\n|poke|p1|Zamazenta-*, L50|\n|poke|p1|Roaring Moon, L50|\n|poke|p1|Raging Bolt, L50|\n|poke|p1|Urshifu-*, L50, M|\n|poke|p1|Ogerpon-Hearthflame, L50, F|\n|poke|p2|Calyrex-Shadow, L50|\n|poke|p2|Thundurus, L50, M|\n|poke|p2|Koraidon, L50|\n|poke|p2|Clefairy, L50, F|\n|poke|p2|Incineroar, L50, M|\n|poke|p2|Ting-Lu, L50|\n|teampreview|4\n|showteam|p1|Calyrex-Shadow||FocusSash|AsOneSpectrier|Protect,AstralBarrage,Psychic,ShadowBall||||||50|,,,,,Ghost]Zamazenta-Crowned||RustedShield|DauntlessShield|Protect,WideGuard,BodyPress,HeavySlam||||||50|,,,,,Water]Roaring Moon||BoosterEnergy|Protosynthesis|Tailwind,KnockOff,Acrobatics,Protect||||||50|,,,,,Flying]Raging Bolt||AssaultVest|Protosynthesis|Thunderbolt,Thunderclap,DracoMeteor,Snarl||||||50|,,,,,Electric]Urshifu-Rapid-Strike||ChoiceScarf|UnseenFist|SurgingStrikes,CloseCombat,AquaJet,IceSpinner|||M|||50|,,,,,Ghost]Ogerpon-Hearthflame||HearthflameMask|MoldBreaker|IvyCudgel,FollowMe,WoodHammer,SpikyShield|||F|||50|,,,,,Fire\n|showteam|p2|Calyrex-Shadow||LifeOrb|AsOneSpectrier|AstralBarrage,Encore,Protect,DrainingKiss||||||50|,,,,,Fairy]Thundurus||WideLens|Prankster|ThunderWave,WildboltStorm,Protect,Taunt|||M|||50|,,,,,Steel]Koraidon||ClearAmulet|OrichalcumPulse|CollisionCourse,Protect,FlareBlitz,FlameCharge||||||50|,,,,,Fire]Clefairy||Eviolite|FriendGuard|FollowMe,AfterYou,HelpingHand,IcyWind|||F|||50|,,,,,Fairy]Incineroar||ChopleBerry|Intimidate|FlareBlitz,KnockOff,PartingShot,FakeOut|||M|||50|,,,,,Water]Ting-Lu||AssaultVest|VesselofRuin|ThroatChop,Snarl,Fissure,StompingTantrum||||||50|,,,,,Ghost\n|inactive|Battle timer is ON: inactive players will automatically lose when time's up. (requested by Silverdance93)\n|\n|t:|1746109026\n|start\n|switch|p1a: Calyrex|Calyrex-Shadow, L50|100/100\n|switch|p1b: Ogerpon|Ogerpon-Hearthflame, L50, F|100/100\n|switch|p2a: Thundurus|Thundurus, L50, M|100/100\n|switch|p2b: Koraidon|Koraidon, L50|100/100\n|-ability|p1a: Calyrex|As One\n|-ability|p1a: Calyrex|Unnerve\n|-weather|SunnyDay|[from] ability: Orichalcum Pulse|[of] p2b: Koraidon\n|-activate|p2b: Koraidon|Orichalcum Pulse|[source]\n|-ability|p1b: Ogerpon|Mold Breaker\n|turn|1\n|inactive|Shirteasy22 has 30 seconds left.\n|inactive|Shirteasy22 has 20 seconds left.\n|inactive|Shirteasy22 has 15 seconds left.\n|\n|t:|1746109068\n|switch|p2a: Ting-Lu|Ting-Lu, L50|100/100\n|-ability|p2a: Ting-Lu|Vessel of Ruin\n|move|p1b: Ogerpon|Follow Me|p1b: Ogerpon\n|-singleturn|p1b: Ogerpon|move: Follow Me\n|move|p1a: Calyrex|Astral Barrage|p2b: Koraidon|[spread] p2a,p2b\n|-resisted|p2a: Ting-Lu\n|-damage|p2a: Ting-Lu|91/100\n|-damage|p2b: Koraidon|63/100\n|move|p2b: Koraidon|Flame Charge|p1b: Ogerpon\n|-damage|p1b: Ogerpon|69/100\n|-boost|p2b: Koraidon|spe|1\n|\n|-weather|SunnyDay|[upkeep]\n|upkeep\n|turn|2\n|inactive|Silverdance93 has 30 seconds left.\n|\n|t:|1746109099\n|switch|p1a: Urshifu|Urshifu-Rapid-Strike, L50, M|100/100\n|move|p2b: Koraidon|Protect|p2b: Koraidon\n|-singleturn|p2b: Koraidon|Protect\n|move|p1b: Ogerpon|Wood Hammer|p2a: Ting-Lu\n|-supereffective|p2a: Ting-Lu\n|-damage|p2a: Ting-Lu|2/100\n|-damage|p1b: Ogerpon|30/100|[from] Recoil\n|move|p2a: Ting-Lu|Snarl|p1a: Urshifu|[spread] p1a,p1b\n|-resisted|p1a: Urshifu\n|-damage|p1a: Urshifu|91/100\n|-damage|p1b: Ogerpon|20/100\n|-unboost|p1a: Urshifu|spa|1\n|-unboost|p1b: Ogerpon|spa|1\n|\n|-weather|SunnyDay|[upkeep]\n|upkeep\n|turn|3\n|inactive|Silverdance93 has 30 seconds left.\n|inactive|Shirteasy22 has 30 seconds left.\n|\n|t:|1746109129\n|move|p1b: Ogerpon|Follow Me|p1b: Ogerpon\n|-singleturn|p1b: Ogerpon|move: Follow Me\n|move|p2b: Koraidon|Collision Course|p1b: Ogerpon\n|-damage|p1b: Ogerpon|0 fnt\n|faint|p1b: Ogerpon\n|move|p1a: Urshifu|Surging Strikes|p2a: Ting-Lu\n|-supereffective|p2a: Ting-Lu\n|-crit|p2a: Ting-Lu\n|-damage|p2a: Ting-Lu|0 fnt\n|faint|p2a: Ting-Lu\n|-hitcount|p2: Ting-Lu|1\n|\n|-weather|SunnyDay|[upkeep]\n|upkeep\n|\n|t:|1746109144\n|switch|p1b: Zamazenta|Zamazenta-Crowned, L50|100/100\n|switch|p2a: Thundurus|Thundurus, L50, M|100/100\n|-ability|p1b: Zamazenta|Dauntless Shield|boost\n|-boost|p1b: Zamazenta|def|1\n|turn|4\n|\n|t:|1746109166\n|switch|p1a: Calyrex|Calyrex-Shadow, L50|100/100\n|-ability|p1a: Calyrex|As One\n|-ability|p1a: Calyrex|Unnerve\n|-terastallize|p1b: Zamazenta|Water\n|move|p2a: Thundurus|Thunder Wave|p1a: Calyrex\n|-status|p1a: Calyrex|par\n|move|p2b: Koraidon|Collision Course|p1a: Calyrex\n|-immune|p1a: Calyrex\n|move|p1b: Zamazenta|Body Press|p2b: Koraidon\n|-damage|p2b: Koraidon|15/100\n|\n|-weather|SunnyDay|[upkeep]\n|upkeep\n|turn|5\n|inactive|Shirteasy22 has 30 seconds left.\n|\n|t:|1746109192\n|move|p2b: Koraidon|Protect|p2b: Koraidon\n|-singleturn|p2b: Koraidon|Protect\n|move|p2a: Thundurus|Thunder Wave|p1b: Zamazenta\n|-status|p1b: Zamazenta|par\n|move|p1a: Calyrex|Astral Barrage|p2b: Koraidon|[spread] p2a\n|-activate|p2b: Koraidon|move: Protect\n|-damage|p2a: Thundurus|32/100\n|move|p1b: Zamazenta|Body Press|p2b: Koraidon\n|-activate|p2b: Koraidon|move: Protect\n|\n|-weather|none\n|upkeep\n|turn|6\n|\n|t:|1746109212\n|move|p1b: Zamazenta|Wide Guard|p1b: Zamazenta\n|-singleturn|p1b: Zamazenta|Wide Guard\n|move|p2b: Koraidon|Flare Blitz|p1a: Calyrex\n|-damage|p1a: Calyrex|50/100 par\n|-damage|p2b: Koraidon|0 fnt|[from] Recoil\n|faint|p2b: Koraidon\n|move|p2a: Thundurus|Wildbolt Storm|p1a: Calyrex|[spread] \n|-activate|p1a: Calyrex|move: Wide Guard\n|-activate|p1b: Zamazenta|move: Wide Guard\n|move|p1a: Calyrex|Astral Barrage|p2a: Thundurus\n|-damage|p2a: Thundurus|0 fnt\n|faint|p2a: Thundurus\n|-ability|p1a: Calyrex|Grim Neigh|boost\n|-boost|p1a: Calyrex|spa|1\n|\n|upkeep\n|\n|t:|1746109231\n|switch|p2b: Calyrex|Calyrex-Shadow, L50|100/100\n|-ability|p2b: Calyrex|As One\n|-ability|p2b: Calyrex|Unnerve\n|turn|7\n|inactive|Shirteasy22 has 30 seconds left.\n|\n|t:|1746109260\n|move|p2b: Calyrex|Astral Barrage|p1b: Zamazenta|[spread] p1a,p1b\n|-supereffective|p1a: Calyrex\n|-damage|p1a: Calyrex|0 fnt\n|-damage|p1b: Zamazenta|46/100 par\n|faint|p1a: Calyrex\n|-ability|p2b: Calyrex|Grim Neigh|boost\n|-boost|p2b: Calyrex|spa|1\n|-damage|p2b: Calyrex|91/100|[from] item: Life Orb\n|cant|p1b: Zamazenta|par\n|\n|upkeep\n|\n|t:|1746109270\n|switch|p1a: Urshifu|Urshifu-Rapid-Strike, L50, M|91/100\n|turn|8\n|\n|t:|1746109277\n|move|p1a: Urshifu|Surging Strikes|p2b: Calyrex\n|-crit|p2b: Calyrex\n|-damage|p2b: Calyrex|66/100\n|-crit|p2b: Calyrex\n|-damage|p2b: Calyrex|41/100\n|-crit|p2b: Calyrex\n|-damage|p2b: Calyrex|15/100\n|-hitcount|p2b: Calyrex|3\n|move|p2b: Calyrex|Astral Barrage|p1b: Zamazenta|[spread] p1a,p1b\n|-damage|p1a: Urshifu|0 fnt\n|-damage|p1b: Zamazenta|0 fnt\n|faint|p1a: Urshifu\n|faint|p1b: Zamazenta\n|-damage|p2b: Calyrex|5/100|[from] item: Life Orb\n|\n|win|Shirteasy22\n|inactive|Silverdance93 has 30 seconds to confirm battle start!\n|inactive|Shirteasy22 has 30 seconds to confirm battle start!\n||Silverdance93 is ready for game 3.\n|inactive|Shirteasy22 has 20 seconds to confirm battle start!\n", "uploadtime": 1746109299, "views": 12, "formatid": "gen9vgc2025regibo3", "rating": null, "private": 0, "password": null}