{"id": "gen9vgc2025regibo3-2353743959", "format": "[Gen 9] VGC 2025 Reg I (Bo3)", "players": ["recnacboi", "RICHARDHAVOC"], "log": "|j|\u2606recnacboi\n|j|\u2606RICHARDHAVOC\n|html|<table width=\"100%\"><tr><td align=\"left\">recnacboi</td><td align=\"right\">RICHARDHAVOC</tr><tr><td align=\"left\"><i class=\"fa fa-circle-o\"></i> <i class=\"fa fa-circle-o\"></i> </td><td align=\"right\"><i class=\"fa fa-circle-o\"></i> <i class=\"fa fa-circle-o\"></i> </tr></table>\n|uhtml|bestof|<h2><strong>Game 1</strong> of <a href=\"/game-bestof3-gen9vgc2025regibo3-2353743958\">a best-of-3</a></h2>\n|t:|1745992432\n|gametype|doubles\n|player|p1|recnacboi|2|1390\n|player|p2|RICHARDHAVOC|brycen|1417\n|teamsize|p1|6\n|teamsize|p2|6\n|gen|9\n|tier|[Gen 9] VGC 2025 Reg I (Bo3)\n|rated|\n|rule|Species Clause: Limit one of each Pok\u00e9mon\n|rule|Item Clause: Limit 1 of each item\n|clearpoke\n|poke|p1|Calyrex-Shadow, L50|\n|poke|p1|Terapagos, L50, M|\n|poke|p1|Rillaboom, L50, F|\n|poke|p1|Incineroar, L50, F|\n|poke|p1|Urshifu-*, L50, F|\n|poke|p1|Ogerpon-Hearthflame, L50, F|\n|poke|p2|Zamazenta-*, L50|\n|poke|p2|Calyrex-Shadow, L50|\n|poke|p2|Rillaboom, L50, M|\n|poke|p2|Tornadus, L50, M|\n|poke|p2|Urshifu-*, L50, M|\n|poke|p2|Annihilape, L50, M|\n|teampreview|4\n|showteam|p1|Calyrex-Shadow||FocusSash|AsOneSpectrier|AstralBarrage,Disable,WillOWisp,Protect||||||50|,,,,,Ghost]Terapagos||Leftovers|TeraShift|TeraStarstorm,EarthPower,CalmMind,Protect|||M|||50|,,,,,Stellar]Rillaboom||AssaultVest|GrassySurge|WoodHammer,GrassyGlide,FakeOut,Uturn|||F|||50|,,,,,Fire]Incineroar||RockyHelmet|Intimidate|KnockOff,HelpingHand,FakeOut,PartingShot|||F|||50|,,,,,Bug]Urshifu-Rapid-Strike||ChoiceScarf|UnseenFist|CloseCombat,SurgingStrikes,Uturn,AquaJet|||F|||50|,,,,,Water]Ogerpon-Hearthflame||HearthflameMask|MoldBreaker|IvyCudgel,GrassyGlide,FollowMe,SpikyShield|||F|||50|,,,,,Fire\n|showteam|p2|Zamazenta-Crowned||RustedShield|DauntlessShield|WideGuard,HeavySlam,BodyPress,Protect||||||50|,,,,,Dragon]Calyrex-Shadow||LifeOrb|AsOneSpectrier|AstralBarrage,Psychic,PollenPuff,Protect||||||50|,,,,,Dark]Rillaboom||AssaultVest|GrassySurge|FakeOut,Uturn,WoodHammer,GrassyGlide|||M|||50|,,,,,Fire]Tornadus||RockyHelmet|Prankster|BleakwindStorm,RainDance,Tailwind,Protect|||M|||50|,,,,,Normal]Urshifu-Rapid-Strike||FocusSash|UnseenFist|SurgingStrikes,CloseCombat,AquaJet,Protect|||M|||50|,,,,,Stellar]Annihilape||ChoiceScarf|Defiant|FinalGambit,Coaching,Uturn,ShadowClaw|||M|||50|,,,,,Grass\n|\n|t:|1745992485\n|start\n|switch|p1a: Calyrex|Calyrex-Shadow, L50|100/100\n|switch|p1b: Ogerpon|Ogerpon-Hearthflame, L50, F|100/100\n|switch|p2a: Annihilape|Annihilape, L50, M, shiny|100/100\n|switch|p2b: Calyrex|Calyrex-Shadow, L50|100/100\n|-ability|p2b: Calyrex|As One\n|-ability|p2b: Calyrex|Unnerve\n|-ability|p1a: Calyrex|As One\n|-ability|p1a: Calyrex|Unnerve\n|-ability|p1b: Ogerpon|Mold Breaker\n|turn|1\n|\n|t:|1745992520\n|-terastallize|p2b: Calyrex|Dark\n|move|p1b: Ogerpon|Follow Me|p1b: Ogerpon\n|-singleturn|p1b: Ogerpon|move: Follow Me\n|move|p2a: Annihilape|Shadow Claw|p1b: Ogerpon\n|-damage|p1b: Ogerpon|72/100\n|move|p2b: Calyrex|Astral Barrage|p1b: Ogerpon|[spread] p1a,p1b\n|-supereffective|p1a: Calyrex\n|-enditem|p1a: Calyrex|Focus Sash\n|-damage|p1a: Calyrex|1/100\n|-damage|p1b: Ogerpon|4/100\n|-damage|p2b: Calyrex|91/100|[from] item: Life Orb\n|move|p1a: Calyrex|Astral Barrage|p2b: Calyrex|[spread] p2a,p2b\n|-supereffective|p2a: Annihilape\n|-resisted|p2b: Calyrex\n|-damage|p2a: Annihilape|2/100\n|-damage|p2b: Calyrex|64/100\n|\n|upkeep\n|turn|2\n|\n|t:|1745992571\n|move|p1a: Calyrex|Protect|p1a: Calyrex\n|-singleturn|p1a: Calyrex|Protect\n|move|p1b: Ogerpon|Follow Me|p1b: Ogerpon\n|-singleturn|p1b: Ogerpon|move: Follow Me\n|move|p2a: Annihilape|Shadow Claw|p1b: Ogerpon\n|-damage|p1b: Ogerpon|0 fnt\n|faint|p1b: Ogerpon\n|move|p2b: Calyrex|Astral Barrage|p1a: Calyrex\n|-activate|p1a: Calyrex|move: Protect\n|\n|upkeep\n|\n|t:|1745992576\n|switch|p1b: Urshifu|Urshifu-Rapid-Strike, L50, F|100/100\n|turn|3\n|\n|t:|1745992591\n|switch|p1a: Terapagos|Terapagos, L50, M|100/100\n|-activate|p1a: Terapagos|ability: Tera Shift\n|detailschange|p1a: Terapagos|Terapagos-Terastal, L50, M\n|-heal|p1a: Terapagos|100/100|[silent]\n|move|p1b: Urshifu|Surging Strikes|p2b: Calyrex\n|-crit|p2b: Calyrex\n|-damage|p2b: Calyrex|41/100\n|-crit|p2b: Calyrex\n|-damage|p2b: Calyrex|16/100\n|-crit|p2b: Calyrex\n|-damage|p2b: Calyrex|0 fnt\n|faint|p2b: Calyrex\n|-hitcount|p2: Calyrex|3\n|move|p2a: Annihilape|Shadow Claw|p1a: Terapagos\n|-immune|p1a: Terapagos\n|\n|upkeep\n|\n|t:|1745992599\n|switch|p2b: Zamazenta|Zamazenta-Crowned, L50, shiny|100/100\n|-ability|p2b: Zamazenta|Dauntless Shield|boost\n|-boost|p2b: Zamazenta|def|1\n|turn|4\n|\n|t:|1745992605\n|move|p1b: Urshifu|Surging Strikes|p2b: Zamazenta\n|-crit|p2b: Zamazenta\n|-damage|p2b: Zamazenta|87/100\n|-crit|p2b: Zamazenta\n|-damage|p2b: Zamazenta|74/100\n|-crit|p2b: Zamazenta\n|-damage|p2b: Zamazenta|61/100\n|-hitcount|p2b: Zamazenta|3\n|move|p2a: Annihilape|Shadow Claw|p1b: Urshifu\n|-damage|p1b: Urshifu|73/100\n|move|p2b: Zamazenta|Body Press|p1b: Urshifu\n|-damage|p1b: Urshifu|0 fnt\n|faint|p1b: Urshifu\n|move|p1a: Terapagos|Earth Power|p2b: Zamazenta\n|-supereffective|p2b: Zamazenta\n|-damage|p2b: Zamazenta|27/100\n|\n|upkeep\n|\n|t:|1745992608\n|switch|p1b: Calyrex|Calyrex-Shadow, L50|1/100\n|-ability|p1b: Calyrex|As One\n|-ability|p1b: Calyrex|Unnerve\n|turn|5\n|\n|t:|1745992629\n|move|p1b: Calyrex|Protect|p1b: Calyrex\n|-singleturn|p1b: Calyrex|Protect\n|move|p2b: Zamazenta|Protect|p2b: Zamazenta\n|-singleturn|p2b: Zamazenta|Protect\n|move|p2a: Annihilape|Shadow Claw|p1b: Calyrex\n|-activate|p1b: Calyrex|move: Protect\n|move|p1a: Terapagos|Earth Power|p2b: Zamazenta\n|-activate|p2b: Zamazenta|move: Protect\n|\n|upkeep\n|turn|6\n|\n|t:|1745992644\n|move|p1b: Calyrex|Protect|p1b: Calyrex\n|-singleturn|p1b: Calyrex|Protect\n|move|p2a: Annihilape|Shadow Claw|p1b: Calyrex\n|-activate|p1b: Calyrex|move: Protect\n|move|p2b: Zamazenta|Body Press|p1a: Terapagos\n|-activate|p1a: Terapagos|ability: Tera Shell\n|-resisted|p1a: Terapagos\n|-damage|p1a: Terapagos|75/100\n|move|p1a: Terapagos|Earth Power|p2b: Zamazenta\n|-supereffective|p2b: Zamazenta\n|-crit|p2b: Zamazenta\n|-damage|p2b: Zamazenta|0 fnt\n|faint|p2b: Zamazenta\n|\n|-heal|p1a: Terapagos|81/100|[from] item: Leftovers\n|upkeep\n|\n|t:|1745992646\n|switch|p2b: Urshifu|Urshifu-Rapid-Strike, L50, M|100/100\n|turn|7\n|\n|t:|1745992660\n|-terastallize|p1a: Terapagos|Stellar\n|detailschange|p1a: Terapagos|Terapagos-Stellar, L50, M, tera:Stellar\n|-heal|p1a: Terapagos|86/100|[silent]\n|move|p2a: Annihilape|Shadow Claw|p1b: Calyrex\n|-supereffective|p1b: Calyrex\n|-damage|p1b: Calyrex|0 fnt\n|faint|p1b: Calyrex\n|move|p2b: Urshifu|Close Combat|p1a: Terapagos\n|-supereffective|p1a: Terapagos\n|-crit|p1a: Terapagos\n|-damage|p1a: Terapagos|0 fnt\n|-unboost|p2b: Urshifu|def|1\n|-unboost|p2b: Urshifu|spd|1\n|faint|p1a: Terapagos\n|\n|win|RICHARDHAVOC\n||recnacboi is ready for game 2.\n||RICHARDHAVOC is ready for game 2.\n|uhtml|next|Next: <a href=\"/battle-gen9vgc2025regibo3-2353745208\"><strong>Game 2 of 3</strong></a>\n", "uploadtime": 1745992977, "views": 6, "formatid": "gen9vgc2025regibo3", "rating": null, "private": 0, "password": null}