{"id": "gen9vgc2025regibo3-2354806304", "format": "[Gen 9] VGC 2025 Reg I (Bo3)", "players": ["murilex87", "ph2121"], "log": "|j|\u2606murilex87\n|j|\u2606ph2121\n|html|<table width=\"100%\"><tr><td align=\"left\">murilex87</td><td align=\"right\">ph2121</tr><tr><td align=\"left\"><i class=\"fa fa-circle-o\"></i> <i class=\"fa fa-circle-o\"></i> </td><td align=\"right\"><i class=\"fa fa-circle-o\"></i> <i class=\"fa fa-circle-o\"></i> </tr></table>\n|uhtml|bestof|<h2><strong>Game 1</strong> of <a href=\"/game-bestof3-gen9vgc2025regibo3-2354806303\">a best-of-3</a></h2>\n|t:|1746121382\n|gametype|doubles\n|player|p1|murilex87|gentleman-gen4|\n|player|p2|ph2121|blue|\n|teamsize|p1|6\n|teamsize|p2|6\n|gen|9\n|tier|[Gen 9] VGC 2025 Reg I (Bo3)\n|rule|Species Clause: Limit one of each Pok\u00e9mon\n|rule|Item Clause: Limit 1 of each item\n|clearpoke\n|poke|p1|Miraidon, L50|\n|poke|p1|Iron Hands, L50|\n|poke|p1|Incineroar, L50, M|\n|poke|p1|Ursaluna, L50, F|\n|poke|p1|Whimsicott, L50, F|\n|poke|p1|Farigiraf, L50, M|\n|poke|p2|Gholdengo, L50|\n|poke|p2|Whimsicott, L50, M|\n|poke|p2|Ursaluna, L50, M|\n|poke|p2|Kingambit, L50, M|\n|poke|p2|Electabuzz, L50, M|\n|poke|p2|Amoonguss, L50, M|\n|teampreview|4\n|showteam|p1|Miraidon||ChoiceSpecs|HadronEngine|ElectroDrift,DazzlingGleam,DracoMeteor,VoltSwitch||||||50|,,,,,Electric]Iron Hands||AssaultVest|QuarkDrive|DrainPunch,WildCharge,FakeOut,IronHead||||||50|,,,,,Fighting]Incineroar||SafetyGoggles|Intimidate|FakeOut,FlareBlitz,KnockOff,PartingShot|||M|||50|,,,,,Fire]Ursaluna||FlameOrb|Guts|HeadlongRush,Facade,Substitute,Protect|||F|||50|,,,,,Ground]Whimsicott||CovertCloak|Prankster|Moonblast,Tailwind,Taunt,Protect|||F|||50|,,,,,Steel]Farigiraf||ElectricSeed|ArmorTail|Psychic,Imprison,HelpingHand,TrickRoom|||M|||50|,,,,,Normal\n|showteam|p2|Gholdengo||ChoiceSpecs|GoodasGold|MakeItRain,ShadowBall,Thunderbolt,SteelBeam||||||50|,,,,,Steel]Whimsicott||CovertCloak|Prankster|Tailwind,TrickRoom,HelpingHand,Moonblast|||M|||50|,,,,,Grass]Ursaluna||FlameOrb|Guts|HeadlongRush,Facade,Earthquake,Protect|||M|||50|,,,,,Ground]Kingambit||AssaultVest|Defiant|SuckerPunch,LowKick,IronHead,FoulPlay|||M|||50|,,,,,Dark]Electabuzz||Eviolite|Static|FollowMe,HelpingHand,LightScreen,Protect|||M|||50|,,,,,Electric]Amoonguss||SitrusBerry|Regenerator|PollenPuff,Spore,RagePowder,ClearSmog|||M|||50|,,,,,Grass\n|inactive|Battle timer is ON: inactive players will automatically lose when time's up. (requested by murilex87)\n|\n|t:|1746121410\n|start\n|switch|p1a: Miraidon|Miraidon, L50|100/100\n|switch|p1b: Farigiraf|Farigiraf, L50, M, shiny|100/100\n|switch|p2a: Whimsicott|Whimsicott, L50, M|100/100\n|switch|p2b: Electabuzz|Electabuzz, L50, M|100/100\n|-fieldstart|move: Electric Terrain|[from] ability: Hadron Engine|[of] p1a: Miraidon\n|-enditem|p1b: Farigiraf|Electric Seed\n|-boost|p1b: Farigiraf|def|1|[from] item: Electric Seed\n|turn|1\n|\n|t:|1746121429\n|move|p2b: Electabuzz|Follow Me|p2b: Electabuzz\n|-singleturn|p2b: Electabuzz|move: Follow Me\n|move|p1a: Miraidon|Draco Meteor|p2b: Electabuzz\n|-damage|p2b: Electabuzz|0 fnt\n|-unboost|p1a: Miraidon|spa|2\n|faint|p2b: Electabuzz\n|move|p1b: Farigiraf|Imprison|p1b: Farigiraf\n|-start|p1b: Farigiraf|move: Imprison\n|cant|p2a: Whimsicott|move: Imprison|Trick Room\n|\n|upkeep\n|\n|t:|1746121440\n|switch|p2b: Amoonguss|Amoonguss, L50, M|100/100\n|turn|2\n|\n|t:|1746121450\n|switch|p1a: Iron Hands|Iron Hands, L50|100/100\n|-activate|p1a: Iron Hands|ability: Quark Drive\n|-start|p1a: Iron Hands|quarkdriveatk\n|move|p2a: Whimsicott|Moonblast|p1a: Iron Hands\n|-supereffective|p1a: Iron Hands\n|-damage|p1a: Iron Hands|69/100\n|move|p2b: Amoonguss|Spore|p1a: Iron Hands\n|-activate|p1a: Iron Hands|move: Electric Terrain\n|move|p1b: Farigiraf|Trick Room|p1b: Farigiraf\n|-fieldstart|move: Trick Room|[of] p1b: Farigiraf\n|\n|upkeep\n|turn|3\n|inactive|ph2121 has 30 seconds left.\n|\n|t:|1746121477\n|switch|p2a: Ursaluna|Ursaluna, L50, M|100/100\n|move|p2b: Amoonguss|Clear Smog|p1b: Farigiraf\n|-damage|p1b: Farigiraf|86/100\n|-clearboost|p1b: Farigiraf\n|move|p1a: Iron Hands|Iron Head|p2a: Ursaluna\n|-damage|p2a: Ursaluna|72/100\n|move|p1b: Farigiraf|Psychic|p2b: Amoonguss\n|-supereffective|p2b: Amoonguss\n|-damage|p2b: Amoonguss|36/100\n|-enditem|p2b: Amoonguss|Sitrus Berry|[eat]\n|-heal|p2b: Amoonguss|61/100|[from] item: Sitrus Berry\n|\n|-status|p2a: Ursaluna|brn|[from] item: Flame Orb\n|upkeep\n|turn|4\n|\n|t:|1746121500\n|-end|p1a: Iron Hands|Quark Drive|[silent]\n|switch|p1a: Ursaluna|Ursaluna, L50, F|100/100\n|move|p2a: Ursaluna|Headlong Rush|p1a: Ursaluna\n|-damage|p1a: Ursaluna|25/100\n|-unboost|p2a: Ursaluna|def|1\n|-unboost|p2a: Ursaluna|spd|1\n|move|p2b: Amoonguss|Pollen Puff|p2a: Ursaluna\n|-heal|p2a: Ursaluna|100/100 brn\n|move|p1b: Farigiraf|Psychic|p2b: Amoonguss\n|-supereffective|p2b: Amoonguss\n|-damage|p2b: Amoonguss|0 fnt\n|faint|p2b: Amoonguss\n|\n|-damage|p2a: Ursaluna|95/100 brn|[from] brn\n|-status|p1a: Ursaluna|brn|[from] item: Flame Orb\n|upkeep\n|\n|t:|1746121512\n|switch|p2b: Whimsicott|Whimsicott, L50, M|100/100\n|turn|5\n|\n|t:|1746121518\n|move|p2a: Ursaluna|Earthquake|p1a: Ursaluna|[spread] p2b,p1a,p1b\n|-resisted|p2b: Whimsicott\n|-damage|p2b: Whimsicott|64/100\n|-damage|p1a: Ursaluna|0 fnt\n|-damage|p1b: Farigiraf|29/100\n|faint|p1a: Ursaluna\n|move|p1b: Farigiraf|Psychic|p2a: Ursaluna\n|-damage|p2a: Ursaluna|51/100 brn\n|move|p2b: Whimsicott|Moonblast|p1b: Farigiraf\n|-damage|p1b: Farigiraf|5/100\n|-unboost|p1b: Farigiraf|spa|1\n|\n|-damage|p2a: Ursaluna|45/100 brn|[from] brn\n|-fieldend|move: Electric Terrain\n|upkeep\n|\n|t:|1746121525\n|switch|p1a: Iron Hands|Iron Hands, L50|69/100\n|turn|6\n|\n|t:|1746121535\n|move|p1a: Iron Hands|Fake Out|p2a: Ursaluna\n|-damage|p2a: Ursaluna|28/100 brn\n|cant|p2a: Ursaluna|flinch\n|move|p1b: Farigiraf|Psychic|p2a: Ursaluna\n|-damage|p2a: Ursaluna|0 fnt\n|faint|p2a: Ursaluna\n|move|p2b: Whimsicott|Moonblast|p2: Ursaluna|[notarget]\n|-fail|p2b: Whimsicott\n|\n|-fieldend|move: Trick Room\n|upkeep\n|turn|7\n|\n|t:|1746121546\n|switch|p1b: Miraidon|Miraidon, L50|100/100\n|-fieldstart|move: Electric Terrain|[from] ability: Hadron Engine|[of] p1b: Miraidon\n|-activate|p1a: Iron Hands|ability: Quark Drive\n|-start|p1a: Iron Hands|quarkdriveatk\n|move|p2b: Whimsicott|Tailwind|p2b: Whimsicott\n|-sidestart|p2: ph2121|move: Tailwind\n|move|p1a: Iron Hands|Iron Head|p2b: Whimsicott\n|-supereffective|p2b: Whimsicott\n|-damage|p2b: Whimsicott|0 fnt\n|faint|p2b: Whimsicott\n|\n|win|murilex87\n||ph2121 is ready for game 2.\n||murilex87 is ready for game 2.\n|uhtml|next|Next: <a href=\"/battle-gen9vgc2025regibo3-2354808304\"><strong>Game 2 of 3</strong></a>\n|l|\u2606murilex87\n|player|p1|\n|l|\u2606ph2121\n|player|p2|\n", "uploadtime": 1746121938, "views": 5, "formatid": "gen9vgc2025regibo3", "rating": null, "private": 0, "password": null}