{"id": "gen9vgc2025regibo3-2354211449", "format": "[Gen 9] VGC 2025 Reg I (Bo3)", "players": ["shucklestrats", "MidoMidori"], "log": "|j|\u2606shucklestrats\n|j|\u2606MidoMidori\n|html|<table width=\"100%\"><tr><td align=\"left\">shucklestrats</td><td align=\"right\">MidoMidori</tr><tr><td align=\"left\"><i class=\"fa fa-circle\"></i> <i class=\"fa fa-circle-o\"></i> </td><td align=\"right\"><i class=\"fa fa-circle-o\"></i> <i class=\"fa fa-circle\"></i> </tr></table>\n|uhtml|bestof|<h2><strong>Game 3</strong> of <a href=\"/game-bestof3-gen9vgc2025regibo3-2354206182\">a best-of-3</a></h2>\n|t:|1746045087\n|gametype|doubles\n|player|p1|shucklestrats|artist-gen8|1146\n|player|p2|MidoMidori|roxanne-gen6|1219\n|teamsize|p1|6\n|teamsize|p2|6\n|gen|9\n|tier|[Gen 9] VGC 2025 Reg I (Bo3)\n|rated|\n|rule|Species Clause: Limit one of each Pok\u00e9mon\n|rule|Item Clause: Limit 1 of each item\n|clearpoke\n|poke|p1|Lunala, L50|\n|poke|p1|Groudon, L50|\n|poke|p1|Sableye, L50, F|\n|poke|p1|Lilligant-Hisui, L50, F|\n|poke|p1|Raging Bolt, L50|\n|poke|p1|Rillaboom, L50, M|\n|poke|p2|Koraidon, L50|\n|poke|p2|Ho-Oh, L50|\n|poke|p2|Incineroar, L50, M|\n|poke|p2|Flutter Mane, L50|\n|poke|p2|Raging Bolt, L50|\n|poke|p2|Iron Treads, L50|\n|teampreview|4\n|showteam|p1|Lunala||PowerHerb|ShadowShield|MoongeistBeam,MeteorBeam,Hypnosis,Protect||||||50|,,,,,Fairy]Groudon||ChoiceBand|Drought|PrecipiceBlades,HighHorsepower,HeatCrash,FirePunch||||||50|,,,,,Fire]Sableye||SafetyGoggles|Prankster|Gravity,Quash,Disable,Encore|||F|||50|,,,,,Steel]Lilligant-Hisui||FocusSash|Chlorophyll|CloseCombat,SleepPowder,AfterYou,Protect|||F|||50|,,,,,Ghost]Raging Bolt||LifeOrb|Protosynthesis|Thunderbolt,DracoMeteor,Thunderclap,Protect||||||50|,,,,,Electric]Rillaboom||AssaultVest|GrassySurge|WoodHammer,GrassyGlide,FakeOut,Uturn|||M|||50|,,,,,Fire\n|showteam|p2|Koraidon||LoadedDice|OrichalcumPulse|CollisionCourse,FlareBlitz,ScaleShot,Protect||||||50|,,,,,Fire]Ho-Oh||ClearAmulet|Regenerator|SacredFire,BraveBird,Tailwind,Protect||||||50|,,,,,Grass]Incineroar||RockyHelmet|Intimidate|FakeOut,FlareBlitz,KnockOff,PartingShot|||M|||50|,,,,,Ghost]Flutter Mane||FocusSash|Protosynthesis|Moonblast,ShadowBall,IcyWind,Protect||||||50|,,,,,Stellar]Raging Bolt||AssaultVest|Protosynthesis|Thunderclap,DracoMeteor,VoltSwitch,Snarl||||||50|,,,,,Electric]Iron Treads||LifeOrb|QuarkDrive|IronHead,HighHorsepower,KnockOff,Protect||||||50|,,,,,Ghost\n|inactive|Battle timer is ON: inactive players will automatically lose when time's up. (requested by shucklestrats)\n|c|\u2606MidoMidori|Gg!\n|j| acetrainerjuno\n|\n|t:|1746045116\n|start\n|switch|p1a: Groudon|Groudon, L50|100/100\n|switch|p1b: Lilligant|Lilligant-Hisui, L50, F|100/100\n|switch|p2a: Koraidon|Koraidon, L50|100/100\n|switch|p2b: Flutter Mane|Flutter Mane, L50|100/100\n|-weather|SunnyDay|[from] ability: Orichalcum Pulse|[of] p2a: Koraidon\n|-activate|p2b: Flutter Mane|ability: Protosynthesis\n|-start|p2b: Flutter Mane|protosynthesisspe\n|-activate|p2a: Koraidon|Orichalcum Pulse|[source]\n|turn|1\n|inactive|shucklestrats has 30 seconds left.\n|\n|t:|1746045148\n|move|p2b: Flutter Mane|Protect|p2b: Flutter Mane\n|-singleturn|p2b: Flutter Mane|Protect\n|move|p1b: Lilligant|Sleep Powder|p2b: Flutter Mane\n|-activate|p2b: Flutter Mane|move: Protect\n|move|p2a: Koraidon|Scale Shot|p1b: Lilligant\n|-damage|p1b: Lilligant|71/100\n|-crit|p1b: Lilligant\n|-damage|p1b: Lilligant|29/100\n|-damage|p1b: Lilligant|0 fnt\n|faint|p1b: Lilligant\n|-hitcount|p1: Lilligant|3\n|-unboost|p2a: Koraidon|def|1\n|-boost|p2a: Koraidon|spe|1\n|move|p1a: Groudon|Precipice Blades|p2b: Flutter Mane|[spread] p2a\n|-activate|p2b: Flutter Mane|move: Protect\n|-crit|p2a: Koraidon\n|-damage|p2a: Koraidon|0 fnt\n|faint|p2a: Koraidon\n|\n|-weather|SunnyDay|[upkeep]\n|upkeep\n|\n|t:|1746045163\n|switch|p2a: Ho-Oh|Ho-Oh, L50|100/100\n|switch|p1b: Sableye|Sableye, L50, F|100/100\n|turn|2\n|inactive|MidoMidori has 30 seconds left.\n|\n|t:|1746045193\n|switch|p1a: Raging Bolt|Raging Bolt, L50|100/100\n|-activate|p1a: Raging Bolt|ability: Protosynthesis\n|-start|p1a: Raging Bolt|protosynthesisspa\n|-terastallize|p2a: Ho-Oh|Grass\n|move|p1b: Sableye|Encore|p2b: Flutter Mane\n|-start|p2b: Flutter Mane|Encore\n|move|p2b: Flutter Mane|Protect||[still]\n|-fail|p2b: Flutter Mane\n|move|p2a: Ho-Oh|Sacred Fire|p1b: Sableye\n|-damage|p1b: Sableye|16/100\n|\n|-weather|SunnyDay|[upkeep]\n|upkeep\n|turn|3\n|\n|t:|1746045217\n|move|p2b: Flutter Mane|Protect|p2b: Flutter Mane\n|-singleturn|p2b: Flutter Mane|Protect\n|move|p1b: Sableye|Disable|p2a: Ho-Oh\n|-start|p2a: Ho-Oh|Disable|Sacred Fire\n|cant|p2a: Ho-Oh|Disable|Sacred Fire\n|move|p1a: Raging Bolt|Draco Meteor|p2a: Ho-Oh\n|-damage|p2a: Ho-Oh|25/100\n|-unboost|p1a: Raging Bolt|spa|2\n|-damage|p1a: Raging Bolt|91/100|[from] item: Life Orb\n|\n|-weather|SunnyDay|[upkeep]\n|upkeep\n|turn|4\n|\n|t:|1746045241\n|switch|p2a: Incineroar|Incineroar, L50, M|100/100\n|-ability|p2a: Incineroar|Intimidate|boost\n|-unboost|p1a: Raging Bolt|atk|1\n|-unboost|p1b: Sableye|atk|1\n|-end|p1a: Raging Bolt|Protosynthesis|[silent]\n|switch|p1a: Groudon|Groudon, L50|100/100\n|move|p2b: Flutter Mane|Protect||[still]\n|-fail|p2b: Flutter Mane\n|move|p1b: Sableye|Encore|p2a: Incineroar\n|-hint|Since gen 7, Dark is immune to Prankster moves.\n|-immune|p2a: Incineroar\n|\n|-weather|SunnyDay|[upkeep]\n|-end|p2b: Flutter Mane|Encore\n|upkeep\n|turn|5\n|\n|t:|1746045251\n|-end|p2b: Flutter Mane|Protosynthesis|[silent]\n|switch|p2b: Ho-Oh|Ho-Oh, L50, tera:Grass|59/100\n|move|p2a: Incineroar|Fake Out|p1a: Groudon\n|-damage|p1a: Groudon|91/100\n|move|p1b: Sableye|Encore||[still]\n|-fail|p1b: Sableye\n|cant|p1a: Groudon|flinch\n|\n|-weather|none\n|upkeep\n|turn|6\n|inactive|MidoMidori has 30 seconds left.\n|\n|t:|1746045283\n|switch|p2b: Flutter Mane|Flutter Mane, L50|100/100\n|switch|p1b: Raging Bolt|Raging Bolt, L50|91/100\n|move|p1a: Groudon|Heat Crash|p2b: Flutter Mane\n|-crit|p2b: Flutter Mane\n|-enditem|p2b: Flutter Mane|Focus Sash\n|-damage|p2b: Flutter Mane|1/100\n|move|p2a: Incineroar|Flare Blitz|p1b: Raging Bolt\n|-resisted|p1b: Raging Bolt\n|-damage|p1b: Raging Bolt|66/100\n|-damage|p2a: Incineroar|91/100|[from] Recoil\n|\n|upkeep\n|turn|7\n|\n|t:|1746045303\n|move|p2b: Flutter Mane|Protect|p2b: Flutter Mane\n|-singleturn|p2b: Flutter Mane|Protect\n|move|p1b: Raging Bolt|Protect|p1b: Raging Bolt\n|-singleturn|p1b: Raging Bolt|Protect\n|move|p1a: Groudon|Heat Crash|p2b: Flutter Mane\n|-activate|p2b: Flutter Mane|move: Protect\n|move|p2a: Incineroar|Flare Blitz|p1a: Groudon\n|-damage|p1a: Groudon|51/100\n|-damage|p2a: Incineroar|77/100|[from] Recoil\n|\n|upkeep\n|turn|8\n|\n|t:|1746045314\n|move|p2b: Flutter Mane|Protect||[still]\n|-fail|p2b: Flutter Mane\n|move|p1b: Raging Bolt|Thunderclap||[still]\n|-fail|p1b: Raging Bolt\n|move|p1a: Groudon|Heat Crash|p2a: Incineroar\n|-resisted|p2a: Incineroar\n|-damage|p2a: Incineroar|43/100\n|-damage|p1a: Groudon|34/100|[from] item: Rocky Helmet|[of] p2a: Incineroar\n|move|p2a: Incineroar|Flare Blitz|p1a: Groudon\n|-damage|p1a: Groudon|0 fnt\n|faint|p1a: Groudon\n|-damage|p2a: Incineroar|31/100|[from] Recoil\n|\n|upkeep\n|\n|t:|1746045318\n|switch|p1a: Sableye|Sableye, L50, F|16/100\n|turn|9\n|l| acetrainerjuno\n|inactive|shucklestrats has 30 seconds left.\n|\n|t:|1746045344\n|switch|p2a: Ho-Oh|Ho-Oh, L50, tera:Grass|92/100\n|move|p1a: Sableye|Encore|p2b: Flutter Mane\n|-start|p2b: Flutter Mane|Encore\n|move|p2b: Flutter Mane|Protect|p2b: Flutter Mane\n|-singleturn|p2b: Flutter Mane|Protect\n|move|p1b: Raging Bolt|Thunderbolt|p2a: Ho-Oh\n|-resisted|p2a: Ho-Oh\n|-damage|p2a: Ho-Oh|72/100\n|-status|p2a: Ho-Oh|par\n|-damage|p1b: Raging Bolt|56/100|[from] item: Life Orb\n|\n|upkeep\n|turn|10\n|inactive|shucklestrats has 30 seconds left.\n|\n|t:|1746045369\n|move|p2b: Flutter Mane|Protect|p2b: Flutter Mane\n|-singleturn|p2b: Flutter Mane|Protect\n|move|p1a: Sableye|Disable|p2b: Flutter Mane\n|-activate|p2b: Flutter Mane|move: Protect\n|move|p1b: Raging Bolt|Thunderbolt|p2a: Ho-Oh\n|-resisted|p2a: Ho-Oh\n|-crit|p2a: Ho-Oh\n|-damage|p2a: Ho-Oh|42/100 par\n|-damage|p1b: Raging Bolt|46/100|[from] item: Life Orb\n|cant|p2a: Ho-Oh|par\n|\n|upkeep\n|turn|11\n|inactive|shucklestrats has 30 seconds left.\n|inactive|shucklestrats has 20 seconds left.\n|\n|t:|1746045407\n|switch|p2a: Incineroar|Incineroar, L50, M|31/100\n|-ability|p2a: Incineroar|Intimidate|boost\n|-unboost|p1a: Sableye|atk|1\n|-unboost|p1b: Raging Bolt|atk|1\n|-terastallize|p1b: Raging Bolt|Electric\n|move|p2b: Flutter Mane|Protect||[still]\n|-fail|p2b: Flutter Mane\n|move|p1a: Sableye|Disable|p2b: Flutter Mane\n|-start|p2b: Flutter Mane|Disable|Protect\n|move|p1b: Raging Bolt|Thunderbolt|p2a: Incineroar\n|-damage|p2a: Incineroar|0 fnt\n|faint|p2a: Incineroar\n|-damage|p1b: Raging Bolt|36/100|[from] item: Life Orb\n|\n|-end|p2b: Flutter Mane|Encore\n|upkeep\n|\n|t:|1746045411\n|switch|p2a: Ho-Oh|Ho-Oh, L50, tera:Grass|76/100 par\n|turn|12\n|\n|t:|1746045423\n|move|p1b: Raging Bolt|Protect|p1b: Raging Bolt\n|-singleturn|p1b: Raging Bolt|Protect\n|move|p1a: Sableye|Encore|p2b: Flutter Mane\n|-start|p2b: Flutter Mane|Encore\n|cant|p2b: Flutter Mane|Disable|Protect\n|cant|p2a: Ho-Oh|par\n|\n|upkeep\n|turn|13\n|c|\u2606MidoMidori|Man\n|c|\u2606shucklestrats|did u attack the sableye?\n|inactive|shucklestrats has 30 seconds left.\n|c|\u2606MidoMidori|I did\n|c|\u2606shucklestrats|ouch\n|inactive|shucklestrats has 20 seconds left.\n|c|\u2606shucklestrats|unlucky\n|\n|t:|1746045462\n|move|p1a: Sableye|Gravity|p1a: Sableye\n|-fieldstart|move: Gravity\n|-activate|p2b: Flutter Mane|move: Struggle\n|move|p2b: Flutter Mane|Struggle|p1b: Raging Bolt\n|-damage|p1b: Raging Bolt|32/100\n|-damage|p2b: Flutter Mane|0 fnt|[from] recoil\n|faint|p2b: Flutter Mane\n|-end|p2b: Flutter Mane|Protosynthesis|[silent]\n|move|p1b: Raging Bolt|Draco Meteor|p2a: Ho-Oh\n|-damage|p2a: Ho-Oh|16/100 par\n|-unboost|p1b: Raging Bolt|spa|2\n|-damage|p1b: Raging Bolt|22/100|[from] item: Life Orb\n|move|p2a: Ho-Oh|Sacred Fire|p1b: Raging Bolt\n|-damage|p1b: Raging Bolt|0 fnt\n|faint|p1b: Raging Bolt\n|-end|p1b: Raging Bolt|Protosynthesis|[silent]\n|\n|upkeep\n|turn|14\n|c|\u2606MidoMidori|It happens\n|c|\u2606shucklestrats|lol\n|c|\u2606shucklestrats|u still win\n|c|\u2606shucklestrats|ggs\n|\n|t:|1746045476\n|move|p1a: Sableye|Disable|p2a: Ho-Oh\n|-start|p2a: Ho-Oh|Disable|Sacred Fire\n|move|p2a: Ho-Oh|Brave Bird|p1a: Sableye\n|-damage|p1a: Sableye|0 fnt\n|faint|p1a: Sableye\n|-damage|p2a: Ho-Oh|13/100 par|[from] Recoil\n|\n|win|MidoMidori\n|raw|shucklestrats's rating: 1146 &rarr; <strong>1126</strong><br />(-20 for losing)\n|raw|MidoMidori's rating: 1219 &rarr; <strong>1239</strong><br />(+20 for winning)\n|c|\u2606MidoMidori|Well it depends on if I get parad\n|c|\u2606MidoMidori|Ggs!\n|c|\u2606shucklestrats|yeah\n|c|\u2606shucklestrats|if u got parad i could encore\n|c|\u2606shucklestrats|ggs\n|c|\u2606MidoMidori|Cool team tho\n|c|\u2606shucklestrats|well played\n|l|\u2606shucklestrats\n|player|p1|\n", "uploadtime": 1746045519, "views": 8, "formatid": "gen9vgc2025regibo3", "rating": 1126, "private": 0, "password": null}