{"id": "gen9vgc2025regibo3-2354766869", "format": "[Gen 9] VGC 2025 Reg I (Bo3)", "players": ["TRIUNVIRATUS VGC", "ShinigamiJeiku"], "log": "|j|\u2606TRIUNVIRATUS VGC\n|j|\u2606ShinigamiJeiku\n|html|<table width=\"100%\"><tr><td align=\"left\">TRIUNVIRATUS VGC</td><td align=\"right\">ShinigamiJeiku</tr><tr><td align=\"left\"><i class=\"fa fa-circle\"></i> <i class=\"fa fa-circle-o\"></i> </td><td align=\"right\"><i class=\"fa fa-circle-o\"></i> <i class=\"fa fa-circle\"></i> </tr></table>\n|uhtml|bestof|<h2><strong>Game 3</strong> of <a href=\"/game-bestof3-gen9vgc2025regibo3-2354758497\">a best-of-3</a></h2>\n|t:|1746117954\n|gametype|doubles\n|player|p1|TRIUNVIRATUS VGC|ninjaboy|1329\n|player|p2|ShinigamiJeiku|bruno|1357\n|teamsize|p1|6\n|teamsize|p2|6\n|gen|9\n|tier|[Gen 9] VGC 2025 Reg I (Bo3)\n|rated|\n|rule|Species Clause: Limit one of each Pok\u00e9mon\n|rule|Item Clause: Limit 1 of each item\n|clearpoke\n|poke|p1|Calyrex-Shadow, L50|\n|poke|p1|Terapagos, L50, M|\n|poke|p1|Incineroar, L50, F|\n|poke|p1|Rillaboom, L50, M|\n|poke|p1|Amoonguss, L50, F|\n|poke|p1|Urshifu-*, L50, F|\n|poke|p2|Terapagos, L50, M|\n|poke|p2|Incineroar, L50, F|\n|poke|p2|Amoonguss, L50, F|\n|poke|p2|Calyrex-Shadow, L50|\n|poke|p2|Tornadus, L50, M|\n|poke|p2|Urshifu-*, L50, M|\n|teampreview|4\n|showteam|p1|Calyrex-Shadow||FocusSash|AsOneSpectrier|AstralBarrage,Encore,Disable,Protect||||||50|,,,,,Ghost]Terapagos||Leftovers|TeraShift|TeraStarstorm,EarthPower,CalmMind,Protect|||M|||50|,,,,,Stellar]Incineroar||SafetyGoggles|Intimidate|KnockOff,WillOWisp,FakeOut,PartingShot|||F|||50|,,,,,Bug]Rillaboom||AssaultVest|GrassySurge|GrassyGlide,FakeOut,WoodHammer,Uturn|||M|||50|,,,,,Grass]Amoonguss||RockyHelmet|Regenerator|Spore,RagePowder,SludgeBomb,Protect|||F|||50|,,,,,Water]Urshifu-Rapid-Strike||MysticWater|UnseenFist|SurgingStrikes,CloseCombat,Taunt,Protect|||F|||50|,,,,,Water\n|showteam|p2|Terapagos||Leftovers|TeraShift|TeraStarstorm,EarthPower,CalmMind,Protect|||M|||50|,,,,,Stellar]Incineroar||SafetyGoggles|Intimidate|FakeOut,WillOWisp,KnockOff,PartingShot|||F|||50|,,,,,Ghost]Amoonguss||RockyHelmet|Regenerator|PollenPuff,Spore,Protect,RagePowder|||F|||50|,,,,,Water]Calyrex-Shadow||FocusSash|AsOneSpectrier|AstralBarrage,Psychic,Encore,Protect||||||50|,,,,,Ghost]Tornadus||CovertCloak|Prankster|Tailwind,RainDance,BleakwindStorm,Protect|||M|||50|,,,,,Dark]Urshifu-Rapid-Strike||MysticWater|UnseenFist|SurgingStrikes,Taunt,AquaJet,Detect|||M|||50|,,,,,Water\n|\n|t:|1746117965\n|start\n|switch|p1a: Incineroar|Incineroar, L50, F|100/100\n|switch|p1b: Amoonguss|Amoonguss, L50, F, shiny|100/100\n|switch|p2a: Tornadus|Tornadus, L50, M|100/100\n|switch|p2b: Calyrex|Calyrex-Shadow, L50|100/100\n|-ability|p2b: Calyrex|As One\n|-ability|p2b: Calyrex|Unnerve\n|-ability|p1a: Incineroar|Intimidate|boost\n|-unboost|p2a: Tornadus|atk|1\n|-unboost|p2b: Calyrex|atk|1\n|turn|1\n|\n|t:|1746117991\n|move|p2a: Tornadus|Protect|p2a: Tornadus\n|-singleturn|p2a: Tornadus|Protect\n|move|p2b: Calyrex|Protect|p2b: Calyrex\n|-singleturn|p2b: Calyrex|Protect\n|move|p1b: Amoonguss|Protect|p1b: Amoonguss\n|-singleturn|p1b: Amoonguss|Protect\n|move|p1a: Incineroar|Knock Off|p2b: Calyrex\n|-activate|p2b: Calyrex|move: Protect\n|\n|upkeep\n|turn|2\n|\n|t:|1746118002\n|switch|p1b: Terapagos|Terapagos, L50, M|100/100\n|-activate|p1b: Terapagos|ability: Tera Shift\n|detailschange|p1b: Terapagos|Terapagos-Terastal, L50, M\n|-heal|p1b: Terapagos|100/100|[silent]\n|move|p2b: Calyrex|Psychic|p1b: Terapagos\n|-activate|p1b: Terapagos|ability: Tera Shell\n|-resisted|p1b: Terapagos\n|-damage|p1b: Terapagos|76/100\n|-unboost|p1b: Terapagos|spd|1\n|move|p2a: Tornadus|Bleakwind Storm|p1b: Terapagos|[spread] \n|-miss|p2a: Tornadus|p1a: Incineroar\n|-miss|p2a: Tornadus|p1b: Terapagos\n|move|p1a: Incineroar|Knock Off|p2b: Calyrex\n|-supereffective|p2b: Calyrex\n|-enditem|p2b: Calyrex|Focus Sash\n|-damage|p2b: Calyrex|1/100\n|\n|-heal|p1b: Terapagos|82/100|[from] item: Leftovers\n|upkeep\n|turn|3\n|\n|t:|1746118024\n|switch|p2b: Incineroar|Incineroar, L50, F|100/100\n|-ability|p2b: Incineroar|Intimidate|boost\n|-unboost|p1a: Incineroar|atk|1\n|-unboost|p1b: Terapagos|atk|1\n|move|p1b: Terapagos|Protect|p1b: Terapagos\n|-singleturn|p1b: Terapagos|Protect\n|move|p2a: Tornadus|Bleakwind Storm|p1b: Terapagos|[spread] p1a\n|-activate|p1b: Terapagos|move: Protect\n|-damage|p1a: Incineroar|62/100\n|-unboost|p1a: Incineroar|spe|1\n|move|p1a: Incineroar|Parting Shot|p2a: Tornadus\n|-unboost|p2a: Tornadus|atk|1\n|-unboost|p2a: Tornadus|spa|1\n|\n|t:|1746118029\n|switch|p1a: Amoonguss|Amoonguss, L50, F, shiny|100/100|[from] Parting Shot\n|\n|-heal|p1b: Terapagos|89/100|[from] item: Leftovers\n|upkeep\n|turn|4\n|\n|t:|1746118083\n|switch|p1b: Incineroar|Incineroar, L50, F|62/100\n|-ability|p1b: Incineroar|Intimidate|boost\n|-unboost|p2a: Tornadus|atk|1\n|-unboost|p2b: Incineroar|atk|1\n|move|p1a: Amoonguss|Protect|p1a: Amoonguss\n|-singleturn|p1a: Amoonguss|Protect\n|move|p2b: Incineroar|Fake Out|p1a: Amoonguss\n|-activate|p1a: Amoonguss|move: Protect\n|move|p2a: Tornadus|Bleakwind Storm|p1a: Amoonguss|[spread] p1b\n|-activate|p1a: Amoonguss|move: Protect\n|-damage|p1b: Incineroar|38/100\n|\n|upkeep\n|turn|5\n|\n|t:|1746118101\n|move|p2a: Tornadus|Protect|p2a: Tornadus\n|-singleturn|p2a: Tornadus|Protect\n|move|p2b: Incineroar|Parting Shot|p1b: Incineroar\n|-unboost|p1b: Incineroar|atk|1\n|-unboost|p1b: Incineroar|spa|1\n|\n|t:|1746118113\n|switch|p2b: Terapagos|Terapagos, L50, M|100/100|[from] Parting Shot\n|-activate|p2b: Terapagos|ability: Tera Shift\n|detailschange|p2b: Terapagos|Terapagos-Terastal, L50, M\n|-heal|p2b: Terapagos|100/100|[silent]\n|move|p1b: Incineroar|Knock Off|p2b: Terapagos\n|-activate|p2b: Terapagos|ability: Tera Shell\n|-resisted|p2b: Terapagos\n|-damage|p2b: Terapagos|92/100\n|-enditem|p2b: Terapagos|Leftovers|[from] move: Knock Off|[of] p1b: Incineroar\n|move|p1a: Amoonguss|Spore|p2b: Terapagos\n|-status|p2b: Terapagos|slp|[from] move: Spore\n|\n|upkeep\n|turn|6\n|\n|t:|1746118127\n|move|p2a: Tornadus|Bleakwind Storm|p1b: Incineroar|[spread] p1a\n|-miss|p2a: Tornadus|p1b: Incineroar\n|-supereffective|p1a: Amoonguss\n|-crit|p1a: Amoonguss\n|-damage|p1a: Amoonguss|0 fnt\n|faint|p1a: Amoonguss\n|cant|p2b: Terapagos|slp\n|move|p1b: Incineroar|Parting Shot|p2a: Tornadus\n|-unboost|p2a: Tornadus|atk|1\n|-unboost|p2a: Tornadus|spa|1\n|\n|t:|1746118137\n|switch|p1b: Terapagos|Terapagos-Terastal, L50, M|89/100|[from] Parting Shot\n|\n|-heal|p1b: Terapagos|95/100|[from] item: Leftovers\n|upkeep\n|\n|t:|1746118139\n|switch|p1a: Calyrex|Calyrex-Shadow, L50|100/100\n|-ability|p1a: Calyrex|As One\n|-ability|p1a: Calyrex|Unnerve\n|turn|7\n|\n|t:|1746118154\n|move|p2a: Tornadus|Tailwind|p2a: Tornadus\n|-sidestart|p2: ShinigamiJeiku|move: Tailwind\n|cant|p2b: Terapagos|slp\n|move|p1a: Calyrex|Astral Barrage|p2a: Tornadus|[spread] p2a\n|-immune|p2b: Terapagos\n|-damage|p2a: Tornadus|33/100\n|move|p1b: Terapagos|Calm Mind|p1b: Terapagos\n|-boost|p1b: Terapagos|spa|1\n|-boost|p1b: Terapagos|spd|1\n|\n|-heal|p1b: Terapagos|100/100|[from] item: Leftovers\n|upkeep\n|turn|8\n|\n|t:|1746118187\n|-terastallize|p1b: Terapagos|Stellar\n|detailschange|p1b: Terapagos|Terapagos-Stellar, L50, M, tera:Stellar\n|-heal|p1b: Terapagos|100/100|[silent]\n|move|p1a: Calyrex|Protect|p1a: Calyrex\n|-singleturn|p1a: Calyrex|Protect\n|move|p2a: Tornadus|Bleakwind Storm|p1a: Calyrex|[spread] p1b\n|-activate|p1a: Calyrex|move: Protect\n|-damage|p1b: Terapagos|91/100\n|-unboost|p1b: Terapagos|spe|1\n|cant|p2b: Terapagos|slp\n|move|p1b: Terapagos|Tera Starstorm|p2a: Tornadus|[spread] p2a,p2b\n|-damage|p2a: Tornadus|0 fnt\n|-damage|p2b: Terapagos|49/100 slp\n|faint|p2a: Tornadus\n|\n|-heal|p1b: Terapagos|97/100|[from] item: Leftovers\n|upkeep\n|inactive|Battle timer is ON: inactive players will automatically lose when time's up. (requested by TRIUNVIRATUS VGC)\n|\n|t:|1746118217\n|switch|p2a: Calyrex|Calyrex-Shadow, L50|1/100\n|-ability|p2a: Calyrex|As One\n|-ability|p2a: Calyrex|Unnerve\n|turn|9\n|\n|t:|1746118236\n|switch|p1a: Incineroar|Incineroar, L50, F|38/100\n|-ability|p1a: Incineroar|Intimidate|boost\n|-unboost|p2a: Calyrex|atk|1\n|-unboost|p2b: Terapagos|atk|1\n|move|p2a: Calyrex|Astral Barrage|p1a: Incineroar|[spread] p1a\n|-immune|p1b: Terapagos\n|-resisted|p1a: Incineroar\n|-damage|p1a: Incineroar|11/100\n|-curestatus|p2b: Terapagos|slp|[msg]\n|move|p2b: Terapagos|Earth Power|p1a: Incineroar\n|-supereffective|p1a: Incineroar\n|-damage|p1a: Incineroar|0 fnt\n|faint|p1a: Incineroar\n|move|p1b: Terapagos|Tera Starstorm|p2b: Terapagos|[spread] p2a,p2b\n|-damage|p2a: Calyrex|0 fnt\n|-damage|p2b: Terapagos|5/100\n|faint|p2a: Calyrex\n|\n|-heal|p1b: Terapagos|100/100|[from] item: Leftovers\n|upkeep\n|\n|t:|1746118252\n|switch|p2a: Incineroar|Incineroar, L50, F|100/100\n|switch|p1a: Calyrex|Calyrex-Shadow, L50|100/100\n|-ability|p1a: Calyrex|As One\n|-ability|p1a: Calyrex|Unnerve\n|-ability|p2a: Incineroar|Intimidate|boost\n|-unboost|p1a: Calyrex|atk|1\n|-unboost|p1b: Terapagos|atk|1\n|turn|10\n|\n|t:|1746118271\n|move|p1a: Calyrex|Protect|p1a: Calyrex\n|-singleturn|p1a: Calyrex|Protect\n|move|p2b: Terapagos|Earth Power|p1a: Calyrex\n|-activate|p1a: Calyrex|move: Protect\n|move|p2a: Incineroar|Knock Off|p1a: Calyrex\n|-activate|p1a: Calyrex|move: Protect\n|move|p1b: Terapagos|Tera Starstorm|p2b: Terapagos|[spread] p2a,p2b\n|-damage|p2a: Incineroar|62/100\n|-damage|p2b: Terapagos|0 fnt\n|faint|p2b: Terapagos\n|\n|-sideend|p2: ShinigamiJeiku|move: Tailwind\n|upkeep\n|turn|11\n|-message|ShinigamiJeiku forfeited.\n|\n|win|TRIUNVIRATUS VGC\n|raw|TRIUNVIRATUS VGC's rating: 1329 &rarr; <strong>1351</strong><br />(+22 for winning)\n|raw|ShinigamiJeiku's rating: 1357 &rarr; <strong>1335</strong><br />(-22 for losing)\n|l|\u2606ShinigamiJeiku\n|player|p2|\n", "uploadtime": 1746118304, "views": 15, "formatid": "gen9vgc2025regibo3", "rating": 1335, "private": 0, "password": null}