{"id": "gen9vgc2025regibo3-2355041320", "format": "[Gen 9] VGC 2025 Reg I (Bo3)", "players": ["UndeadParadox", "LunaSunChris"], "log": "|j|\u2606UndeadParadox\n|j|\u2606LunaSunChris\n|html|<table width=\"100%\"><tr><td align=\"left\">UndeadParadox</td><td align=\"right\">LunaSunChris</tr><tr><td align=\"left\"><i class=\"fa fa-circle-o\"></i> <i class=\"fa fa-circle-o\"></i> </td><td align=\"right\"><i class=\"fa fa-circle-o\"></i> <i class=\"fa fa-circle\"></i> </tr></table>\n|uhtml|bestof|<h2><strong>Game 2</strong> of <a href=\"/game-bestof3-gen9vgc2025regibo3-2355038220\">a best-of-3</a></h2>\n|t:|1746145311\n|gametype|doubles\n|player|p1|UndeadParadox|guitarist|\n|player|p2|LunaSunChris|rood|\n|teamsize|p1|6\n|teamsize|p2|6\n|gen|9\n|tier|[Gen 9] VGC 2025 Reg I (Bo3)\n|rule|Species Clause: Limit one of each Pok\u00e9mon\n|rule|Item Clause: Limit 1 of each item\n|clearpoke\n|poke|p1|Miraidon, L50|\n|poke|p1|Calyrex-Ice, L50|\n|poke|p1|Iron Hands, L50|\n|poke|p1|Farigiraf, L50, F|\n|poke|p1|Iron Valiant, L50|\n|poke|p1|Incineroar, L50, F|\n|poke|p2|Groudon, L50|\n|poke|p2|Lunala, L50|\n|poke|p2|Incineroar, L50, F|\n|poke|p2|Ribombee, L50, M|\n|poke|p2|Walking Wake, L50|\n|poke|p2|Rillaboom, L50, F|\n|teampreview|4\n|showteam|p1|Miraidon||ChoiceSpecs|HadronEngine|ElectroDrift,DracoMeteor,VoltSwitch,Overheat||||||50|,,,,,Fire]Calyrex-Ice||ClearAmulet|AsOneGlastrier|GlacialLance,HighHorsepower,Protect,TrickRoom||||||50|,,,,,Water]Iron Hands||AssaultVest|QuarkDrive|FakeOut,LowKick,WildCharge,DrainPunch||||||50|,,,,,Water]Farigiraf||ElectricSeed|ArmorTail|Psychic,HelpingHand,FoulPlay,TrickRoom|||F|||50|,,,,,Water]Iron Valiant||FocusSash|QuarkDrive|Coaching,WideGuard,Feint,SpiritBreak||||||50|,,,,,Ghost]Incineroar||RockyHelmet|Intimidate|KnockOff,FlareBlitz,FakeOut,PartingShot|||F|||50|,,,,,Fairy\n|showteam|p2|Groudon||ClearAmulet|Drought|PrecipiceBlades,HeatCrash,StompingTantrum,Protect||||||50|,,,,,Fire]Lunala||PowerHerb|ShadowShield|MoongeistBeam,MeteorBeam,WideGuard,TrickRoom||||||50|,,,,,Fairy]Incineroar||SafetyGoggles|Intimidate|KnockOff,FakeOut,FlareBlitz,PartingShot|||F|||50|,,,,,Ghost]Ribombee||FocusSash|SweetVeil|Moonblast,Tailwind,SunnyDay,PollenPuff|||M|||50|,,,,,Ghost]Walking Wake||LifeOrb|Protosynthesis|WeatherBall,HydroSteam,DracoMeteor,Protect||||||50|,,,,,Fire]Rillaboom||AssaultVest|GrassySurge|FakeOut,GrassyGlide,Uturn,WoodHammer|||F|||50|,,,,,Fire\n|\n|t:|1746145339\n|start\n|switch|p1a: Calyrex|Calyrex-Ice, L50|100/100\n|switch|p1b: Iron Valiant|Iron Valiant, L50|100/100\n|switch|p2a: Rillaboom|Rillaboom, L50, F|100/100\n|switch|p2b: Lunala|Lunala, L50|100/100\n|-ability|p1a: Calyrex|As One\n|-ability|p1a: Calyrex|Unnerve\n|-fieldstart|move: Grassy Terrain|[from] ability: Grassy Surge|[of] p2a: Rillaboom\n|turn|1\n|\n|t:|1746145393\n|move|p1a: Calyrex|Protect|p1a: Calyrex\n|-singleturn|p1a: Calyrex|Protect\n|move|p1b: Iron Valiant|Spirit Break|p2b: Lunala\n|-damage|p2b: Lunala|88/100\n|-unboost|p2b: Lunala|spa|1\n|move|p2b: Lunala|Meteor Beam||[still]\n|-prepare|p2b: Lunala|Meteor Beam\n|-boost|p2b: Lunala|spa|1\n|-enditem|p2b: Lunala|Power Herb\n|-anim|p2b: Lunala|Meteor Beam|p1a: Calyrex\n|-activate|p1a: Calyrex|move: Protect\n|move|p2a: Rillaboom|Wood Hammer|p1a: Calyrex\n|-activate|p1a: Calyrex|move: Protect\n|\n|-heal|p2b: Lunala|94/100|[from] Grassy Terrain\n|upkeep\n|turn|2\n|\n|t:|1746145422\n|switch|p1a: Miraidon|Miraidon, L50|100/100\n|-fieldstart|move: Electric Terrain|[from] ability: Hadron Engine|[of] p1a: Miraidon\n|-activate|p1b: Iron Valiant|ability: Quark Drive\n|-start|p1b: Iron Valiant|quarkdrivespe\n|move|p1b: Iron Valiant|Spirit Break|p2b: Lunala\n|-damage|p2b: Lunala|66/100\n|-unboost|p2b: Lunala|spa|1\n|move|p2b: Lunala|Moongeist Beam|p1a: Miraidon\n|-damage|p1a: Miraidon|66/100\n|move|p2a: Rillaboom|Wood Hammer|p1a: Miraidon\n|-resisted|p1a: Miraidon\n|-damage|p1a: Miraidon|41/100\n|-damage|p2a: Rillaboom|93/100|[from] Recoil\n|\n|upkeep\n|turn|3\n|\n|t:|1746145465\n|switch|p2a: Groudon|Groudon, L50|100/100\n|-weather|SunnyDay|[from] ability: Drought|[of] p2a: Groudon\n|move|p1b: Iron Valiant|Spirit Break|p2a: Groudon\n|-damage|p2a: Groudon|77/100\n|move|p1a: Miraidon|Overheat|p2a: Groudon\n|-damage|p2a: Groudon|0 fnt\n|-unboost|p1a: Miraidon|spa|2\n|faint|p2a: Groudon\n|move|p2b: Lunala|Moongeist Beam|p1b: Iron Valiant\n|-damage|p1b: Iron Valiant|48/100\n|\n|-weather|SunnyDay|[upkeep]\n|upkeep\n|\n|t:|1746145486\n|switch|p2a: Walking Wake|Walking Wake, L50|100/100\n|-activate|p2a: Walking Wake|ability: Protosynthesis\n|-start|p2a: Walking Wake|protosynthesisspe\n|turn|4\n|\n|t:|1746145514\n|switch|p1a: Iron Hands|Iron Hands, L50|100/100\n|-activate|p1a: Iron Hands|ability: Quark Drive\n|-start|p1a: Iron Hands|quarkdriveatk\n|switch|p2b: Rillaboom|Rillaboom, L50, F|93/100\n|-fieldstart|move: Grassy Terrain|[from] ability: Grassy Surge|[of] p2b: Rillaboom\n|-end|p1b: Iron Valiant|Quark Drive\n|-end|p1a: Iron Hands|Quark Drive\n|-terastallize|p2a: Walking Wake|Fire\n|move|p2a: Walking Wake|Weather Ball|p1a: Iron Hands\n|-damage|p1a: Iron Hands|52/100\n|-damage|p2a: Walking Wake|91/100|[from] item: Life Orb\n|move|p1b: Iron Valiant|Coaching|p1a: Iron Hands\n|-boost|p1a: Iron Hands|atk|1\n|-boost|p1a: Iron Hands|def|1\n|\n|-weather|SunnyDay|[upkeep]\n|-heal|p2a: Walking Wake|96/100|[from] Grassy Terrain\n|-heal|p1b: Iron Valiant|54/100|[from] Grassy Terrain\n|-heal|p2b: Rillaboom|99/100|[from] Grassy Terrain\n|-heal|p1a: Iron Hands|58/100|[from] Grassy Terrain\n|upkeep\n|turn|5\n|\n|t:|1746145583\n|-end|p2a: Walking Wake|Protosynthesis|[silent]\n|switch|p2a: Lunala|Lunala, L50|66/100\n|-end|p1b: Iron Valiant|Quark Drive|[silent]\n|switch|p1b: Miraidon|Miraidon, L50|41/100\n|-fieldstart|move: Electric Terrain|[from] ability: Hadron Engine|[of] p1b: Miraidon\n|-activate|p1a: Iron Hands|ability: Quark Drive\n|-start|p1a: Iron Hands|quarkdriveatk\n|move|p1a: Iron Hands|Fake Out|p2a: Lunala\n|-immune|p2a: Lunala\n|move|p2b: Rillaboom|Wood Hammer|p1b: Miraidon\n|-resisted|p1b: Miraidon\n|-damage|p1b: Miraidon|12/100\n|-damage|p2b: Rillaboom|90/100|[from] Recoil\n|\n|-weather|SunnyDay|[upkeep]\n|upkeep\n|turn|6\n|\n|t:|1746145625\n|switch|p2a: Walking Wake|Walking Wake, L50, tera:Fire|96/100\n|-activate|p2a: Walking Wake|ability: Protosynthesis\n|-start|p2a: Walking Wake|protosynthesisspe\n|move|p1b: Miraidon|Electro Drift|p2a: Walking Wake\n|-damage|p2a: Walking Wake|0 fnt\n|faint|p2a: Walking Wake\n|-end|p2a: Walking Wake|Protosynthesis|[silent]\n|move|p2b: Rillaboom|Wood Hammer|p1b: Miraidon\n|-resisted|p1b: Miraidon\n|-damage|p1b: Miraidon|0 fnt\n|faint|p1b: Miraidon\n|-damage|p2b: Rillaboom|87/100|[from] Recoil\n|move|p1a: Iron Hands|Drain Punch|p2b: Rillaboom\n|-damage|p2b: Rillaboom|0 fnt\n|-heal|p1a: Iron Hands|95/100|[from] drain|[of] p2b: Rillaboom\n|faint|p2b: Rillaboom\n|\n|-weather|SunnyDay|[upkeep]\n|upkeep\n|\n|t:|1746145647\n|switch|p1b: Iron Valiant|Iron Valiant, L50|54/100\n|switch|p2b: Lunala|Lunala, L50|66/100\n|-activate|p1b: Iron Valiant|ability: Quark Drive\n|-start|p1b: Iron Valiant|quarkdrivespe\n|turn|7\n|\n|t:|1746145655\n|move|p1b: Iron Valiant|Spirit Break|p2b: Lunala\n|-damage|p2b: Lunala|41/100\n|-unboost|p2b: Lunala|spa|1\n|move|p2b: Lunala|Meteor Beam||[still]\n|-prepare|p2b: Lunala|Meteor Beam\n|-boost|p2b: Lunala|spa|1\n|move|p1a: Iron Hands|Wild Charge|p2b: Lunala\n|-damage|p2b: Lunala|0 fnt\n|faint|p2b: Lunala\n|-damage|p1a: Iron Hands|84/100|[from] Recoil\n|\n|win|UndeadParadox\n||UndeadParadox is ready for game 3.\n||LunaSunChris is ready for game 3.\n|uhtml|next|Next: <a href=\"/battle-gen9vgc2025regibo3-2355044236\"><strong>Game 3 of 3</strong></a>\n|l|\u2606LunaSunChris\n|player|p2|\n", "uploadtime": 1746146411, "views": 22, "formatid": "gen9vgc2025regibo3", "rating": null, "private": 0, "password": null}