{"id": "gen9vgc2025regibo3-2353701839", "format": "[Gen 9] VGC 2025 Reg I (Bo3)", "players": ["caZISA", "We_Are_Toasted"], "log": "|j|\u2606caZISA\n|j|\u2606We_Are_Toasted\n|html|<table width=\"100%\"><tr><td align=\"left\">caZISA</td><td align=\"right\">We_Are_Toasted</tr><tr><td align=\"left\"><i class=\"fa fa-circle\"></i> <i class=\"fa fa-circle-o\"></i> </td><td align=\"right\"><i class=\"fa fa-circle-o\"></i> <i class=\"fa fa-circle\"></i> </tr></table>\n|uhtml|bestof|<h2><strong>Game 3</strong> of <a href=\"/game-bestof3-gen9vgc2025regibo3-2353697887\">a best-of-3</a></h2>\n|t:|1745985649\n|gametype|doubles\n|player|p1|caZISA|red|1304\n|player|p2|We_Are_Toasted|larry|1215\n|teamsize|p1|6\n|teamsize|p2|6\n|gen|9\n|tier|[Gen 9] VGC 2025 Reg I (Bo3)\n|rated|\n|rule|Species Clause: Limit one of each Pok\u00e9mon\n|rule|Item Clause: Limit 1 of each item\n|clearpoke\n|poke|p1|Calyrex-Ice, L50|\n|poke|p1|Kyogre, L50|\n|poke|p1|Landorus, L50, M|\n|poke|p1|Raging Bolt, L50|\n|poke|p1|Incineroar, L50, F|\n|poke|p1|Smeargle, L50, M|\n|poke|p2|Miraidon, L50|\n|poke|p2|Grimmsnarl, L50, M|\n|poke|p2|Iron Hands, L50|\n|poke|p2|Lunala, L50|\n|poke|p2|Chi-Yu, L50|\n|poke|p2|Ursaluna, L50, M|\n|teampreview|4\n|showteam|p1|Calyrex-Ice||ClearAmulet|AsOneGlastrier|GlacialLance,HighHorsepower,TrickRoom,Protect||||||50|,,,,,Grass]Kyogre||MysticWater|Drizzle|WaterSpout,OriginPulse,IceBeam,Protect||||||50|,,,,,Water]Landorus||ChoiceScarf|SheerForce|SandsearStorm,EarthPower,SludgeBomb,Uturn|||M|||50|,,,,,Ghost]Raging Bolt||AssaultVest|Protosynthesis|Thunderbolt,DracoMeteor,Thunderclap,Snarl||||||50|,,,,,Fairy]Incineroar||SafetyGoggles|Intimidate|FakeOut,WillOWisp,KnockOff,PartingShot|||F|||50|,,,,,Ghost]Smeargle||FocusSash|Moody|FakeOut,Spore,FollowMe,WideGuard|||M|||50|,,,,,Grass\n|showteam|p2|Miraidon||ChoiceSpecs|HadronEngine|VoltSwitch,DracoMeteor,ElectroDrift,DazzlingGleam||||||50|,,,,,Fairy]Grimmsnarl||LightClay|Prankster|LightScreen,Reflect,ThunderWave,SpiritBreak|||M|||50|,,,,,Ghost]Iron Hands||AssaultVest|QuarkDrive|DrainPunch,FakeOut,WildCharge,LowKick||||||50|,,,,,Bug]Lunala||PowerHerb|ShadowShield|MoongeistBeam,MeteorBeam,WideGuard,TrickRoom||||||50|,,,,,Water]Chi-Yu||ChoiceScarf|BeadsofRuin|Snarl,HeatWave,DarkPulse,Overheat||||||50|,,,,,Ghost]Ursaluna||FlameOrb|Guts|Facade,HeadlongRush,Earthquake,Protect|||M|||50|,,,,,Ghost\n|inactive|Battle timer is ON: inactive players will automatically lose when time's up. (requested by caZISA)\n|\n|t:|1745985702\n|start\n|switch|p1a: Littlefoot|Raging Bolt, L50|100/100\n|switch|p1b: Picasso|Smeargle, L50, M|100/100\n|switch|p2a: Miraidon|Miraidon, L50|100/100\n|switch|p2b: Chi-Yu|Chi-Yu, L50|100/100\n|-ability|p2b: Chi-Yu|Beads of Ruin\n|-fieldstart|move: Electric Terrain|[from] ability: Hadron Engine|[of] p2a: Miraidon\n|turn|1\n|inactive|We_Are_Toasted has 30 seconds left.\n|inactive|We_Are_Toasted has 20 seconds left.\n|inactive|We_Are_Toasted has 15 seconds left.\n|\n|t:|1745985746\n|-terastallize|p2a: Miraidon|Fairy\n|move|p1b: Picasso|Fake Out|p2a: Miraidon\n|-damage|p2a: Miraidon|95/100\n|move|p1a: Littlefoot|Thunderclap|p2b: Chi-Yu\n|-damage|p2b: Chi-Yu|36/100\n|move|p2b: Chi-Yu|Snarl|p1a: Littlefoot|[spread] p1a\n|-miss|p2b: Chi-Yu|p1b: Picasso\n|-damage|p1a: Littlefoot|83/100\n|-unboost|p1a: Littlefoot|spa|1\n|cant|p2a: Miraidon|flinch\n|\n|-ability|p1b: Picasso|Moody|boost\n|-boost|p1b: Picasso|spa|2\n|-unboost|p1b: Picasso|spd|1\n|upkeep\n|turn|2\n|\n|t:|1745985763\n|switch|p2b: Brian Hands|Iron Hands, L50|100/100\n|-activate|p2b: Brian Hands|ability: Quark Drive\n|-start|p2b: Brian Hands|quarkdriveatk\n|move|p1b: Picasso|Wide Guard|p1b: Picasso\n|-singleturn|p1b: Picasso|Wide Guard\n|move|p2a: Miraidon|Dazzling Gleam|p1a: Littlefoot|[spread] \n|-activate|p1a: Littlefoot|move: Wide Guard\n|-activate|p1b: Picasso|move: Wide Guard\n|move|p1a: Littlefoot|Thunderbolt|p2a: Miraidon\n|-damage|p2a: Miraidon|60/100\n|\n|-ability|p1b: Picasso|Moody|boost\n|-boost|p1b: Picasso|def|2\n|-unboost|p1b: Picasso|spe|1\n|upkeep\n|turn|3\n|\n|t:|1745985783\n|-end|p1a: Littlefoot|Protosynthesis|[silent]\n|switch|p1a: Gaspar|Calyrex-Ice, L50|100/100\n|-ability|p1a: Gaspar|As One\n|-ability|p1a: Gaspar|Unnerve\n|move|p1b: Picasso|Wide Guard|p1b: Picasso\n|-singleturn|p1b: Picasso|Wide Guard\n|move|p2b: Brian Hands|Fake Out|p1b: Picasso\n|-damage|p1b: Picasso|81/100\n|move|p2a: Miraidon|Dazzling Gleam|p1b: Picasso|[spread] \n|-activate|p1a: Gaspar|move: Wide Guard\n|-activate|p1b: Picasso|move: Wide Guard\n|\n|-ability|p1b: Picasso|Moody|boost\n|-boost|p1b: Picasso|spd|2\n|-unboost|p1b: Picasso|atk|1\n|upkeep\n|turn|4\n|\n|t:|1745985796\n|switch|p2a: Chi-Yu|Chi-Yu, L50|36/100\n|-ability|p2a: Chi-Yu|Beads of Ruin\n|move|p1b: Picasso|Wide Guard|p1b: Picasso\n|-singleturn|p1b: Picasso|Wide Guard\n|move|p2b: Brian Hands|Low Kick|p1a: Gaspar\n|-damage|p1a: Gaspar|51/100\n|move|p1a: Gaspar|Glacial Lance|p2b: Brian Hands|[spread] p2a,p2b\n|-resisted|p2a: Chi-Yu\n|-damage|p2a: Chi-Yu|0 fnt\n|-damage|p2b: Brian Hands|64/100\n|faint|p2a: Chi-Yu\n|-ability|p1a: Gaspar|Chilling Neigh|boost\n|-boost|p1a: Gaspar|atk|1\n|\n|-ability|p1b: Picasso|Moody|boost\n|-boost|p1b: Picasso|def|2\n|-unboost|p1b: Picasso|spa|1\n|upkeep\n|\n|t:|1745985808\n|switch|p2a: Miraidon|Miraidon, L50, tera:Fairy|60/100\n|-activate|p2a: Miraidon|ability: Hadron Engine\n|turn|5\n|inactive|We_Are_Toasted has 30 seconds left.\n|\n|t:|1745985843\n|-terastallize|p1b: Picasso|Grass\n|move|p1b: Picasso|Follow Me|p1b: Picasso\n|-singleturn|p1b: Picasso|move: Follow Me\n|move|p2a: Miraidon|Electro Drift|p1b: Picasso\n|-resisted|p1b: Picasso\n|-damage|p1b: Picasso|0 fnt\n|faint|p1b: Picasso\n|move|p2b: Brian Hands|Drain Punch|p1a: Gaspar\n|-damage|p1a: Gaspar|18/100\n|-heal|p2b: Brian Hands|78/100|[from] drain|[of] p1a: Gaspar\n|move|p1a: Gaspar|Trick Room|p1a: Gaspar\n|-fieldstart|move: Trick Room|[of] p1a: Gaspar\n|\n|-fieldend|move: Electric Terrain\n|-end|p2b: Brian Hands|Quark Drive\n|upkeep\n|\n|t:|1745985850\n|switch|p1b: Tigre To\u00f1o|Incineroar, L50, F|100/100\n|-ability|p1b: Tigre To\u00f1o|Intimidate|boost\n|-unboost|p2a: Miraidon|atk|1\n|-unboost|p2b: Brian Hands|atk|1\n|turn|6\n|inactive|We_Are_Toasted has 30 seconds left.\n|inactive|We_Are_Toasted has 20 seconds left.\n|\n|t:|1745985889\n|move|p1b: Tigre To\u00f1o|Fake Out|p2b: Brian Hands\n|-damage|p2b: Brian Hands|69/100\n|move|p1a: Gaspar|Glacial Lance|p2b: Brian Hands|[spread] p2a,p2b\n|-damage|p2a: Miraidon|0 fnt\n|-damage|p2b: Brian Hands|12/100\n|faint|p2a: Miraidon\n|-ability|p1a: Gaspar|Chilling Neigh|boost\n|-boost|p1a: Gaspar|atk|1\n|cant|p2b: Brian Hands|flinch\n|\n|upkeep\n|\n|t:|1745985891\n|switch|p2a: Lunala|Lunala, L50|100/100\n|turn|7\n|\n|t:|1745985907\n|move|p1a: Gaspar|Glacial Lance|p2b: Brian Hands|[spread] p2a,p2b\n|-damage|p2a: Lunala|58/100\n|-damage|p2b: Brian Hands|0 fnt\n|faint|p2b: Brian Hands\n|-end|p2b: Brian Hands|Quark Drive|[silent]\n|-ability|p1a: Gaspar|Chilling Neigh|boost\n|-boost|p1a: Gaspar|atk|1\n|move|p1b: Tigre To\u00f1o|Knock Off|p2a: Lunala\n|-supereffective|p2a: Lunala\n|-damage|p2a: Lunala|0 fnt\n|-enditem|p2a: Lunala|Power Herb|[from] move: Knock Off|[of] p1b: Tigre To\u00f1o\n|faint|p2a: Lunala\n|\n|win|caZISA\n|raw|caZISA's rating: 1304 &rarr; <strong>1319</strong><br />(+15 for winning)\n|raw|We_Are_Toasted's rating: 1215 &rarr; <strong>1196</strong><br />(-19 for losing)\n|l|\u2606caZISA\n|player|p1|\n", "uploadtime": 1745985914, "views": 18, "formatid": "gen9vgc2025regibo3", "rating": 1196, "private": 0, "password": null}