{"id": "gen9vgc2025regibo3-2354197276", "format": "[Gen 9] VGC 2025 Reg I (Bo3)", "players": ["Gworf", "tacchino98"], "log": "|j|\u2606Gworf\n|j|\u2606tacchino98\n|html|<table width=\"100%\"><tr><td align=\"left\">Gworf</td><td align=\"right\">tacchino98</tr><tr><td align=\"left\"><i class=\"fa fa-circle\"></i> <i class=\"fa fa-circle-o\"></i> </td><td align=\"right\"><i class=\"fa fa-circle-o\"></i> <i class=\"fa fa-circle\"></i> </tr></table>\n|uhtml|bestof|<h2><strong>Game 3</strong> of <a href=\"/game-bestof3-gen9vgc2025regibo3-2354191014\">a best-of-3</a></h2>\n|t:|1746043674\n|gametype|doubles\n|player|p1|Gworf|acetrainer-gen4dp|1148\n|player|p2|tacchino98|169|1204\n|teamsize|p1|6\n|teamsize|p2|6\n|gen|9\n|tier|[Gen 9] VGC 2025 Reg I (Bo3)\n|rated|\n|rule|Species Clause: Limit one of each Pok\u00e9mon\n|rule|Item Clause: Limit 1 of each item\n|clearpoke\n|poke|p1|Zamazenta-*, L50|\n|poke|p1|Calyrex-Shadow, L50|\n|poke|p1|Ogerpon-Cornerstone, L50, F|\n|poke|p1|Flutter Mane, L50|\n|poke|p1|Tornadus, L50, M|\n|poke|p1|Ninetales, L50, M|\n|poke|p2|Zamazenta-*, L50|\n|poke|p2|Calyrex-Shadow, L50|\n|poke|p2|Tornadus, L50, M|\n|poke|p2|Urshifu-*, L50, F|\n|poke|p2|Rillaboom, L50, M|\n|poke|p2|Mienshao, L50, F|\n|teampreview|4\n|showteam|p1|Zamazenta-Crowned||RustedShield|DauntlessShield|behemothbash,BodyPress,WideGuard,Protect||||||50|,,,,,Water]Calyrex-Shadow||FocusSash|AsOneSpectrier|AstralBarrage,Disable,Encore,Protect||||||50|,,,,,Ghost]Ogerpon-Cornerstone||CornerstoneMask|Sturdy|IvyCudgel,PowerWhip,FollowMe,SpikyShield|||F|||50|,,,,,Rock]Flutter Mane||ChoiceSpecs|Protosynthesis|Moonblast,DazzlingGleam,ShadowBall,DrainingKiss||||||50|,,,,,Fairy]Tornadus||MentalHerb|Prankster|Tailwind,BleakwindStorm,Taunt,Substitute|||M|||50|,,,,,Ghost]Ninetales||LifeOrb|Drought|HeatWave,FireBlast,HelpingHand,Protect|||M|||50|,,,,,Fire\n|showteam|p2|Zamazenta-Crowned||RustedShield|DauntlessShield|BodyPress,HeavySlam,WideGuard,Protect||||||50|,,,,,Ghost]Calyrex-Shadow||LifeOrb|AsOneSpectrier|AstralBarrage,Psychic,Encore,Protect||||||50|,,,,,Ghost]Tornadus||RockyHelmet|Prankster|BleakwindStorm,Tailwind,RainDance,Protect|||M|||50|,,,,,Dark]Urshifu-Rapid-Strike||MysticWater|UnseenFist|SurgingStrikes,CloseCombat,AquaJet,Detect|||F|||50|,,,,,Water]Rillaboom||AssaultVest|GrassySurge|WoodHammer,GrassyGlide,Uturn,FakeOut|||M|||50|,,,,,Fire]Mienshao||FocusSash|InnerFocus|FakeOut,CloseCombat,Feint,KnockOff|||F|||50|,,,,,Fighting\n|inactive|Battle timer is ON: inactive players will automatically lose when time's up. (requested by tacchino98)\n|inactive|Gworf has 60 seconds left.\n|inactive|tacchino98 has 60 seconds left.\n|inactive|Gworf has 30 seconds left.\n|\n|t:|1746043741\n|start\n|switch|p1a: Zamazenta|Zamazenta-Crowned, L50|100/100\n|switch|p1b: Flutter Mane|Flutter Mane, L50, shiny|100/100\n|switch|p2a: Zamazenta|Zamazenta-Crowned, L50|100/100\n|switch|p2b: Calyrex|Calyrex-Shadow, L50|100/100\n|-ability|p2b: Calyrex|As One\n|-ability|p2b: Calyrex|Unnerve\n|-ability|p1a: Zamazenta|Dauntless Shield|boost\n|-boost|p1a: Zamazenta|def|1\n|-ability|p2a: Zamazenta|Dauntless Shield|boost\n|-boost|p2a: Zamazenta|def|1\n|turn|1\n|inactive|Gworf has 30 seconds left.\n|inactive|Gworf has 20 seconds left.\n|inactive|tacchino98 has 30 seconds left.\n|inactive|Gworf has 15 seconds left.\n|inactive|Gworf has 10 seconds left.\n|inactive|Gworf has 5 seconds left.\n|\n|t:|1746043796\n|-terastallize|p1b: Flutter Mane|Fairy\n|move|p1a: Zamazenta|Wide Guard|p1a: Zamazenta\n|-singleturn|p1a: Zamazenta|Wide Guard\n|move|p2b: Calyrex|Psychic|p1a: Zamazenta\n|-damage|p1a: Zamazenta|46/100\n|-damage|p2b: Calyrex|91/100|[from] item: Life Orb\n|move|p1b: Flutter Mane|Dazzling Gleam|p2b: Calyrex|[spread] p2a,p2b\n|-damage|p2a: Zamazenta|58/100\n|-damage|p2b: Calyrex|27/100\n|move|p2a: Zamazenta|Heavy Slam|p1b: Flutter Mane\n|-supereffective|p1b: Flutter Mane\n|-damage|p1b: Flutter Mane|0 fnt\n|faint|p1b: Flutter Mane\n|-end|p1b: Flutter Mane|Protosynthesis|[silent]\n|\n|upkeep\n|\n|t:|1746043810\n|switch|p1b: Calyrex|Calyrex-Shadow, L50|100/100\n|-ability|p1b: Calyrex|As One\n|-ability|p1b: Calyrex|Unnerve\n|turn|2\n|\n|t:|1746043835\n|move|p1a: Zamazenta|Wide Guard|p1a: Zamazenta\n|-singleturn|p1a: Zamazenta|Wide Guard\n|move|p2a: Zamazenta|Wide Guard|p2a: Zamazenta\n|-singleturn|p2a: Zamazenta|Wide Guard\n|move|p2b: Calyrex|Psychic|p1a: Zamazenta\n|-damage|p1a: Zamazenta|0 fnt\n|faint|p1a: Zamazenta\n|-ability|p2b: Calyrex|Grim Neigh|boost\n|-boost|p2b: Calyrex|spa|1\n|-damage|p2b: Calyrex|18/100|[from] item: Life Orb\n|move|p1b: Calyrex|Disable|p2a: Zamazenta\n|-start|p2a: Zamazenta|Disable|Wide Guard\n|\n|upkeep\n|\n|t:|1746043844\n|switch|p1a: Tornadus|Tornadus, L50, M|100/100\n|turn|3\n|inactive|tacchino98 has 30 seconds left.\n|inactive|tacchino98 has 20 seconds left.\n|inactive|tacchino98 has 15 seconds left.\n|\n|t:|1746043887\n|switch|p2a: Tornadus|Tornadus, L50, M|100/100\n|move|p2b: Calyrex|Protect|p2b: Calyrex\n|-singleturn|p2b: Calyrex|Protect\n|move|p1a: Tornadus|Tailwind|p1a: Tornadus\n|-sidestart|p1: Gworf|move: Tailwind\n|move|p1b: Calyrex|Astral Barrage|p2a: Tornadus|[spread] p2a\n|-activate|p2b: Calyrex|move: Protect\n|-damage|p2a: Tornadus|58/100\n|\n|upkeep\n|turn|4\n|inactive|tacchino98 has 30 seconds left.\n|inactive|tacchino98 has 20 seconds left.\n|inactive|tacchino98 has 15 seconds left.\n|\n|t:|1746043929\n|-terastallize|p2a: Tornadus|Dark\n|move|p2b: Calyrex|Protect||[still]\n|-fail|p2b: Calyrex\n|move|p1a: Tornadus|Taunt|p2a: Tornadus\n|-hint|Since gen 7, Dark is immune to Prankster moves.\n|-immune|p2a: Tornadus\n|move|p2a: Tornadus|Tailwind|p2a: Tornadus\n|-sidestart|p2: tacchino98|move: Tailwind\n|move|p1b: Calyrex|Astral Barrage|p2a: Tornadus|[spread] p2a,p2b\n|-resisted|p2a: Tornadus\n|-supereffective|p2b: Calyrex\n|-damage|p2a: Tornadus|37/100\n|-damage|p2b: Calyrex|0 fnt\n|faint|p2b: Calyrex\n|-ability|p1b: Calyrex|Grim Neigh|boost\n|-boost|p1b: Calyrex|spa|1\n|\n|upkeep\n|\n|t:|1746043947\n|switch|p2b: Zamazenta|Zamazenta-Crowned, L50|58/100\n|turn|5\n|inactive|tacchino98 has 30 seconds left.\n|\n|t:|1746043978\n|move|p1b: Calyrex|Protect|p1b: Calyrex\n|-singleturn|p1b: Calyrex|Protect\n|move|p2b: Zamazenta|Protect|p2b: Zamazenta\n|-singleturn|p2b: Zamazenta|Protect\n|move|p1a: Tornadus|Taunt|p2b: Zamazenta\n|-activate|p2b: Zamazenta|move: Protect\n|move|p2a: Tornadus|Rain Dance|p2a: Tornadus\n|-weather|RainDance\n|\n|-weather|RainDance|[upkeep]\n|upkeep\n|turn|6\n|\n|t:|1746044000\n|move|p2b: Zamazenta|Wide Guard|p2b: Zamazenta\n|-singleturn|p2b: Zamazenta|Wide Guard\n|move|p1a: Tornadus|Taunt|p2b: Zamazenta\n|-start|p2b: Zamazenta|move: Taunt\n|move|p1b: Calyrex|Encore|p2a: Tornadus\n|-start|p2a: Tornadus|Encore\n|move|p2a: Tornadus|Rain Dance||[still]\n|-fail|p2a: Tornadus\n|\n|-weather|RainDance|[upkeep]\n|-sideend|p1: Gworf|move: Tailwind\n|upkeep\n|turn|7\n|inactive|Gworf has 30 seconds left.\n|inactive|tacchino98 has 30 seconds left.\n|inactive|tacchino98 has 20 seconds left.\n|inactive|tacchino98 has 15 seconds left.\n|\n|t:|1746044044\n|switch|p2a: Urshifu|Urshifu-Rapid-Strike, L50, F|100/100\n|move|p1a: Tornadus|Tailwind|p1a: Tornadus\n|-sidestart|p1: Gworf|move: Tailwind\n|move|p1b: Calyrex|Astral Barrage|p2a: Urshifu|[spread] p2a,p2b\n|-damage|p2a: Urshifu|0 fnt\n|-damage|p2b: Zamazenta|1/100\n|faint|p2a: Urshifu\n|-ability|p1b: Calyrex|Grim Neigh|boost\n|-boost|p1b: Calyrex|spa|1\n|move|p2b: Zamazenta|Heavy Slam|p1a: Tornadus\n|-damage|p1a: Tornadus|31/100\n|\n|-weather|RainDance|[upkeep]\n|-sideend|p2: tacchino98|move: Tailwind\n|upkeep\n|\n|t:|1746044053\n|switch|p2a: Tornadus|Tornadus, L50, M, tera:Dark|37/100\n|turn|8\n|-message|tacchino98 forfeited.\n|\n|win|Gworf\n|raw|Gworf's rating: 1148 &rarr; <strong>1177</strong><br />(+29 for winning)\n|raw|tacchino98's rating: 1204 &rarr; <strong>1175</strong><br />(-29 for losing)\n|l|\u2606tacchino98\n|player|p2|\n|l|\u2606Gworf\n|player|p1|\n", "uploadtime": 1746044378, "views": 6, "formatid": "gen9vgc2025regibo3", "rating": 1175, "private": 0, "password": null}