{"id": "gen9vgc2025regibo3-2353499842", "format": "[Gen 9] VGC 2025 Reg I (Bo3)", "players": ["Mr.meloncat", "BunsenBonnett"], "log": "|j|\u2606Mr.meloncat\n|j|\u2606BunsenBonnett\n|html|<table width=\"100%\"><tr><td align=\"left\">Mr.meloncat</td><td align=\"right\">BunsenBonnett</tr><tr><td align=\"left\"><i class=\"fa fa-circle-o\"></i> <i class=\"fa fa-circle-o\"></i> </td><td align=\"right\"><i class=\"fa fa-circle-o\"></i> <i class=\"fa fa-circle\"></i> </tr></table>\n|uhtml|bestof|<h2><strong>Game 2</strong> of <a href=\"/game-bestof3-gen9vgc2025regibo3-2353498024\">a best-of-3</a></h2>\n|t:|1745961793\n|gametype|doubles\n|player|p1|Mr.meloncat|102|1316\n|player|p2|BunsenBonnett|burglar|1422\n|teamsize|p1|6\n|teamsize|p2|6\n|gen|9\n|tier|[Gen 9] VGC 2025 Reg I (Bo3)\n|rated|\n|rule|Species Clause: Limit one of each Pok\u00e9mon\n|rule|Item Clause: Limit 1 of each item\n|clearpoke\n|poke|p1|Ogerpon-Cornerstone, L50, F|\n|poke|p1|Lunala, L50|\n|poke|p1|Koraidon, L50|\n|poke|p1|Roaring Moon, L50|\n|poke|p1|Indeedee-F, L50, F|\n|poke|p1|Ursaluna-Bloodmoon, L50, M|\n|poke|p2|Ho-Oh, L50|\n|poke|p2|Miraidon, L50|\n|poke|p2|Iron Hands, L50|\n|poke|p2|Farigiraf, L50, F|\n|poke|p2|Urshifu-*, L50, M|\n|poke|p2|Ursaluna, L50, F|\n|teampreview|4\n|showteam|p1|Ogerpon-Cornerstone||CornerstoneMask|Sturdy|PowerWhip,IvyCudgel,FollowMe,SpikyShield|||F|||50|,,,,,Rock]Lunala||Leftovers|ShadowShield|MoongeistBeam,WideGuard,ExpandingForce,TrickRoom||||||50|,,,,,Fairy]Koraidon||ClearAmulet|OrichalcumPulse|FlareBlitz,CollisionCourse,FlameCharge,Protect||||||50|,,,,,Fire]Roaring Moon||CovertCloak|Protosynthesis|Tailwind,KnockOff,Taunt,Snarl||||||50|,,,,,Poison]Indeedee-F||RockyHelmet|PsychicSurge|FollowMe,HelpingHand,TrickRoom,Imprison|||F|||50|,,,,,Dark]Ursaluna-Bloodmoon||AssaultVest|MindsEye|BloodMoon,HyperVoice,EarthPower,VacuumWave|||M|||50|,,,,,Normal\n|showteam|p2|Ho-Oh||ClearAmulet|Regenerator|SacredFire,Tailwind,BraveBird,Protect||||||50|,,,,,Grass]Miraidon||ChoiceSpecs|HadronEngine|ElectroDrift,VoltSwitch,DracoMeteor,DazzlingGleam||||||50|,,,,,Fairy]Iron Hands||AssaultVest|QuarkDrive|LowKick,DrainPunch,WildCharge,FakeOut||||||50|,,,,,Bug]Farigiraf||ElectricSeed|ArmorTail|FoulPlay,Psychic,TrickRoom,HelpingHand|||F|||50|,,,,,Water]Urshifu-Rapid-Strike||ChoiceScarf|UnseenFist|SurgingStrikes,CloseCombat,Uturn,RockTomb|||M|||50|,,,,,Water]Ursaluna||FlameOrb|Guts|Facade,HeadlongRush,Earthquake,Protect|||F|||50|,,,,,Water\n|\n|t:|1745961816\n|start\n|switch|p1a: Roaring Moon|Roaring Moon, L50|100/100\n|switch|p1b: Ogerpon|Ogerpon-Cornerstone, L50, F|100/100\n|switch|p2a: Scar|Urshifu-Rapid-Strike, L50, M|100/100\n|switch|p2b: Winry|Farigiraf, L50, F|100/100\n|turn|1\n|\n|t:|1745961835\n|-terastallize|p1a: Roaring Moon|Poison\n|move|p2a: Scar|Close Combat|p1a: Roaring Moon\n|-resisted|p1a: Roaring Moon\n|-damage|p1a: Roaring Moon|62/100\n|-unboost|p2a: Scar|def|1\n|-unboost|p2a: Scar|spd|1\n|move|p1a: Roaring Moon|Taunt|p2b: Winry\n|-start|p2b: Winry|move: Taunt\n|move|p1b: Ogerpon|Power Whip|p2a: Scar|[miss]\n|-miss|p1b: Ogerpon|p2a: Scar\n|cant|p2b: Winry|move: Taunt|Trick Room\n|\n|upkeep\n|turn|2\n|\n|t:|1745961865\n|move|p1b: Ogerpon|Follow Me|p1b: Ogerpon\n|-singleturn|p1b: Ogerpon|move: Follow Me\n|move|p2a: Scar|Close Combat|p1b: Ogerpon\n|-supereffective|p1b: Ogerpon\n|-ability|p1b: Ogerpon|Sturdy\n|-damage|p1b: Ogerpon|1/100\n|-unboost|p2a: Scar|def|1\n|-unboost|p2a: Scar|spd|1\n|move|p1a: Roaring Moon|Tailwind|p1a: Roaring Moon\n|-sidestart|p1: Mr.meloncat|move: Tailwind\n|move|p2b: Winry|Psychic|p1b: Ogerpon\n|-damage|p1b: Ogerpon|0 fnt\n|faint|p1b: Ogerpon\n|\n|upkeep\n|\n|t:|1745961893\n|switch|p1b: Lunala|Lunala, L50|100/100\n|turn|3\n|\n|t:|1745961905\n|switch|p2a: Edward|Miraidon, L50|100/100\n|-fieldstart|move: Electric Terrain|[from] ability: Hadron Engine|[of] p2a: Edward\n|-enditem|p2b: Winry|Electric Seed\n|-boost|p2b: Winry|def|1|[from] item: Electric Seed\n|move|p1a: Roaring Moon|Snarl|p2b: Winry|[spread] p2a,p2b\n|-supereffective|p2b: Winry\n|-damage|p2a: Edward|94/100\n|-damage|p2b: Winry|84/100\n|-unboost|p2a: Edward|spa|1\n|-unboost|p2b: Winry|spa|1\n|move|p1b: Lunala|Moongeist Beam|p2a: Edward\n|-damage|p2a: Edward|42/100\n|move|p2b: Winry|Psychic|p1a: Roaring Moon\n|-supereffective|p1a: Roaring Moon\n|-damage|p1a: Roaring Moon|19/100\n|\n|-end|p2b: Winry|move: Taunt\n|upkeep\n|turn|4\n|\n|t:|1745961925\n|move|p1a: Roaring Moon|Knock Off|p2b: Winry\n|-supereffective|p2b: Winry\n|-damage|p2b: Winry|50/100\n|move|p2a: Edward|Volt Switch|p1a: Roaring Moon\n|-crit|p1a: Roaring Moon\n|-damage|p1a: Roaring Moon|0 fnt\n|faint|p1a: Roaring Moon\n|-end|p1a: Roaring Moon|Protosynthesis|[silent]\n|\n|t:|1745961927\n|switch|p2a: Izumi|Ursaluna, L50, F|100/100|[from] Volt Switch\n|move|p1b: Lunala|Moongeist Beam|p2a: Izumi\n|-immune|p2a: Izumi\n|move|p2b: Winry|Psychic|p1b: Lunala\n|-resisted|p1b: Lunala\n|-damage|p1b: Lunala|96/100\n|\n|-heal|p1b: Lunala|100/100|[from] item: Leftovers\n|-status|p2a: Izumi|brn|[from] item: Flame Orb\n|upkeep\n|\n|t:|1745961956\n|switch|p1a: Koraidon|Koraidon, L50|100/100\n|-weather|SunnyDay|[from] ability: Orichalcum Pulse|[of] p1a: Koraidon\n|-activate|p1a: Koraidon|Orichalcum Pulse|[source]\n|turn|5\n|\n|t:|1745961989\n|-terastallize|p2a: Izumi|Water\n|move|p1a: Koraidon|Flame Charge|p2b: Winry\n|-damage|p2b: Winry|30/100\n|-boost|p1a: Koraidon|spe|1\n|move|p1b: Lunala|Moongeist Beam|p2b: Winry\n|-immune|p2b: Winry\n|move|p2a: Izumi|Facade|p1a: Koraidon\n|-damage|p1a: Koraidon|4/100\n|move|p2b: Winry|Foul Play|p1b: Lunala\n|-supereffective|p1b: Lunala\n|-damage|p1b: Lunala|65/100\n|\n|-weather|SunnyDay|[upkeep]\n|-heal|p1b: Lunala|71/100|[from] item: Leftovers\n|-damage|p2a: Izumi|95/100 brn|[from] brn\n|-sideend|p1: Mr.meloncat|move: Tailwind\n|upkeep\n|turn|6\n|\n|t:|1745962024\n|move|p1a: Koraidon|Collision Course|p2b: Winry\n|-damage|p2b: Winry|0 fnt\n|faint|p2b: Winry\n|move|p1b: Lunala|Expanding Force|p2a: Izumi\n|-damage|p2a: Izumi|55/100 brn\n|move|p2a: Izumi|Facade|p1a: Koraidon\n|-damage|p1a: Koraidon|0 fnt\n|faint|p1a: Koraidon\n|\n|-weather|SunnyDay|[upkeep]\n|-heal|p1b: Lunala|78/100|[from] item: Leftovers\n|-damage|p2a: Izumi|49/100 brn|[from] brn\n|upkeep\n|\n|t:|1745962027\n|switch|p2b: Scar|Urshifu-Rapid-Strike, L50, M|100/100\n|turn|7\n|\n|t:|1745962036\n|move|p2b: Scar|Rock Tomb|p1b: Lunala\n|-damage|p1b: Lunala|62/100\n|-unboost|p1b: Lunala|spe|1\n|move|p2a: Izumi|Headlong Rush|p1b: Lunala\n|-damage|p1b: Lunala|0 fnt\n|-unboost|p2a: Izumi|def|1\n|-unboost|p2a: Izumi|spd|1\n|faint|p1b: Lunala\n|\n|win|BunsenBonnett\n|raw|Mr.meloncat's rating: 1316 &rarr; <strong>1302</strong><br />(-14 for losing)\n|raw|BunsenBonnett's rating: 1422 &rarr; <strong>1436</strong><br />(+14 for winning)\n|l|\u2606BunsenBonnett\n|player|p2|\n", "uploadtime": 1745962417, "views": 35, "formatid": "gen9vgc2025regibo3", "rating": 1302, "private": 0, "password": null}