{"id": "gen9vgc2025regibo3-2354292734", "format": "[Gen 9] VGC 2025 Reg I (Bo3)", "players": ["MangoFurret", "Sawadaburner"], "log": "|j|\u2606MangoFurret\n|j|\u2606Sawadaburner\n|html|<table width=\"100%\"><tr><td align=\"left\">MangoFurret</td><td align=\"right\">Sawadaburner</tr><tr><td align=\"left\"><i class=\"fa fa-circle\"></i> <i class=\"fa fa-circle-o\"></i> </td><td align=\"right\"><i class=\"fa fa-circle-o\"></i> <i class=\"fa fa-circle\"></i> </tr></table>\n|uhtml|bestof|<h2><strong>Game 3</strong> of <a href=\"/game-bestof3-gen9vgc2025regibo3-2354285897\">a best-of-3</a></h2>\n|t:|1746053764\n|gametype|doubles\n|player|p1|MangoFurret|unknown|1298\n|player|p2|Sawadaburner|266|1307\n|teamsize|p1|6\n|teamsize|p2|6\n|gen|9\n|tier|[Gen 9] VGC 2025 Reg I (Bo3)\n|rated|\n|rule|Species Clause: Limit one of each Pok\u00e9mon\n|rule|Item Clause: Limit 1 of each item\n|clearpoke\n|poke|p1|Kyogre, L50|\n|poke|p1|Zamazenta-*, L50|\n|poke|p1|Amoonguss, L50, F|\n|poke|p1|Chien-Pao, L50|\n|poke|p1|Urshifu-*, L50, M|\n|poke|p1|Roaring Moon, L50|\n|poke|p2|Lunala, L50|\n|poke|p2|Koraidon, L50|\n|poke|p2|Jumpluff, L50, M|\n|poke|p2|Incineroar, L50, M|\n|poke|p2|Raging Bolt, L50|\n|poke|p2|Ursaluna, L50, M|\n|teampreview|4\n|showteam|p1|Kyogre||MysticWater|Drizzle|WaterSpout,HydroPump,IceBeam,Protect||||||50|,,,,,Grass]Zamazenta-Crowned||RustedShield|DauntlessShield|behemothbash,BodyPress,WideGuard,Protect||||||50|,,,,,Grass]Amoonguss||RockyHelmet|Regenerator|RagePowder,Spore,SludgeBomb,Protect|||F|||50|,,,,,Fairy]Chien-Pao||FocusSash|SwordofRuin|IceSpinner,SuckerPunch,ThroatChop,Protect||||||50|,,,,,Ghost]Urshifu-Rapid-Strike||ChoiceScarf|UnseenFist|SurgingStrikes,CloseCombat,Uturn,Coaching|||M|||50|,,,,,Ghost]Roaring Moon||BoosterEnergy|Protosynthesis|KnockOff,Acrobatics,Tailwind,Protect||||||50|,,,,,Flying\n|showteam|p2|Lunala||PowerHerb|ShadowShield|MeteorBeam,MoongeistBeam,WideGuard,TrickRoom||||||50|,,,,,Water]Koraidon||LifeOrb|OrichalcumPulse|CloseCombat,FlareBlitz,BreakingSwipe,Protect||||||50|,,,,,Fire]Jumpluff||CovertCloak|Chlorophyll|Tailwind,SleepPowder,RagePowder,Encore|||M|||50|,,,,,Dark]Incineroar||SafetyGoggles|Intimidate|KnockOff,PartingShot,FlareBlitz,FakeOut|||M|||50|,,,,,Water]Raging Bolt||AssaultVest|Protosynthesis|Thunderclap,Thunderbolt,Snarl,DracoMeteor||||||50|,,,,,Electric]Ursaluna||FlameOrb|Guts|HeadlongRush,Facade,Earthquake,Protect|||M|||50|,,,,,Ghost\n|inactive|Battle timer is ON: inactive players will automatically lose when time's up. (requested by Sawadaburner)\n|inactive|MangoFurret has 60 seconds left.\n|\n|t:|1746053877\n|start\n|switch|p1a: BigFish|Kyogre, L50|100/100\n|switch|p1b: Storm|Roaring Moon, L50|100/100\n|switch|p2a: Raging Bolt|Raging Bolt, L50|100/100\n|switch|p2b: Incineroar|Incineroar, L50, M|100/100\n|-weather|RainDance|[from] ability: Drizzle|[of] p1a: BigFish\n|-ability|p2b: Incineroar|Intimidate|boost\n|-unboost|p1a: BigFish|atk|1\n|-unboost|p1b: Storm|atk|1\n|-enditem|p1b: Storm|Booster Energy\n|-activate|p1b: Storm|ability: Protosynthesis|[fromitem]\n|-start|p1b: Storm|protosynthesisspe\n|turn|1\n|inactive|MangoFurret has 30 seconds left.\n|inactive|Sawadaburner has 30 seconds left.\n|inactive|MangoFurret has 20 seconds left.\n|inactive|MangoFurret has 15 seconds left.\n|inactive|MangoFurret has 10 seconds left.\n|\n|t:|1746053925\n|switch|p2b: Koraidon|Koraidon, L50|100/100\n|-weather|SunnyDay|[from] ability: Orichalcum Pulse|[of] p2b: Koraidon\n|-activate|p2a: Raging Bolt|ability: Protosynthesis\n|-start|p2a: Raging Bolt|protosynthesisspa\n|-activate|p2b: Koraidon|Orichalcum Pulse|[source]\n|-terastallize|p1a: BigFish|Grass\n|move|p1b: Storm|Knock Off|p2a: Raging Bolt\n|-damage|p2a: Raging Bolt|75/100\n|-enditem|p2a: Raging Bolt|Assault Vest|[from] move: Knock Off|[of] p1b: Storm\n|move|p1a: BigFish|Ice Beam|p2a: Raging Bolt\n|-supereffective|p2a: Raging Bolt\n|-damage|p2a: Raging Bolt|13/100\n|move|p2a: Raging Bolt|Thunderbolt|p1a: BigFish\n|-resisted|p1a: BigFish\n|-damage|p1a: BigFish|79/100\n|\n|-weather|SunnyDay|[upkeep]\n|upkeep\n|turn|2\n|inactive|MangoFurret has 30 seconds left.\n|inactive|Sawadaburner has 30 seconds left.\n|inactive|MangoFurret has 20 seconds left.\n|inactive|MangoFurret has 15 seconds left.\n|\n|t:|1746053965\n|-end|p2a: Raging Bolt|Protosynthesis|[silent]\n|switch|p2a: Incineroar|Incineroar, L50, M|100/100\n|-ability|p2a: Incineroar|Intimidate|boost\n|-unboost|p1a: BigFish|atk|1\n|-unboost|p1b: Storm|atk|1\n|-terastallize|p2b: Koraidon|Fire\n|move|p1a: BigFish|Protect|p1a: BigFish\n|-singleturn|p1a: BigFish|Protect\n|move|p1b: Storm|Tailwind|p1b: Storm\n|-sidestart|p1: MangoFurret|move: Tailwind\n|move|p2b: Koraidon|Breaking Swipe|p1b: Storm|[spread] p1b\n|-activate|p1a: BigFish|move: Protect\n|-supereffective|p1b: Storm\n|-damage|p1b: Storm|13/100\n|-unboost|p1b: Storm|atk|1\n|-damage|p2b: Koraidon|91/100|[from] item: Life Orb\n|\n|-weather|SunnyDay|[upkeep]\n|upkeep\n|turn|3\n|inactive|MangoFurret has 30 seconds left.\n|inactive|MangoFurret has 20 seconds left.\n|inactive|MangoFurret has 15 seconds left.\n|\n|t:|1746054010\n|switch|p1a: IlDoggo|Zamazenta-Crowned, L50|100/100\n|-ability|p1a: IlDoggo|Dauntless Shield|boost\n|-boost|p1a: IlDoggo|def|1\n|move|p1b: Storm|Acrobatics|p2a: Incineroar\n|-damage|p2a: Incineroar|89/100\n|move|p2b: Koraidon|Breaking Swipe|p1b: Storm|[spread] p1a,p1b\n|-resisted|p1a: IlDoggo\n|-supereffective|p1b: Storm\n|-damage|p1a: IlDoggo|93/100\n|-damage|p1b: Storm|0 fnt\n|-unboost|p1a: IlDoggo|atk|1\n|faint|p1b: Storm\n|-end|p1b: Storm|Protosynthesis|[silent]\n|-damage|p2b: Koraidon|81/100|[from] item: Life Orb\n|move|p2a: Incineroar|Flare Blitz|p1a: IlDoggo\n|-supereffective|p1a: IlDoggo\n|-damage|p1a: IlDoggo|38/100\n|-damage|p2a: Incineroar|73/100|[from] Recoil\n|\n|-weather|SunnyDay|[upkeep]\n|upkeep\n|\n|t:|1746054029\n|switch|p1b: BigFish|Kyogre, L50, tera:Grass|79/100\n|-weather|RainDance|[from] ability: Drizzle|[of] p1b: BigFish\n|turn|4\n|\n|t:|1746054035\n|move|p2b: Koraidon|Protect|p2b: Koraidon\n|-singleturn|p2b: Koraidon|Protect\n|move|p1a: IlDoggo|Body Press|p2a: Incineroar\n|-supereffective|p2a: Incineroar\n|-damage|p2a: Incineroar|0 fnt\n|faint|p2a: Incineroar\n|move|p1b: BigFish|Water Spout|p2b: Koraidon\n|-activate|p2b: Koraidon|move: Protect\n|\n|-weather|RainDance|[upkeep]\n|upkeep\n|\n|t:|1746054043\n|switch|p2a: Lunala|Lunala, L50|100/100\n|turn|5\n|\n|t:|1746054053\n|switch|p2b: Raging Bolt|Raging Bolt, L50|13/100\n|move|p1a: IlDoggo|Behemoth Bash|p2a: Lunala\n|-damage|p2a: Lunala|90/100\n|move|p1b: BigFish|Hydro Pump|p2b: Raging Bolt|[miss]\n|-miss|p1b: BigFish|p2b: Raging Bolt\n|move|p2a: Lunala|Moongeist Beam|p1a: IlDoggo\n|-damage|p1a: IlDoggo|0 fnt\n|faint|p1a: IlDoggo\n|\n|-weather|RainDance|[upkeep]\n|-sideend|p1: MangoFurret|move: Tailwind\n|upkeep\n|\n|t:|1746054066\n|switch|p1a: Waloatzu|Urshifu-Rapid-Strike, L50, M|100/100\n|turn|6\n|inactive|MangoFurret has 30 seconds left.\n|inactive|Sawadaburner has 30 seconds left.\n|inactive|MangoFurret has 20 seconds left.\n|inactive|MangoFurret has 15 seconds left.\n|inactive|Sawadaburner has 20 seconds left.\n|inactive|MangoFurret has 10 seconds left.\n|\n|t:|1746054113\n|switch|p2a: Koraidon|Koraidon, L50, tera:Fire|81/100\n|-weather|SunnyDay|[from] ability: Orichalcum Pulse|[of] p2a: Koraidon\n|-activate|p2b: Raging Bolt|ability: Protosynthesis\n|-start|p2b: Raging Bolt|protosynthesisspa\n|-activate|p2a: Koraidon|Orichalcum Pulse|[source]\n|move|p2b: Raging Bolt|Thunderclap||[still]\n|-fail|p2b: Raging Bolt\n|move|p1a: Waloatzu|Coaching|p1b: BigFish\n|-boost|p1b: BigFish|atk|1\n|-boost|p1b: BigFish|def|1\n|move|p1b: BigFish|Water Spout|p2b: Raging Bolt|[spread] p2a,p2b\n|-supereffective|p2a: Koraidon\n|-resisted|p2b: Raging Bolt\n|-damage|p2a: Koraidon|15/100\n|-damage|p2b: Raging Bolt|0 fnt\n|faint|p2b: Raging Bolt\n|-end|p2b: Raging Bolt|Protosynthesis|[silent]\n|\n|-weather|SunnyDay|[upkeep]\n|upkeep\n|\n|t:|1746054116\n|switch|p2b: Lunala|Lunala, L50|90/100\n|turn|7\n|inactive|MangoFurret has 30 seconds left.\n|inactive|MangoFurret has 20 seconds left.\n|inactive|MangoFurret has 15 seconds left.\n|inactive|MangoFurret has 10 seconds left.\n|\n|t:|1746054164\n|move|p1a: Waloatzu|Coaching|p1b: BigFish\n|-boost|p1b: BigFish|atk|1\n|-boost|p1b: BigFish|def|1\n|move|p2a: Koraidon|Flare Blitz|p1b: BigFish\n|-supereffective|p1b: BigFish\n|-damage|p1b: BigFish|0 fnt\n|faint|p1b: BigFish\n|-damage|p2a: Koraidon|0 fnt|[from] Recoil\n|faint|p2a: Koraidon\n|move|p2b: Lunala|Moongeist Beam|p1a: Waloatzu\n|-damage|p1a: Waloatzu|16/100\n|\n|-weather|SunnyDay|[upkeep]\n|upkeep\n|turn|8\n|-message|MangoFurret forfeited.\n|\n|win|Sawadaburner\n|raw|MangoFurret's rating: 1298 &rarr; <strong>1274</strong><br />(-24 for losing)\n|raw|Sawadaburner's rating: 1307 &rarr; <strong>1326</strong><br />(+19 for winning)\n|l|\u2606MangoFurret\n|player|p1|\n", "uploadtime": 1746054204, "views": 21, "formatid": "gen9vgc2025regibo3", "rating": 1274, "private": 0, "password": null}