{"id": "gen9vgc2025regibo3-2354742637", "format": "[Gen 9] VGC 2025 Reg I (Bo3)", "players": ["mavvyvgc", "Vitriso"], "log": "|j|\u2606mavvyvgc\n|j|\u2606Vitriso\n|html|<table width=\"100%\"><tr><td align=\"left\">mavvyvgc</td><td align=\"right\">Vitriso</tr><tr><td align=\"left\"><i class=\"fa fa-circle-o\"></i> <i class=\"fa fa-circle-o\"></i> </td><td align=\"right\"><i class=\"fa fa-circle-o\"></i> <i class=\"fa fa-circle-o\"></i> </tr></table>\n|uhtml|bestof|<h2><strong>Game 1</strong> of <a href=\"/game-bestof3-gen9vgc2025regibo3-2354742636\">a best-of-3</a></h2>\n|t:|1746115798\n|gametype|doubles\n|player|p1|mavvyvgc|riley|1050\n|player|p2|Vitriso|170|1147\n|teamsize|p1|6\n|teamsize|p2|6\n|gen|9\n|tier|[Gen 9] VGC 2025 Reg I (Bo3)\n|rated|\n|rule|Species Clause: Limit one of each Pok\u00e9mon\n|rule|Item Clause: Limit 1 of each item\n|clearpoke\n|poke|p1|Calyrex-Shadow, L50|\n|poke|p1|Kyurem-White, L50|\n|poke|p1|Slowking, L50, M|\n|poke|p1|Tornadus, L50, M|\n|poke|p1|Rillaboom, L50, F|\n|poke|p1|Incineroar, L50, M|\n|poke|p2|Calyrex-Ice, L50|\n|poke|p2|Miraidon, L50|\n|poke|p2|Farigiraf, L50, M|\n|poke|p2|Whimsicott, L50, M|\n|poke|p2|Urshifu-*, L50, M|\n|poke|p2|Volcarona, L50, F|\n|teampreview|4\n|showteam|p1|Calyrex-Shadow||FocusSash|AsOneSpectrier|DarkPulse,AstralBarrage,NastyPlot,Protect||||||50|,,,,,Dark]Kyurem-White||NeverMeltIce|Turboblaze|Protect,Blizzard,DragonPulse,FusionFlare||||||50|,,,,,Ground]Slowking||RockyHelmet|Oblivious|Psychic,TrickRoom,ChillyReception,HelpingHand|||M|||50|,,,,,Ground]Tornadus||CovertCloak|Prankster|Tailwind,BleakwindStorm,Protect,Snowscape|||M|||50|,,,,,Dark]Rillaboom||GrassySeed|GrassySurge|DrumBeating,Uturn,GrassyGlide,FakeOut|||F|||50|,,,,,Grass]Incineroar||AssaultVest|Intimidate|FakeOut,KnockOff,FlareBlitz,Uturn|||M|||50|,,,,,Fire\n|showteam|p2|Calyrex-Ice||ClearAmulet|AsOneGlastrier|TrickRoom,Protect,GlacialLance,HighHorsepower||||||50|,,,,,Fire]Miraidon||ChoiceSpecs|HadronEngine|VoltSwitch,ElectroDrift,DracoMeteor,DazzlingGleam||||||50|,,,,,Fairy]Farigiraf||ElectricSeed|ArmorTail|PsychicNoise,FoulPlay,TrickRoom,HelpingHand|||M|||50|,,,,,Water]Whimsicott||CovertCloak|Prankster|LightScreen,Tailwind,Encore,Moonblast|||M|||50|,,,,,Dark]Urshifu-Rapid-Strike||FocusSash|UnseenFist|CloseCombat,SurgingStrikes,Protect,AquaJet|||M|||50|,,,,,Stellar]Volcarona||RockyHelmet|FlameBody|WillOWisp,Overheat,RagePowder,Protect|||F|||50|,,,,,Grass\n|inactive|Battle timer is ON: inactive players will automatically lose when time's up. (requested by Vitriso)\n|\n|t:|1746115833\n|start\n|switch|p1a: Rillaboom|Rillaboom, L50, F|100/100\n|switch|p1b: Slowking|Slowking, L50, M|100/100\n|switch|p2a: Whimsicott|Whimsicott, L50, M|100/100\n|switch|p2b: Miraidon|Miraidon, L50|100/100\n|-fieldstart|move: Electric Terrain|[from] ability: Hadron Engine|[of] p2b: Miraidon\n|-fieldstart|move: Grassy Terrain|[from] ability: Grassy Surge|[of] p1a: Rillaboom\n|-enditem|p1a: Rillaboom|Grassy Seed\n|-boost|p1a: Rillaboom|def|1|[from] item: Grassy Seed\n|turn|1\n|\n|t:|1746115854\n|switch|p2a: Farigiraf|Farigiraf, L50, M|100/100\n|move|p1a: Rillaboom|Fake Out||[still]\n|cant|p2a: Farigiraf|ability: Armor Tail|Fake Out|[of] p1a: Rillaboom\n|move|p2b: Miraidon|Volt Switch|p1b: Slowking\n|-supereffective|p1b: Slowking\n|-damage|p1b: Slowking|16/100\n|\n|t:|1746115863\n|switch|p2b: Calyrex|Calyrex-Ice, L50|100/100|[from] Volt Switch\n|-ability|p2b: Calyrex|As One\n|-ability|p2b: Calyrex|Unnerve\n|move|p1b: Slowking|Trick Room|p1b: Slowking\n|-fieldstart|move: Trick Room|[of] p1b: Slowking\n|\n|-heal|p1b: Slowking|22/100|[from] Grassy Terrain\n|upkeep\n|turn|2\n|inactive|mavvyvgc has 30 seconds left.\n|\n|t:|1746115892\n|-prepare|p1b: Slowking|Chilly Reception|[premajor]\n|move|p1b: Slowking|Chilly Reception|p1b: Slowking\n|-weather|Snowscape\n|\n|t:|1746115897\n|switch|p1b: Kyurem|Kyurem-White, L50|100/100|[from] Chilly Reception\n|-ability|p1b: Kyurem|Turboblaze\n|move|p2b: Calyrex|Glacial Lance|p1a: Rillaboom|[spread] p1a,p1b\n|-supereffective|p1a: Rillaboom\n|-damage|p1a: Rillaboom|28/100\n|-damage|p1b: Kyurem|64/100\n|move|p2a: Farigiraf|Foul Play|p1b: Kyurem\n|-damage|p1b: Kyurem|51/100\n|move|p1a: Rillaboom|Drum Beating|p2a: Farigiraf\n|-damage|p2a: Farigiraf|57/100\n|-unboost|p2a: Farigiraf|spe|1\n|\n|-weather|Snowscape|[upkeep]\n|-heal|p2a: Farigiraf|62/100|[from] Grassy Terrain\n|-heal|p1a: Rillaboom|34/100|[from] Grassy Terrain\n|-heal|p1b: Kyurem|57/100|[from] Grassy Terrain\n|upkeep\n|turn|3\n|inactive|mavvyvgc has 30 seconds left.\n|inactive|mavvyvgc has 20 seconds left.\n|\n|t:|1746115933\n|move|p2a: Farigiraf|Helping Hand|p2b: Calyrex\n|-singleturn|p2b: Calyrex|Helping Hand|[of] p2a: Farigiraf\n|move|p2b: Calyrex|Glacial Lance|p1b: Kyurem|[spread] p1a,p1b\n|-supereffective|p1a: Rillaboom\n|-damage|p1a: Rillaboom|0 fnt\n|-damage|p1b: Kyurem|8/100\n|faint|p1a: Rillaboom\n|-ability|p2b: Calyrex|Chilling Neigh|boost\n|-boost|p2b: Calyrex|atk|1\n|move|p1b: Kyurem|Fusion Flare|p2b: Calyrex\n|-supereffective|p2b: Calyrex\n|-damage|p2b: Calyrex|41/100\n|\n|-weather|Snowscape|[upkeep]\n|-heal|p2a: Farigiraf|68/100|[from] Grassy Terrain\n|-heal|p2b: Calyrex|47/100|[from] Grassy Terrain\n|-heal|p1b: Kyurem|14/100|[from] Grassy Terrain\n|upkeep\n|\n|t:|1746115946\n|switch|p1a: Slowking|Slowking, L50, M|22/100\n|turn|4\n|\n|t:|1746115956\n|-terastallize|p2b: Calyrex|Fire\n|move|p2a: Farigiraf|Helping Hand|p2b: Calyrex\n|-singleturn|p2b: Calyrex|Helping Hand|[of] p2a: Farigiraf\n|move|p1b: Kyurem|Protect|p1b: Kyurem\n|-singleturn|p1b: Kyurem|Protect\n|move|p1a: Slowking|Psychic|p2b: Calyrex\n|-damage|p2b: Calyrex|25/100\n|move|p2b: Calyrex|Glacial Lance|p1a: Slowking|[spread] p1a\n|-activate|p1b: Kyurem|move: Protect\n|-resisted|p1a: Slowking\n|-damage|p1a: Slowking|0 fnt\n|faint|p1a: Slowking\n|-ability|p2b: Calyrex|Chilling Neigh|boost\n|-boost|p2b: Calyrex|atk|1\n|\n|-weather|Snowscape|[upkeep]\n|-heal|p2a: Farigiraf|74/100|[from] Grassy Terrain\n|-heal|p2b: Calyrex|31/100|[from] Grassy Terrain\n|-heal|p1b: Kyurem|20/100|[from] Grassy Terrain\n|upkeep\n|\n|t:|1746115975\n|switch|p1a: Calyrex|Calyrex-Shadow, L50|100/100\n|-ability|p1a: Calyrex|As One\n|-ability|p1a: Calyrex|Unnerve\n|turn|5\n|\n|t:|1746115991\n|move|p1a: Calyrex|Protect|p1a: Calyrex\n|-singleturn|p1a: Calyrex|Protect\n|move|p1b: Kyurem|Blizzard|p2a: Farigiraf|[spread] p2a,p2b\n|-resisted|p2b: Calyrex\n|-damage|p2a: Farigiraf|13/100\n|-damage|p2b: Calyrex|9/100\n|move|p2a: Farigiraf|Trick Room|p2a: Farigiraf\n|-fieldend|move: Trick Room\n|move|p2b: Calyrex|Trick Room|p2b: Calyrex\n|-fieldstart|move: Trick Room|[of] p2b: Calyrex\n|\n|-weather|Snowscape|[upkeep]\n|-heal|p2a: Farigiraf|19/100|[from] Grassy Terrain\n|-heal|p2b: Calyrex|15/100|[from] Grassy Terrain\n|-heal|p1b: Kyurem|26/100|[from] Grassy Terrain\n|-fieldend|move: Grassy Terrain\n|upkeep\n|turn|6\n|-message|mavvyvgc forfeited.\n|\n|win|Vitriso\n|l|\u2606mavvyvgc\n|player|p1|\n||Vitriso is ready for game 2.\n||mavvyvgc is ready for game 2.\n|uhtml|next|Next: <a href=\"/battle-gen9vgc2025regibo3-2354745046\"><strong>Game 2 of 3</strong></a>\n|l|\u2606Vitriso\n|player|p2|\n", "uploadtime": 1746116327, "views": 21, "formatid": "gen9vgc2025regibo3", "rating": null, "private": 0, "password": null}