{"id": "gen9vgc2025regibo3-2354154675", "format": "[Gen 9] VGC 2025 Reg I (Bo3)", "players": ["OreburghRanger", "idkloldude"], "log": "|j|\u2606OreburghRanger\n|j|\u2606idkloldude\n|html|<table width=\"100%\"><tr><td align=\"left\">OreburghRanger</td><td align=\"right\">idkloldude</tr><tr><td align=\"left\"><i class=\"fa fa-circle-o\"></i> <i class=\"fa fa-circle-o\"></i> </td><td align=\"right\"><i class=\"fa fa-circle-o\"></i> <i class=\"fa fa-circle-o\"></i> </tr></table>\n|uhtml|bestof|<h2><strong>Game 1</strong> of <a href=\"/game-bestof3-gen9vgc2025regibo3-2354154674\">a best-of-3</a></h2>\n|t:|1746039592\n|gametype|doubles\n|player|p1|OreburghRanger|pokemonranger-gen4|\n|player|p2|idkloldude|elesa|\n|teamsize|p1|6\n|teamsize|p2|6\n|gen|9\n|tier|[Gen 9] VGC 2025 Reg I (Bo3)\n|rule|Species Clause: Limit one of each Pok\u00e9mon\n|rule|Item Clause: Limit 1 of each item\n|clearpoke\n|poke|p1|Calyrex-Shadow, L50|\n|poke|p1|Zamazenta-*, L50|\n|poke|p1|Thundurus, L50, M|\n|poke|p1|Clefairy, L50, F|\n|poke|p1|Urshifu-*, L50, M|\n|poke|p1|Rillaboom, L50, F|\n|poke|p2|Calyrex-Shadow, L50|\n|poke|p2|Terapagos, L50, M|\n|poke|p2|Rillaboom, L50, F|\n|poke|p2|Incineroar, L50, F|\n|poke|p2|Urshifu-*, L50, F|\n|poke|p2|Ogerpon-Cornerstone, L50, F|\n|teampreview|4\n|showteam|p1|Calyrex-Shadow||LifeOrb|AsOneSpectrier|AstralBarrage,Psychic,NastyPlot,Protect||||||50|,,,,,Dark]Zamazenta-Crowned||RustedShield|DauntlessShield|BodyPress,HeavySlam,WideGuard,Protect||||||50|,,,,,Water]Thundurus||CovertCloak|Prankster|WildboltStorm,EerieImpulse,ThunderWave,RainDance|||M|||50|,,,,,Dark]Clefairy||Eviolite|FriendGuard|Protect,FollowMe,AfterYou,HelpingHand|||F|||50|,,,,,Grass]Urshifu-Rapid-Strike||ChoiceScarf|UnseenFist|SurgingStrikes,CloseCombat,Uturn,AquaJet|||M|||50|,,,,,Water]Rillaboom||AssaultVest|GrassySurge|WoodHammer,GrassyGlide,Uturn,FakeOut|||F|||50|,,,,,Fire\n|showteam|p2|Calyrex-Shadow||FocusSash|AsOneSpectrier|AstralBarrage,WillOWisp,Disable,Protect||||||50|,,,,,Ghost]Terapagos||Leftovers|TeraShift|TeraStarstorm,CalmMind,EarthPower,Protect|||M|||50|,,,,,Stellar]Rillaboom||AssaultVest|GrassySurge|WoodHammer,GrassyGlide,Uturn,FakeOut|||F|||50|,,,,,Grass]Incineroar||SafetyGoggles|Intimidate|KnockOff,FakeOut,PartingShot,WillOWisp|||F|||50|,,,,,Ghost]Urshifu-Rapid-Strike||ChoiceScarf|UnseenFist|SurgingStrikes,CloseCombat,AquaJet,Uturn|||F|||50|,,,,,Water]Ogerpon-Cornerstone||CornerstoneMask|Sturdy|IvyCudgel,PowerWhip,FollowMe,SpikyShield|||F|||50|,,,,,Rock\n|inactive|Battle timer is ON: inactive players will automatically lose when time's up. (requested by idkloldude)\n|c|\u2606idkloldude|glhf!\n|c|\u2606OreburghRanger|glhf!\n|inactive|OreburghRanger has 60 seconds left.\n|inactive|idkloldude has 60 seconds left.\n|inactive|idkloldude has 30 seconds left.\n|inactive|idkloldude has 20 seconds left.\n|inactive|idkloldude has 15 seconds left.\n|\n|t:|1746039671\n|start\n|switch|p1a: Thundurus|Thundurus, L50, M, shiny|100/100\n|switch|p1b: Urshifu|Urshifu-Rapid-Strike, L50, M|100/100\n|switch|p2a: Urshifu|Urshifu-Rapid-Strike, L50, F|100/100\n|switch|p2b: Incineroar|Incineroar, L50, F|100/100\n|-ability|p2b: Incineroar|Intimidate|boost\n|-unboost|p1a: Thundurus|atk|1\n|-unboost|p1b: Urshifu|atk|1\n|turn|1\n|inactive|idkloldude has 30 seconds left.\n|\n|t:|1746039699\n|move|p2b: Incineroar|Fake Out|p1b: Urshifu\n|-damage|p1b: Urshifu|90/100\n|move|p1a: Thundurus|Thunder Wave|p2a: Urshifu\n|-status|p2a: Urshifu|par\n|cant|p1b: Urshifu|flinch\n|move|p2a: Urshifu|U-turn|p1a: Thundurus\n|-resisted|p1a: Thundurus\n|-damage|p1a: Thundurus|85/100\n|\n|t:|1746039717\n|switch|p2a: Terapagos|Terapagos, L50, M|100/100|[from] U-turn\n|-activate|p2a: Terapagos|ability: Tera Shift\n|detailschange|p2a: Terapagos|Terapagos-Terastal, L50, M\n|-heal|p2a: Terapagos|100/100|[silent]\n|\n|upkeep\n|turn|2\n|\n|t:|1746039732\n|switch|p2a: Calyrex|Calyrex-Shadow, L50|100/100\n|-ability|p2a: Calyrex|As One\n|-ability|p2a: Calyrex|Unnerve\n|move|p1a: Thundurus|Thunder Wave|p2a: Calyrex\n|-status|p2a: Calyrex|par\n|move|p1b: Urshifu|Surging Strikes|p2a: Calyrex\n|-crit|p2a: Calyrex\n|-damage|p2a: Calyrex|73/100 par\n|-crit|p2a: Calyrex\n|-damage|p2a: Calyrex|48/100 par\n|-crit|p2a: Calyrex\n|-damage|p2a: Calyrex|17/100 par\n|-hitcount|p2a: Calyrex|3\n|move|p2b: Incineroar|Will-O-Wisp|p1b: Urshifu\n|-status|p1b: Urshifu|brn\n|\n|-damage|p1b: Urshifu|83/100 brn|[from] brn\n|upkeep\n|turn|3\n|inactive|OreburghRanger has 30 seconds left.\n|inactive|idkloldude has 30 seconds left.\n|\n|t:|1746039763\n|move|p1a: Thundurus|Rain Dance|p1a: Thundurus\n|-weather|RainDance\n|move|p1b: Urshifu|Surging Strikes|p2a: Calyrex\n|-crit|p2a: Calyrex\n|-damage|p2a: Calyrex|0 fnt\n|faint|p2a: Calyrex\n|-hitcount|p2: Calyrex|1\n|move|p2b: Incineroar|Knock Off|p1a: Thundurus\n|-damage|p1a: Thundurus|40/100\n|-enditem|p1a: Thundurus|Covert Cloak|[from] move: Knock Off|[of] p2b: Incineroar\n|\n|-weather|RainDance|[upkeep]\n|-damage|p1b: Urshifu|77/100 brn|[from] brn\n|upkeep\n|\n|t:|1746039772\n|switch|p2a: Terapagos|Terapagos-Terastal, L50, M|100/100\n|turn|4\n|inactive|OreburghRanger has 30 seconds left.\n|inactive|idkloldude has 30 seconds left.\n|inactive|idkloldude has 20 seconds left.\n|\n|t:|1746039819\n|move|p1a: Thundurus|Eerie Impulse|p2a: Terapagos\n|-unboost|p2a: Terapagos|spa|2\n|move|p1b: Urshifu|Surging Strikes|p2a: Terapagos\n|-activate|p2a: Terapagos|ability: Tera Shell\n|-resisted|p2a: Terapagos\n|-crit|p2a: Terapagos\n|-damage|p2a: Terapagos|94/100\n|-resisted|p2a: Terapagos\n|-crit|p2a: Terapagos\n|-damage|p2a: Terapagos|87/100\n|-resisted|p2a: Terapagos\n|-crit|p2a: Terapagos\n|-damage|p2a: Terapagos|81/100\n|-hitcount|p2a: Terapagos|3\n|move|p2a: Terapagos|Tera Starstorm|p1a: Thundurus\n|-damage|p1a: Thundurus|13/100\n|move|p2b: Incineroar|Parting Shot|p1b: Urshifu\n|-unboost|p1b: Urshifu|atk|1\n|-unboost|p1b: Urshifu|spa|1\n|\n|t:|1746039833\n|switch|p2b: Urshifu|Urshifu-Rapid-Strike, L50, F|100/100 par|[from] Parting Shot\n|\n|-weather|RainDance|[upkeep]\n|-heal|p2a: Terapagos|87/100|[from] item: Leftovers\n|-damage|p1b: Urshifu|71/100 brn|[from] brn\n|upkeep\n|turn|5\n|\n|t:|1746039845\n|move|p2b: Urshifu|Aqua Jet|p1a: Thundurus\n|-damage|p1a: Thundurus|0 fnt\n|faint|p1a: Thundurus\n|move|p1b: Urshifu|Surging Strikes|p2a: Terapagos\n|-crit|p2a: Terapagos\n|-damage|p2a: Terapagos|76/100\n|-crit|p2a: Terapagos\n|-damage|p2a: Terapagos|64/100\n|-crit|p2a: Terapagos\n|-damage|p2a: Terapagos|52/100\n|-hitcount|p2a: Terapagos|3\n|move|p2a: Terapagos|Calm Mind|p2a: Terapagos\n|-boost|p2a: Terapagos|spa|1\n|-boost|p2a: Terapagos|spd|1\n|\n|-weather|RainDance|[upkeep]\n|-heal|p2a: Terapagos|58/100|[from] item: Leftovers\n|-damage|p1b: Urshifu|65/100 brn|[from] brn\n|upkeep\n|\n|t:|1746039858\n|switch|p1a: Zamazenta|Zamazenta-Crowned, L50, shiny|100/100\n|-ability|p1a: Zamazenta|Dauntless Shield|boost\n|-boost|p1a: Zamazenta|def|1\n|turn|6\n|\n|t:|1746039870\n|move|p2a: Terapagos|Protect|p2a: Terapagos\n|-singleturn|p2a: Terapagos|Protect\n|move|p2b: Urshifu|Aqua Jet|p1a: Zamazenta\n|-damage|p1a: Zamazenta|86/100\n|move|p1b: Urshifu|Surging Strikes|p2b: Urshifu\n|-resisted|p2b: Urshifu\n|-crit|p2b: Urshifu\n|-damage|p2b: Urshifu|92/100 par\n|-resisted|p2b: Urshifu\n|-crit|p2b: Urshifu\n|-damage|p2b: Urshifu|84/100 par\n|-resisted|p2b: Urshifu\n|-crit|p2b: Urshifu\n|-damage|p2b: Urshifu|75/100 par\n|-hitcount|p2b: Urshifu|3\n|move|p1a: Zamazenta|Body Press|p2b: Urshifu\n|-damage|p2b: Urshifu|0 fnt\n|faint|p2b: Urshifu\n|\n|-weather|RainDance|[upkeep]\n|-heal|p2a: Terapagos|65/100|[from] item: Leftovers\n|-damage|p1b: Urshifu|58/100 brn|[from] brn\n|upkeep\n|\n|t:|1746039882\n|switch|p2b: Incineroar|Incineroar, L50, F|100/100\n|-ability|p2b: Incineroar|Intimidate|boost\n|-unboost|p1a: Zamazenta|atk|1\n|-unboost|p1b: Urshifu|atk|1\n|turn|7\n|\n|t:|1746039906\n|move|p2b: Incineroar|Fake Out|p1a: Zamazenta\n|-resisted|p1a: Zamazenta\n|-damage|p1a: Zamazenta|84/100\n|move|p1b: Urshifu|Surging Strikes|p2a: Terapagos\n|-crit|p2a: Terapagos\n|-damage|p2a: Terapagos|52/100\n|-crit|p2a: Terapagos\n|-damage|p2a: Terapagos|40/100\n|-crit|p2a: Terapagos\n|-damage|p2a: Terapagos|27/100\n|-hitcount|p2a: Terapagos|3\n|cant|p1a: Zamazenta|flinch\n|move|p2a: Terapagos|Calm Mind|p2a: Terapagos\n|-boost|p2a: Terapagos|spa|1\n|-boost|p2a: Terapagos|spd|1\n|\n|-weather|none\n|-heal|p2a: Terapagos|33/100|[from] item: Leftovers\n|-damage|p1b: Urshifu|52/100 brn|[from] brn\n|upkeep\n|turn|8\n|\n|t:|1746039920\n|move|p2a: Terapagos|Protect|p2a: Terapagos\n|-singleturn|p2a: Terapagos|Protect\n|move|p1b: Urshifu|Surging Strikes|p2a: Terapagos\n|-crit|p2a: Terapagos\n|-damage|p2a: Terapagos|25/100\n|-crit|p2a: Terapagos\n|-damage|p2a: Terapagos|17/100\n|-crit|p2a: Terapagos\n|-damage|p2a: Terapagos|9/100\n|-hitcount|p2a: Terapagos|3\n|move|p1a: Zamazenta|Body Press|p2b: Incineroar\n|-supereffective|p2b: Incineroar\n|-damage|p2b: Incineroar|0 fnt\n|faint|p2b: Incineroar\n|\n|-heal|p2a: Terapagos|15/100|[from] item: Leftovers\n|-damage|p1b: Urshifu|46/100 brn|[from] brn\n|upkeep\n|turn|9\n|\n|t:|1746039930\n|-terastallize|p1b: Urshifu|Water\n|-terastallize|p2a: Terapagos|Stellar\n|detailschange|p2a: Terapagos|Terapagos-Stellar, L50, M, tera:Stellar\n|-heal|p2a: Terapagos|37/100|[silent]\n|move|p1b: Urshifu|Surging Strikes|p2a: Terapagos\n|-crit|p2a: Terapagos\n|-damage|p2a: Terapagos|28/100\n|-crit|p2a: Terapagos\n|-damage|p2a: Terapagos|20/100\n|-crit|p2a: Terapagos\n|-damage|p2a: Terapagos|11/100\n|-hitcount|p2a: Terapagos|3\n|move|p1a: Zamazenta|Body Press|p2a: Terapagos\n|-supereffective|p2a: Terapagos\n|-damage|p2a: Terapagos|0 fnt\n|faint|p2a: Terapagos\n|\n|win|OreburghRanger\n||idkloldude is ready for game 2.\n||OreburghRanger is ready for game 2.\n|uhtml|next|Next: <a href=\"/battle-gen9vgc2025regibo3-2354158318\"><strong>Game 2 of 3</strong></a>\n|l|\u2606OreburghRanger\n|player|p1|\n", "uploadtime": 1746039931, "views": 22, "formatid": "gen9vgc2025regibo3", "rating": null, "private": 0, "password": null}