{"id": "gen9vgc2025regibo3-2354414052", "format": "[Gen 9] VGC 2025 Reg I (Bo3)", "players": ["speedyturtle87", "Puffy_Princess"], "log": "|j|\u2606speedyturtle87\n|j|\u2606Puffy_Princess\n|html|<table width=\"100%\"><tr><td align=\"left\">speedyturtle87</td><td align=\"right\">Puffy_Princess</tr><tr><td align=\"left\"><i class=\"fa fa-circle\"></i> <i class=\"fa fa-circle-o\"></i> </td><td align=\"right\"><i class=\"fa fa-circle-o\"></i> <i class=\"fa fa-circle-o\"></i> </tr></table>\n|uhtml|bestof|<h2><strong>Game 2</strong> of <a href=\"/game-bestof3-gen9vgc2025regibo3-2354412863\">a best-of-3</a></h2>\n|t:|1746068432\n|gametype|doubles\n|player|p1|speedyturtle87|carmine|1238\n|player|p2|Puffy_Princess|lady|1327\n|teamsize|p1|6\n|teamsize|p2|6\n|gen|9\n|tier|[Gen 9] VGC 2025 Reg I (Bo3)\n|rated|\n|rule|Species Clause: Limit one of each Pok\u00e9mon\n|rule|Item Clause: Limit 1 of each item\n|clearpoke\n|poke|p1|Miraidon, L50|\n|poke|p1|Chien-Pao, L50|\n|poke|p1|Iron Hands, L50|\n|poke|p1|Farigiraf, L50, F|\n|poke|p1|Kyogre, L50|\n|poke|p1|Landorus, L50, M|\n|poke|p2|Koraidon, L50|\n|poke|p2|Lunala, L50|\n|poke|p2|Scream Tail, L50|\n|poke|p2|Gothitelle, L50, F|\n|poke|p2|Incineroar, L50, F|\n|poke|p2|Brute Bonnet, L50|\n|teampreview|4\n|showteam|p1|Miraidon||ChoiceSpecs|HadronEngine|ElectroDrift,VoltSwitch,DracoMeteor,DazzlingGleam||||||50|,,,,,Fairy]Chien-Pao||FocusSash|SwordofRuin|SuckerPunch,ThroatChop,IcicleCrash,Protect||||||50|,,,,,Ghost]Iron Hands||AssaultVest|QuarkDrive|FakeOut,LowKick,WildCharge,HeavySlam||||||50|,,,,,Bug]Farigiraf||ThroatSpray|ArmorTail|HyperVoice,PsychicNoise,TrickRoom,Protect|||F|||50|,,,,,Fairy]Kyogre||ChoiceScarf|Drizzle|HydroPump,WaterSpout,IceBeam,Thunder||||||50|,,,,,Water]Landorus||LifeOrb|SheerForce|EarthPower,SandsearStorm,SludgeBomb,Protect|||M|||50|,,,,,Water\n|showteam|p2|Koraidon||LifeOrb|OrichalcumPulse|FlareBlitz,CloseCombat,BreakingSwipe,Protect||||||50|,,,,,Fire]Lunala||SitrusBerry|ShadowShield|MoongeistBeam,Moonblast,WideGuard,Moonlight||||||50|,,,,,Fairy]Scream Tail||BoosterEnergy|Protosynthesis|PerishSong,Encore,Disable,Protect||||||50|,,,,,Dark]Gothitelle||Leftovers|ShadowTag|Psychic,FakeOut,Taunt,Protect|||F|||50|,,,,,Water]Incineroar||SafetyGoggles|Intimidate|FlareBlitz,PartingShot,FakeOut,Protect|||F|||50|,,,,,Bug]Brute Bonnet||CovertCloak|Protosynthesis|PollenPuff,SuckerPunch,Spore,RagePowder||||||50|,,,,,Water\n|inactive|Battle timer is ON: inactive players will automatically lose when time's up. (requested by speedyturtle87)\n|\n|t:|1746068456\n|start\n|switch|p1a: Farigiraf|Farigiraf, L50, F|100/100\n|switch|p1b: Miraidon|Miraidon, L50|100/100\n|switch|p2a: Koraidon|Koraidon, L50|100/100\n|switch|p2b: Gothitelle|Gothitelle, L50, F|100/100\n|-fieldstart|move: Electric Terrain|[from] ability: Hadron Engine|[of] p1b: Miraidon\n|-weather|SunnyDay|[from] ability: Orichalcum Pulse|[of] p2a: Koraidon\n|-activate|p2a: Koraidon|Orichalcum Pulse|[source]\n|turn|1\n|\n|t:|1746068466\n|move|p1b: Miraidon|Draco Meteor|p2a: Koraidon\n|-supereffective|p2a: Koraidon\n|-damage|p2a: Koraidon|0 fnt\n|-unboost|p1b: Miraidon|spa|2\n|faint|p2a: Koraidon\n|move|p1a: Farigiraf|Hyper Voice|p2b: Gothitelle\n|-damage|p2b: Gothitelle|59/100\n|-enditem|p1a: Farigiraf|Throat Spray\n|-boost|p1a: Farigiraf|spa|1|[from] item: Throat Spray\n|move|p2b: Gothitelle|Taunt|p1a: Farigiraf\n|-start|p1a: Farigiraf|move: Taunt\n|\n|-weather|SunnyDay|[upkeep]\n|-heal|p2b: Gothitelle|65/100|[from] item: Leftovers\n|upkeep\n|\n|t:|1746068474\n|switch|p2a: Scream Tail|Scream Tail, L50|100/100\n|-activate|p2a: Scream Tail|ability: Protosynthesis\n|-start|p2a: Scream Tail|protosynthesisspe\n|turn|2\n|\n|t:|1746068483\n|move|p2b: Gothitelle|Protect|p2b: Gothitelle\n|-singleturn|p2b: Gothitelle|Protect\n|move|p2a: Scream Tail|Perish Song|p2a: Scream Tail\n|-start|p1a: Farigiraf|perish3|[silent]\n|-start|p1b: Miraidon|perish3|[silent]\n|-start|p2a: Scream Tail|perish3|[silent]\n|-start|p2b: Gothitelle|perish3|[silent]\n|-fieldactivate|move: Perish Song\n|move|p1b: Miraidon|Draco Meteor|p2b: Gothitelle\n|-activate|p2b: Gothitelle|move: Protect\n|move|p1a: Farigiraf|Hyper Voice|p2b: Gothitelle|[spread] p2a\n|-activate|p2b: Gothitelle|move: Protect\n|-damage|p2a: Scream Tail|66/100\n|\n|-weather|SunnyDay|[upkeep]\n|-heal|p2b: Gothitelle|72/100|[from] item: Leftovers\n|-start|p2a: Scream Tail|perish3\n|-start|p1b: Miraidon|perish3\n|-start|p1a: Farigiraf|perish3\n|-start|p2b: Gothitelle|perish3\n|upkeep\n|turn|3\n|inactive|Puffy_Princess has 30 seconds left.\n|\n|t:|1746068511\n|move|p2a: Scream Tail|Disable|p1b: Miraidon\n|-start|p1b: Miraidon|Disable|Draco Meteor\n|cant|p1b: Miraidon|Disable|Draco Meteor\n|move|p1a: Farigiraf|Hyper Voice|p2b: Gothitelle|[spread] p2a,p2b\n|-damage|p2a: Scream Tail|29/100\n|-damage|p2b: Gothitelle|27/100\n|move|p2b: Gothitelle|Psychic|p1a: Farigiraf\n|-resisted|p1a: Farigiraf\n|-damage|p1a: Farigiraf|87/100\n|\n|-weather|SunnyDay|[upkeep]\n|-heal|p2b: Gothitelle|33/100|[from] item: Leftovers\n|-start|p2a: Scream Tail|perish2\n|-start|p1b: Miraidon|perish2\n|-start|p1a: Farigiraf|perish2\n|-start|p2b: Gothitelle|perish2\n|upkeep\n|turn|4\n|\n|t:|1746068528\n|move|p2a: Scream Tail|Disable|p1a: Farigiraf\n|-start|p1a: Farigiraf|Disable|Hyper Voice\n|-activate|p1b: Miraidon|move: Struggle\n|move|p1b: Miraidon|Struggle|p2a: Scream Tail\n|-damage|p2a: Scream Tail|22/100\n|-damage|p1b: Miraidon|75/100|[from] recoil\n|move|p1a: Farigiraf|Psychic Noise|p2b: Gothitelle\n|-resisted|p2b: Gothitelle\n|-damage|p2b: Gothitelle|10/100\n|-start|p2b: Gothitelle|move: Heal Block\n|move|p2b: Gothitelle|Psychic|p1b: Miraidon\n|-damage|p1b: Miraidon|46/100\n|\n|-weather|SunnyDay|[upkeep]\n|-end|p1a: Farigiraf|move: Taunt\n|-start|p2a: Scream Tail|perish1\n|-start|p1b: Miraidon|perish1\n|-start|p1a: Farigiraf|perish1\n|-start|p2b: Gothitelle|perish1\n|upkeep\n|turn|5\n|\n|t:|1746068546\n|-end|p2a: Scream Tail|Protosynthesis|[silent]\n|switch|p2a: Lunala|Lunala, L50|100/100\n|move|p2b: Gothitelle|Protect|p2b: Gothitelle\n|-singleturn|p2b: Gothitelle|Protect\n|-activate|p1b: Miraidon|move: Struggle\n|move|p1b: Miraidon|Struggle|p2a: Lunala\n|-damage|p2a: Lunala|98/100\n|-damage|p1b: Miraidon|21/100|[from] recoil\n|move|p1a: Farigiraf|Psychic Noise|p2b: Gothitelle\n|-activate|p2b: Gothitelle|move: Protect\n|\n|-weather|none\n|-end|p2b: Gothitelle|move: Heal Block\n|-start|p1b: Miraidon|perish0\n|-start|p1a: Farigiraf|perish0\n|-start|p2b: Gothitelle|perish0\n|-fieldend|move: Electric Terrain\n|faint|p1b: Miraidon\n|faint|p1a: Farigiraf\n|faint|p2b: Gothitelle\n|upkeep\n|\n|t:|1746068549\n|switch|p1b: Chien-Pao|Chien-Pao, L50|100/100\n|switch|p1a: Kyogre|Kyogre, L50|100/100\n|switch|p2b: Scream Tail|Scream Tail, L50|22/100\n|-weather|RainDance|[from] ability: Drizzle|[of] p1a: Kyogre\n|-ability|p1b: Chien-Pao|Sword of Ruin\n|-enditem|p2b: Scream Tail|Booster Energy\n|-activate|p2b: Scream Tail|ability: Protosynthesis|[fromitem]\n|-start|p2b: Scream Tail|protosynthesisspe\n|turn|6\n|inactive|Puffy_Princess has 30 seconds left.\n|inactive|speedyturtle87 has 30 seconds left.\n|inactive|Puffy_Princess has 20 seconds left.\n|\n|t:|1746068588\n|-terastallize|p1a: Kyogre|Water\n|-terastallize|p2a: Lunala|Fairy\n|move|p2b: Scream Tail|Perish Song|p2b: Scream Tail\n|-start|p1a: Kyogre|perish3|[silent]\n|-start|p1b: Chien-Pao|perish3|[silent]\n|-start|p2a: Lunala|perish3|[silent]\n|-start|p2b: Scream Tail|perish3|[silent]\n|-fieldactivate|move: Perish Song\n|move|p1a: Kyogre|Hydro Pump|p2a: Lunala\n|-crit|p2a: Lunala\n|-damage|p2a: Lunala|0 fnt\n|faint|p2a: Lunala\n|move|p1b: Chien-Pao|Icicle Crash|p2b: Scream Tail\n|-damage|p2b: Scream Tail|0 fnt\n|faint|p2b: Scream Tail\n|-end|p2b: Scream Tail|Protosynthesis|[silent]\n|\n|win|speedyturtle87\n|raw|speedyturtle87's rating: 1238 &rarr; <strong>1269</strong><br />(+31 for winning)\n|raw|Puffy_Princess's rating: 1327 &rarr; <strong>1302</strong><br />(-25 for losing)\n|l|\u2606Puffy_Princess\n|player|p2|\n|l|\u2606speedyturtle87\n|player|p1|\n", "uploadtime": 1746068863, "views": 7, "formatid": "gen9vgc2025regibo3", "rating": 1269, "private": 0, "password": null}