{"id": "gen9vgc2025regibo3-2354814680", "format": "[Gen 9] VGC 2025 Reg I (Bo3)", "players": ["TRIUNVIRATUS VGC", "Diabolical Intent"], "log": "|j|\u2606TRIUNVIRATUS VGC\n|j|\u2606Diabolical Intent\n|html|<table width=\"100%\"><tr><td align=\"left\">TRIUNVIRATUS VGC</td><td align=\"right\">Diabolical Intent</tr><tr><td align=\"left\"><i class=\"fa fa-circle-o\"></i> <i class=\"fa fa-circle-o\"></i> </td><td align=\"right\"><i class=\"fa fa-circle-o\"></i> <i class=\"fa fa-circle-o\"></i> </tr></table>\n|uhtml|bestof|<h2><strong>Game 1</strong> of <a href=\"/game-bestof3-gen9vgc2025regibo3-2354814679\">a best-of-3</a></h2>\n|t:|1746122091\n|gametype|doubles\n|player|p1|TRIUNVIRATUS VGC|ninjaboy|1289\n|player|p2|Diabolical Intent|grimsley|1296\n|teamsize|p1|6\n|teamsize|p2|6\n|gen|9\n|tier|[Gen 9] VGC 2025 Reg I (Bo3)\n|rated|\n|rule|Species Clause: Limit one of each Pok\u00e9mon\n|rule|Item Clause: Limit 1 of each item\n|clearpoke\n|poke|p1|Calyrex-Shadow, L50|\n|poke|p1|Terapagos, L50, M|\n|poke|p1|Incineroar, L50, F|\n|poke|p1|Rillaboom, L50, F|\n|poke|p1|Amoonguss, L50, F|\n|poke|p1|Urshifu-*, L50, M|\n|poke|p2|Kyogre, L50|\n|poke|p2|Calyrex-Ice, L50|\n|poke|p2|Urshifu-*, L50, F|\n|poke|p2|Landorus, L50, M|\n|poke|p2|Amoonguss, L50, M|\n|poke|p2|Iron Jugulis, L50|\n|teampreview|4\n|showteam|p1|Calyrex-Shadow||FocusSash|AsOneSpectrier|AstralBarrage,Encore,Disable,Protect||||||50|,,,,,Ghost]Terapagos||Leftovers|TeraShift|TeraStarstorm,EarthPower,CalmMind,Protect|||M|||50|,,,,,Stellar]Incineroar||SafetyGoggles|Intimidate|KnockOff,WillOWisp,FakeOut,PartingShot|||F|||50|,,,,,Bug]Rillaboom||AssaultVest|GrassySurge|GrassyGlide,FakeOut,WoodHammer,Uturn|||F|||50|,,,,,Grass]Amoonguss||RockyHelmet|Regenerator|Spore,RagePowder,SludgeBomb,Protect|||F|||50|,,,,,Water]Urshifu-Rapid-Strike||MysticWater|UnseenFist|SurgingStrikes,CloseCombat,Taunt,Protect|||M|||50|,,,,,Water\n|showteam|p2|Kyogre||MysticWater|Drizzle|WaterSpout,HydroPump,Thunder,Protect||||||50|,,,,,Poison]Calyrex-Ice||NeverMeltIce|AsOneGlastrier|GlacialLance,HighHorsepower,TrickRoom,Protect||||||50|,,,,,Grass]Urshifu-Rapid-Strike||SplashPlate|UnseenFist|SurgingStrikes,CloseCombat,AquaJet,Protect|||F|||50|,,,,,Grass]Landorus||LifeOrb|SheerForce|EarthPower,SandsearStorm,SludgeBomb,Protect|||M|||50|,,,,,Water]Amoonguss||RockyHelmet|Regenerator|PollenPuff,Spore,RagePowder,Protect|||M|||50|,,,,,Water]Iron Jugulis||BoosterEnergy|QuarkDrive|Hurricane,Snarl,Tailwind,Protect||||||50|,,,,,Grass\n|inactive|Battle timer is ON: inactive players will automatically lose when time's up. (requested by Diabolical Intent)\n|inactive|TRIUNVIRATUS VGC has 60 seconds left.\n|inactive|TRIUNVIRATUS VGC has 30 seconds left.\n|\n|t:|1746122155\n|start\n|switch|p1a: Terapagos|Terapagos, L50, M|100/100\n|switch|p1b: Incineroar|Incineroar, L50, F|100/100\n|switch|p2a: Hermes|Iron Jugulis, L50|100/100\n|switch|p2b: Gaia|Amoonguss, L50, M|100/100\n|-activate|p1a: Terapagos|ability: Tera Shift\n|detailschange|p1a: Terapagos|Terapagos-Terastal, L50, M\n|-heal|p1a: Terapagos|100/100|[silent]\n|-ability|p1b: Incineroar|Intimidate|boost\n|-unboost|p2a: Hermes|atk|1\n|-unboost|p2b: Gaia|atk|1\n|-enditem|p2a: Hermes|Booster Energy\n|-activate|p2a: Hermes|ability: Quark Drive|[fromitem]\n|-start|p2a: Hermes|quarkdrivespe\n|turn|1\n|\n|t:|1746122170\n|switch|p1a: Rillaboom|Rillaboom, L50, F|100/100\n|-fieldstart|move: Grassy Terrain|[from] ability: Grassy Surge|[of] p1a: Rillaboom\n|move|p2a: Hermes|Snarl|p1a: Rillaboom|[spread] p1a,p1b\n|-resisted|p1b: Incineroar\n|-damage|p1a: Rillaboom|90/100\n|-damage|p1b: Incineroar|92/100\n|-unboost|p1a: Rillaboom|spa|1\n|-unboost|p1b: Incineroar|spa|1\n|move|p1b: Incineroar|Parting Shot|p2a: Hermes\n|-unboost|p2a: Hermes|atk|1\n|-unboost|p2a: Hermes|spa|1\n|\n|t:|1746122176\n|switch|p1b: Terapagos|Terapagos-Terastal, L50, M|100/100|[from] Parting Shot\n|move|p2b: Gaia|Spore|p1a: Rillaboom\n|-immune|p1a: Rillaboom\n|\n|-heal|p1a: Rillaboom|96/100|[from] Grassy Terrain\n|upkeep\n|turn|2\n|\n|t:|1746122186\n|move|p1b: Terapagos|Protect|p1b: Terapagos\n|-singleturn|p1b: Terapagos|Protect\n|move|p2a: Hermes|Snarl|p1b: Terapagos|[spread] p1a\n|-activate|p1b: Terapagos|move: Protect\n|-damage|p1a: Rillaboom|88/100\n|-unboost|p1a: Rillaboom|spa|1\n|move|p1a: Rillaboom|U-turn|p2a: Hermes\n|-damage|p2a: Hermes|80/100\n|\n|t:|1746122197\n|switch|p1a: Urshifu|Urshifu-Rapid-Strike, L50, M|100/100|[from] U-turn\n|move|p2b: Gaia|Spore|p1b: Terapagos\n|-activate|p1b: Terapagos|move: Protect\n|\n|upkeep\n|turn|3\n|\n|t:|1746122215\n|switch|p1b: Incineroar|Incineroar, L50, F|92/100\n|-ability|p1b: Incineroar|Intimidate|boost\n|-unboost|p2a: Hermes|atk|1\n|-unboost|p2b: Gaia|atk|1\n|move|p2a: Hermes|Snarl|p1b: Incineroar|[spread] p1a,p1b\n|-resisted|p1a: Urshifu\n|-resisted|p1b: Incineroar\n|-damage|p1a: Urshifu|93/100\n|-damage|p1b: Incineroar|87/100\n|-unboost|p1a: Urshifu|spa|1\n|-unboost|p1b: Incineroar|spa|1\n|move|p1a: Urshifu|Taunt|p2b: Gaia\n|-start|p2b: Gaia|move: Taunt\n|move|p2b: Gaia|Pollen Puff|p2a: Hermes\n|-heal|p2a: Hermes|100/100\n|\n|-heal|p1a: Urshifu|99/100|[from] Grassy Terrain\n|-heal|p1b: Incineroar|93/100|[from] Grassy Terrain\n|upkeep\n|turn|4\n|\n|t:|1746122227\n|-end|p2a: Hermes|Quark Drive|[silent]\n|switch|p2a: Ares|Urshifu-Rapid-Strike, L50, F|100/100\n|switch|p1a: Terapagos|Terapagos-Terastal, L50, M|100/100\n|move|p1b: Incineroar|Parting Shot|p2a: Ares\n|-unboost|p2a: Ares|atk|1\n|-unboost|p2a: Ares|spa|1\n|\n|t:|1746122231\n|switch|p1b: Rillaboom|Rillaboom, L50, F|88/100|[from] Parting Shot\n|move|p2b: Gaia|Pollen Puff|p2a: Ares\n|\n|-heal|p1b: Rillaboom|94/100|[from] Grassy Terrain\n|upkeep\n|turn|5\n|\n|t:|1746122245\n|switch|p2a: Hermes|Iron Jugulis, L50|100/100\n|move|p1a: Terapagos|Calm Mind|p1a: Terapagos\n|-boost|p1a: Terapagos|spa|1\n|-boost|p1a: Terapagos|spd|1\n|move|p1b: Rillaboom|U-turn|p2a: Hermes\n|-damage|p2a: Hermes|80/100\n|\n|t:|1746122251\n|switch|p1b: Incineroar|Incineroar, L50, F|93/100|[from] U-turn\n|-ability|p1b: Incineroar|Intimidate|boost\n|-unboost|p2a: Hermes|atk|1\n|-unboost|p2b: Gaia|atk|1\n|move|p2b: Gaia|Pollen Puff|p1b: Incineroar\n|-damage|p1b: Incineroar|77/100\n|\n|-heal|p1b: Incineroar|83/100|[from] Grassy Terrain\n|-end|p2b: Gaia|move: Taunt\n|-fieldend|move: Grassy Terrain\n|upkeep\n|turn|6\n|\n|t:|1746122263\n|switch|p1b: Rillaboom|Rillaboom, L50, F|94/100\n|-fieldstart|move: Grassy Terrain|[from] ability: Grassy Surge|[of] p1b: Rillaboom\n|move|p2a: Hermes|Protect|p2a: Hermes\n|-singleturn|p2a: Hermes|Protect\n|move|p1a: Terapagos|Protect|p1a: Terapagos\n|-singleturn|p1a: Terapagos|Protect\n|move|p2b: Gaia|Spore|p1a: Terapagos\n|-activate|p1a: Terapagos|move: Protect\n|\n|-heal|p1b: Rillaboom|99/100|[from] Grassy Terrain\n|upkeep\n|turn|7\n|\n|t:|1746122270\n|move|p1b: Rillaboom|Fake Out|p2a: Hermes\n|-damage|p2a: Hermes|68/100\n|cant|p2a: Hermes|flinch\n|move|p1a: Terapagos|Tera Starstorm|p2a: Hermes\n|-damage|p2a: Hermes|0 fnt\n|faint|p2a: Hermes\n|-end|p2a: Hermes|Quark Drive|[silent]\n|move|p2b: Gaia|Spore|p1a: Terapagos\n|-status|p1a: Terapagos|slp|[from] move: Spore\n|\n|-heal|p1b: Rillaboom|100/100|[from] Grassy Terrain\n|upkeep\n|\n|t:|1746122272\n|switch|p2a: Poseidon|Kyogre, L50|100/100\n|-weather|RainDance|[from] ability: Drizzle|[of] p2a: Poseidon\n|turn|8\n|\n|t:|1746122286\n|switch|p2b: Ares|Urshifu-Rapid-Strike, L50, F|100/100\n|-terastallize|p1a: Terapagos|Stellar\n|detailschange|p1a: Terapagos|Terapagos-Stellar, L50, M, tera:Stellar\n|-heal|p1a: Terapagos|100/100 slp|[silent]\n|-ability|p1a: Terapagos|Teraform Zero\n|-weather|none\n|-fieldend|move: Grassy Terrain\n|-terastallize|p2a: Poseidon|Poison\n|cant|p1a: Terapagos|slp\n|move|p2a: Poseidon|Water Spout|p1b: Rillaboom|[spread] p1a,p1b\n|-resisted|p1b: Rillaboom\n|-crit|p1b: Rillaboom\n|-damage|p1a: Terapagos|69/100 slp\n|-damage|p1b: Rillaboom|61/100\n|move|p1b: Rillaboom|U-turn|p2a: Poseidon\n|-resisted|p2a: Poseidon\n|-damage|p2a: Poseidon|91/100\n|\n|t:|1746122301\n|switch|p1b: Incineroar|Incineroar, L50, F|83/100|[from] U-turn\n|-ability|p1b: Incineroar|Intimidate|boost\n|-unboost|p2a: Poseidon|atk|1\n|-unboost|p2b: Ares|atk|1\n|\n|-heal|p1a: Terapagos|75/100 slp|[from] item: Leftovers\n|upkeep\n|turn|9\n|\n|t:|1746122309\n|move|p1b: Incineroar|Fake Out|p2b: Ares\n|-damage|p2b: Ares|91/100\n|-curestatus|p1a: Terapagos|slp|[msg]\n|move|p1a: Terapagos|Tera Starstorm|p2b: Ares|[spread] p2a,p2b\n|-supereffective|p2a: Poseidon\n|-damage|p2a: Poseidon|24/100\n|-damage|p2b: Ares|35/100\n|cant|p2b: Ares|flinch\n|move|p2a: Poseidon|Water Spout|p1b: Incineroar|[spread] p1a,p1b\n|-supereffective|p1b: Incineroar\n|-damage|p1a: Terapagos|67/100\n|-damage|p1b: Incineroar|47/100\n|\n|-heal|p1a: Terapagos|74/100|[from] item: Leftovers\n|upkeep\n|turn|10\n|j| sid kagenow\n|-message|Diabolical Intent forfeited.\n|\n|win|TRIUNVIRATUS VGC\n|l|\u2606Diabolical Intent\n|player|p2|\n||Diabolical Intent is ready for game 2.\n||TRIUNVIRATUS VGC is ready for game 2.\n|uhtml|next|Next: <a href=\"/battle-gen9vgc2025regibo3-2354817341\"><strong>Game 2 of 3</strong></a>\n|l| sid kagenow\n", "uploadtime": 1746122622, "views": 5, "formatid": "gen9vgc2025regibo3", "rating": null, "private": 0, "password": null}