{"id": "gen9vgc2025regibo3-2354113341", "format": "[Gen 9] VGC 2025 Reg I (Bo3)", "players": ["gravler07", "megabeanstheGOAT"], "log": "|j|\u2606gravler07\n|j|\u2606megabeanstheGOAT\n|html|<table width=\"100%\"><tr><td align=\"left\">gravler07</td><td align=\"right\">megabeanstheGOAT</tr><tr><td align=\"left\"><i class=\"fa fa-circle-o\"></i> <i class=\"fa fa-circle-o\"></i> </td><td align=\"right\"><i class=\"fa fa-circle-o\"></i> <i class=\"fa fa-circle-o\"></i> </tr></table>\n|uhtml|bestof|<h2><strong>Game 1</strong> of <a href=\"/game-bestof3-gen9vgc2025regibo3-2354113340\">a best-of-3</a></h2>\n|t:|1746035981\n|gametype|doubles\n|player|p1|gravler07|blackbelt-gen4dp|1122\n|player|p2|megabeanstheGOAT|bruno|1085\n|teamsize|p1|6\n|teamsize|p2|6\n|gen|9\n|tier|[Gen 9] VGC 2025 Reg I (Bo3)\n|rated|\n|rule|Species Clause: Limit one of each Pok\u00e9mon\n|rule|Item Clause: Limit 1 of each item\n|clearpoke\n|poke|p1|Calyrex-Ice, L50|\n|poke|p1|Rhydon, L50, F|\n|poke|p1|Ogerpon-Wellspring, L50, F|\n|poke|p1|Zoroark-Hisui, L50, F|\n|poke|p1|Tornadus, L50, M|\n|poke|p1|Zamazenta-*, L50|\n|poke|p2|Koraidon, L50|\n|poke|p2|Lunala, L50|\n|poke|p2|Raging Bolt, L50|\n|poke|p2|Tornadus, L50, M|\n|poke|p2|Ogerpon-Hearthflame, L50, F|\n|poke|p2|Brute Bonnet, L50|\n|teampreview|4\n|showteam|p1|Calyrex-Ice||ClearAmulet|AsOneGlastrier|GlacialLance,HighHorsepower,TrickRoom,Protect||||||50|,,,,,Fire]Rhydon||Eviolite|LightningRod|HighHorsepower,BrickBreak,BreakingSwipe,Roar|||F|||50|,,,,,Fairy]Ogerpon-Wellspring||WellspringMask|WaterAbsorb|FollowMe,HornLeech,IvyCudgel,SpikyShield|||F|||50|,,,,,Water]Zoroark-Hisui||FocusSash|Illusion|HyperVoice,ShadowBall,Protect,NastyPlot|||F|||50|,,,,,Normal]Tornadus||CovertCloak|Prankster|BleakwindStorm,Snowscape,Tailwind,Taunt|||M|||50|,,,,,Dark]Zamazenta-Crowned||RustedShield|DauntlessShield|BodyPress,behemothbash,WideGuard,IronDefense||||||50|,,,,,Dragon\n|showteam|p2|Koraidon||LifeOrb|OrichalcumPulse|CloseCombat,FlameCharge,FlareBlitz,Protect||||||50|,,,,,Fire]Lunala||SpellTag|ShadowShield|Moonblast,MoongeistBeam,WideGuard,TrickRoom||||||50|,,,,,Fairy]Raging Bolt||AssaultVest|Protosynthesis|Snarl,Thunderclap,Thunderbolt,DracoMeteor||||||50|,,,,,Fairy]Tornadus||CovertCloak|Prankster|Tailwind,BleakwindStorm,SunnyDay,Taunt|||M|||50|,,,,,Dark]Ogerpon-Hearthflame||HearthflameMask|MoldBreaker|IvyCudgel,WoodHammer,FollowMe,SpikyShield|||F|||50|,,,,,Fire]Brute Bonnet||RockyHelmet|Protosynthesis|SuckerPunch,Spore,RagePowder,Protect||||||50|,,,,,Ghost\n|inactive|Battle timer is ON: inactive players will automatically lose when time's up. (requested by megabeanstheGOAT)\n|c|\u2606megabeanstheGOAT|glhf\n|c|\u2606gravler07|u 2\n|c|\u2606gravler07|hate mushrooms\n|inactive|gravler07 has 60 seconds left.\n|inactive|megabeanstheGOAT has 60 seconds left.\n|\n|t:|1746036029\n|start\n|switch|p1a: Calyrex|Calyrex-Ice, L50|100/100\n|switch|p1b: Zamazenta|Zamazenta-Crowned, L50|100/100\n|switch|p2a: Koraidon|Koraidon, L50|100/100\n|switch|p2b: Raging Bolt|Raging Bolt, L50|100/100\n|-ability|p1a: Calyrex|As One\n|-ability|p1a: Calyrex|Unnerve\n|-weather|SunnyDay|[from] ability: Orichalcum Pulse|[of] p2a: Koraidon\n|-activate|p2b: Raging Bolt|ability: Protosynthesis\n|-start|p2b: Raging Bolt|protosynthesisspa\n|-activate|p2a: Koraidon|Orichalcum Pulse|[source]\n|turn|1\n|inactive|gravler07 has 30 seconds left.\n|inactive|megabeanstheGOAT has 30 seconds left.\n|inactive|gravler07 has 20 seconds left.\n|inactive|megabeanstheGOAT has 20 seconds left.\n|inactive|gravler07 has 15 seconds left.\n|inactive|gravler07 has 10 seconds left.\n|inactive|gravler07 has 5 seconds left.\n|\n|t:|1746036080\n|-terastallize|p1a: Calyrex|Fire\n|move|p2a: Koraidon|Flare Blitz|p1a: Calyrex\n|-resisted|p1a: Calyrex\n|-damage|p1a: Calyrex|63/100\n|-damage|p2a: Koraidon|86/100|[from] Recoil\n|-damage|p2a: Koraidon|77/100|[from] item: Life Orb\n|move|p1b: Zamazenta|Shadow Ball|p2a: Koraidon\n|-damage|p2a: Koraidon|32/100\n|move|p2b: Raging Bolt|Thunderbolt|p1a: Calyrex\n|-damage|p1a: Calyrex|14/100\n|move|p1a: Calyrex|Trick Room|p1a: Calyrex\n|-fieldstart|move: Trick Room|[of] p1a: Calyrex\n|\n|-weather|SunnyDay|[upkeep]\n|upkeep\n|turn|2\n|\n|t:|1746036100\n|move|p2a: Koraidon|Protect|p2a: Koraidon\n|-singleturn|p2a: Koraidon|Protect\n|move|p2b: Raging Bolt|Thunderclap|p1a: Calyrex\n|-damage|p1a: Calyrex|0 fnt\n|faint|p1a: Calyrex\n|move|p1b: Zamazenta|Nasty Plot|p1b: Zamazenta\n|-boost|p1b: Zamazenta|spa|2\n|\n|-weather|SunnyDay|[upkeep]\n|upkeep\n|\n|t:|1746036115\n|switch|p1a: Zamazenta|Zamazenta-Crowned, L50|100/100\n|-ability|p1a: Zamazenta|Dauntless Shield|boost\n|-boost|p1a: Zamazenta|def|1\n|turn|3\n|\n|t:|1746036141\n|move|p2b: Raging Bolt|Thunderclap|p1b: Zamazenta\n|-enditem|p1b: Zamazenta|Focus Sash\n|-damage|p1b: Zamazenta|1/100\n|replace|p1b: Zoroark|Zoroark-Hisui, L50, F\n|-end|p1b: Zoroark|Illusion\n|move|p1a: Zamazenta|Iron Defense|p1a: Zamazenta\n|-boost|p1a: Zamazenta|def|2\n|move|p1b: Zoroark|Shadow Ball|p2a: Koraidon\n|-damage|p2a: Koraidon|0 fnt\n|faint|p2a: Koraidon\n|\n|-weather|SunnyDay|[upkeep]\n|upkeep\n|\n|t:|1746036157\n|switch|p2a: Ogerpon|Ogerpon-Hearthflame, L50, F|100/100\n|-ability|p2a: Ogerpon|Mold Breaker\n|turn|4\n|\n|t:|1746036171\n|move|p2a: Ogerpon|Spiky Shield|p2a: Ogerpon\n|-singleturn|p2a: Ogerpon|move: Protect\n|move|p2b: Raging Bolt|Snarl|p1a: Zamazenta|[spread] p1a,p1b\n|-resisted|p1a: Zamazenta\n|-supereffective|p1b: Zoroark\n|-damage|p1a: Zamazenta|93/100\n|-damage|p1b: Zoroark|0 fnt\n|-unboost|p1a: Zamazenta|spa|1\n|faint|p1b: Zoroark\n|move|p1a: Zamazenta|Body Press|p2a: Ogerpon\n|-activate|p2a: Ogerpon|move: Protect\n|-damage|p1a: Zamazenta|81/100|[from] Spiky Shield|[of] p2a: Ogerpon\n|\n|-weather|SunnyDay|[upkeep]\n|upkeep\n|\n|t:|1746036176\n|switch|p1b: Tornadus|Tornadus, L50, M|100/100\n|turn|5\n|\n|t:|1746036197\n|switch|p2a: Lunala|Lunala, L50|100/100\n|move|p2b: Raging Bolt|Thunderclap||[still]\n|-fail|p2b: Raging Bolt\n|move|p1b: Tornadus|Tailwind|p1b: Tornadus\n|-sidestart|p1: gravler07|move: Tailwind\n|move|p1a: Zamazenta|Body Press|p2a: Lunala\n|-immune|p2a: Lunala\n|\n|-weather|none\n|-end|p2b: Raging Bolt|Protosynthesis\n|-fieldend|move: Trick Room\n|upkeep\n|turn|6\n|inactive|gravler07 has 30 seconds left.\n|inactive|gravler07 has 20 seconds left.\n|\n|t:|1746036234\n|move|p1b: Tornadus|Taunt|p2a: Lunala\n|-start|p2a: Lunala|move: Taunt\n|move|p1a: Zamazenta|Behemoth Bash|p2a: Lunala\n|-damage|p2a: Lunala|87/100\n|move|p2b: Raging Bolt|Thunderbolt|p1a: Zamazenta\n|-damage|p1a: Zamazenta|51/100\n|cant|p2a: Lunala|move: Taunt|Trick Room\n|\n|upkeep\n|turn|7\n|c|\u2606megabeanstheGOAT|wp\n|c|\u2606gravler07|im trying\n|\n|t:|1746036255\n|move|p1a: Zamazenta|Body Press|p2b: Raging Bolt\n|-damage|p2b: Raging Bolt|0 fnt\n|faint|p2b: Raging Bolt\n|-end|p2b: Raging Bolt|Protosynthesis|[silent]\n|move|p1b: Tornadus|Bleakwind Storm|p2a: Lunala\n|-damage|p2a: Lunala|54/100\n|move|p2a: Lunala|Moongeist Beam|p1b: Tornadus\n|-damage|p1b: Tornadus|36/100\n|\n|upkeep\n|\n|t:|1746036265\n|switch|p2b: Ogerpon|Ogerpon-Hearthflame, L50, F|100/100\n|-ability|p2b: Ogerpon|Mold Breaker\n|turn|8\n|\n|t:|1746036280\n|move|p2b: Ogerpon|Spiky Shield|p2b: Ogerpon\n|-singleturn|p2b: Ogerpon|move: Protect\n|move|p1a: Zamazenta|Behemoth Bash|p2a: Lunala\n|-damage|p2a: Lunala|25/100\n|move|p1b: Tornadus|Bleakwind Storm|p2a: Lunala|[spread] p2a\n|-activate|p2b: Ogerpon|move: Protect\n|-damage|p2a: Lunala|1/100\n|move|p2a: Lunala|Moongeist Beam|p1b: Tornadus\n|-damage|p1b: Tornadus|0 fnt\n|faint|p1b: Tornadus\n|\n|-end|p2a: Lunala|move: Taunt\n|-sideend|p1: gravler07|move: Tailwind\n|upkeep\n|turn|9\n|c|\u2606gravler07|sash?\n|c|\u2606megabeanstheGOAT|bro\n|c|\u2606megabeanstheGOAT|you hit it like 50 times\n|inactive|megabeanstheGOAT has 30 seconds left.\n|inactive|megabeanstheGOAT has 20 seconds left.\n|inactive|megabeanstheGOAT has 15 seconds left.\n|\n|t:|1746036323\n|-terastallize|p2b: Ogerpon|Fire\n|detailschange|p2b: Ogerpon|Ogerpon-Hearthflame-Tera, L50, F, tera:Fire\n|-ability|p2b: Ogerpon|Embody Aspect (Hearthflame)|boost\n|-boost|p2b: Ogerpon|atk|1\n|move|p1a: Zamazenta|Body Press|p2b: Ogerpon\n|-damage|p2b: Ogerpon|0 fnt\n|faint|p2b: Ogerpon\n|move|p2a: Lunala|Moongeist Beam|p1a: Zamazenta\n|-damage|p1a: Zamazenta|12/100\n|\n|upkeep\n|turn|10\n|c|\u2606megabeanstheGOAT|well I'll be\n|\n|t:|1746036335\n|move|p1a: Zamazenta|Behemoth Bash|p2a: Lunala\n|-damage|p2a: Lunala|0 fnt\n|faint|p2a: Lunala\n|\n|win|gravler07\n||megabeanstheGOAT is ready for game 2.\n|c|\u2606gravler07|holy\n||gravler07 is ready for game 2.\n|uhtml|next|Next: <a href=\"/battle-gen9vgc2025regibo3-2354117452\"><strong>Game 2 of 3</strong></a>\n|l|\u2606gravler07\n|player|p1|\n", "uploadtime": 1746036599, "views": 6, "formatid": "gen9vgc2025regibo3", "rating": null, "private": 0, "password": null}