{"id": "gen9vgc2025regibo3-2354195830", "format": "[Gen 9] VGC 2025 Reg I (Bo3)", "players": ["Kevin864", "seiryuv"], "log": "|j|\u2606Kevin864\n|j|\u2606seiryuv\n|html|<table width=\"100%\"><tr><td align=\"left\">Kevin864</td><td align=\"right\">seiryuv</tr><tr><td align=\"left\"><i class=\"fa fa-circle-o\"></i> <i class=\"fa fa-circle-o\"></i> </td><td align=\"right\"><i class=\"fa fa-circle-o\"></i> <i class=\"fa fa-circle-o\"></i> </tr></table>\n|uhtml|bestof|<h2><strong>Game 1</strong> of <a href=\"/game-bestof3-gen9vgc2025regibo3-2354195827\">a best-of-3</a></h2>\n|t:|1746043534\n|gametype|doubles\n|player|p1|Kevin864|pokemaniac|1034\n|player|p2|seiryuv|170|1072\n|teamsize|p1|6\n|teamsize|p2|4\n|gen|9\n|tier|[Gen 9] VGC 2025 Reg I (Bo3)\n|rated|\n|rule|Species Clause: Limit one of each Pok\u00e9mon\n|rule|Item Clause: Limit 1 of each item\n|clearpoke\n|poke|p1|Regigigas, L50|\n|poke|p1|Comfey, L50, F|\n|poke|p1|Breloom, L50, M|\n|poke|p1|Medicham, L50, F|\n|poke|p1|Indeedee-F, L50, F|\n|poke|p1|Whimsicott, L50, F|\n|poke|p2|Lunala, L50|\n|poke|p2|Kyurem-Black, L50|\n|poke|p2|Ogerpon-Wellspring, L50, F|\n|poke|p2|Incineroar, L50, F|\n|teampreview|4\n|showteam|p1|Regigigas||ClearAmulet|SlowStart|HeavySlam,DrainPunch,IcePunch,KnockOff||||||50|,,,,,Ghost]Comfey||MentalHerb|Triage|FloralHealing,LeechSeed,TrickRoom,HelpingHand|||F|||50|,,,,,Steel]Breloom||LoadedDice|Technician|MachPunch,BulletSeed,ForcePalm,Spore|||M|||50|,,,,,Grass]Medicham||FocusSash|PurePower|BrickBreak,FakeOut,TrickRoom,SkillSwap|||F|||50|,,,,,Fighting]Indeedee-F||EjectButton|PsychicSurge|HyperVoice,TrickRoom,FollowMe,Protect|||F|||50|,,,,,Normal]Whimsicott||SitrusBerry|Prankster|Moonblast,Encore,Tailwind,WorrySeed|||F|||50|,,,,,Fairy\n|showteam|p2|Lunala||Leftovers|ShadowShield|MoongeistBeam,Moonblast,Protect,WideGuard||||||50|,,,,,Fairy]Kyurem-Black||LoadedDice|Teravolt|DragonDance,ScaleShot,IcicleSpear,Protect||||||50|,,,,,Electric]Ogerpon-Wellspring||WellspringMask|WaterAbsorb|IvyCudgel,HornLeech,SpikyShield,FollowMe|||F|||50|,,,,,Water]Incineroar||AssaultVest|Intimidate|FlareBlitz,KnockOff,FakeOut,Uturn|||F|||50|,,,,,Ghost\n|inactive|Battle timer is ON: inactive players will automatically lose when time's up. (requested by seiryuv)\n|\n|t:|1746043551\n|start\n|switch|p1a: Medicham|Medicham, L50, F|100/100\n|switch|p1b: Indeedee|Indeedee-F, L50, F|100/100\n|switch|p2a: Lunala|Lunala, L50|100/100\n|switch|p2b: Kyurem|Kyurem-Black, L50|100/100\n|-ability|p2b: Kyurem|Teravolt\n|-fieldstart|move: Psychic Terrain|[from] ability: Psychic Surge|[of] p1b: Indeedee\n|turn|1\n|inactive|seiryuv has 30 seconds left.\n|inactive|seiryuv has 20 seconds left.\n|inactive|seiryuv has 15 seconds left.\n|inactive|seiryuv has 10 seconds left.\n|\n|t:|1746043597\n|-terastallize|p2a: Lunala|Fairy\n|move|p1b: Indeedee|Follow Me|p1b: Indeedee\n|-singleturn|p1b: Indeedee|move: Follow Me\n|move|p2a: Lunala|Moonblast|p1b: Indeedee\n|-damage|p1b: Indeedee|60/100\n|-enditem|p1b: Indeedee|Eject Button\n|\n|t:|1746043604\n|switch|p1b: Goku|Regigigas, L50|100/100\n|-start|p1b: Goku|ability: Slow Start\n|move|p2b: Kyurem|Icicle Spear|p1b: Goku\n|-crit|p1b: Goku\n|-damage|p1b: Goku|83/100\n|-damage|p1b: Goku|71/100\n|-damage|p1b: Goku|59/100\n|-damage|p1b: Goku|46/100\n|-damage|p1b: Goku|35/100\n|-hitcount|p1b: Goku|5\n|move|p1a: Medicham|Skill Swap|p1b: Goku\n|-activate|p1a: Medicham|move: Skill Swap|||[of] p1b: Goku\n|-end|p1b: Goku|Slow Start|[silent]\n|-start|p1a: Medicham|ability: Slow Start\n|\n|upkeep\n|turn|2\n|inactive|Kevin864 has 30 seconds left.\n|inactive|seiryuv has 30 seconds left.\n|inactive|Kevin864 has 20 seconds left.\n|\n|t:|1746043645\n|switch|p2b: Incineroar|Incineroar, L50, F|100/100\n|-ability|p2b: Incineroar|Intimidate|boost\n|-unboost|p1a: Medicham|atk|1\n|-fail|p1b: Goku|unboost|[from] item: Clear Amulet|[of] p1b: Goku\n|-end|p1a: Medicham|Slow Start|[silent]\n|switch|p1a: Comfey|Comfey, L50, F, shiny|100/100\n|move|p1b: Goku|Drain Punch|p2b: Incineroar\n|-supereffective|p2b: Incineroar\n|-crit|p2b: Incineroar\n|-damage|p2b: Incineroar|0 fnt\n|-heal|p1b: Goku|82/100|[from] drain|[of] p2b: Incineroar\n|faint|p2b: Incineroar\n|move|p2a: Lunala|Moonblast|p1b: Goku\n|-damage|p1b: Goku|41/100\n|\n|upkeep\n|\n|t:|1746043666\n|switch|p2b: Ogerpon|Ogerpon-Wellspring, L50, F|100/100\n|turn|3\n|\n|t:|1746043683\n|move|p1a: Comfey|Floral Healing|p1b: Goku\n|-heal|p1b: Goku|91/100\n|move|p2b: Ogerpon|Ivy Cudgel|p1b: Goku|[anim] Ivy Cudgel Water\n|-damage|p1b: Goku|48/100\n|move|p1b: Goku|Heavy Slam|p2a: Lunala\n|-supereffective|p2a: Lunala\n|-damage|p2a: Lunala|44/100\n|move|p2a: Lunala|Moonblast|p1b: Goku\n|-damage|p1b: Goku|1/100\n|\n|-heal|p2a: Lunala|50/100|[from] item: Leftovers\n|upkeep\n|turn|4\n|\n|t:|1746043703\n|move|p1a: Comfey|Floral Healing|p1b: Goku\n|-heal|p1b: Goku|51/100\n|move|p2b: Ogerpon|Ivy Cudgel|p1b: Goku|[anim] Ivy Cudgel Water\n|-damage|p1b: Goku|10/100\n|move|p1b: Goku|Drain Punch|p2b: Ogerpon\n|-damage|p2b: Ogerpon|23/100\n|-heal|p1b: Goku|43/100|[from] drain|[of] p2b: Ogerpon\n|move|p2a: Lunala|Moonblast|p1b: Goku\n|-damage|p1b: Goku|2/100\n|\n|-heal|p2a: Lunala|56/100|[from] item: Leftovers\n|upkeep\n|turn|5\n|inactive|Kevin864 has 30 seconds left.\n|\n|t:|1746043730\n|move|p1a: Comfey|Floral Healing|p1b: Goku\n|-heal|p1b: Goku|52/100\n|move|p2b: Ogerpon|Ivy Cudgel|p1b: Goku|[anim] Ivy Cudgel Water\n|-crit|p1b: Goku\n|-damage|p1b: Goku|0 fnt\n|faint|p1b: Goku\n|move|p2a: Lunala|Moonblast|p1a: Comfey\n|-damage|p1a: Comfey|53/100\n|\n|-heal|p2a: Lunala|62/100|[from] item: Leftovers\n|-fieldend|move: Psychic Terrain\n|upkeep\n|\n|t:|1746043745\n|switch|p1b: Medicham|Medicham, L50, F|100/100\n|turn|6\n|\n|t:|1746043753\n|move|p2b: Ogerpon|Spiky Shield|p2b: Ogerpon\n|-singleturn|p2b: Ogerpon|move: Protect\n|move|p2a: Lunala|Protect|p2a: Lunala\n|-singleturn|p2a: Lunala|Protect\n|move|p1b: Medicham|Fake Out|p2b: Ogerpon\n|-activate|p2b: Ogerpon|move: Protect\n|-damage|p1b: Medicham|89/100|[from] Spiky Shield|[of] p2b: Ogerpon\n|move|p1a: Comfey|Leech Seed|p2a: Lunala\n|-activate|p2a: Lunala|move: Protect\n|\n|-heal|p2a: Lunala|68/100|[from] item: Leftovers\n|upkeep\n|turn|7\n|\n|t:|1746043776\n|move|p1a: Comfey|Floral Healing|p1b: Medicham\n|-heal|p1b: Medicham|100/100\n|move|p2b: Ogerpon|Ivy Cudgel|p1a: Comfey|[anim] Ivy Cudgel Water\n|-damage|p1a: Comfey|0 fnt\n|faint|p1a: Comfey\n|move|p2a: Lunala|Moonblast|p1b: Medicham\n|-supereffective|p1b: Medicham\n|-enditem|p1b: Medicham|Focus Sash\n|-damage|p1b: Medicham|1/100\n|move|p1b: Medicham|Trick Room|p1b: Medicham\n|-fieldstart|move: Trick Room|[of] p1b: Medicham\n|\n|-heal|p2a: Lunala|74/100|[from] item: Leftovers\n|upkeep\n|\n|t:|1746043790\n|switch|p1a: Indeedee|Indeedee-F, L50, F|60/100\n|-fieldstart|move: Psychic Terrain|[from] ability: Psychic Surge|[of] p1a: Indeedee\n|turn|8\n|\n|t:|1746043799\n|-terastallize|p1a: Indeedee|Normal\n|move|p2a: Lunala|Protect|p2a: Lunala\n|-singleturn|p2a: Lunala|Protect\n|move|p2b: Ogerpon|Spiky Shield|p2b: Ogerpon\n|-singleturn|p2b: Ogerpon|move: Protect\n|move|p1b: Medicham|Brick Break|p2b: Ogerpon\n|-activate|p2b: Ogerpon|move: Protect\n|-damage|p1b: Medicham|0 fnt|[from] Spiky Shield|[of] p2b: Ogerpon\n|faint|p1b: Medicham\n|move|p1a: Indeedee|Hyper Voice|p2a: Lunala|[spread] \n|-activate|p2a: Lunala|move: Protect\n|-activate|p2b: Ogerpon|move: Protect\n|\n|-heal|p2a: Lunala|80/100|[from] item: Leftovers\n|upkeep\n|turn|9\n|\n|t:|1746043818\n|move|p1a: Indeedee|Hyper Voice|p2b: Ogerpon|[spread] p2a,p2b\n|-damage|p2a: Lunala|58/100\n|-damage|p2b: Ogerpon|0 fnt\n|faint|p2b: Ogerpon\n|move|p2a: Lunala|Moonblast|p1a: Indeedee\n|-damage|p1a: Indeedee|12/100\n|-unboost|p1a: Indeedee|spa|1\n|\n|-heal|p2a: Lunala|64/100|[from] item: Leftovers\n|upkeep\n|\n|t:|1746043820\n|switch|p2b: Kyurem|Kyurem-Black, L50|100/100\n|-ability|p2b: Kyurem|Teravolt\n|turn|10\n|\n|t:|1746043832\n|move|p2b: Kyurem|Protect|p2b: Kyurem\n|-singleturn|p2b: Kyurem|Protect\n|move|p2a: Lunala|Protect|p2a: Lunala\n|-singleturn|p2a: Lunala|Protect\n|move|p1a: Indeedee|Hyper Voice|p2b: Kyurem|[spread] \n|-activate|p2a: Lunala|move: Protect\n|-activate|p2b: Kyurem|move: Protect\n|\n|-heal|p2a: Lunala|70/100|[from] item: Leftovers\n|upkeep\n|turn|11\n|\n|t:|1746043844\n|move|p1a: Indeedee|Hyper Voice|p2a: Lunala|[spread] p2a,p2b\n|-damage|p2a: Lunala|58/100\n|-damage|p2b: Kyurem|88/100\n|move|p2b: Kyurem|Icicle Spear|p1a: Indeedee\n|-damage|p1a: Indeedee|0 fnt\n|faint|p1a: Indeedee\n|-hitcount|p1: Indeedee|1\n|\n|win|seiryuv\n||Kevin864 is ready for game 2.\n||seiryuv is ready for game 2.\n|uhtml|next|Next: <a href=\"/battle-gen9vgc2025regibo3-2354199066\"><strong>Game 2 of 3</strong></a>\n|l|\u2606seiryuv\n|player|p2|\n", "uploadtime": 1746044239, "views": 6, "formatid": "gen9vgc2025regibo3", "rating": null, "private": 0, "password": null}