{"id": "gen9vgc2025regibo3-2353332480", "format": "[Gen 9] VGC 2025 Reg I (Bo3)", "players": ["lexerthanatauros", "RebL123"], "log": "|j|\u2606lexerthanatauros\n|j|\u2606RebL123\n|html|<table width=\"100%\"><tr><td align=\"left\">lexerthanatauros</td><td align=\"right\">RebL123</tr><tr><td align=\"left\"><i class=\"fa fa-circle\"></i> <i class=\"fa fa-circle-o\"></i> </td><td align=\"right\"><i class=\"fa fa-circle-o\"></i> <i class=\"fa fa-circle\"></i> </tr></table>\n|uhtml|bestof|<h2><strong>Game 3</strong> of <a href=\"/game-bestof3-gen9vgc2025regibo3-2353327613\">a best-of-3</a></h2>\n|t:|1745947117\n|gametype|doubles\n|player|p1|lexerthanatauros|lucas|1177\n|player|p2|RebL123|psychicf-gen4|1205\n|teamsize|p1|6\n|teamsize|p2|6\n|gen|9\n|tier|[Gen 9] VGC 2025 Reg I (Bo3)\n|rated|\n|rule|Species Clause: Limit one of each Pok\u00e9mon\n|rule|Item Clause: Limit 1 of each item\n|clearpoke\n|poke|p1|Amoonguss, L50, M|\n|poke|p1|Latios, L50, M|\n|poke|p1|Excadrill, L50, F|\n|poke|p1|Calyrex-Shadow, L50|\n|poke|p1|Ho-Oh, L50|\n|poke|p1|Whimsicott, L50, M|\n|poke|p2|Lunala, L50|\n|poke|p2|Rillaboom, L50, F|\n|poke|p2|Tornadus, L50, M|\n|poke|p2|Koraidon, L50|\n|poke|p2|Volcarona, L50, F|\n|poke|p2|Walking Wake, L50|\n|teampreview|4\n|showteam|p1|Amoonguss||RockyHelmet|Regenerator|Spore,RagePowder,PollenPuff,Protect|||M|||50|,,,,,Fairy]Latios||AssaultVest|Levitate|FlipTurn,DracoMeteor,LusterPurge,IceBeam|||M|||50|,,,,,Normal]Excadrill||SitrusBerry|MoldBreaker|Earthquake,IronHead,Protect,HelpingHand|||F|||50|,,,,,Ground]Calyrex-Shadow||LifeOrb|AsOneSpectrier|AstralBarrage,Psychic,HyperBeam,Protect||||||50|,,,,,Normal]Ho-Oh||ClearAmulet|Regenerator|BraveBird,SacredFire,LifeDew,Protect||||||50|,,,,,Ground]Whimsicott||CovertCloak|Prankster|Moonblast,Tailwind,Encore,LightScreen|||M|||50|,,,,,Dark\n|showteam|p2|Lunala||PowerHerb|ShadowShield|MeteorBeam,SolarBeam,MoongeistBeam,WideGuard||||||50|,,,,,Grass]Rillaboom||AssaultVest|GrassySurge|GrassyGlide,WoodHammer,Uturn,FakeOut|||F|||50|,,,,,Fire]Tornadus||CovertCloak|Prankster|BleakwindStorm,Tailwind,Taunt,SunnyDay|||M|||50|,,,,,Dark]Koraidon||ClearAmulet|OrichalcumPulse|FlareBlitz,FlameCharge,CloseCombat,Protect||||||50|,,,,,Fire]Volcarona||RockyHelmet|FlameBody|StruggleBug,Overheat,WillOWisp,RagePowder|||F|||50|,,,,,Grass]Walking Wake||LifeOrb|Protosynthesis|HydroSteam,DracoMeteor,Protect,Flamethrower||||||50|,,,,,Fire\n|inactive|Battle timer is ON: inactive players will automatically lose when time's up. (requested by RebL123)\n|\n|t:|1745947137\n|start\n|switch|p1a: Whimsicott|Whimsicott, L50, M|100/100\n|switch|p1b: Latios|Latios, L50, M|100/100\n|switch|p2a: Evaporated|Tornadus, L50, M|100/100\n|switch|p2b: DONK|Koraidon, L50|100/100\n|-weather|SunnyDay|[from] ability: Orichalcum Pulse|[of] p2b: DONK\n|-activate|p2b: DONK|Orichalcum Pulse|[source]\n|turn|1\n|inactive|lexerthanatauros has 30 seconds left.\n|inactive|lexerthanatauros has 20 seconds left.\n|inactive|lexerthanatauros has 15 seconds left.\n|\n|t:|1745947179\n|-terastallize|p2b: DONK|Fire\n|move|p2a: Evaporated|Tailwind|p2a: Evaporated\n|-sidestart|p2: RebL123|move: Tailwind\n|move|p2b: DONK|Flame Charge|p1a: Whimsicott\n|-supereffective|p1a: Whimsicott\n|-damage|p1a: Whimsicott|0 fnt\n|-boost|p2b: DONK|spe|1\n|faint|p1a: Whimsicott\n|move|p1b: Latios|Ice Beam|p2a: Evaporated\n|-supereffective|p2a: Evaporated\n|-damage|p2a: Evaporated|20/100\n|\n|-weather|SunnyDay|[upkeep]\n|upkeep\n|\n|t:|1745947186\n|switch|p1a: Ho-Oh|Ho-Oh, L50|100/100\n|turn|2\n|\n|t:|1745947205\n|switch|p2a: Q|Volcarona, L50, F|100/100\n|move|p2b: DONK|Flare Blitz|p1b: Latios\n|-resisted|p1b: Latios\n|-damage|p1b: Latios|10/100\n|-damage|p2b: DONK|71/100|[from] Recoil\n|move|p1b: Latios|Draco Meteor|p2b: DONK\n|-damage|p2b: DONK|13/100\n|-unboost|p1b: Latios|spa|2\n|move|p1a: Ho-Oh|Brave Bird|p2a: Q\n|-supereffective|p2a: Q\n|-damage|p2a: Q|0 fnt\n|-damage|p1a: Ho-Oh|84/100|[from] item: Rocky Helmet|[of] p2a: Q\n|faint|p2a: Q\n|-damage|p1a: Ho-Oh|59/100|[from] Recoil\n|\n|-weather|SunnyDay|[upkeep]\n|upkeep\n|\n|t:|1745947218\n|switch|p2a: Support Beam|Lunala, L50|100/100\n|turn|3\n|inactive|lexerthanatauros has 30 seconds left.\n|\n|t:|1745947248\n|-terastallize|p1a: Ho-Oh|Ground\n|move|p2b: DONK|Flame Charge|p1b: Latios\n|-resisted|p1b: Latios\n|-damage|p1b: Latios|0 fnt\n|-boost|p2b: DONK|spe|1\n|faint|p1b: Latios\n|move|p2a: Support Beam|Moongeist Beam|p1a: Ho-Oh\n|-damage|p1a: Ho-Oh|27/100\n|move|p1a: Ho-Oh|Brave Bird|p2b: DONK\n|-damage|p2b: DONK|0 fnt\n|faint|p2b: DONK\n|-damage|p1a: Ho-Oh|24/100|[from] Recoil\n|\n|-weather|SunnyDay|[upkeep]\n|upkeep\n|\n|t:|1745947260\n|switch|p2b: Evaporated|Tornadus, L50, M|20/100\n|switch|p1b: Calyrex|Calyrex-Shadow, L50|100/100\n|-ability|p1b: Calyrex|As One\n|-ability|p1b: Calyrex|Unnerve\n|turn|4\n|\n|t:|1745947276\n|move|p2a: Support Beam|Wide Guard|p2a: Support Beam\n|-singleturn|p2a: Support Beam|Wide Guard\n|move|p2b: Evaporated|Bleakwind Storm|p1b: Calyrex|[spread] p1a,p1b\n|-damage|p1a: Ho-Oh|2/100\n|-damage|p1b: Calyrex|61/100\n|move|p1b: Calyrex|Astral Barrage|p2b: Evaporated|[spread] \n|-activate|p2a: Support Beam|move: Wide Guard\n|-activate|p2b: Evaporated|move: Wide Guard\n|move|p1a: Ho-Oh|Sacred Fire|p2a: Support Beam\n|-damage|p2a: Support Beam|64/100\n|-status|p2a: Support Beam|brn\n|\n|-weather|SunnyDay|[upkeep]\n|-damage|p2a: Support Beam|58/100 brn|[from] brn\n|-sideend|p2: RebL123|move: Tailwind\n|upkeep\n|turn|5\n|\n|t:|1745947294\n|move|p2b: Evaporated|Tailwind|p2b: Evaporated\n|-sidestart|p2: RebL123|move: Tailwind\n|move|p2a: Support Beam|Moongeist Beam|p1b: Calyrex\n|-supereffective|p1b: Calyrex\n|-crit|p1b: Calyrex\n|-damage|p1b: Calyrex|0 fnt\n|faint|p1b: Calyrex\n|move|p1a: Ho-Oh|Sacred Fire|p2b: Evaporated\n|-damage|p2b: Evaporated|0 fnt\n|faint|p2b: Evaporated\n|\n|-weather|none\n|-damage|p2a: Support Beam|52/100 brn|[from] brn\n|upkeep\n|turn|6\n|\n|t:|1745947301\n|move|p1a: Ho-Oh|Protect|p1a: Ho-Oh\n|-singleturn|p1a: Ho-Oh|Protect\n|move|p2a: Support Beam|Moongeist Beam|p1a: Ho-Oh\n|-activate|p1a: Ho-Oh|move: Protect\n|\n|-damage|p2a: Support Beam|46/100 brn|[from] brn\n|upkeep\n|turn|7\n|\n|t:|1745947307\n|move|p1a: Ho-Oh|Protect|p1a: Ho-Oh\n|-singleturn|p1a: Ho-Oh|Protect\n|move|p2a: Support Beam|Moongeist Beam|p1a: Ho-Oh\n|-activate|p1a: Ho-Oh|move: Protect\n|\n|-damage|p2a: Support Beam|39/100 brn|[from] brn\n|upkeep\n|turn|8\n|c|\u2606RebL123|triple protect lol\n|\n|t:|1745947312\n|move|p1a: Ho-Oh|Protect|p1a: Ho-Oh\n|-singleturn|p1a: Ho-Oh|Protect\n|move|p2a: Support Beam|Moongeist Beam|p1a: Ho-Oh\n|-activate|p1a: Ho-Oh|move: Protect\n|\n|-damage|p2a: Support Beam|33/100 brn|[from] brn\n|-sideend|p2: RebL123|move: Tailwind\n|upkeep\n|turn|9\n|c|\u2606RebL123|WHAT\n|c|\u2606RebL123|LMAO\n|\n|t:|1745947324\n|move|p2a: Support Beam|Moongeist Beam|p1a: Ho-Oh\n|-damage|p1a: Ho-Oh|0 fnt\n|faint|p1a: Ho-Oh\n|\n|win|RebL123\n|raw|lexerthanatauros's rating: 1177 &rarr; <strong>1154</strong><br />(-23 for losing)\n|raw|RebL123's rating: 1205 &rarr; <strong>1228</strong><br />(+23 for winning)\n|l|\u2606lexerthanatauros\n|player|p1|\n", "uploadtime": 1745947333, "views": 13, "formatid": "gen9vgc2025regibo3", "rating": 1154, "private": 0, "password": null}