{"id": "gen9vgc2025regibo3-2355053795", "format": "[Gen 9] VGC 2025 Reg I (Bo3)", "players": ["Chaotic Raos", "true csr moment"], "log": "|j|\u2606Chaotic Raos\n|j|\u2606true csr moment\n|html|<table width=\"100%\"><tr><td align=\"left\">Chaotic Raos</td><td align=\"right\">true csr moment</tr><tr><td align=\"left\"><i class=\"fa fa-circle-o\"></i> <i class=\"fa fa-circle-o\"></i> </td><td align=\"right\"><i class=\"fa fa-circle-o\"></i> <i class=\"fa fa-circle-o\"></i> </tr></table>\n|uhtml|bestof|<h2><strong>Game 1</strong> of <a href=\"/game-bestof3-gen9vgc2025regibo3-2355053792\">a best-of-3</a></h2>\n|t:|1746146777\n|gametype|doubles\n|player|p1|Chaotic Raos|bellelba|1383\n|player|p2|true csr moment|miku-ground|1376\n|teamsize|p1|6\n|teamsize|p2|6\n|gen|9\n|tier|[Gen 9] VGC 2025 Reg I (Bo3)\n|rated|\n|rule|Species Clause: Limit one of each Pok\u00e9mon\n|rule|Item Clause: Limit 1 of each item\n|clearpoke\n|poke|p1|Kyogre, L50|\n|poke|p1|Tornadus, L50, M|\n|poke|p1|Zacian-*, L50|\n|poke|p1|Amoonguss, L50, M|\n|poke|p1|Iron Hands, L50|\n|poke|p1|Flutter Mane, L50|\n|poke|p2|Koraidon, L50|\n|poke|p2|Raging Bolt, L50|\n|poke|p2|Incineroar, L50, F|\n|poke|p2|Calyrex-Shadow, L50|\n|poke|p2|Ogerpon-Cornerstone, L50, F|\n|poke|p2|Flutter Mane, L50|\n|teampreview|4\n|showteam|p1|Kyogre||MysticWater|Drizzle|WaterSpout,OriginPulse,Protect,IceBeam||||||50|,,,,,Grass]Tornadus||CovertCloak|Prankster|Tailwind,BleakwindStorm,Taunt,RainDance|||M|||50|,,,,,Dark]Zacian-Crowned||RustedSword|IntrepidSword|behemothblade,PlayRough,SacredSword,Protect||||||50|,,,,,Water]Amoonguss||RockyHelmet|Regenerator|Spore,RagePowder,PollenPuff,Protect|||M|||50|,,,,,Dark]Iron Hands||AssaultVest|QuarkDrive|FakeOut,WildCharge,DrainPunch,LowKick||||||50|,,,,,Grass]Flutter Mane||BoosterEnergy|Protosynthesis|ShadowBall,DazzlingGleam,IcyWind,Protect||||||50|,,,,,Fairy\n|showteam|p2|Koraidon||ClearAmulet|OrichalcumPulse|FlareBlitz,CollisionCourse,FlameCharge,Protect||||||50|,,,,,Fire]Raging Bolt||AssaultVest|Protosynthesis|Thunderbolt,DracoMeteor,Thunderclap,VoltSwitch||||||50|,,,,,Electric]Incineroar||RockyHelmet|Intimidate|KnockOff,FakeOut,PartingShot,WillOWisp|||F|||50|,,,,,Bug]Calyrex-Shadow||LifeOrb|AsOneSpectrier|AstralBarrage,Psychic,NastyPlot,Protect||||||50|,,,,,Dark]Ogerpon-Cornerstone||CornerstoneMask|Sturdy|IvyCudgel,PowerWhip,FollowMe,SpikyShield|||F|||50|,,,,,Rock]Flutter Mane||FocusSash|Protosynthesis|Moonblast,ShadowBall,IcyWind,Protect||||||50|,,,,,Fairy\n|inactive|Battle timer is ON: inactive players will automatically lose when time's up. (requested by true csr moment)\n|inactive|Chaotic Raos has 60 seconds left.\n|\n|t:|1746146809\n|start\n|switch|p1a: Kyogre|Kyogre, L50|100/100\n|switch|p1b: Amoonguss|Amoonguss, L50, M|100/100\n|switch|p2a: Raging Bolt|Raging Bolt, L50|100/100\n|switch|p2b: Incineroar|Incineroar, L50, F, shiny|100/100\n|-weather|RainDance|[from] ability: Drizzle|[of] p1a: Kyogre\n|-ability|p2b: Incineroar|Intimidate|boost\n|-unboost|p1a: Kyogre|atk|1\n|-unboost|p1b: Amoonguss|atk|1\n|turn|1\n|\n|t:|1746146828\n|move|p1a: Kyogre|Protect|p1a: Kyogre\n|-singleturn|p1a: Kyogre|Protect\n|move|p1b: Amoonguss|Protect|p1b: Amoonguss\n|-singleturn|p1b: Amoonguss|Protect\n|move|p2b: Incineroar|Fake Out|p1b: Amoonguss\n|-activate|p1b: Amoonguss|move: Protect\n|move|p2a: Raging Bolt|Volt Switch|p1a: Kyogre\n|-activate|p1a: Kyogre|move: Protect\n|\n|-weather|RainDance|[upkeep]\n|upkeep\n|turn|2\n|\n|t:|1746146849\n|switch|p2b: Koraidon|Koraidon, L50|100/100\n|-weather|SunnyDay|[from] ability: Orichalcum Pulse|[of] p2b: Koraidon\n|-activate|p2a: Raging Bolt|ability: Protosynthesis\n|-start|p2a: Raging Bolt|protosynthesisspa\n|-activate|p2b: Koraidon|Orichalcum Pulse|[source]\n|move|p1a: Kyogre|Origin Pulse|p2b: Koraidon|[spread] p2a,p2b\n|-resisted|p2a: Raging Bolt\n|-resisted|p2b: Koraidon\n|-crit|p2b: Koraidon\n|-damage|p2a: Raging Bolt|93/100\n|-damage|p2b: Koraidon|82/100\n|move|p2a: Raging Bolt|Draco Meteor|p1b: Amoonguss|[miss]\n|-miss|p2a: Raging Bolt|p1b: Amoonguss\n|move|p1b: Amoonguss|Spore|p2a: Raging Bolt\n|-status|p2a: Raging Bolt|slp|[from] move: Spore\n|\n|-weather|SunnyDay|[upkeep]\n|upkeep\n|turn|3\n|c|\u2606true csr moment|man draco is such a good move\n|inactive|true csr moment has 30 seconds left.\n|inactive|true csr moment has 20 seconds left.\n|c|\u2606Chaotic Raos|I know, right?\n|\n|t:|1746146886\n|-end|p2a: Raging Bolt|Protosynthesis|[silent]\n|switch|p2a: Incineroar|Incineroar, L50, F, shiny|100/100\n|-ability|p2a: Incineroar|Intimidate|boost\n|-unboost|p1a: Kyogre|atk|1\n|-unboost|p1b: Amoonguss|atk|1\n|-terastallize|p2b: Koraidon|Fire\n|move|p1b: Amoonguss|Rage Powder|p1b: Amoonguss\n|-singleturn|p1b: Amoonguss|move: Rage Powder\n|move|p2b: Koraidon|Flare Blitz|p1b: Amoonguss\n|-supereffective|p1b: Amoonguss\n|-damage|p1b: Amoonguss|0 fnt\n|-damage|p2b: Koraidon|65/100|[from] item: Rocky Helmet|[of] p1b: Amoonguss\n|faint|p1b: Amoonguss\n|-damage|p2b: Koraidon|30/100|[from] Recoil\n|move|p1a: Kyogre|Ice Beam|p2b: Koraidon\n|-resisted|p2b: Koraidon\n|-damage|p2b: Koraidon|15/100\n|\n|-weather|SunnyDay|[upkeep]\n|upkeep\n|\n|t:|1746146903\n|switch|p1b: Zacian|Zacian-Crowned, L50|100/100\n|-ability|p1b: Zacian|Intrepid Sword|boost\n|-boost|p1b: Zacian|atk|1\n|turn|4\n|inactive|true csr moment has 30 seconds left.\n|\n|t:|1746146929\n|switch|p1a: Flutter Mane|Flutter Mane, L50|100/100\n|-activate|p1a: Flutter Mane|ability: Protosynthesis\n|-start|p1a: Flutter Mane|protosynthesisspe\n|move|p1b: Zacian|Protect|p1b: Zacian\n|-singleturn|p1b: Zacian|Protect\n|move|p2a: Incineroar|Fake Out|p1b: Zacian\n|-activate|p1b: Zacian|move: Protect\n|move|p2b: Koraidon|Collision Course|p1a: Flutter Mane\n|-immune|p1a: Flutter Mane\n|\n|-weather|SunnyDay|[upkeep]\n|upkeep\n|turn|5\n|\n|t:|1746146946\n|move|p2b: Koraidon|Protect|p2b: Koraidon\n|-singleturn|p2b: Koraidon|Protect\n|move|p1a: Flutter Mane|Dazzling Gleam|p2b: Koraidon|[spread] p2a\n|-activate|p2b: Koraidon|move: Protect\n|-damage|p2a: Incineroar|74/100\n|move|p1b: Zacian|Sacred Sword|p2a: Incineroar\n|-supereffective|p2a: Incineroar\n|-damage|p2a: Incineroar|3/100\n|-damage|p1b: Zacian|84/100|[from] item: Rocky Helmet|[of] p2a: Incineroar\n|move|p2a: Incineroar|Will-O-Wisp|p1b: Zacian\n|-status|p1b: Zacian|brn\n|\n|-weather|SunnyDay|[upkeep]\n|-damage|p1b: Zacian|78/100 brn|[from] brn\n|upkeep\n|turn|6\n|inactive|true csr moment has 30 seconds left.\n|\n|t:|1746146977\n|move|p1a: Flutter Mane|Dazzling Gleam|p2a: Incineroar|[spread] p2a,p2b\n|-resisted|p2b: Koraidon\n|-damage|p2a: Incineroar|0 fnt\n|-damage|p2b: Koraidon|2/100\n|faint|p2a: Incineroar\n|move|p1b: Zacian|Play Rough|p2b: Koraidon\n|-resisted|p2b: Koraidon\n|-damage|p2b: Koraidon|0 fnt\n|faint|p2b: Koraidon\n|\n|-weather|none\n|-end|p1a: Flutter Mane|Protosynthesis\n|-damage|p1b: Zacian|72/100 brn|[from] brn\n|upkeep\n|-enditem|p1a: Flutter Mane|Booster Energy\n|-activate|p1a: Flutter Mane|ability: Protosynthesis|[fromitem]\n|-start|p1a: Flutter Mane|protosynthesisspe\n|\n|t:|1746146981\n|switch|p2b: Flutter Mane|Flutter Mane, L50, shiny|100/100\n|switch|p2a: Raging Bolt|Raging Bolt, L50|93/100 slp\n|turn|7\n|inactive|Chaotic Raos has 30 seconds left.\n|\n|t:|1746147014\n|-terastallize|p1a: Flutter Mane|Fairy\n|move|p2b: Flutter Mane|Protect|p2b: Flutter Mane\n|-singleturn|p2b: Flutter Mane|Protect\n|move|p1a: Flutter Mane|Dazzling Gleam|p2a: Raging Bolt|[spread] p2a\n|-activate|p2b: Flutter Mane|move: Protect\n|-supereffective|p2a: Raging Bolt\n|-damage|p2a: Raging Bolt|45/100 slp\n|move|p1b: Zacian|Behemoth Blade|p2b: Flutter Mane\n|-activate|p2b: Flutter Mane|move: Protect\n|cant|p2a: Raging Bolt|slp\n|\n|-damage|p1b: Zacian|65/100 brn|[from] brn\n|upkeep\n|turn|8\n|-message|true csr moment forfeited.\n|\n|win|Chaotic Raos\n||true csr moment is ready for game 2.\n||Chaotic Raos is ready for game 2.\n|uhtml|next|Next: <a href=\"/battle-gen9vgc2025regibo3-2355055933\"><strong>Game 2 of 3</strong></a>\n|l|\u2606true csr moment\n|player|p2|\n", "uploadtime": 1746147330, "views": 5, "formatid": "gen9vgc2025regibo3", "rating": null, "private": 0, "password": null}