{"id": "gen9vgc2025regibo3-2354487551", "format": "[Gen 9] VGC 2025 Reg I (Bo3)", "players": ["Jerm626", "EloteYGranada"], "log": "|j|\u2606Jerm626\n|j|\u2606EloteYGranada\n|html|<table width=\"100%\"><tr><td align=\"left\">Jerm626</td><td align=\"right\">EloteYGranada</tr><tr><td align=\"left\"><i class=\"fa fa-circle-o\"></i> <i class=\"fa fa-circle-o\"></i> </td><td align=\"right\"><i class=\"fa fa-circle-o\"></i> <i class=\"fa fa-circle-o\"></i> </tr></table>\n|uhtml|bestof|<h2><strong>Game 1</strong> of <a href=\"/game-bestof3-gen9vgc2025regibo3-2354487550\">a best-of-3</a></h2>\n|t:|1746080001\n|gametype|doubles\n|player|p1|Jerm626|1|1222\n|player|p2|EloteYGranada|2|1164\n|teamsize|p1|6\n|teamsize|p2|6\n|gen|9\n|tier|[Gen 9] VGC 2025 Reg I (Bo3)\n|rated|\n|rule|Species Clause: Limit one of each Pok\u00e9mon\n|rule|Item Clause: Limit 1 of each item\n|clearpoke\n|poke|p1|Koraidon, L50|\n|poke|p1|Lunala, L50|\n|poke|p1|Indeedee-F, L50, F|\n|poke|p1|Ursaluna, L50, M|\n|poke|p1|Flutter Mane, L50|\n|poke|p1|Ogerpon-Cornerstone, L50, F|\n|poke|p2|Lunala, L50|\n|poke|p2|Groudon, L50|\n|poke|p2|Raging Bolt, L50|\n|poke|p2|Lilligant-Hisui, L50, F|\n|poke|p2|Chi-Yu, L50|\n|poke|p2|Iron Crown, L50|\n|teampreview|4\n|showteam|p1|Koraidon||ClearAmulet|OrichalcumPulse|CloseCombat,FlameCharge,FlareBlitz,Protect||||||50|,,,,,Fire]Lunala||PowerHerb|ShadowShield|ExpandingForce,MeteorBeam,WideGuard,MoongeistBeam||||||50|,,,,,Water]Indeedee-F||RockyHelmet|PsychicSurge|TrickRoom,FollowMe,Psychic,HealPulse|||F|||50|,,,,,Water]Ursaluna||FlameOrb|Guts|Facade,HeadlongRush,Protect,Earthquake|||M|||50|,,,,,Ghost]Flutter Mane||FocusSash|Protosynthesis|IcyWind,Moonblast,Protect,Taunt||||||50|,,,,,Normal]Ogerpon-Cornerstone||CornerstoneMask|Sturdy|IvyCudgel,SpikyShield,FollowMe,PowerWhip|||F|||50|,,,,,Rock\n|showteam|p2|Lunala||MirrorHerb|ShadowShield|Hypnosis,MoongeistBeam,WideGuard,TrickRoom||||||50|,,,,,Fairy]Groudon||ClearAmulet|Drought|PrecipiceBlades,HeatCrash,Protect,HighHorsepower||||||50|,,,,,Fire]Raging Bolt||Magnet|Protosynthesis|Thunderclap,Thunderbolt,Protect,DracoMeteor||||||50|,,,,,Electric]Lilligant-Hisui||FocusSash|Chlorophyll|Coaching,CloseCombat,AfterYou,SleepPowder|||F|||50|,,,,,Ghost]Chi-Yu||ChoiceScarf|BeadsofRuin|Snarl,Overheat,HeatWave,DarkPulse||||||50|,,,,,Fire]Iron Crown||BoosterEnergy|QuarkDrive|TachyonCutter,Gravity,Protect,Psychic||||||50|,,,,,Dark\n|inactive|Battle timer is ON: inactive players will automatically lose when time's up. (requested by EloteYGranada)\n|\n|t:|1746080016\n|start\n|switch|p1a: Ogerpon|Ogerpon-Cornerstone, L50, F|100/100\n|switch|p1b: Indeedee|Indeedee-F, L50, F, shiny|100/100\n|switch|p2a: Granada|Lunala, L50, shiny|100/100\n|switch|p2b: Iron Crown|Iron Crown, L50|100/100\n|-fieldstart|move: Psychic Terrain|[from] ability: Psychic Surge|[of] p1b: Indeedee\n|-enditem|p2b: Iron Crown|Booster Energy\n|-activate|p2b: Iron Crown|ability: Quark Drive|[fromitem]\n|-start|p2b: Iron Crown|quarkdrivespe\n|turn|1\n|inactive|Jerm626 has 30 seconds left.\n|inactive|Jerm626 has 20 seconds left.\n|inactive|Jerm626 has 15 seconds left.\n|\n|t:|1746080057\n|switch|p1a: Ursaluna|Ursaluna, L50, M|100/100\n|move|p1b: Indeedee|Follow Me|p1b: Indeedee\n|-singleturn|p1b: Indeedee|move: Follow Me\n|move|p2b: Iron Crown|Gravity|p2b: Iron Crown\n|-fieldstart|move: Gravity\n|move|p2a: Granada|Hypnosis|p1b: Indeedee\n|-status|p1b: Indeedee|slp|[from] move: Hypnosis\n|\n|-status|p1a: Ursaluna|brn|[from] item: Flame Orb\n|upkeep\n|turn|2\n|\n|t:|1746080080\n|move|p2b: Iron Crown|Psychic|p1a: Ursaluna\n|-damage|p1a: Ursaluna|54/100 brn\n|move|p2a: Granada|Hypnosis|p1b: Indeedee\n|-fail|p1b: Indeedee|slp\n|move|p1a: Ursaluna|Earthquake|p2b: Iron Crown|[spread] p1b,p2a,p2b\n|-supereffective|p2b: Iron Crown\n|-damage|p1b: Indeedee|38/100 slp\n|-damage|p2a: Granada|76/100\n|-damage|p2b: Iron Crown|0 fnt\n|faint|p2b: Iron Crown\n|-end|p2b: Iron Crown|Quark Drive|[silent]\n|cant|p1b: Indeedee|slp\n|\n|-damage|p1a: Ursaluna|48/100 brn|[from] brn\n|upkeep\n|\n|t:|1746080083\n|switch|p2b: Elote|Groudon, L50, shiny|100/100\n|-weather|SunnyDay|[from] ability: Drought|[of] p2b: Elote\n|turn|3\n|\n|t:|1746080110\n|move|p1a: Ursaluna|Protect|p1a: Ursaluna\n|-singleturn|p1a: Ursaluna|Protect\n|move|p2b: Elote|Precipice Blades|p1b: Indeedee|[spread] p1b\n|-activate|p1a: Ursaluna|move: Protect\n|-damage|p1b: Indeedee|0 fnt\n|faint|p1b: Indeedee\n|move|p2a: Granada|Trick Room|p2a: Granada\n|-fieldstart|move: Trick Room|[of] p2a: Granada\n|\n|-weather|SunnyDay|[upkeep]\n|-damage|p1a: Ursaluna|42/100 brn|[from] brn\n|upkeep\n|\n|t:|1746080117\n|switch|p1b: Lunala|Lunala, L50, shiny|100/100\n|turn|4\n|inactive|Jerm626 has 30 seconds left.\n|inactive|Jerm626 has 20 seconds left.\n|inactive|Jerm626 has 15 seconds left.\n|\n|t:|1746080159\n|move|p1b: Lunala|Wide Guard|p1b: Lunala\n|-singleturn|p1b: Lunala|Wide Guard\n|move|p2a: Granada|Wide Guard|p2a: Granada\n|-singleturn|p2a: Granada|Wide Guard\n|move|p1a: Ursaluna|Earthquake|p2b: Elote|[spread] \n|-activate|p1b: Lunala|move: Wide Guard\n|-activate|p2a: Granada|move: Wide Guard\n|-activate|p2b: Elote|move: Wide Guard\n|move|p2b: Elote|Precipice Blades|p1b: Lunala|[spread] \n|-activate|p1a: Ursaluna|move: Wide Guard\n|-activate|p1b: Lunala|move: Wide Guard\n|\n|-weather|SunnyDay|[upkeep]\n|-damage|p1a: Ursaluna|36/100 brn|[from] brn\n|upkeep\n|turn|5\n|\n|t:|1746080181\n|move|p1a: Ursaluna|Protect|p1a: Ursaluna\n|-singleturn|p1a: Ursaluna|Protect\n|move|p2a: Granada|Wide Guard|p2a: Granada\n|-singleturn|p2a: Granada|Wide Guard\n|move|p2b: Elote|High Horsepower|p1a: Ursaluna\n|-activate|p1a: Ursaluna|move: Protect\n|move|p1b: Lunala|Moongeist Beam|p2a: Granada\n|-supereffective|p2a: Granada\n|-damage|p2a: Granada|0 fnt\n|faint|p2a: Granada\n|\n|-weather|SunnyDay|[upkeep]\n|-damage|p1a: Ursaluna|30/100 brn|[from] brn\n|-fieldend|move: Gravity\n|-fieldend|move: Psychic Terrain\n|upkeep\n|\n|t:|1746080183\n|switch|p2a: Lilligant|Lilligant-Hisui, L50, F|100/100\n|turn|6\n|\n|t:|1746080197\n|move|p2b: Elote|Protect|p2b: Elote\n|-singleturn|p2b: Elote|Protect\n|move|p1a: Ursaluna|Facade|p2a: Lilligant\n|-enditem|p2a: Lilligant|Focus Sash\n|-damage|p2a: Lilligant|1/100\n|move|p1b: Lunala|Expanding Force|p2a: Lilligant\n|-supereffective|p2a: Lilligant\n|-damage|p2a: Lilligant|0 fnt\n|faint|p2a: Lilligant\n|\n|-weather|SunnyDay|[upkeep]\n|-damage|p1a: Ursaluna|24/100 brn|[from] brn\n|upkeep\n|turn|7\n|-message|EloteYGranada forfeited.\n|\n|win|Jerm626\n||EloteYGranada is ready for game 2.\n||Jerm626 is ready for game 2.\n|uhtml|next|Next: <a href=\"/battle-gen9vgc2025regibo3-2354488581\"><strong>Game 2 of 3</strong></a>\n", "uploadtime": 1746080517, "views": 8, "formatid": "gen9vgc2025regibo3", "rating": null, "private": 0, "password": null}