{"id": "gen9vgc2025regibo3-2353673121", "format": "[Gen 9] VGC 2025 Reg I (Bo3)", "players": ["CityPopThatThang", "navicorrin"], "log": "|j|\u2606CityPopThatThang\n|j|\u2606navicorrin\n|html|<table width=\"100%\"><tr><td align=\"left\">CityPopThatThang</td><td align=\"right\">navicorrin</tr><tr><td align=\"left\"><i class=\"fa fa-circle\"></i> <i class=\"fa fa-circle-o\"></i> </td><td align=\"right\"><i class=\"fa fa-circle-o\"></i> <i class=\"fa fa-circle\"></i> </tr></table>\n|uhtml|bestof|<h2><strong>Game 3</strong> of <a href=\"/game-bestof3-gen9vgc2025regibo3-2353667818\">a best-of-3</a></h2>\n|t:|1745981831\n|gametype|doubles\n|player|p1|CityPopThatThang|guzma|1071\n|player|p2|navicorrin|caitlin|1026\n|teamsize|p1|6\n|teamsize|p2|6\n|gen|9\n|tier|[Gen 9] VGC 2025 Reg I (Bo3)\n|rated|\n|rule|Species Clause: Limit one of each Pok\u00e9mon\n|rule|Item Clause: Limit 1 of each item\n|clearpoke\n|poke|p1|Calyrex-Ice, L50|\n|poke|p1|Lunala, L50|\n|poke|p1|Indeedee-F, L50, F|\n|poke|p1|Ursaluna-Bloodmoon, L50, M|\n|poke|p1|Urshifu-*, L50, M|\n|poke|p1|Smeargle, L50, M|\n|poke|p2|Amoonguss, L50, M|\n|poke|p2|Rillaboom, L50, F|\n|poke|p2|Toxapex, L50, F|\n|poke|p2|Kyogre, L50|\n|poke|p2|Zamazenta-*, L50|\n|poke|p2|Snorlax, L50, M|\n|teampreview|4\n|showteam|p1|Calyrex-Ice||NeverMeltIce|AsOneGlastrier|GlacialLance,HighHorsepower,TrickRoom,Protect||||||50|,,,,,Fire]Lunala||PowerHerb|ShadowShield|MoongeistBeam,ExpandingForce,MeteorBeam,TrickRoom||||||50|,,,,,Water]Indeedee-F||PsychicSeed|PsychicSurge|AlluringVoice,TrickRoom,FollowMe,HealPulse|||F|||50|,,,,,Fairy]Ursaluna-Bloodmoon||LifeOrb|MindsEye|HyperVoice,EarthPower,BloodMoon,Protect|||M|||50|,,,,,Poison]Urshifu||ChoiceBand|UnseenFist|WickedBlow,CloseCombat,SuckerPunch,IronHead|||M|||50|,,,,,Grass]Smeargle||FocusSash|OwnTempo|FollowMe,FakeOut,Spore,Decorate|||M|||50|,,,,,Grass\n|showteam|p2|Amoonguss||RockyHelmet|Regenerator|PollenPuff,RagePowder,Protect,Spore|||M|||50|,,,,,Dragon]Rillaboom||AssaultVest|GrassySurge|GrassyGlide,Uturn,FakeOut,WoodHammer|||F|||50|,,,,,Water]Toxapex||CovertCloak|Regenerator|Infestation,BanefulBunker,Recover,Toxic|||F|||50|,,,,,Dark]Kyogre||MysticWater|Drizzle|WaterSpout,OriginPulse,Thunder,IceBeam||||||50|,,,,,Grass]Zamazenta-Crowned||RustedShield|DauntlessShield|WideGuard,Protect,BodyPress,behemothbash||||||50|,,,,,Water]Snorlax||AguavBerry|Gluttony|Crunch,Yawn,Protect,DoubleEdge|||M|||50|,,,,,Fairy\n|inactive|Battle timer is ON: inactive players will automatically lose when time's up. (requested by CityPopThatThang)\n|\n|t:|1745981870\n|start\n|switch|p1a: Lunala|Lunala, L50|100/100\n|switch|p1b: Urshifu|Urshifu, L50, M|100/100\n|switch|p2a: Toxapex|Toxapex, L50, F, shiny|100/100\n|switch|p2b: Kyogre|Kyogre, L50, shiny|100/100\n|-weather|RainDance|[from] ability: Drizzle|[of] p2b: Kyogre\n|turn|1\n|inactive|CityPopThatThang has 30 seconds left.\n|inactive|navicorrin has 30 seconds left.\n|inactive|CityPopThatThang has 20 seconds left.\n|inactive|CityPopThatThang has 15 seconds left.\n|inactive|navicorrin has 20 seconds left.\n|inactive|CityPopThatThang has 10 seconds left.\n|\n|t:|1745981917\n|-terastallize|p1b: Urshifu|Grass\n|-terastallize|p2a: Toxapex|Dark\n|move|p2b: Kyogre|Origin Pulse|p1a: Lunala|[spread] p1a\n|-miss|p2b: Kyogre|p1b: Urshifu\n|-damage|p1a: Lunala|72/100\n|move|p1b: Urshifu|Wicked Blow|p2b: Kyogre\n|-crit|p2b: Kyogre\n|-damage|p2b: Kyogre|0 fnt\n|faint|p2b: Kyogre\n|move|p1a: Lunala|Expanding Force|p2a: Toxapex\n|-immune|p2a: Toxapex\n|move|p2a: Toxapex|Infestation|p1a: Lunala\n|-damage|p1a: Lunala|70/100\n|-activate|p1a: Lunala|move: Infestation|[of] p2a: Toxapex\n|\n|-weather|RainDance|[upkeep]\n|-damage|p1a: Lunala|57/100|[from] move: Infestation|[partiallytrapped]\n|upkeep\n|\n|t:|1745981938\n|switch|p2b: Zamazenta|Zamazenta-Crowned, L50|100/100\n|-ability|p2b: Zamazenta|Dauntless Shield|boost\n|-boost|p2b: Zamazenta|def|1\n|turn|2\n|\n|t:|1745981956\n|switch|p1b: Indeedee|Indeedee-F, L50, F|100/100\n|-fieldstart|move: Psychic Terrain|[from] ability: Psychic Surge|[of] p1b: Indeedee\n|-enditem|p1b: Indeedee|Psychic Seed\n|-boost|p1b: Indeedee|spd|1|[from] item: Psychic Seed\n|switch|p1a: Calyrex|Calyrex-Ice, L50|100/100\n|-ability|p1a: Calyrex|As One\n|-ability|p1a: Calyrex|Unnerve\n|switch|p2a: Amoonguss|Amoonguss, L50, M, shiny|100/100\n|move|p2b: Zamazenta|Body Press|p1b: Indeedee\n|-damage|p1b: Indeedee|40/100\n|\n|-weather|RainDance|[upkeep]\n|upkeep\n|turn|3\n|inactive|navicorrin has 30 seconds left.\n|\n|t:|1745981983\n|switch|p1a: Lunala|Lunala, L50|57/100\n|move|p2b: Zamazenta|Body Press|p1b: Indeedee\n|-damage|p1b: Indeedee|0 fnt\n|faint|p1b: Indeedee\n|move|p2a: Amoonguss|Spore|p1a: Lunala\n|-status|p1a: Lunala|slp|[from] move: Spore\n|\n|-weather|RainDance|[upkeep]\n|upkeep\n|\n|t:|1745981989\n|switch|p1b: Calyrex|Calyrex-Ice, L50|100/100\n|-ability|p1b: Calyrex|As One\n|-ability|p1b: Calyrex|Unnerve\n|turn|4\n|\n|t:|1745981998\n|move|p2b: Zamazenta|Behemoth Bash|p1b: Calyrex\n|-supereffective|p1b: Calyrex\n|-damage|p1b: Calyrex|45/100\n|cant|p1a: Lunala|slp\n|move|p2a: Amoonguss|Spore|p1b: Calyrex\n|-status|p1b: Calyrex|slp|[from] move: Spore\n|cant|p1b: Calyrex|slp\n|\n|-weather|RainDance|[upkeep]\n|upkeep\n|turn|5\n|\n|t:|1745982014\n|-curestatus|p1b: Calyrex|slp|[msg]\n|move|p1b: Calyrex|Protect|p1b: Calyrex\n|-singleturn|p1b: Calyrex|Protect\n|move|p2b: Zamazenta|Behemoth Bash|p1a: Lunala\n|-damage|p1a: Lunala|25/100 slp\n|move|p2a: Amoonguss|Pollen Puff|p1b: Calyrex\n|-activate|p1b: Calyrex|move: Protect\n|cant|p1a: Lunala|slp\n|\n|-weather|none\n|upkeep\n|turn|6\n|inactive|CityPopThatThang has 30 seconds left.\n|\n|t:|1745982044\n|switch|p1a: Urshifu|Urshifu, L50, M, tera:Grass|100/100\n|move|p2b: Zamazenta|Behemoth Bash|p1a: Urshifu\n|-damage|p1a: Urshifu|63/100\n|move|p2a: Amoonguss|Spore|p1b: Calyrex\n|-status|p1b: Calyrex|slp|[from] move: Spore\n|cant|p1b: Calyrex|slp\n|\n|-fieldend|move: Psychic Terrain\n|upkeep\n|turn|7\n|\n|t:|1745982060\n|move|p2a: Amoonguss|Rage Powder|p2a: Amoonguss\n|-singleturn|p2a: Amoonguss|move: Rage Powder\n|move|p2b: Zamazenta|Body Press|p1a: Urshifu\n|-damage|p1a: Urshifu|0 fnt\n|faint|p1a: Urshifu\n|cant|p1b: Calyrex|slp\n|\n|upkeep\n|\n|t:|1745982068\n|switch|p1a: Lunala|Lunala, L50|25/100 slp\n|turn|8\n|\n|t:|1745982077\n|move|p2b: Zamazenta|Behemoth Bash|p1a: Lunala\n|-damage|p1a: Lunala|0 fnt\n|faint|p1a: Lunala\n|move|p2a: Amoonguss|Spore|p1b: Calyrex\n|-fail|p1b: Calyrex|slp\n|-curestatus|p1b: Calyrex|slp|[msg]\n|move|p1b: Calyrex|Trick Room|p1b: Calyrex\n|-fieldstart|move: Trick Room|[of] p1b: Calyrex\n|\n|upkeep\n|turn|9\n|\n|t:|1745982086\n|move|p2a: Amoonguss|Protect|p2a: Amoonguss\n|-singleturn|p2a: Amoonguss|Protect\n|move|p1b: Calyrex|High Horsepower|p2b: Zamazenta\n|-supereffective|p2b: Zamazenta\n|-damage|p2b: Zamazenta|65/100\n|move|p2b: Zamazenta|Behemoth Bash|p1b: Calyrex\n|-supereffective|p1b: Calyrex\n|-damage|p1b: Calyrex|0 fnt\n|faint|p1b: Calyrex\n|\n|win|navicorrin\n|raw|CityPopThatThang's rating: 1071 &rarr; <strong>1048</strong><br />(-23 for losing)\n|raw|navicorrin's rating: 1026 &rarr; <strong>1067</strong><br />(+41 for winning)\n|c|\u2606CityPopThatThang|gg\n|c|\u2606navicorrin|gg\n|l|\u2606navicorrin\n|player|p2|\n", "uploadtime": 1745982115, "views": 13, "formatid": "gen9vgc2025regibo3", "rating": 1048, "private": 0, "password": null}