{"id": "gen9vgc2025regibo3-2353957445", "format": "[Gen 9] VGC 2025 Reg I (Bo3)", "players": ["negative gamer", "BtheMan"], "log": "|j|\u2606negative gamer\n|j|\u2606BtheMan\n|html|<table width=\"100%\"><tr><td align=\"left\">negative gamer</td><td align=\"right\">BtheMan</tr><tr><td align=\"left\"><i class=\"fa fa-circle\"></i> <i class=\"fa fa-circle-o\"></i> </td><td align=\"right\"><i class=\"fa fa-circle-o\"></i> <i class=\"fa fa-circle\"></i> </tr></table>\n|uhtml|bestof|<h2><strong>Game 3</strong> of <a href=\"/game-bestof3-gen9vgc2025regibo3-2353953192\">a best-of-3</a></h2>\n|t:|1746022545\n|gametype|doubles\n|player|p1|negative gamer|karen|1224\n|player|p2|BtheMan|fisherman|1116\n|teamsize|p1|6\n|teamsize|p2|6\n|gen|9\n|tier|[Gen 9] VGC 2025 Reg I (Bo3)\n|rated|\n|rule|Species Clause: Limit one of each Pok\u00e9mon\n|rule|Item Clause: Limit 1 of each item\n|clearpoke\n|poke|p1|Calyrex-Ice, L50|\n|poke|p1|Miraidon, L50|\n|poke|p1|Iron Bundle, L50|\n|poke|p1|Iron Hands, L50|\n|poke|p1|Grimmsnarl, L50, M|\n|poke|p1|Ogerpon-Cornerstone, L50, F|\n|poke|p2|Whimsicott, L50, M|\n|poke|p2|Miraidon, L50|\n|poke|p2|Lunala, L50|\n|poke|p2|Iron Hands, L50|\n|poke|p2|Chi-Yu, L50|\n|poke|p2|Urshifu-*, L50, M|\n|teampreview|4\n|showteam|p1|Calyrex-Ice||ClearAmulet|AsOneGlastrier|GlacialLance,HighHorsepower,TrickRoom,Protect||||||50|,,,,,Fire]Miraidon||ChoiceSpecs|HadronEngine|ElectroDrift,DazzlingGleam,VoltSwitch,DracoMeteor||||||50|,,,,,Fairy]Iron Bundle||FocusSash|QuarkDrive|FreezeDry,IcyWind,Encore,Protect||||||50|,,,,,Ghost]Iron Hands||AssaultVest|QuarkDrive|FakeOut,LowKick,WildCharge,DrainPunch||||||50|,,,,,Water]Grimmsnarl||LightClay|Prankster|LightScreen,Reflect,SpiritBreak,FoulPlay|||M|||50|,,,,,Ghost]Ogerpon-Cornerstone||CornerstoneMask|Sturdy|HornLeech,IvyCudgel,SpikyShield,FollowMe|||F|||50|,,,,,Rock\n|showteam|p2|Whimsicott||CovertCloak|Prankster|Moonblast,Tailwind,Encore,LightScreen|||M|||50|,,,,,Dark]Miraidon||ChoiceSpecs|HadronEngine|ElectroDrift,VoltSwitch,DracoMeteor,DazzlingGleam||||||50|,,,,,Fairy]Lunala||ElectricSeed|ShadowShield|MoongeistBeam,Psyshock,TrickRoom,WideGuard||||||50|,,,,,Water]Iron Hands||AssaultVest|QuarkDrive|DrainPunch,LowKick,HeavySlam,FakeOut||||||50|,,,,,Water]Chi-Yu||ChoiceScarf|BeadsofRuin|HeatWave,DarkPulse,Overheat,Snarl||||||50|,,,,,Ghost]Urshifu-Rapid-Strike||FocusSash|UnseenFist|SurgingStrikes,CloseCombat,AquaJet,Protect|||M|||50|,,,,,Stellar\n|inactive|Battle timer is ON: inactive players will automatically lose when time's up. (requested by BtheMan)\n|\n|t:|1746022570\n|start\n|switch|p1a: Miraidon|Miraidon, L50|100/100\n|switch|p1b: Iron Hands|Iron Hands, L50|100/100\n|switch|p2a: Whimsicott|Whimsicott, L50, M|100/100\n|switch|p2b: Chi-Yu|Chi-Yu, L50|100/100\n|-ability|p2b: Chi-Yu|Beads of Ruin\n|-fieldstart|move: Electric Terrain|[from] ability: Hadron Engine|[of] p1a: Miraidon\n|-activate|p1b: Iron Hands|ability: Quark Drive\n|-start|p1b: Iron Hands|quarkdriveatk\n|turn|1\n|inactive|negative gamer has 30 seconds left.\n|inactive|BtheMan has 30 seconds left.\n|inactive|negative gamer has 20 seconds left.\n|\n|t:|1746022607\n|-terastallize|p2b: Chi-Yu|Ghost\n|move|p2a: Whimsicott|Light Screen|p2a: Whimsicott\n|-sidestart|p2: BtheMan|move: Light Screen\n|move|p2b: Chi-Yu|Snarl|p1a: Miraidon|[spread] p1a,p1b\n|-resisted|p1b: Iron Hands\n|-damage|p1a: Miraidon|74/100\n|-damage|p1b: Iron Hands|91/100\n|-unboost|p1a: Miraidon|spa|1\n|-unboost|p1b: Iron Hands|spa|1\n|move|p1a: Miraidon|Volt Switch|p2b: Chi-Yu\n|-damage|p2b: Chi-Yu|44/100\n|\n|t:|1746022619\n|switch|p1a: Grimmsnarl|Grimmsnarl, L50, M|100/100|[from] Volt Switch\n|move|p1b: Iron Hands|Drain Punch|p2b: Chi-Yu\n|-immune|p2b: Chi-Yu\n|\n|upkeep\n|turn|2\n|inactive|negative gamer has 30 seconds left.\n|\n|t:|1746022654\n|switch|p2b: Miraidon|Miraidon, L50|100/100\n|-activate|p2b: Miraidon|ability: Hadron Engine\n|move|p1a: Grimmsnarl|Light Screen|p1a: Grimmsnarl\n|-sidestart|p1: negative gamer|move: Light Screen\n|move|p2a: Whimsicott|Moonblast|p1b: Iron Hands\n|-supereffective|p1b: Iron Hands\n|-damage|p1b: Iron Hands|74/100\n|move|p1b: Iron Hands|Wild Charge|p2a: Whimsicott\n|-resisted|p2a: Whimsicott\n|-damage|p2a: Whimsicott|48/100\n|-damage|p1b: Iron Hands|64/100|[from] Recoil\n|\n|upkeep\n|turn|3\n|\n|t:|1746022678\n|move|p2b: Miraidon|Dazzling Gleam|p1a: Grimmsnarl|[spread] p1a,p1b\n|-supereffective|p1a: Grimmsnarl\n|-supereffective|p1b: Iron Hands\n|-damage|p1a: Grimmsnarl|51/100\n|-damage|p1b: Iron Hands|37/100\n|move|p2a: Whimsicott|Moonblast|p1b: Iron Hands\n|-supereffective|p1b: Iron Hands\n|-damage|p1b: Iron Hands|19/100\n|-unboost|p1b: Iron Hands|spa|1\n|move|p1a: Grimmsnarl|Spirit Break|p2b: Miraidon\n|-supereffective|p2b: Miraidon\n|-damage|p2b: Miraidon|43/100\n|-unboost|p2b: Miraidon|spa|1\n|move|p1b: Iron Hands|Wild Charge|p2b: Miraidon\n|-resisted|p2b: Miraidon\n|-damage|p2b: Miraidon|22/100\n|-damage|p1b: Iron Hands|14/100|[from] Recoil\n|\n|upkeep\n|turn|4\n|inactive|negative gamer has 30 seconds left.\n|\n|t:|1746022706\n|move|p2b: Miraidon|Dazzling Gleam|p1b: Iron Hands|[spread] p1a,p1b\n|-supereffective|p1a: Grimmsnarl\n|-crit|p1a: Grimmsnarl\n|-supereffective|p1b: Iron Hands\n|-damage|p1a: Grimmsnarl|0 fnt\n|-damage|p1b: Iron Hands|0 fnt\n|faint|p1a: Grimmsnarl\n|faint|p1b: Iron Hands\n|-end|p1b: Iron Hands|Quark Drive|[silent]\n|move|p2a: Whimsicott|Moonblast|p1: Grimmsnarl|[notarget]\n|-fail|p2a: Whimsicott\n|\n|upkeep\n|\n|t:|1746022712\n|switch|p1a: Calyrex|Calyrex-Ice, L50|100/100\n|switch|p1b: Miraidon|Miraidon, L50|74/100\n|-ability|p1a: Calyrex|As One\n|-ability|p1a: Calyrex|Unnerve\n|-activate|p1b: Miraidon|ability: Hadron Engine\n|turn|5\n|\n|t:|1746022737\n|-terastallize|p1b: Miraidon|Fairy\n|move|p2b: Miraidon|Dazzling Gleam|p1a: Calyrex|[spread] p1a,p1b\n|-damage|p1a: Calyrex|91/100\n|-damage|p1b: Miraidon|59/100\n|move|p1b: Miraidon|Electro Drift|p2a: Whimsicott\n|-resisted|p2a: Whimsicott\n|-damage|p2a: Whimsicott|0 fnt\n|faint|p2a: Whimsicott\n|move|p1a: Calyrex|Glacial Lance|p2b: Miraidon\n|-supereffective|p2b: Miraidon\n|-damage|p2b: Miraidon|0 fnt\n|faint|p2b: Miraidon\n|-ability|p1a: Calyrex|Chilling Neigh|boost\n|-boost|p1a: Calyrex|atk|1\n|\n|-sideend|p2: BtheMan|move: Light Screen\n|-fieldend|move: Electric Terrain\n|upkeep\n|\n|t:|1746022752\n|switch|p2b: Lunala|Lunala, L50|100/100\n|switch|p2a: Chi-Yu|Chi-Yu, L50, tera:Ghost|44/100\n|-ability|p2a: Chi-Yu|Beads of Ruin\n|turn|6\n|inactive|BtheMan has 30 seconds left.\n|\n|t:|1746022778\n|move|p1a: Calyrex|Protect|p1a: Calyrex\n|-singleturn|p1a: Calyrex|Protect\n|move|p2a: Chi-Yu|Overheat|p1a: Calyrex\n|-activate|p1a: Calyrex|move: Protect\n|move|p1b: Miraidon|Electro Drift|p2a: Chi-Yu\n|-damage|p2a: Chi-Yu|0 fnt\n|faint|p2a: Chi-Yu\n|move|p2b: Lunala|Moongeist Beam|p1b: Miraidon\n|-damage|p1b: Miraidon|22/100\n|\n|upkeep\n|turn|7\n|\n|t:|1746022792\n|move|p1b: Miraidon|Electro Drift|p2b: Lunala\n|-damage|p2b: Lunala|70/100\n|move|p2b: Lunala|Moongeist Beam|p1b: Miraidon\n|-damage|p1b: Miraidon|0 fnt\n|faint|p1b: Miraidon\n|move|p1a: Calyrex|Glacial Lance|p2b: Lunala\n|-damage|p2b: Lunala|0 fnt\n|faint|p2b: Lunala\n|\n|win|negative gamer\n|raw|negative gamer's rating: 1224 &rarr; <strong>1241</strong><br />(+17 for winning)\n|raw|BtheMan's rating: 1116 &rarr; <strong>1099</strong><br />(-17 for losing)\n|l|\u2606negative gamer\n|player|p1|\n", "uploadtime": 1746022842, "views": 10, "formatid": "gen9vgc2025regibo3", "rating": 1099, "private": 0, "password": null}