{"id": "gen9vgc2025regibo3-2353967490", "format": "[Gen 9] VGC 2025 Reg I (Bo3)", "players": ["guerravictor", "Googie06"], "log": "|j|\u2606guerravictor\n|j|\u2606Googie06\n|html|<table width=\"100%\"><tr><td align=\"left\">guerravictor</td><td align=\"right\">Googie06</tr><tr><td align=\"left\"><i class=\"fa fa-circle-o\"></i> <i class=\"fa fa-circle-o\"></i> </td><td align=\"right\"><i class=\"fa fa-circle-o\"></i> <i class=\"fa fa-circle-o\"></i> </tr></table>\n|uhtml|bestof|<h2><strong>Game 1</strong> of <a href=\"/game-bestof3-gen9vgc2025regibo3-2353967489\">a best-of-3</a></h2>\n|t:|1746023451\n|gametype|doubles\n|player|p1|guerravictor|supernerd|1110\n|player|p2|Googie06|clay|1097\n|teamsize|p1|6\n|teamsize|p2|6\n|gen|9\n|tier|[Gen 9] VGC 2025 Reg I (Bo3)\n|rated|\n|rule|Species Clause: Limit one of each Pok\u00e9mon\n|rule|Item Clause: Limit 1 of each item\n|clearpoke\n|poke|p1|Terapagos, L50, M|\n|poke|p1|Lugia, L50|\n|poke|p1|Comfey, L50, M|\n|poke|p1|Rillaboom, L50, M|\n|poke|p1|Grimmsnarl, L50, M|\n|poke|p1|Muk-Alola, L50, M|\n|poke|p2|Calyrex-Ice, L50|\n|poke|p2|Lunala, L50|\n|poke|p2|Smeargle, L50, M|\n|poke|p2|Indeedee-F, L50, F|\n|poke|p2|Iron Hands, L50|\n|poke|p2|Ogerpon-Wellspring, L50, F|\n|teampreview|4\n|showteam|p1|Terapagos||Leftovers|TeraShift|TeraStarstorm,EarthPower,CalmMind,Protect|||M|||50|,,,,,Stellar]Lugia||CovertCloak|Multiscale|Aeroblast,EarthPower,PsychUp,Protect||||||50|,,,,,Fairy]Comfey||SitrusBerry|Triage|FloralHealing,TrickRoom,DrainingKiss,PsychUp|||M|||50|,,,,,Water]Rillaboom||AssaultVest|GrassySurge|WoodHammer,GrassyGlide,FakeOut,Uturn|||M|||50|,,,,,Fire]Grimmsnarl||LightClay|Prankster|Reflect,LightScreen,FoulPlay,ThunderWave|||M|||50|,,,,,Ghost]Muk-Alola||FigyBerry|PowerofAlchemy|KnockOff,Toxic,Minimize,Recycle|||M|||50|,,,,,Poison\n|showteam|p2|Calyrex-Ice||ClearAmulet|AsOneGlastrier|GlacialLance,HighHorsepower,TrickRoom,Protect||||||50|,,,,,Water]Lunala||SafetyGoggles|ShadowShield|MoongeistBeam,Moonblast,TrickRoom,WideGuard||||||50|,,,,,Fairy]Smeargle||FocusSash|Technician|Spore,Decorate,FollowMe,FakeOut|||M|||50|,,,,,Ghost]Indeedee-F||PsychicSeed|PsychicSurge|AlluringVoice,FollowMe,HelpingHand,TrickRoom|||F|||50|,,,,,Grass]Iron Hands||AssaultVest|QuarkDrive|WildCharge,DrainPunch,LowKick,FakeOut||||||50|,,,,,Water]Ogerpon-Wellspring||WellspringMask|WaterAbsorb|IvyCudgel,WoodHammer,Taunt,FollowMe|||F|||50|,,,,,Water\n|inactive|Battle timer is ON: inactive players will automatically lose when time's up. (requested by guerravictor)\n|inactive|Googie06 has 60 seconds left.\n|\n|t:|1746023483\n|start\n|switch|p1a: Grimmsnarl|Grimmsnarl, L50, M, shiny|100/100\n|switch|p1b: Terapagos|Terapagos, L50, M|100/100\n|switch|p2a: Calyrex|Calyrex-Ice, L50|100/100\n|switch|p2b: Iron Hands|Iron Hands, L50|100/100\n|-activate|p1b: Terapagos|ability: Tera Shift\n|detailschange|p1b: Terapagos|Terapagos-Terastal, L50, M\n|-heal|p1b: Terapagos|100/100|[silent]\n|-ability|p2a: Calyrex|As One\n|-ability|p2a: Calyrex|Unnerve\n|turn|1\n|inactive|guerravictor has 30 seconds left.\n|inactive|Googie06 has 30 seconds left.\n|\n|t:|1746023511\n|move|p2b: Iron Hands|Fake Out|p1a: Grimmsnarl\n|-damage|p1a: Grimmsnarl|83/100\n|move|p1b: Terapagos|Calm Mind|p1b: Terapagos\n|-boost|p1b: Terapagos|spa|1\n|-boost|p1b: Terapagos|spd|1\n|cant|p1a: Grimmsnarl|flinch\n|move|p2a: Calyrex|Trick Room|p2a: Calyrex\n|-fieldstart|move: Trick Room|[of] p2a: Calyrex\n|\n|upkeep\n|turn|2\n|\n|t:|1746023531\n|move|p1a: Grimmsnarl|Reflect|p1a: Grimmsnarl\n|-sidestart|p1: guerravictor|Reflect\n|move|p2b: Iron Hands|Drain Punch|p1b: Terapagos\n|-activate|p1b: Terapagos|ability: Tera Shell\n|-resisted|p1b: Terapagos\n|-damage|p1b: Terapagos|90/100\n|move|p2a: Calyrex|Glacial Lance|p1b: Terapagos|[spread] p1a,p1b\n|-damage|p1a: Grimmsnarl|45/100\n|-damage|p1b: Terapagos|66/100\n|move|p1b: Terapagos|Calm Mind|p1b: Terapagos\n|-boost|p1b: Terapagos|spa|1\n|-boost|p1b: Terapagos|spd|1\n|\n|-heal|p1b: Terapagos|72/100|[from] item: Leftovers\n|upkeep\n|turn|3\n|inactive|guerravictor has 30 seconds left.\n|\n|t:|1746023560\n|move|p1b: Terapagos|Protect|p1b: Terapagos\n|-singleturn|p1b: Terapagos|Protect\n|move|p2a: Calyrex|Glacial Lance|p1a: Grimmsnarl|[spread] p1a\n|-activate|p1b: Terapagos|move: Protect\n|-damage|p1a: Grimmsnarl|2/100\n|move|p2b: Iron Hands|Drain Punch|p1b: Terapagos\n|-activate|p1b: Terapagos|move: Protect\n|move|p1a: Grimmsnarl|Foul Play|p2a: Calyrex\n|-supereffective|p2a: Calyrex\n|-damage|p2a: Calyrex|30/100\n|\n|-heal|p1b: Terapagos|78/100|[from] item: Leftovers\n|upkeep\n|turn|4\n|inactive|guerravictor has 30 seconds left.\n|\n|t:|1746023588\n|-terastallize|p1b: Terapagos|Stellar\n|detailschange|p1b: Terapagos|Terapagos-Stellar, L50, M, tera:Stellar\n|-heal|p1b: Terapagos|84/100|[silent]\n|move|p1a: Grimmsnarl|Light Screen|p1a: Grimmsnarl\n|-sidestart|p1: guerravictor|move: Light Screen\n|move|p2a: Calyrex|Glacial Lance|p1a: Grimmsnarl|[spread] p1a,p1b\n|-damage|p1a: Grimmsnarl|0 fnt\n|-damage|p1b: Terapagos|64/100\n|faint|p1a: Grimmsnarl\n|-ability|p2a: Calyrex|Chilling Neigh|boost\n|-boost|p2a: Calyrex|atk|1\n|move|p2b: Iron Hands|Drain Punch|p1b: Terapagos\n|-supereffective|p1b: Terapagos\n|-crit|p1b: Terapagos\n|-damage|p1b: Terapagos|0 fnt\n|faint|p1b: Terapagos\n|\n|upkeep\n|\n|t:|1746023602\n|switch|p1a: Lugia|Lugia, L50, shiny|100/100\n|switch|p1b: Comfey|Comfey, L50, M, shiny|100/100\n|turn|5\n|\n|t:|1746023625\n|move|p1b: Comfey|Floral Healing|p2b: Iron Hands\n|-fail|p2b: Iron Hands|heal\n|move|p2a: Calyrex|Glacial Lance|p1a: Lugia|[spread] p1a,p1b\n|-supereffective|p1a: Lugia\n|-damage|p1a: Lugia|67/100\n|-damage|p1b: Comfey|40/100\n|move|p2b: Iron Hands|Wild Charge|p1a: Lugia\n|-supereffective|p1a: Lugia\n|-damage|p1a: Lugia|24/100\n|-damage|p2b: Iron Hands|91/100|[from] Recoil\n|move|p1a: Lugia|Earth Power|p2b: Iron Hands\n|-supereffective|p2b: Iron Hands\n|-damage|p2b: Iron Hands|62/100\n|\n|-fieldend|move: Trick Room\n|upkeep\n|turn|6\n|inactive|guerravictor has 30 seconds left.\n|\n|t:|1746023651\n|move|p1b: Comfey|Draining Kiss|p2b: Iron Hands\n|-supereffective|p2b: Iron Hands\n|-damage|p2b: Iron Hands|44/100\n|-heal|p1b: Comfey|62/100|[from] drain|[of] p2b: Iron Hands\n|move|p1a: Lugia|Aeroblast|p2b: Iron Hands\n|-damage|p2b: Iron Hands|23/100\n|move|p2b: Iron Hands|Wild Charge|p1a: Lugia\n|-supereffective|p1a: Lugia\n|-damage|p1a: Lugia|0 fnt\n|faint|p1a: Lugia\n|-damage|p2b: Iron Hands|17/100|[from] Recoil\n|move|p2a: Calyrex|Trick Room|p2a: Calyrex\n|-fieldstart|move: Trick Room|[of] p2a: Calyrex\n|\n|upkeep\n|turn|7\n|\n|t:|1746023669\n|move|p1b: Comfey|Draining Kiss|p2b: Iron Hands\n|-supereffective|p2b: Iron Hands\n|-damage|p2b: Iron Hands|0 fnt\n|-heal|p1b: Comfey|82/100|[from] drain|[of] p2b: Iron Hands\n|faint|p2b: Iron Hands\n|-end|p2b: Iron Hands|Quark Drive|[silent]\n|move|p2a: Calyrex|Glacial Lance|p1b: Comfey\n|-damage|p1b: Comfey|0 fnt\n|faint|p1b: Comfey\n|\n|win|Googie06\n||guerravictor is ready for game 2.\n|inactive|Googie06 has 30 seconds to confirm battle start!\n||Googie06 is ready for game 2.\n|uhtml|next|Next: <a href=\"/battle-gen9vgc2025regibo3-2353970081\"><strong>Game 2 of 3</strong></a>\n", "uploadtime": 1746024061, "views": 22, "formatid": "gen9vgc2025regibo3", "rating": null, "private": 0, "password": null}