{"id": "gen9vgc2025regibo3-2354598424", "format": "[Gen 9] VGC 2025 Reg I (Bo3)", "players": ["TCM Zaukepoo", "blaisenova1"], "log": "|j|\u2606TCM Zaukepoo\n|j|\u2606blaisenova1\n|html|<table width=\"100%\"><tr><td align=\"left\">TCM Zaukepoo</td><td align=\"right\">blaisenova1</tr><tr><td align=\"left\"><i class=\"fa fa-circle-o\"></i> <i class=\"fa fa-circle-o\"></i> </td><td align=\"right\"><i class=\"fa fa-circle-o\"></i> <i class=\"fa fa-circle-o\"></i> </tr></table>\n|uhtml|bestof|<h2><strong>Game 1</strong> of <a href=\"/game-bestof3-gen9vgc2025regibo3-2354598423\">a best-of-3</a></h2>\n|t:|1746100842\n|gametype|doubles\n|player|p1|TCM Zaukepoo|266|1115\n|player|p2|blaisenova1|265|1083\n|teamsize|p1|6\n|teamsize|p2|6\n|gen|9\n|tier|[Gen 9] VGC 2025 Reg I (Bo3)\n|rated|\n|rule|Species Clause: Limit one of each Pok\u00e9mon\n|rule|Item Clause: Limit 1 of each item\n|clearpoke\n|poke|p1|Smeargle, L50, F|\n|poke|p1|Calyrex-Ice, L50|\n|poke|p1|Zamazenta-*, L50|\n|poke|p1|Roaring Moon, L50|\n|poke|p1|Rillaboom, L50, F|\n|poke|p1|Muk-Alola, L50, F|\n|poke|p2|Koraidon, L50|\n|poke|p2|Scovillain, L50, F|\n|poke|p2|Groudon, L50|\n|poke|p2|Flutter Mane, L50|\n|poke|p2|Gothitelle, L50, M|\n|poke|p2|Scream Tail, L50|\n|teampreview|4\n|showteam|p1|Smeargle||FocusSash|Moody|FakeOut,FollowMe,Decorate,Spore|||F|||50|,,,,,Ghost]Calyrex-Ice||ClearAmulet|AsOneGlastrier|GlacialLance,HighHorsepower,TrickRoom,Protect||||||50|,,,,,Water]Zamazenta-Crowned||RustedShield|DauntlessShield|BodyPress,IronDefense,Crunch,Protect||||||50|,,,,,Dragon]Roaring Moon||BoosterEnergy|Protosynthesis|Tailwind,Taunt,KnockOff,Protect||||||50|,,,,,Ghost]Rillaboom||AssaultVest|GrassySurge|FakeOut,GrassyGlide,WoodHammer,KnockOff|||F|||50|,,,,,Fire]Muk-Alola||Leftovers|PowerofAlchemy|KnockOff,Toxic,Minimize,Protect|||F|||50|,,,,,Water\n|showteam|p2|Koraidon||ClearAmulet|OrichalcumPulse|CollisionCourse,FlareBlitz,FlameCharge,Protect||||||50|,,,,,Fire]Scovillain||CovertCloak|Chlorophyll|Overheat,SpicyExtract,WillOWisp,ScaryFace|||F|||50|,,,,,Fire]Groudon||AssaultVest|Drought|PrecipiceBlades,HighHorsepower,RockSlide,HeatCrash||||||50|,,,,,Water]Flutter Mane||FocusSash|Protosynthesis|Moonblast,ShadowBall,IcyWind,Protect||||||50|,,,,,Fairy]Gothitelle||SitrusBerry|ShadowTag|FakeOut,Taunt,FoulPlay,Protect|||M|||50|,,,,,Fairy]Scream Tail||BoosterEnergy|Protosynthesis|PerishSong,Encore,Disable,Protect||||||50|,,,,,Dark\n|inactive|Battle timer is ON: inactive players will automatically lose when time's up. (requested by TCM Zaukepoo)\n|inactive|blaisenova1 has 60 seconds left.\n|\n|t:|1746100887\n|start\n|switch|p1a: Roaring Moon|Roaring Moon, L50|100/100\n|switch|p1b: Zamazenta|Zamazenta-Crowned, L50|100/100\n|switch|p2a: Koraidon|Koraidon, L50|100/100\n|switch|p2b: Scovillain|Scovillain, L50, F|100/100\n|-ability|p1b: Zamazenta|Dauntless Shield|boost\n|-boost|p1b: Zamazenta|def|1\n|-weather|SunnyDay|[from] ability: Orichalcum Pulse|[of] p2a: Koraidon\n|-activate|p1a: Roaring Moon|ability: Protosynthesis\n|-start|p1a: Roaring Moon|protosynthesisspe\n|-activate|p2a: Koraidon|Orichalcum Pulse|[source]\n|turn|1\n|inactive|blaisenova1 has 30 seconds left.\n|\n|t:|1746100917\n|-terastallize|p1b: Zamazenta|Dragon\n|move|p1a: Roaring Moon|Taunt|p2b: Scovillain\n|-start|p2b: Scovillain|move: Taunt\n|cant|p2b: Scovillain|move: Taunt|Spicy Extract\n|move|p2a: Koraidon|Collision Course|p1b: Zamazenta\n|-damage|p1b: Zamazenta|73/100\n|move|p1b: Zamazenta|Iron Defense|p1b: Zamazenta\n|-boost|p1b: Zamazenta|def|2\n|\n|-weather|SunnyDay|[upkeep]\n|upkeep\n|turn|2\n|\n|t:|1746100937\n|switch|p2b: Scream Tail|Scream Tail, L50|100/100\n|-activate|p2b: Scream Tail|ability: Protosynthesis\n|-start|p2b: Scream Tail|protosynthesisspe\n|switch|p2a: Gothitelle|Gothitelle, L50, M|100/100\n|move|p1a: Roaring Moon|Tailwind|p1a: Roaring Moon\n|-sidestart|p1: TCM Zaukepoo|move: Tailwind\n|move|p1b: Zamazenta|Body Press|p2a: Gothitelle\n|-resisted|p2a: Gothitelle\n|-damage|p2a: Gothitelle|41/100\n|-enditem|p2a: Gothitelle|Sitrus Berry|[eat]\n|-heal|p2a: Gothitelle|66/100|[from] item: Sitrus Berry\n|\n|-weather|SunnyDay|[upkeep]\n|upkeep\n|turn|3\n|c|\u2606TCM Zaukepoo|!data spicy extract\n|raw|<ul class=\"utilichart\"><li class=\"result\"><span class=\"col movenamecol\"><a href=\"https://dex.pokemonshowdown.com/moves/spicyextract\">Spicy Extract</a></span> <span class=\"col typecol\"><img src=\"//play.pokemonshowdown.com/sprites/types/Grass.png\" alt=\"Grass\" width=\"32\" height=\"14\"><img src=\"//play.pokemonshowdown.com/sprites/categories/Status.png\" alt=\"Status\" width=\"32\" height=\"14\"></span> <span class=\"col widelabelcol\"><em>Accuracy</em><br>\u2014</span> <span class=\"col pplabelcol\"><em>PP</em><br>24</span> <span class=\"col movedesccol\">Raises target's Atk by 2 and lowers its Def by 2.</span> </li><li style=\"clear:both\"></li></ul>\n\n|inactive|TCM Zaukepoo has 30 seconds left.\n|\n|t:|1746100965\n|-terastallize|p2a: Gothitelle|Fairy\n|move|p2a: Gothitelle|Fake Out|p1a: Roaring Moon\n|-damage|p1a: Roaring Moon|95/100\n|cant|p1a: Roaring Moon|flinch\n|move|p1b: Zamazenta|Body Press|p2a: Gothitelle\n|-resisted|p2a: Gothitelle\n|-damage|p2a: Gothitelle|6/100\n|move|p2b: Scream Tail|Perish Song|p2b: Scream Tail\n|-start|p1a: Roaring Moon|perish3|[silent]\n|-start|p1b: Zamazenta|perish3|[silent]\n|-start|p2a: Gothitelle|perish3|[silent]\n|-start|p2b: Scream Tail|perish3|[silent]\n|-fieldactivate|move: Perish Song\n|\n|-weather|SunnyDay|[upkeep]\n|-start|p1a: Roaring Moon|perish3\n|-start|p1b: Zamazenta|perish3\n|-start|p2b: Scream Tail|perish3\n|-start|p2a: Gothitelle|perish3\n|upkeep\n|turn|4\n|inactive|blaisenova1 has 30 seconds left.\n|\n|t:|1746100998\n|move|p2a: Gothitelle|Protect|p2a: Gothitelle\n|-singleturn|p2a: Gothitelle|Protect\n|move|p1a: Roaring Moon|Taunt|p2b: Scream Tail\n|-start|p2b: Scream Tail|move: Taunt\n|move|p1b: Zamazenta|Body Press|p2b: Scream Tail\n|-resisted|p2b: Scream Tail\n|-damage|p2b: Scream Tail|78/100\n|cant|p2b: Scream Tail|move: Taunt|Disable\n|\n|-weather|SunnyDay|[upkeep]\n|-start|p1a: Roaring Moon|perish2\n|-start|p1b: Zamazenta|perish2\n|-start|p2b: Scream Tail|perish2\n|-start|p2a: Gothitelle|perish2\n|upkeep\n|turn|5\n|\n|t:|1746101014\n|-end|p2b: Scream Tail|Protosynthesis|[silent]\n|switch|p2b: Scovillain|Scovillain, L50, F|100/100\n|switch|p2a: Koraidon|Koraidon, L50|100/100\n|-activate|p2a: Koraidon|ability: Orichalcum Pulse\n|move|p1a: Roaring Moon|Knock Off|p2a: Koraidon\n|-resisted|p2a: Koraidon\n|-damage|p2a: Koraidon|84/100\n|-enditem|p2a: Koraidon|Clear Amulet|[from] move: Knock Off|[of] p1a: Roaring Moon\n|move|p1b: Zamazenta|Body Press|p2a: Koraidon\n|-damage|p2a: Koraidon|0 fnt\n|faint|p2a: Koraidon\n|\n|-weather|none\n|-end|p1a: Roaring Moon|Protosynthesis\n|-start|p1a: Roaring Moon|perish1\n|-start|p1b: Zamazenta|perish1\n|-sideend|p1: TCM Zaukepoo|move: Tailwind\n|upkeep\n|-enditem|p1a: Roaring Moon|Booster Energy\n|-activate|p1a: Roaring Moon|ability: Protosynthesis|[fromitem]\n|-start|p1a: Roaring Moon|protosynthesisspe\n|\n|t:|1746101016\n|switch|p2a: Gothitelle|Gothitelle, L50, M, tera:Fairy|6/100\n|turn|6\n|\n|t:|1746101030\n|switch|p2b: Scream Tail|Scream Tail, L50|78/100\n|-enditem|p2b: Scream Tail|Booster Energy\n|-activate|p2b: Scream Tail|ability: Protosynthesis|[fromitem]\n|-start|p2b: Scream Tail|protosynthesisspe\n|move|p2a: Gothitelle|Protect|p2a: Gothitelle\n|-singleturn|p2a: Gothitelle|Protect\n|move|p1a: Roaring Moon|Taunt|p2b: Scream Tail\n|-start|p2b: Scream Tail|move: Taunt\n|move|p1b: Zamazenta|Body Press|p2a: Gothitelle\n|-activate|p2a: Gothitelle|move: Protect\n|\n|-start|p1a: Roaring Moon|perish0\n|-start|p1b: Zamazenta|perish0\n|faint|p1a: Roaring Moon\n|-end|p1a: Roaring Moon|Protosynthesis|[silent]\n|faint|p1b: Zamazenta\n|upkeep\n|\n|t:|1746101043\n|switch|p1a: Smeargle|Smeargle, L50, F|100/100\n|switch|p1b: Calyrex|Calyrex-Ice, L50|100/100\n|-ability|p1b: Calyrex|As One\n|-ability|p1b: Calyrex|Unnerve\n|turn|7\n|\n|t:|1746101051\n|-end|p2b: Scream Tail|Protosynthesis|[silent]\n|switch|p2b: Scovillain|Scovillain, L50, F|100/100\n|move|p1a: Smeargle|Fake Out|p2a: Gothitelle\n|-damage|p2a: Gothitelle|0 fnt\n|faint|p2a: Gothitelle\n|move|p1b: Calyrex|Trick Room|p1b: Calyrex\n|-fieldstart|move: Trick Room|[of] p1b: Calyrex\n|\n|-ability|p1a: Smeargle|Moody|boost\n|-boost|p1a: Smeargle|spa|2\n|-unboost|p1a: Smeargle|def|1\n|upkeep\n|\n|t:|1746101053\n|switch|p2a: Scream Tail|Scream Tail, L50|78/100\n|turn|8\n|\n|t:|1746101078\n|move|p1a: Smeargle|Follow Me|p1a: Smeargle\n|-singleturn|p1a: Smeargle|move: Follow Me\n|move|p1b: Calyrex|Glacial Lance|p2a: Scream Tail|[spread] p2a,p2b\n|-crit|p2a: Scream Tail\n|-damage|p2a: Scream Tail|16/100\n|-damage|p2b: Scovillain|33/100\n|move|p2b: Scovillain|Will-O-Wisp|p1a: Smeargle\n|-status|p1a: Smeargle|brn\n|move|p2a: Scream Tail|Disable|p1a: Smeargle\n|-start|p1a: Smeargle|Disable|Follow Me\n|\n|-damage|p1a: Smeargle|94/100 brn|[from] brn\n|-ability|p1a: Smeargle|Moody|boost\n|-boost|p1a: Smeargle|def|2\n|-unboost|p1a: Smeargle|spd|1\n|upkeep\n|turn|9\n|c|\u2606TCM Zaukepoo|Gg\n|-message|blaisenova1 forfeited.\n|\n|win|TCM Zaukepoo\n|l|\u2606blaisenova1\n|player|p2|\n||blaisenova1 is ready for game 2.\n||TCM Zaukepoo is ready for game 2.\n|uhtml|next|Next: <a href=\"/battle-gen9vgc2025regibo3-2354600202\"><strong>Game 2 of 3</strong></a>\n|l|\u2606TCM Zaukepoo\n|player|p1|\n", "uploadtime": 1746101357, "views": 7, "formatid": "gen9vgc2025regibo3", "rating": null, "private": 0, "password": null}