{"id": "gen9vgc2025regibo3-2354762146", "format": "[Gen 9] VGC 2025 Reg I (Bo3)", "players": ["TRIUNVIRATUS VGC", "ShinigamiJeiku"], "log": "|j|\u2606TRIUNVIRATUS VGC\n|j|\u2606ShinigamiJeiku\n|html|<table width=\"100%\"><tr><td align=\"left\">TRIUNVIRATUS VGC</td><td align=\"right\">ShinigamiJeiku</tr><tr><td align=\"left\"><i class=\"fa fa-circle-o\"></i> <i class=\"fa fa-circle-o\"></i> </td><td align=\"right\"><i class=\"fa fa-circle-o\"></i> <i class=\"fa fa-circle\"></i> </tr></table>\n|uhtml|bestof|<h2><strong>Game 2</strong> of <a href=\"/game-bestof3-gen9vgc2025regibo3-2354758497\">a best-of-3</a></h2>\n|t:|1746117536\n|gametype|doubles\n|player|p1|TRIUNVIRATUS VGC|ninjaboy|1329\n|player|p2|ShinigamiJeiku|bruno|1357\n|teamsize|p1|6\n|teamsize|p2|6\n|gen|9\n|tier|[Gen 9] VGC 2025 Reg I (Bo3)\n|rated|\n|rule|Species Clause: Limit one of each Pok\u00e9mon\n|rule|Item Clause: Limit 1 of each item\n|clearpoke\n|poke|p1|Calyrex-Shadow, L50|\n|poke|p1|Terapagos, L50, M|\n|poke|p1|Incineroar, L50, F|\n|poke|p1|Rillaboom, L50, M|\n|poke|p1|Amoonguss, L50, F|\n|poke|p1|Urshifu-*, L50, F|\n|poke|p2|Terapagos, L50, M|\n|poke|p2|Incineroar, L50, F|\n|poke|p2|Amoonguss, L50, F|\n|poke|p2|Calyrex-Shadow, L50|\n|poke|p2|Tornadus, L50, M|\n|poke|p2|Urshifu-*, L50, M|\n|teampreview|4\n|showteam|p1|Calyrex-Shadow||FocusSash|AsOneSpectrier|AstralBarrage,Encore,Disable,Protect||||||50|,,,,,Ghost]Terapagos||Leftovers|TeraShift|TeraStarstorm,EarthPower,CalmMind,Protect|||M|||50|,,,,,Stellar]Incineroar||SafetyGoggles|Intimidate|KnockOff,WillOWisp,FakeOut,PartingShot|||F|||50|,,,,,Bug]Rillaboom||AssaultVest|GrassySurge|GrassyGlide,FakeOut,WoodHammer,Uturn|||M|||50|,,,,,Grass]Amoonguss||RockyHelmet|Regenerator|Spore,RagePowder,SludgeBomb,Protect|||F|||50|,,,,,Water]Urshifu-Rapid-Strike||MysticWater|UnseenFist|SurgingStrikes,CloseCombat,Taunt,Protect|||F|||50|,,,,,Water\n|showteam|p2|Terapagos||Leftovers|TeraShift|TeraStarstorm,EarthPower,CalmMind,Protect|||M|||50|,,,,,Stellar]Incineroar||SafetyGoggles|Intimidate|FakeOut,WillOWisp,KnockOff,PartingShot|||F|||50|,,,,,Ghost]Amoonguss||RockyHelmet|Regenerator|PollenPuff,Spore,Protect,RagePowder|||F|||50|,,,,,Water]Calyrex-Shadow||FocusSash|AsOneSpectrier|AstralBarrage,Psychic,Encore,Protect||||||50|,,,,,Ghost]Tornadus||CovertCloak|Prankster|Tailwind,RainDance,BleakwindStorm,Protect|||M|||50|,,,,,Dark]Urshifu-Rapid-Strike||MysticWater|UnseenFist|SurgingStrikes,Taunt,AquaJet,Detect|||M|||50|,,,,,Water\n|\n|t:|1746117588\n|start\n|switch|p1a: Calyrex|Calyrex-Shadow, L50|100/100\n|switch|p1b: Amoonguss|Amoonguss, L50, F, shiny|100/100\n|switch|p2a: Tornadus|Tornadus, L50, M|100/100\n|switch|p2b: Urshifu|Urshifu-Rapid-Strike, L50, M|100/100\n|-ability|p1a: Calyrex|As One\n|-ability|p1a: Calyrex|Unnerve\n|turn|1\n|\n|t:|1746117604\n|move|p1b: Amoonguss|Protect|p1b: Amoonguss\n|-singleturn|p1b: Amoonguss|Protect\n|move|p2a: Tornadus|Tailwind|p2a: Tornadus\n|-sidestart|p2: ShinigamiJeiku|move: Tailwind\n|move|p2b: Urshifu|Taunt|p1b: Amoonguss\n|-activate|p1b: Amoonguss|move: Protect\n|move|p1a: Calyrex|Astral Barrage|p2b: Urshifu|[spread] p2a,p2b\n|-damage|p2a: Tornadus|34/100\n|-damage|p2b: Urshifu|24/100\n|\n|upkeep\n|turn|2\n|\n|t:|1746117626\n|switch|p2a: Terapagos|Terapagos, L50, M|100/100\n|-activate|p2a: Terapagos|ability: Tera Shift\n|detailschange|p2a: Terapagos|Terapagos-Terastal, L50, M\n|-heal|p2a: Terapagos|100/100|[silent]\n|move|p1b: Amoonguss|Rage Powder|p1b: Amoonguss\n|-singleturn|p1b: Amoonguss|move: Rage Powder\n|move|p2b: Urshifu|Taunt|p1b: Amoonguss\n|-start|p1b: Amoonguss|move: Taunt\n|move|p1a: Calyrex|Astral Barrage|p2b: Urshifu|[spread] p2b\n|-immune|p2a: Terapagos\n|-damage|p2b: Urshifu|0 fnt\n|faint|p2b: Urshifu\n|-ability|p1a: Calyrex|Grim Neigh|boost\n|-boost|p1a: Calyrex|spa|1\n|\n|upkeep\n|\n|t:|1746117632\n|switch|p2b: Incineroar|Incineroar, L50, F|100/100\n|-ability|p2b: Incineroar|Intimidate|boost\n|-unboost|p1a: Calyrex|atk|1\n|-unboost|p1b: Amoonguss|atk|1\n|turn|3\n|\n|t:|1746117646\n|switch|p1b: Incineroar|Incineroar, L50, F|100/100\n|-ability|p1b: Incineroar|Intimidate|boost\n|-unboost|p2a: Terapagos|atk|1\n|-unboost|p2b: Incineroar|atk|1\n|move|p1a: Calyrex|Protect|p1a: Calyrex\n|-singleturn|p1a: Calyrex|Protect\n|move|p2a: Terapagos|Calm Mind|p2a: Terapagos\n|-boost|p2a: Terapagos|spa|1\n|-boost|p2a: Terapagos|spd|1\n|move|p2b: Incineroar|Knock Off|p1a: Calyrex\n|-activate|p1a: Calyrex|move: Protect\n|\n|upkeep\n|turn|4\n|\n|t:|1746117670\n|move|p1b: Incineroar|Fake Out|p2b: Incineroar\n|-damage|p2b: Incineroar|91/100\n|move|p2a: Terapagos|Earth Power|p1b: Incineroar\n|-supereffective|p1b: Incineroar\n|-damage|p1b: Incineroar|36/100\n|move|p1a: Calyrex|Encore|p2a: Terapagos\n|-start|p2a: Terapagos|Encore\n|cant|p2b: Incineroar|flinch\n|\n|-sideend|p2: ShinigamiJeiku|move: Tailwind\n|upkeep\n|turn|5\n|\n|t:|1746117703\n|move|p1a: Calyrex|Disable|p2a: Terapagos\n|-start|p2a: Terapagos|Disable|Earth Power\n|cant|p2a: Terapagos|Disable|Earth Power\n|move|p2b: Incineroar|Knock Off|p1a: Calyrex\n|-supereffective|p1a: Calyrex\n|-enditem|p1a: Calyrex|Focus Sash\n|-damage|p1a: Calyrex|1/100\n|move|p1b: Incineroar|Parting Shot|p2b: Incineroar\n|-unboost|p2b: Incineroar|atk|1\n|-unboost|p2b: Incineroar|spa|1\n|\n|t:|1746117708\n|switch|p1b: Amoonguss|Amoonguss, L50, F, shiny|100/100|[from] Parting Shot\n|\n|upkeep\n|turn|6\n|\n|t:|1746117742\n|move|p1a: Calyrex|Disable|p2b: Incineroar\n|-start|p2b: Incineroar|Disable|Knock Off\n|-activate|p2a: Terapagos|move: Struggle\n|move|p2a: Terapagos|Struggle|p1b: Amoonguss\n|-damage|p1b: Amoonguss|95/100\n|-damage|p2a: Terapagos|84/100|[from] item: Rocky Helmet|[of] p1b: Amoonguss\n|-damage|p2a: Terapagos|59/100|[from] recoil\n|cant|p2b: Incineroar|Disable|Knock Off\n|move|p1b: Amoonguss|Spore|p2a: Terapagos\n|-status|p2a: Terapagos|slp|[from] move: Spore\n|\n|-heal|p2a: Terapagos|65/100 slp|[from] item: Leftovers\n|upkeep\n|turn|7\n|\n|t:|1746117784\n|switch|p1b: Terapagos|Terapagos, L50, M|100/100\n|-activate|p1b: Terapagos|ability: Tera Shift\n|detailschange|p1b: Terapagos|Terapagos-Terastal, L50, M\n|-heal|p1b: Terapagos|100/100|[silent]\n|move|p1a: Calyrex|Encore|p2b: Incineroar\n|-start|p2b: Incineroar|Encore\n|cant|p2a: Terapagos|slp\n|cant|p2b: Incineroar|Disable|Knock Off\n|\n|-heal|p2a: Terapagos|71/100 slp|[from] item: Leftovers\n|-end|p2a: Terapagos|Encore\n|upkeep\n|turn|8\n|\n|t:|1746117816\n|switch|p2b: Tornadus|Tornadus, L50, M|34/100\n|-terastallize|p2a: Terapagos|Stellar\n|detailschange|p2a: Terapagos|Terapagos-Stellar, L50, M, tera:Stellar\n|-heal|p2a: Terapagos|79/100 slp|[silent]\n|move|p1a: Calyrex|Astral Barrage|p2a: Terapagos|[spread] p2b\n|-immune|p2a: Terapagos\n|-damage|p2b: Tornadus|0 fnt\n|faint|p2b: Tornadus\n|-ability|p1a: Calyrex|Grim Neigh|boost\n|-boost|p1a: Calyrex|spa|1\n|move|p1b: Terapagos|Calm Mind|p1b: Terapagos\n|-boost|p1b: Terapagos|spa|1\n|-boost|p1b: Terapagos|spd|1\n|cant|p2a: Terapagos|slp\n|\n|-heal|p2a: Terapagos|85/100 slp|[from] item: Leftovers\n|-end|p2a: Terapagos|Disable\n|upkeep\n|\n|t:|1746117834\n|switch|p2b: Incineroar|Incineroar, L50, F|91/100\n|-ability|p2b: Incineroar|Intimidate|boost\n|-unboost|p1a: Calyrex|atk|1\n|-unboost|p1b: Terapagos|atk|1\n|turn|9\n|\n|t:|1746117878\n|move|p1a: Calyrex|Protect|p1a: Calyrex\n|-singleturn|p1a: Calyrex|Protect\n|move|p1b: Terapagos|Protect|p1b: Terapagos\n|-singleturn|p1b: Terapagos|Protect\n|-curestatus|p2a: Terapagos|slp|[msg]\n|move|p2a: Terapagos|Tera Starstorm|p1a: Calyrex|[spread] \n|-activate|p1a: Calyrex|move: Protect\n|-activate|p1b: Terapagos|move: Protect\n|move|p2b: Incineroar|Knock Off|p1b: Terapagos\n|-activate|p1b: Terapagos|move: Protect\n|\n|-heal|p2a: Terapagos|91/100|[from] item: Leftovers\n|upkeep\n|turn|10\n|\n|t:|1746117901\n|-terastallize|p1b: Terapagos|Stellar\n|detailschange|p1b: Terapagos|Terapagos-Stellar, L50, M, tera:Stellar\n|-heal|p1b: Terapagos|100/100|[silent]\n|move|p1a: Calyrex|Disable|p2a: Terapagos\n|-start|p2a: Terapagos|Disable|Tera Starstorm\n|move|p1b: Terapagos|Earth Power|p2b: Incineroar\n|-supereffective|p2b: Incineroar\n|-damage|p2b: Incineroar|15/100\n|move|p2a: Terapagos|Earth Power|p1a: Calyrex\n|-damage|p1a: Calyrex|0 fnt\n|faint|p1a: Calyrex\n|move|p2b: Incineroar|Will-O-Wisp|p1b: Terapagos\n|-status|p1b: Terapagos|brn\n|\n|-heal|p2a: Terapagos|97/100|[from] item: Leftovers\n|-damage|p1b: Terapagos|94/100 brn|[from] brn\n|upkeep\n|\n|t:|1746117912\n|switch|p1a: Amoonguss|Amoonguss, L50, F, shiny|100/100\n|turn|11\n|\n|t:|1746117928\n|move|p1b: Terapagos|Tera Starstorm|p2b: Incineroar|[spread] p2a,p2b\n|-supereffective|p2a: Terapagos\n|-damage|p2a: Terapagos|50/100\n|-damage|p2b: Incineroar|0 fnt\n|faint|p2b: Incineroar\n|move|p2a: Terapagos|Calm Mind|p2a: Terapagos\n|-boost|p2a: Terapagos|spa|1\n|-boost|p2a: Terapagos|spd|1\n|move|p1a: Amoonguss|Spore|p2a: Terapagos\n|-status|p2a: Terapagos|slp|[from] move: Spore\n|\n|-heal|p1b: Terapagos|100/100 brn|[from] item: Leftovers\n|-heal|p2a: Terapagos|56/100 slp|[from] item: Leftovers\n|-damage|p1b: Terapagos|94/100 brn|[from] brn\n|upkeep\n|turn|12\n|\n|t:|1746117938\n|cant|p2a: Terapagos|slp\n|move|p1b: Terapagos|Tera Starstorm|p2a: Terapagos\n|-supereffective|p2a: Terapagos\n|-damage|p2a: Terapagos|15/100 slp\n|move|p1a: Amoonguss|Sludge Bomb|p2a: Terapagos\n|-damage|p2a: Terapagos|6/100 slp\n|\n|-heal|p1b: Terapagos|100/100 brn|[from] item: Leftovers\n|-heal|p2a: Terapagos|13/100 slp|[from] item: Leftovers\n|-damage|p1b: Terapagos|94/100 brn|[from] brn\n|upkeep\n|turn|13\n|\n|t:|1746117943\n|move|p1b: Terapagos|Tera Starstorm|p2a: Terapagos\n|-supereffective|p2a: Terapagos\n|-damage|p2a: Terapagos|0 fnt\n|faint|p2a: Terapagos\n|\n|win|TRIUNVIRATUS VGC\n||TRIUNVIRATUS VGC is ready for game 3.\n|inactive|ShinigamiJeiku has 30 seconds to confirm battle start!\n||ShinigamiJeiku is ready for game 3.\n|uhtml|next|Next: <a href=\"/battle-gen9vgc2025regibo3-2354766869\"><strong>Game 3 of 3</strong></a>\n", "uploadtime": 1746118293, "views": 7, "formatid": "gen9vgc2025regibo3", "rating": null, "private": 0, "password": null}