{"id": "gen9vgc2025regibo3-2354349376", "format": "[Gen 9] VGC 2025 Reg I (Bo3)", "players": ["Beanman400", "Shiftyeyes"], "log": "|j|\u2606Beanman400\n|j|\u2606Shiftyeyes\n|html|<table width=\"100%\"><tr><td align=\"left\">Beanman400</td><td align=\"right\">Shiftyeyes</tr><tr><td align=\"left\"><i class=\"fa fa-circle-o\"></i> <i class=\"fa fa-circle-o\"></i> </td><td align=\"right\"><i class=\"fa fa-circle-o\"></i> <i class=\"fa fa-circle-o\"></i> </tr></table>\n|uhtml|bestof|<h2><strong>Game 1</strong> of <a href=\"/game-bestof3-gen9vgc2025regibo3-2354349375\">a best-of-3</a></h2>\n|t:|1746060464\n|gametype|doubles\n|player|p1|Beanman400|roxie|1209\n|player|p2|Shiftyeyes|265|1199\n|teamsize|p1|6\n|teamsize|p2|6\n|gen|9\n|tier|[Gen 9] VGC 2025 Reg I (Bo3)\n|rated|\n|rule|Species Clause: Limit one of each Pok\u00e9mon\n|rule|Item Clause: Limit 1 of each item\n|clearpoke\n|poke|p1|Koraidon, L50|\n|poke|p1|Zacian-*, L50|\n|poke|p1|Flutter Mane, L50|\n|poke|p1|Ogerpon-Cornerstone, L50, F|\n|poke|p1|Incineroar, L50, M|\n|poke|p1|Rillaboom, L50, M|\n|poke|p2|Zacian-*, L50|\n|poke|p2|Chien-Pao, L50|\n|poke|p2|Miraidon, L50|\n|poke|p2|Farigiraf, L50, F|\n|poke|p2|Ogerpon-Cornerstone, L50, F|\n|poke|p2|Tornadus, L50, M|\n|teampreview|4\n|showteam|p1|Koraidon||ClearAmulet|OrichalcumPulse|FlareBlitz,CloseCombat,FlameCharge,Protect||||||50|,,,,,Fire]Zacian-Crowned||RustedSword|IntrepidSword|Protect,behemothblade,PlayRough,SacredSword||||||50|,,,,,Fairy]Flutter Mane||BoosterEnergy|Protosynthesis|Moonblast,Protect,ShadowBall,IcyWind||||||50|,,,,,Fairy]Ogerpon-Cornerstone||CornerstoneMask|Sturdy|SpikyShield,FollowMe,IvyCudgel,HornLeech|||F|||50|,,,,,Rock]Incineroar||SafetyGoggles|Intimidate|Taunt,FakeOut,KnockOff,PartingShot|||M|||50|,,,,,Ghost]Rillaboom||AssaultVest|GrassySurge|WoodHammer,GrassyGlide,Uturn,FakeOut|||M|||50|,,,,,Fire\n|showteam|p2|Zacian-Crowned||RustedSword|IntrepidSword|behemothblade,PlayRough,Protect,SacredSword||||||50|,,,,,Stellar]Chien-Pao||FocusSash|SwordofRuin|IceSpinner,SuckerPunch,SacredSword,Protect||||||50|,,,,,Ghost]Miraidon||Magnet|HadronEngine|ElectroDrift,DazzlingGleam,Protect,VoltSwitch||||||50|,,,,,Electric]Farigiraf||ElectricSeed|ArmorTail|HelpingHand,PsychicNoise,TrickRoom,Imprison|||F|||50|,,,,,Grass]Ogerpon-Cornerstone||CornerstoneMask|Sturdy|IvyCudgel,SpikyShield,PowerWhip,FollowMe|||F|||50|,,,,,Rock]Tornadus||CovertCloak|Prankster|Tailwind,IcyWind,BleakwindStorm,Taunt|||M|||50|,,,,,Dark\n|\n|t:|1746060516\n|start\n|switch|p1a: EXCALIBER|Zacian-Crowned, L50|100/100\n|switch|p1b: IT WASNT ENOUGH|Incineroar, L50, M|100/100\n|switch|p2a: Tornadus|Tornadus, L50, M|100/100\n|switch|p2b: Miraidon|Miraidon, L50|100/100\n|-ability|p1a: EXCALIBER|Intrepid Sword|boost\n|-boost|p1a: EXCALIBER|atk|1\n|-fieldstart|move: Electric Terrain|[from] ability: Hadron Engine|[of] p2b: Miraidon\n|-ability|p1b: IT WASNT ENOUGH|Intimidate|boost\n|-unboost|p2a: Tornadus|atk|1\n|-unboost|p2b: Miraidon|atk|1\n|turn|1\n|\n|t:|1746060535\n|move|p1a: EXCALIBER|Protect|p1a: EXCALIBER\n|-singleturn|p1a: EXCALIBER|Protect\n|move|p2b: Miraidon|Protect|p2b: Miraidon\n|-singleturn|p2b: Miraidon|Protect\n|move|p2a: Tornadus|Tailwind|p2a: Tornadus\n|-sidestart|p2: Shiftyeyes|move: Tailwind\n|move|p1b: IT WASNT ENOUGH|Parting Shot|p2a: Tornadus\n|-unboost|p2a: Tornadus|atk|1\n|-unboost|p2a: Tornadus|spa|1\n|\n|t:|1746060542\n|switch|p1b: DK RAP|Rillaboom, L50, M|100/100|[from] Parting Shot\n|-fieldstart|move: Grassy Terrain|[from] ability: Grassy Surge|[of] p1b: DK RAP\n|\n|upkeep\n|turn|2\n|\n|t:|1746060574\n|switch|p2b: Zacian|Zacian-Crowned, L50|100/100\n|-ability|p2b: Zacian|Intrepid Sword|boost\n|-boost|p2b: Zacian|atk|1\n|-terastallize|p1a: EXCALIBER|Fairy\n|move|p2a: Tornadus|Taunt|p1a: EXCALIBER\n|-start|p1a: EXCALIBER|move: Taunt\n|move|p1a: EXCALIBER|Play Rough|p2b: Zacian\n|-resisted|p2b: Zacian\n|-damage|p2b: Zacian|54/100\n|move|p1b: DK RAP|U-turn|p2a: Tornadus\n|-resisted|p2a: Tornadus\n|-damage|p2a: Tornadus|84/100\n|\n|t:|1746060587\n|switch|p1b: IT WASNT ENOUGH|Incineroar, L50, M|100/100|[from] U-turn\n|-ability|p1b: IT WASNT ENOUGH|Intimidate|boost\n|-unboost|p2a: Tornadus|atk|1\n|-unboost|p2b: Zacian|atk|1\n|\n|-heal|p2b: Zacian|60/100|[from] Grassy Terrain\n|upkeep\n|turn|3\n|\n|t:|1746060599\n|move|p2b: Zacian|Protect|p2b: Zacian\n|-singleturn|p2b: Zacian|Protect\n|move|p1b: IT WASNT ENOUGH|Fake Out|p2b: Zacian\n|-activate|p2b: Zacian|move: Protect\n|move|p2a: Tornadus|Bleakwind Storm|p1b: IT WASNT ENOUGH|[spread] p1a,p1b\n|-damage|p1a: EXCALIBER|80/100\n|-damage|p1b: IT WASNT ENOUGH|84/100\n|-unboost|p1b: IT WASNT ENOUGH|spe|1\n|move|p1a: EXCALIBER|Behemoth Blade|p2a: Tornadus\n|-damage|p2a: Tornadus|0 fnt\n|faint|p2a: Tornadus\n|\n|-heal|p2b: Zacian|66/100|[from] Grassy Terrain\n|-heal|p1a: EXCALIBER|86/100|[from] Grassy Terrain\n|-heal|p1b: IT WASNT ENOUGH|90/100|[from] Grassy Terrain\n|upkeep\n|\n|t:|1746060602\n|switch|p2a: Miraidon|Miraidon, L50|100/100\n|-fieldstart|move: Electric Terrain|[from] ability: Hadron Engine|[of] p2a: Miraidon\n|turn|4\n|\n|t:|1746060613\n|switch|p1a: DK RAP|Rillaboom, L50, M|100/100\n|-fieldstart|move: Grassy Terrain|[from] ability: Grassy Surge|[of] p1a: DK RAP\n|-terastallize|p2a: Miraidon|Electric\n|move|p2b: Zacian|Behemoth Blade|p1a: DK RAP\n|-damage|p1a: DK RAP|42/100\n|move|p2a: Miraidon|Electro Drift|p1b: IT WASNT ENOUGH\n|-damage|p1b: IT WASNT ENOUGH|19/100\n|move|p1b: IT WASNT ENOUGH|Parting Shot|p2a: Miraidon\n|-unboost|p2a: Miraidon|atk|1\n|-unboost|p2a: Miraidon|spa|1\n|\n|t:|1746060627\n|switch|p1b: EXCALIBER|Zacian-Crowned, L50, tera:Fairy|86/100|[from] Parting Shot\n|\n|-heal|p2b: Zacian|72/100|[from] Grassy Terrain\n|-heal|p1b: EXCALIBER|93/100|[from] Grassy Terrain\n|-heal|p1a: DK RAP|48/100|[from] Grassy Terrain\n|-sideend|p2: Shiftyeyes|move: Tailwind\n|upkeep\n|turn|5\n|\n|t:|1746060641\n|switch|p2a: Ogerpon|Ogerpon-Cornerstone, L50, F|100/100\n|switch|p1a: IT WASNT ENOUGH|Incineroar, L50, M|19/100\n|-ability|p1a: IT WASNT ENOUGH|Intimidate|boost\n|-unboost|p2a: Ogerpon|atk|1\n|-unboost|p2b: Zacian|atk|1\n|move|p2b: Zacian|Protect|p2b: Zacian\n|-singleturn|p2b: Zacian|Protect\n|move|p1b: EXCALIBER|Protect||[still]\n|-fail|p1b: EXCALIBER\n|\n|-heal|p2b: Zacian|78/100|[from] Grassy Terrain\n|-heal|p1b: EXCALIBER|99/100|[from] Grassy Terrain\n|-heal|p1a: IT WASNT ENOUGH|25/100|[from] Grassy Terrain\n|upkeep\n|turn|6\n|\n|t:|1746060655\n|move|p2b: Zacian|Protect||[still]\n|-fail|p2b: Zacian\n|move|p1a: IT WASNT ENOUGH|Fake Out|p2a: Ogerpon\n|-resisted|p2a: Ogerpon\n|-damage|p2a: Ogerpon|94/100\n|move|p1b: EXCALIBER|Behemoth Blade|p2b: Zacian\n|-damage|p2b: Zacian|21/100\n|cant|p2a: Ogerpon|flinch\n|\n|-heal|p2b: Zacian|27/100|[from] Grassy Terrain\n|-heal|p1b: EXCALIBER|100/100|[from] Grassy Terrain\n|-heal|p2a: Ogerpon|99/100|[from] Grassy Terrain\n|-heal|p1a: IT WASNT ENOUGH|31/100|[from] Grassy Terrain\n|upkeep\n|turn|7\n|\n|t:|1746060677\n|switch|p2b: Miraidon|Miraidon, L50, tera:Electric|100/100\n|-fieldstart|move: Electric Terrain|[from] ability: Hadron Engine|[of] p2b: Miraidon\n|move|p2a: Ogerpon|Spiky Shield|p2a: Ogerpon\n|-singleturn|p2a: Ogerpon|move: Protect\n|move|p1b: EXCALIBER|Behemoth Blade|p2b: Miraidon\n|-resisted|p2b: Miraidon\n|-damage|p2b: Miraidon|72/100\n|move|p1a: IT WASNT ENOUGH|Parting Shot|p2b: Miraidon\n|-unboost|p2b: Miraidon|atk|1\n|-unboost|p2b: Miraidon|spa|1\n|\n|t:|1746060688\n|switch|p1a: DK RAP|Rillaboom, L50, M|48/100|[from] Parting Shot\n|-fieldstart|move: Grassy Terrain|[from] ability: Grassy Surge|[of] p1a: DK RAP\n|\n|-heal|p2b: Miraidon|78/100|[from] Grassy Terrain\n|-heal|p2a: Ogerpon|100/100|[from] Grassy Terrain\n|-heal|p1a: DK RAP|54/100|[from] Grassy Terrain\n|upkeep\n|turn|8\n|\n|t:|1746060715\n|move|p2b: Miraidon|Protect|p2b: Miraidon\n|-singleturn|p2b: Miraidon|Protect\n|move|p1a: DK RAP|Fake Out|p2b: Miraidon\n|-activate|p2b: Miraidon|move: Protect\n|move|p1b: EXCALIBER|Behemoth Blade|p2a: Ogerpon\n|-supereffective|p2a: Ogerpon\n|-ability|p2a: Ogerpon|Sturdy\n|-damage|p2a: Ogerpon|1/100\n|move|p2a: Ogerpon|Ivy Cudgel|p1a: DK RAP|[anim] Ivy Cudgel Rock\n|-damage|p1a: DK RAP|20/100\n|\n|-heal|p2b: Miraidon|83/100|[from] Grassy Terrain\n|-heal|p2a: Ogerpon|7/100|[from] Grassy Terrain\n|-heal|p1a: DK RAP|26/100|[from] Grassy Terrain\n|upkeep\n|turn|9\n|\n|t:|1746060735\n|move|p2a: Ogerpon|Follow Me|p2a: Ogerpon\n|-singleturn|p2a: Ogerpon|move: Follow Me\n|move|p1b: EXCALIBER|Play Rough|p2a: Ogerpon\n|-crit|p2a: Ogerpon\n|-damage|p2a: Ogerpon|0 fnt\n|faint|p2a: Ogerpon\n|move|p2b: Miraidon|Dazzling Gleam|p1b: EXCALIBER|[spread] p1a,p1b\n|-damage|p1a: DK RAP|16/100\n|-damage|p1b: EXCALIBER|87/100\n|move|p1a: DK RAP|U-turn|p2b: Miraidon\n|-damage|p2b: Miraidon|60/100\n|\n|t:|1746060747\n|switch|p1a: Nightglow|Koraidon, L50|100/100|[from] U-turn\n|-weather|SunnyDay|[from] ability: Orichalcum Pulse|[of] p1a: Nightglow\n|-activate|p1a: Nightglow|Orichalcum Pulse|[source]\n|\n|-weather|SunnyDay|[upkeep]\n|-heal|p1b: EXCALIBER|93/100|[from] Grassy Terrain\n|-heal|p2b: Miraidon|66/100|[from] Grassy Terrain\n|upkeep\n|\n|t:|1746060749\n|switch|p2a: Zacian|Zacian-Crowned, L50|27/100\n|turn|10\n|\n|t:|1746060758\n|switch|p1a: IT WASNT ENOUGH|Incineroar, L50, M|31/100\n|-ability|p1a: IT WASNT ENOUGH|Intimidate|boost\n|-unboost|p2a: Zacian|atk|1\n|-unboost|p2b: Miraidon|atk|1\n|move|p1b: EXCALIBER|Protect|p1b: EXCALIBER\n|-singleturn|p1b: EXCALIBER|Protect\n|move|p2a: Zacian|Behemoth Blade|p1b: EXCALIBER\n|-activate|p1b: EXCALIBER|move: Protect\n|move|p2b: Miraidon|Dazzling Gleam|p1a: IT WASNT ENOUGH|[spread] p1a\n|-activate|p1b: EXCALIBER|move: Protect\n|-damage|p1a: IT WASNT ENOUGH|17/100\n|\n|-weather|SunnyDay|[upkeep]\n|-heal|p2a: Zacian|33/100|[from] Grassy Terrain\n|-heal|p1b: EXCALIBER|99/100|[from] Grassy Terrain\n|-heal|p2b: Miraidon|71/100|[from] Grassy Terrain\n|-heal|p1a: IT WASNT ENOUGH|23/100|[from] Grassy Terrain\n|upkeep\n|turn|11\n|-message|Shiftyeyes forfeited.\n|\n|win|Beanman400\n|l|\u2606Shiftyeyes\n|player|p2|\n||Beanman400 is ready for game 2.\n||Shiftyeyes is ready for game 2.\n|uhtml|next|Next: <a href=\"/battle-gen9vgc2025regibo3-2354351921\"><strong>Game 2 of 3</strong></a>\n|l|\u2606Beanman400\n|player|p1|\n|j|\u2606Beanman400\n|player|p1|Beanman400|roxie|\n", "uploadtime": 1746061297, "views": 21, "formatid": "gen9vgc2025regibo3", "rating": null, "private": 0, "password": null}