{"id": "gen9vgc2025regibo3-2353802161", "format": "[Gen 9] VGC 2025 Reg I (Bo3)", "players": ["PokemonmasterN2009", "gbabywalke"], "log": "|j|\u2606PokemonmasterN2009\n|j|\u2606gbabywalke\n|html|<table width=\"100%\"><tr><td align=\"left\">PokemonmasterN2009</td><td align=\"right\">gbabywalke</tr><tr><td align=\"left\"><i class=\"fa fa-circle-o\"></i> <i class=\"fa fa-circle-o\"></i> </td><td align=\"right\"><i class=\"fa fa-circle-o\"></i> <i class=\"fa fa-circle-o\"></i> </tr></table>\n|uhtml|bestof|<h2><strong>Game 1</strong> of <a href=\"/game-bestof3-gen9vgc2025regibo3-2353802160\">a best-of-3</a></h2>\n|t:|1746002406\n|gametype|doubles\n|player|p1|PokemonmasterN2009|steven|1388\n|player|p2|gbabywalke|fisherman-gen4|1319\n|teamsize|p1|6\n|teamsize|p2|6\n|gen|9\n|tier|[Gen 9] VGC 2025 Reg I (Bo3)\n|rated|\n|rule|Species Clause: Limit one of each Pok\u00e9mon\n|rule|Item Clause: Limit 1 of each item\n|clearpoke\n|poke|p1|Calyrex-Ice, L50|\n|poke|p1|Smeargle, L50, M|\n|poke|p1|Kyogre, L50|\n|poke|p1|Farigiraf, L50, M|\n|poke|p1|Amoonguss, L50, F|\n|poke|p1|Iron Hands, L50|\n|poke|p2|Calyrex-Ice, L50|\n|poke|p2|Ursaluna-Bloodmoon, L50, M|\n|poke|p2|Amoonguss, L50, F|\n|poke|p2|Lunala, L50|\n|poke|p2|Indeedee-F, L50, F|\n|poke|p2|Urshifu-*, L50, F|\n|teampreview|4\n|showteam|p1|Calyrex-Ice||ClearAmulet|AsOneGlastrier|TrickRoom,GlacialLance,HighHorsepower,Protect||||||50|,,,,,Fire]Smeargle||FocusSash|OwnTempo|Spore,FollowMe,WideGuard,Decorate|||M|||50|,,,,,Grass]Kyogre||IronBall|Drizzle|WaterSpout,HydroPump,Thunder,IceBeam||||||50|,,,,,Grass]Farigiraf||ThroatSpray|ArmorTail|TrickRoom,HyperVoice,Roar,PsychicNoise|||M|||50|,,,,,Water]Amoonguss||MentalHerb|Regenerator|RagePowder,ClearSmog,Spore,PollenPuff|||F|||50|,,,,,Water]Iron Hands||AssaultVest|QuarkDrive|DrainPunch,LowKick,WildCharge,FakeOut||||||50|,,,,,Water\n|showteam|p2|Calyrex-Ice||ClearAmulet|AsOneGlastrier|GlacialLance,HighHorsepower,Protect,TrickRoom||||||50|,,,,,Fairy]Ursaluna-Bloodmoon||LifeOrb|MindsEye|HyperVoice,BloodMoon,EarthPower,Protect|||M|||50|,,,,,Water]Amoonguss||RockyHelmet|Regenerator|PollenPuff,Spore,ClearSmog,RagePowder|||F|||50|,,,,,Fairy]Lunala||PowerHerb|ShadowShield|WideGuard,ExpandingForce,MeteorBeam,MoongeistBeam||||||50|,,,,,Stellar]Indeedee-F||PsychicSeed|PsychicSurge|FollowMe,HelpingHand,DazzlingGleam,TrickRoom|||F|||50|,,,,,Fairy]Urshifu||FocusSash|UnseenFist|WickedBlow,CloseCombat,SuckerPunch,Detect|||F|||50|,,,,,Fighting\n|inactive|Battle timer is ON: inactive players will automatically lose when time's up. (requested by gbabywalke)\n|inactive|PokemonmasterN2009 also wants the timer to be on.\n|inactive|PokemonmasterN2009 has 60 seconds left.\n|inactive|gbabywalke has 60 seconds left.\n|inactive|PokemonmasterN2009 has 30 seconds left.\n|inactive|gbabywalke has 30 seconds left.\n|inactive|gbabywalke has 20 seconds left.\n|inactive|gbabywalke has 15 seconds left.\n|\n|t:|1746002483\n|start\n|switch|p1a: Iron Hands|Iron Hands, L50|100/100\n|switch|p1b: Calyrex|Calyrex-Ice, L50|100/100\n|switch|p2a: Indeedee|Indeedee-F, L50, F|100/100\n|switch|p2b: Calyrex|Calyrex-Ice, L50|100/100\n|-ability|p2b: Calyrex|As One\n|-ability|p2b: Calyrex|Unnerve\n|-ability|p1b: Calyrex|As One\n|-ability|p1b: Calyrex|Unnerve\n|-fieldstart|move: Psychic Terrain|[from] ability: Psychic Surge|[of] p2a: Indeedee\n|-enditem|p2a: Indeedee|Psychic Seed\n|-boost|p2a: Indeedee|spd|1|[from] item: Psychic Seed\n|turn|1\n|inactive|gbabywalke has 30 seconds left.\n|\n|t:|1746002515\n|move|p2a: Indeedee|Follow Me|p2a: Indeedee\n|-singleturn|p2a: Indeedee|move: Follow Me\n|move|p1b: Calyrex|Glacial Lance|p2b: Calyrex|[spread] p2a,p2b\n|-resisted|p2b: Calyrex\n|-damage|p2a: Indeedee|31/100\n|-damage|p2b: Calyrex|82/100\n|move|p1a: Iron Hands|Low Kick|p2a: Indeedee\n|-damage|p2a: Indeedee|0 fnt\n|faint|p2a: Indeedee\n|move|p2b: Calyrex|Trick Room|p2b: Calyrex\n|-fieldstart|move: Trick Room|[of] p2b: Calyrex\n|\n|upkeep\n|\n|t:|1746002522\n|switch|p2a: Amoonguss|Amoonguss, L50, F|100/100\n|turn|2\n|\n|t:|1746002537\n|-terastallize|p2a: Amoonguss|Fairy\n|move|p2a: Amoonguss|Spore|p1a: Iron Hands\n|-status|p1a: Iron Hands|slp|[from] move: Spore\n|cant|p1a: Iron Hands|slp\n|move|p1b: Calyrex|Glacial Lance|p2b: Calyrex|[spread] p2a,p2b\n|-resisted|p2b: Calyrex\n|-damage|p2a: Amoonguss|53/100\n|-damage|p2b: Calyrex|64/100\n|move|p2b: Calyrex|Glacial Lance|p1a: Iron Hands|[spread] p1a,p1b\n|-resisted|p1b: Calyrex\n|-damage|p1a: Iron Hands|60/100 slp\n|-damage|p1b: Calyrex|82/100\n|\n|upkeep\n|turn|3\n|inactive|PokemonmasterN2009 has 30 seconds left.\n|inactive|gbabywalke has 30 seconds left.\n|\n|t:|1746002569\n|switch|p2a: Lunala|Lunala, L50|100/100\n|cant|p1a: Iron Hands|slp\n|move|p1b: Calyrex|Glacial Lance|p2b: Calyrex|[spread] p2a,p2b\n|-resisted|p2b: Calyrex\n|-damage|p2a: Lunala|75/100\n|-damage|p2b: Calyrex|46/100\n|move|p2b: Calyrex|Glacial Lance|p1a: Iron Hands|[spread] p1a,p1b\n|-resisted|p1b: Calyrex\n|-damage|p1a: Iron Hands|21/100 slp\n|-damage|p1b: Calyrex|65/100\n|\n|upkeep\n|turn|4\n|\n|t:|1746002591\n|move|p1b: Calyrex|Protect|p1b: Calyrex\n|-singleturn|p1b: Calyrex|Protect\n|-curestatus|p1a: Iron Hands|slp|[msg]\n|move|p1a: Iron Hands|Wild Charge|p2a: Lunala\n|-damage|p2a: Lunala|35/100\n|-damage|p1a: Iron Hands|11/100|[from] Recoil\n|move|p2b: Calyrex|Glacial Lance|p1b: Calyrex|[spread] p1a\n|-activate|p1b: Calyrex|move: Protect\n|-damage|p1a: Iron Hands|0 fnt\n|faint|p1a: Iron Hands\n|-end|p1a: Iron Hands|Quark Drive|[silent]\n|-ability|p2b: Calyrex|Chilling Neigh|boost\n|-boost|p2b: Calyrex|atk|1\n|move|p2a: Lunala|Meteor Beam||[still]\n|-prepare|p2a: Lunala|Meteor Beam\n|-boost|p2a: Lunala|spa|1\n|-enditem|p2a: Lunala|Power Herb\n|-anim|p2a: Lunala|Meteor Beam|p1b: Calyrex\n|-activate|p1b: Calyrex|move: Protect\n|\n|upkeep\n|\n|t:|1746002605\n|switch|p1a: Amoonguss|Amoonguss, L50, F|100/100\n|turn|5\n|inactive|PokemonmasterN2009 has 30 seconds left.\n|inactive|gbabywalke has 30 seconds left.\n|inactive|gbabywalke has 20 seconds left.\n|\n|t:|1746002642\n|-terastallize|p1a: Amoonguss|Water\n|move|p2b: Calyrex|Protect|p2b: Calyrex\n|-singleturn|p2b: Calyrex|Protect\n|move|p1a: Amoonguss|Pollen Puff|p1b: Calyrex\n|-heal|p1b: Calyrex|100/100\n|move|p1b: Calyrex|Glacial Lance|p2a: Lunala|[spread] p2a\n|-activate|p2b: Calyrex|move: Protect\n|-damage|p2a: Lunala|0 fnt\n|faint|p2a: Lunala\n|-ability|p1b: Calyrex|Chilling Neigh|boost\n|-boost|p1b: Calyrex|atk|1\n|\n|-fieldend|move: Trick Room\n|-fieldend|move: Psychic Terrain\n|upkeep\n|\n|t:|1746002652\n|switch|p2a: Amoonguss|Amoonguss, L50, F, tera:Fairy|86/100\n|turn|6\n|\n|t:|1746002662\n|move|p1a: Amoonguss|Rage Powder|p1a: Amoonguss\n|-singleturn|p1a: Amoonguss|move: Rage Powder\n|move|p2b: Calyrex|Glacial Lance|p1a: Amoonguss|[spread] p1a,p1b\n|-resisted|p1a: Amoonguss\n|-resisted|p1b: Calyrex\n|-damage|p1a: Amoonguss|70/100\n|-damage|p1b: Calyrex|74/100\n|move|p1b: Calyrex|Glacial Lance|p2b: Calyrex|[spread] p2a,p2b\n|-resisted|p2b: Calyrex\n|-damage|p2a: Amoonguss|8/100\n|-damage|p2b: Calyrex|21/100\n|move|p2a: Amoonguss|Spore|p1a: Amoonguss\n|-status|p1a: Amoonguss|slp|[from] move: Spore\n|\n|upkeep\n|turn|7\n|\n|t:|1746002681\n|cant|p1a: Amoonguss|slp\n|move|p2b: Calyrex|Glacial Lance|p1b: Calyrex|[spread] p1a,p1b\n|-resisted|p1a: Amoonguss\n|-resisted|p1b: Calyrex\n|-damage|p1a: Amoonguss|37/100 slp\n|-damage|p1b: Calyrex|49/100\n|move|p1b: Calyrex|Glacial Lance|p2a: Amoonguss|[spread] p2a,p2b\n|-resisted|p2b: Calyrex\n|-crit|p2b: Calyrex\n|-damage|p2a: Amoonguss|0 fnt\n|-damage|p2b: Calyrex|0 fnt\n|faint|p2a: Amoonguss\n|faint|p2b: Calyrex\n|\n|win|PokemonmasterN2009\n||gbabywalke is ready for game 2.\n||PokemonmasterN2009 is ready for game 2.\n|uhtml|next|Next: <a href=\"/battle-gen9vgc2025regibo3-2353803858\"><strong>Game 2 of 3</strong></a>\n|l|\u2606PokemonmasterN2009\n|player|p1|\n", "uploadtime": 1746002960, "views": 9, "formatid": "gen9vgc2025regibo3", "rating": null, "private": 0, "password": null}