{"id": "gen9vgc2025regibo3-2353715511", "format": "[Gen 9] VGC 2025 Reg I (Bo3)", "players": ["sssssnakessss", "minecraftmaster31"], "log": "|j|\u2606sssssnakessss\n|j|\u2606minecraftmaster31\n|html|<table width=\"100%\"><tr><td align=\"left\">sssssnakessss</td><td align=\"right\">minecraftmaster31</tr><tr><td align=\"left\"><i class=\"fa fa-circle-o\"></i> <i class=\"fa fa-circle-o\"></i> </td><td align=\"right\"><i class=\"fa fa-circle-o\"></i> <i class=\"fa fa-circle-o\"></i> </tr></table>\n|uhtml|bestof|<h2><strong>Game 1</strong> of <a href=\"/game-bestof3-gen9vgc2025regibo3-2353715510\">a best-of-3</a></h2>\n|t:|1745987690\n|gametype|doubles\n|player|p1|sssssnakessss|2|1058\n|player|p2|minecraftmaster31|preschooler|1059\n|teamsize|p1|6\n|teamsize|p2|6\n|gen|9\n|tier|[Gen 9] VGC 2025 Reg I (Bo3)\n|rated|\n|rule|Species Clause: Limit one of each Pok\u00e9mon\n|rule|Item Clause: Limit 1 of each item\n|clearpoke\n|poke|p1|Koraidon, L50|\n|poke|p1|Gothitelle, L50, F|\n|poke|p1|Scream Tail, L50|\n|poke|p1|Incineroar, L50, M|\n|poke|p1|Lunala, L50|\n|poke|p1|Brute Bonnet, L50|\n|poke|p2|Calyrex-Ice, L50|\n|poke|p2|Iron Bundle, L50|\n|poke|p2|Miraidon, L50|\n|poke|p2|Incineroar, L50, F|\n|poke|p2|Tornadus, L50, M|\n|poke|p2|Gallade, L50, M|\n|teampreview|4\n|showteam|p1|Koraidon||LifeOrb|OrichalcumPulse|CollisionCourse,FlameCharge,FlareBlitz,Protect||||||50|,,,,,Fire]Gothitelle||SitrusBerry|ShadowTag|FakeOut,Psychic,TrickRoom,Protect|||F|||50|,,,,,Dark]Scream Tail||CovertCloak|Protosynthesis|PerishSong,PlayRough,Disable,Protect||||||50|,,,,,Water]Incineroar||SafetyGoggles|Intimidate|FakeOut,FlareBlitz,KnockOff,PartingShot|||M|||50|,,,,,Ghost]Lunala||PowerHerb|ShadowShield|MoongeistBeam,MeteorBeam,TrickRoom,WideGuard||||||50|,,,,,Dark]Brute Bonnet||RockyHelmet|Protosynthesis|RagePowder,Spore,SuckerPunch,SeedBomb||||||50|,,,,,Water\n|showteam|p2|Calyrex-Ice||ClearAmulet|AsOneGlastrier|Protect,SwordsDance,GlacialLance,TrickRoom||||||50|,,,,,Fire]Iron Bundle||FocusSash|QuarkDrive|Protect,Taunt,IcyWind,FreezeDry||||||50|,,,,,Ice]Miraidon||ZapPlate|HadronEngine|Protect,VoltSwitch,ElectroDrift,DracoMeteor||||||50|,,,,,Electric]Incineroar||SafetyGoggles|Intimidate|Protect,FakeOut,PartingShot,KnockOff|||F|||50|,,,,,Ghost]Tornadus||MentalHerb|Prankster|Protect,Tailwind,Snowscape,AirSlash|||M|||50|,,,,,Ghost]Gallade||LifeOrb|Sharpness|Protect,WideGuard,PsychoCut,SacredSword|||M|||50|,,,,,Dark\n|inactive|Battle timer is ON: inactive players will automatically lose when time's up. (requested by minecraftmaster31)\n|\n|t:|1745987714\n|start\n|switch|p1a: Koraidon|Koraidon, L50|100/100\n|switch|p1b: Incineroar|Incineroar, L50, M|100/100\n|switch|p2a: Tornadus|Tornadus, L50, M|100/100\n|switch|p2b: Miraidon|Miraidon, L50|100/100\n|-fieldstart|move: Electric Terrain|[from] ability: Hadron Engine|[of] p2b: Miraidon\n|-weather|SunnyDay|[from] ability: Orichalcum Pulse|[of] p1a: Koraidon\n|-activate|p1a: Koraidon|Orichalcum Pulse|[source]\n|-ability|p1b: Incineroar|Intimidate|boost\n|-unboost|p2a: Tornadus|atk|1\n|-unboost|p2b: Miraidon|atk|1\n|turn|1\n|\n|t:|1745987738\n|switch|p2a: Incineroar|Incineroar, L50, F|100/100\n|-ability|p2a: Incineroar|Intimidate|boost\n|-unboost|p1a: Koraidon|atk|1\n|-unboost|p1b: Incineroar|atk|1\n|move|p2b: Miraidon|Protect|p2b: Miraidon\n|-singleturn|p2b: Miraidon|Protect\n|move|p1b: Incineroar|Fake Out|p2b: Miraidon\n|-activate|p2b: Miraidon|move: Protect\n|move|p1a: Koraidon|Flame Charge|p2a: Incineroar\n|-resisted|p2a: Incineroar\n|-damage|p2a: Incineroar|87/100\n|-boost|p1a: Koraidon|spe|1\n|-damage|p1a: Koraidon|91/100|[from] item: Life Orb\n|\n|-weather|SunnyDay|[upkeep]\n|upkeep\n|turn|2\n|inactive|sssssnakessss has 30 seconds left.\n|inactive|sssssnakessss has 20 seconds left.\n|\n|t:|1745987774\n|-terastallize|p1b: Incineroar|Ghost\n|move|p1a: Koraidon|Protect|p1a: Koraidon\n|-singleturn|p1a: Koraidon|Protect\n|move|p2a: Incineroar|Fake Out|p1a: Koraidon\n|-activate|p1a: Koraidon|move: Protect\n|move|p2b: Miraidon|Volt Switch|p1b: Incineroar\n|-damage|p1b: Incineroar|32/100\n|\n|t:|1745987782\n|switch|p2b: Tornadus|Tornadus, L50, M|100/100|[from] Volt Switch\n|move|p1b: Incineroar|Flare Blitz|p2b: Tornadus\n|-damage|p2b: Tornadus|12/100\n|-damage|p1b: Incineroar|7/100|[from] Recoil\n|\n|-weather|SunnyDay|[upkeep]\n|upkeep\n|turn|3\n|\n|t:|1745987801\n|move|p2a: Incineroar|Protect|p2a: Incineroar\n|-singleturn|p2a: Incineroar|Protect\n|move|p2b: Tornadus|Snowscape|p2b: Tornadus\n|-weather|Snowscape\n|move|p1a: Koraidon|Collision Course|p2a: Incineroar\n|-activate|p2a: Incineroar|move: Protect\n|move|p1b: Incineroar|Knock Off|p2b: Tornadus\n|-damage|p2b: Tornadus|0 fnt\n|-enditem|p2b: Tornadus|Mental Herb|[from] move: Knock Off|[of] p1b: Incineroar\n|faint|p2b: Tornadus\n|\n|-weather|Snowscape|[upkeep]\n|upkeep\n|\n|t:|1745987811\n|switch|p2b: Calyrex|Calyrex-Ice, L50|100/100\n|-ability|p2b: Calyrex|As One\n|-ability|p2b: Calyrex|Unnerve\n|turn|4\n|\n|t:|1745987835\n|switch|p1a: Gothitelle|Gothitelle, L50, F|100/100\n|-terastallize|p2b: Calyrex|Fire\n|move|p2a: Incineroar|Knock Off|p1a: Gothitelle\n|-supereffective|p1a: Gothitelle\n|-damage|p1a: Gothitelle|4/100\n|-enditem|p1a: Gothitelle|Sitrus Berry|[from] move: Knock Off|[of] p2a: Incineroar\n|move|p1b: Incineroar|Flare Blitz|p2b: Calyrex\n|-resisted|p2b: Calyrex\n|-damage|p2b: Calyrex|87/100\n|-damage|p1b: Incineroar|3/100|[from] Recoil\n|move|p2b: Calyrex|Glacial Lance|p1b: Incineroar|[spread] p1a,p1b\n|-damage|p1a: Gothitelle|0 fnt\n|-damage|p1b: Incineroar|0 fnt\n|faint|p1a: Gothitelle\n|faint|p1b: Incineroar\n|-ability|p2b: Calyrex|Chilling Neigh|boost\n|-boost|p2b: Calyrex|atk|2\n|\n|-weather|Snowscape|[upkeep]\n|upkeep\n|\n|t:|1745987852\n|switch|p1b: Scream Tail|Scream Tail, L50|100/100\n|switch|p1a: Koraidon|Koraidon, L50|91/100\n|-weather|SunnyDay|[from] ability: Orichalcum Pulse|[of] p1a: Koraidon\n|-activate|p1b: Scream Tail|ability: Protosynthesis\n|-start|p1b: Scream Tail|protosynthesisspe\n|-activate|p1a: Koraidon|Orichalcum Pulse|[source]\n|turn|5\n|inactive|minecraftmaster31 has 30 seconds left.\n|inactive|minecraftmaster31 has 20 seconds left.\n|\n|t:|1745987888\n|move|p1b: Scream Tail|Disable|p2b: Calyrex\n|-start|p2b: Calyrex|Disable|Glacial Lance\n|move|p1a: Koraidon|Collision Course|p2a: Incineroar\n|-supereffective|p2a: Incineroar\n|-damage|p2a: Incineroar|0 fnt\n|faint|p2a: Incineroar\n|-damage|p1a: Koraidon|81/100|[from] item: Life Orb\n|move|p2b: Calyrex|Trick Room|p2b: Calyrex\n|-fieldstart|move: Trick Room|[of] p2b: Calyrex\n|\n|-weather|SunnyDay|[upkeep]\n|-fieldend|move: Electric Terrain\n|upkeep\n|\n|t:|1745987894\n|switch|p2a: Miraidon|Miraidon, L50|100/100\n|-fieldstart|move: Electric Terrain|[from] ability: Hadron Engine|[of] p2a: Miraidon\n|turn|6\n|inactive|sssssnakessss has 30 seconds left.\n|inactive|sssssnakessss has 20 seconds left.\n|\n|t:|1745987931\n|move|p1a: Koraidon|Protect|p1a: Koraidon\n|-singleturn|p1a: Koraidon|Protect\n|move|p2b: Calyrex|Swords Dance|p2b: Calyrex\n|-boost|p2b: Calyrex|atk|2\n|move|p2a: Miraidon|Electro Drift|p1b: Scream Tail\n|-damage|p1b: Scream Tail|15/100\n|move|p1b: Scream Tail|Perish Song|p1b: Scream Tail\n|-start|p1a: Koraidon|perish3|[silent]\n|-start|p1b: Scream Tail|perish3|[silent]\n|-start|p2a: Miraidon|perish3|[silent]\n|-start|p2b: Calyrex|perish3|[silent]\n|-fieldactivate|move: Perish Song\n|\n|-weather|SunnyDay|[upkeep]\n|-start|p2b: Calyrex|perish3\n|-start|p2a: Miraidon|perish3\n|-start|p1a: Koraidon|perish3\n|-start|p1b: Scream Tail|perish3\n|upkeep\n|turn|7\n|inactive|sssssnakessss has 30 seconds left.\n|\n|t:|1745987959\n|move|p1b: Scream Tail|Protect|p1b: Scream Tail\n|-singleturn|p1b: Scream Tail|Protect\n|move|p2b: Calyrex|Swords Dance|p2b: Calyrex\n|-boost|p2b: Calyrex|atk|2\n|move|p1a: Koraidon|Collision Course|p2b: Calyrex\n|-damage|p2b: Calyrex|30/100\n|-damage|p1a: Koraidon|71/100|[from] item: Life Orb\n|move|p2a: Miraidon|Draco Meteor|p1a: Koraidon\n|-supereffective|p1a: Koraidon\n|-damage|p1a: Koraidon|0 fnt\n|-unboost|p2a: Miraidon|spa|2\n|faint|p1a: Koraidon\n|\n|-weather|SunnyDay|[upkeep]\n|-start|p2b: Calyrex|perish2\n|-start|p2a: Miraidon|perish2\n|-start|p1b: Scream Tail|perish2\n|upkeep\n|turn|8\n|inactive|sssssnakessss has 30 seconds left.\n|inactive|minecraftmaster31 has 30 seconds left.\n|\n|t:|1745987992\n|move|p1b: Scream Tail|Protect||[still]\n|-fail|p1b: Scream Tail\n|move|p2b: Calyrex|Swords Dance|p2b: Calyrex\n|-boost|p2b: Calyrex|atk|0\n|move|p2a: Miraidon|Electro Drift|p1b: Scream Tail\n|-damage|p1b: Scream Tail|0 fnt\n|faint|p1b: Scream Tail\n|-end|p1b: Scream Tail|Protosynthesis|[silent]\n|\n|win|minecraftmaster31\n||sssssnakessss is ready for game 2.\n|l|\u2606minecraftmaster31\n|player|p2|\n|inactive|minecraftmaster31 has 30 seconds to confirm battle start!\n||minecraftmaster31 is ready for game 2.\n|uhtml|next|Next: <a href=\"/battle-gen9vgc2025regibo3-2353717557\"><strong>Game 2 of 3</strong></a>\n", "uploadtime": 1745988390, "views": 7, "formatid": "gen9vgc2025regibo3", "rating": null, "private": 0, "password": null}