{"id": "gen9vgc2025regibo3-2353747521", "format": "[Gen 9] VGC 2025 Reg I (Bo3)", "players": ["sadfkl", "Mentalsyndrome"], "log": "|j|\u2606sadfkl\n|j|\u2606Mentalsyndrome\n|html|<table width=\"100%\"><tr><td align=\"left\">sadfkl</td><td align=\"right\">Mentalsyndrome</tr><tr><td align=\"left\"><i class=\"fa fa-circle-o\"></i> <i class=\"fa fa-circle-o\"></i> </td><td align=\"right\"><i class=\"fa fa-circle-o\"></i> <i class=\"fa fa-circle\"></i> </tr></table>\n|uhtml|bestof|<h2><strong>Game 2</strong> of <a href=\"/game-bestof3-gen9vgc2025regibo3-2353746197\">a best-of-3</a></h2>\n|t:|1745993105\n|gametype|doubles\n|player|p1|sadfkl|ethan|1105\n|player|p2|Mentalsyndrome|170|1129\n|teamsize|p1|6\n|teamsize|p2|6\n|gen|9\n|tier|[Gen 9] VGC 2025 Reg I (Bo3)\n|rated|\n|rule|Species Clause: Limit one of each Pok\u00e9mon\n|rule|Item Clause: Limit 1 of each item\n|clearpoke\n|poke|p1|Koraidon, L50|\n|poke|p1|Calyrex-Shadow, L50|\n|poke|p1|Indeedee-F, L50, F|\n|poke|p1|Iron Bundle, L50|\n|poke|p1|Chi-Yu, L50|\n|poke|p1|Brute Bonnet, L50|\n|poke|p2|Bastiodon, L50, F|\n|poke|p2|Flutter Mane, L50|\n|poke|p2|Raging Bolt, L50|\n|poke|p2|Koraidon, L50|\n|poke|p2|Groudon, L50|\n|poke|p2|Brute Bonnet, L50|\n|teampreview|4\n|showteam|p1|Koraidon||LifeOrb|OrichalcumPulse|CollisionCourse,FlareBlitz,Protect,LowKick||||||50|,,,,,Fire]Calyrex-Shadow||FocusSash|AsOneSpectrier|AstralBarrage,ExpandingForce,Protect,PollenPuff||||||50|,,,,,Dark]Indeedee-F||PsychicSeed|PsychicSurge|AlluringVoice,FollowMe,HelpingHand,TrickRoom|||F|||50|,,,,,Water]Iron Bundle||BoosterEnergy|QuarkDrive|IcyWind,Taunt,Encore,FreezeDry||||||50|,,,,,Ghost]Chi-Yu||ChoiceScarf|BeadsofRuin|HeatWave,DarkPulse,Snarl,Overheat||||||50|,,,,,Fire]Brute Bonnet||CovertCloak|Protosynthesis|SeedBomb,SuckerPunch,Spore,RagePowder||||||50|,,,,,Water\n|showteam|p2|Bastiodon||Leftovers|Sturdy|IronDefense,BodyPress,WideGuard,FoulPlay|||F|||50|,,,,,Water]Flutter Mane||FocusSash|Protosynthesis|IcyWind,Moonblast,Protect,Taunt||||||50|,,,,,Normal]Raging Bolt||LifeOrb|Protosynthesis|Thunderbolt,DracoMeteor,Thunderclap,Protect||||||50|,,,,,Fairy]Koraidon||ClearAmulet|OrichalcumPulse|FlareBlitz,FlameCharge,CloseCombat,Protect||||||50|,,,,,Fire]Groudon||AssaultVest|Drought|PrecipiceBlades,HeatCrash,ThunderPunch,HighHorsepower||||||50|,,,,,Fire]Brute Bonnet||CovertCloak|Protosynthesis|SuckerPunch,Spore,RagePowder,SeedBomb||||||50|,,,,,Poison\n|inactive|Battle timer is ON: inactive players will automatically lose when time's up. (requested by Mentalsyndrome)\n|\n|t:|1745993126\n|start\n|switch|p1a: Iron Bundle|Iron Bundle, L50|100/100\n|switch|p1b: Calyrex|Calyrex-Shadow, L50|100/100\n|switch|p2a: Don Steadman|Flutter Mane, L50|100/100\n|switch|p2b: Don Groo|Groudon, L50|100/100\n|-ability|p1b: Calyrex|As One\n|-ability|p1b: Calyrex|Unnerve\n|-weather|SunnyDay|[from] ability: Drought|[of] p2b: Don Groo\n|-activate|p2a: Don Steadman|ability: Protosynthesis\n|-start|p2a: Don Steadman|protosynthesisspe\n|-enditem|p1a: Iron Bundle|Booster Energy\n|-activate|p1a: Iron Bundle|ability: Quark Drive|[fromitem]\n|-start|p1a: Iron Bundle|quarkdrivespe\n|turn|1\n|\n|t:|1745993139\n|-terastallize|p2b: Don Groo|Fire\n|move|p2a: Don Steadman|Protect|p2a: Don Steadman\n|-singleturn|p2a: Don Steadman|Protect\n|move|p1a: Iron Bundle|Icy Wind|p2b: Don Groo|[spread] p2b\n|-activate|p2a: Don Steadman|move: Protect\n|-resisted|p2b: Don Groo\n|-damage|p2b: Don Groo|96/100\n|-unboost|p2b: Don Groo|spe|1\n|move|p1b: Calyrex|Astral Barrage|p2a: Don Steadman|[spread] p2b\n|-activate|p2a: Don Steadman|move: Protect\n|-damage|p2b: Don Groo|63/100\n|move|p2b: Don Groo|Precipice Blades|p1a: Iron Bundle|[spread] p1b\n|-miss|p2b: Don Groo|p1a: Iron Bundle\n|-damage|p1b: Calyrex|40/100\n|\n|-weather|SunnyDay|[upkeep]\n|upkeep\n|turn|2\n|\n|t:|1745993156\n|move|p1a: Iron Bundle|Icy Wind|p2b: Don Groo|[spread] p2a,p2b\n|-resisted|p2b: Don Groo\n|-damage|p2a: Don Steadman|82/100\n|-damage|p2b: Don Groo|58/100\n|-unboost|p2a: Don Steadman|spe|1\n|-unboost|p2b: Don Groo|spe|1\n|move|p1b: Calyrex|Astral Barrage|p2a: Don Steadman|[spread] p2a,p2b\n|-supereffective|p2a: Don Steadman\n|-damage|p2a: Don Steadman|0 fnt\n|-damage|p2b: Don Groo|28/100\n|faint|p2a: Don Steadman\n|-end|p2a: Don Steadman|Protosynthesis|[silent]\n|-ability|p1b: Calyrex|Grim Neigh|boost\n|-boost|p1b: Calyrex|spa|1\n|move|p2b: Don Groo|Precipice Blades|p1b: Calyrex|[spread] p1a,p1b\n|-damage|p1a: Iron Bundle|47/100\n|-damage|p1b: Calyrex|0 fnt\n|faint|p1b: Calyrex\n|\n|-weather|SunnyDay|[upkeep]\n|upkeep\n|\n|t:|1745993169\n|switch|p1b: Koraidon|Koraidon, L50|100/100\n|switch|p2a: Don Hotwheels|Koraidon, L50|100/100\n|-activate|p1b: Koraidon|ability: Orichalcum Pulse\n|-activate|p2a: Don Hotwheels|ability: Orichalcum Pulse\n|turn|3\n|\n|t:|1745993182\n|-terastallize|p1b: Koraidon|Fire\n|move|p1a: Iron Bundle|Icy Wind|p2a: Don Hotwheels|[spread] p2a,p2b\n|-supereffective|p2a: Don Hotwheels\n|-resisted|p2b: Don Groo\n|-damage|p2a: Don Hotwheels|65/100\n|-damage|p2b: Don Groo|24/100\n|-unboost|p2b: Don Groo|spe|1\n|move|p1b: Koraidon|Collision Course|p2b: Don Groo\n|-damage|p2b: Don Groo|0 fnt\n|faint|p2b: Don Groo\n|-damage|p1b: Koraidon|91/100|[from] item: Life Orb\n|move|p2a: Don Hotwheels|Flame Charge|p1a: Iron Bundle\n|-damage|p1a: Iron Bundle|2/100\n|-boost|p2a: Don Hotwheels|spe|1\n|\n|-weather|SunnyDay|[upkeep]\n|upkeep\n|\n|t:|1745993187\n|switch|p2b: Don Mayo|Raging Bolt, L50|100/100\n|-activate|p2b: Don Mayo|ability: Protosynthesis\n|-start|p2b: Don Mayo|protosynthesisspa\n|turn|4\n|\n|t:|1745993206\n|move|p1b: Koraidon|Protect|p1b: Koraidon\n|-singleturn|p1b: Koraidon|Protect\n|move|p2b: Don Mayo|Thunderclap||[still]\n|-fail|p2b: Don Mayo\n|move|p1a: Iron Bundle|Encore|p2a: Don Hotwheels\n|-start|p2a: Don Hotwheels|Encore\n|move|p2a: Don Hotwheels|Flame Charge|p1b: Koraidon\n|-activate|p1b: Koraidon|move: Protect\n|\n|-weather|SunnyDay|[upkeep]\n|upkeep\n|turn|5\n|inactive|Mentalsyndrome has 30 seconds left.\n|\n|t:|1745993239\n|move|p1a: Iron Bundle|Freeze-Dry|p2b: Don Mayo\n|-supereffective|p2b: Don Mayo\n|-damage|p2b: Don Mayo|49/100\n|move|p2a: Don Hotwheels|Flame Charge|p1b: Koraidon\n|-resisted|p1b: Koraidon\n|-damage|p1b: Koraidon|72/100\n|-boost|p2a: Don Hotwheels|spe|1\n|move|p1b: Koraidon|Collision Course|p2a: Don Hotwheels\n|-damage|p2a: Don Hotwheels|0 fnt\n|faint|p2a: Don Hotwheels\n|-damage|p1b: Koraidon|62/100|[from] item: Life Orb\n|move|p2b: Don Mayo|Thunderbolt|p1b: Koraidon\n|-damage|p1b: Koraidon|0 fnt\n|faint|p1b: Koraidon\n|-damage|p2b: Don Mayo|39/100|[from] item: Life Orb\n|\n|-weather|none\n|-end|p2b: Don Mayo|Protosynthesis\n|upkeep\n|\n|t:|1745993248\n|switch|p1b: Chi-Yu|Chi-Yu, L50|100/100\n|-ability|p1b: Chi-Yu|Beads of Ruin\n|turn|6\n|\n|t:|1745993254\n|move|p2b: Don Mayo|Thunderclap|p1b: Chi-Yu\n|-damage|p1b: Chi-Yu|43/100\n|-damage|p2b: Don Mayo|29/100|[from] item: Life Orb\n|move|p1a: Iron Bundle|Freeze-Dry|p2b: Don Mayo\n|-supereffective|p2b: Don Mayo\n|-damage|p2b: Don Mayo|0 fnt\n|faint|p2b: Don Mayo\n|-end|p2b: Don Mayo|Protosynthesis|[silent]\n|\n|win|sadfkl\n|l|\u2606Mentalsyndrome\n|player|p2|\n||sadfkl is ready for game 3.\n||Mentalsyndrome is ready for game 3.\n|uhtml|next|Next: <a href=\"/battle-gen9vgc2025regibo3-2353748365\"><strong>Game 3 of 3</strong></a>\n|l|\u2606sadfkl\n|player|p1|\n", "uploadtime": 1745993259, "views": 17, "formatid": "gen9vgc2025regibo3", "rating": null, "private": 0, "password": null}