{"id": "gen9vgc2025regibo3-2354557407", "format": "[Gen 9] VGC 2025 Reg I (Bo3)", "players": ["ajax24444", "jqrzzz"], "log": "|j|\u2606ajax24444\n|j|\u2606jqrzzz\n|html|<table width=\"100%\"><tr><td align=\"left\">ajax24444</td><td align=\"right\">jqrzzz</tr><tr><td align=\"left\"><i class=\"fa fa-circle-o\"></i> <i class=\"fa fa-circle-o\"></i> </td><td align=\"right\"><i class=\"fa fa-circle-o\"></i> <i class=\"fa fa-circle-o\"></i> </tr></table>\n|uhtml|bestof|<h2><strong>Game 1</strong> of <a href=\"/game-bestof3-gen9vgc2025regibo3-2354557406\">a best-of-3</a></h2>\n|t:|1746093994\n|gametype|doubles\n|player|p1|ajax24444|101|1101\n|player|p2|jqrzzz|unknown|1058\n|teamsize|p1|6\n|teamsize|p2|6\n|gen|9\n|tier|[Gen 9] VGC 2025 Reg I (Bo3)\n|rated|\n|rule|Species Clause: Limit one of each Pok\u00e9mon\n|rule|Item Clause: Limit 1 of each item\n|clearpoke\n|poke|p1|Calyrex-Shadow, L50|\n|poke|p1|Zamazenta-*, L50|\n|poke|p1|Urshifu-*, L50, M|\n|poke|p1|Tornadus, L50, M|\n|poke|p1|Ogerpon-Cornerstone, L50, F|\n|poke|p1|Incineroar, L50, M|\n|poke|p2|Zacian-*, L50|\n|poke|p2|Rillaboom, L50, M|\n|poke|p2|Talonflame, L50, M|\n|poke|p2|Chien-Pao, L50|\n|poke|p2|Zamazenta-*, L50|\n|poke|p2|Dragonite, L50, F|\n|teampreview|4\n|showteam|p1|Calyrex-Shadow||SpellTag|AsOneSpectrier|AstralBarrage,Psychic,NastyPlot,Protect||||||50|,,,,,Dark]Zamazenta-Crowned||RustedShield|DauntlessShield|BodyPress,HeavySlam,WideGuard,Protect||||||50|,,,,,Dragon]Urshifu-Rapid-Strike||MysticWater|UnseenFist|SurgingStrikes,CloseCombat,AquaJet,Detect|||M|||50|,,,,,Stellar]Tornadus||CovertCloak|Prankster|Tailwind,BleakwindStorm,RainDance,Taunt|||M|||50|,,,,,Dark]Ogerpon-Cornerstone||CornerstoneMask|Sturdy|IvyCudgel,HornLeech,FollowMe,SpikyShield|||F|||50|,,,,,Rock]Incineroar||SafetyGoggles|Intimidate|FakeOut,KnockOff,HelpingHand,PartingShot|||M|||50|,,,,,Bug\n|showteam|p2|Zacian-Crowned||RustedSword|IntrepidSword|Protect,CloseCombat,behemothblade,SwordsDance||||||50|,,,,,Fire]Rillaboom||AssaultVest|GrassySurge|GrassyGlide,FakeOut,Uturn,KnockOff|||M|||50|,,,,,Fire]Talonflame||CovertCloak|GaleWings|Tailwind,Taunt,BraveBird,WillOWisp|||M|||50|,,,,,Ghost]Chien-Pao||FocusSash|SwordofRuin|SuckerPunch,IcicleCrash,ThroatChop,Protect||||||50|,,,,,Ghost]Zamazenta-Crowned||RustedShield|DauntlessShield|WideGuard,IronDefense,BodyPress,Coaching||||||50|,,,,,Ghost]Dragonite||ChoiceBand|InnerFocus|Tailwind,Outrage,AerialAce,Fling|||F|||50|,,,,,Normal\n|inactive|Battle timer is ON: inactive players will automatically lose when time's up. (requested by jqrzzz)\n|inactive|ajax24444 has 60 seconds left.\n|inactive|jqrzzz has 60 seconds left.\n|\n|t:|1746094053\n|start\n|switch|p1a: Calyrex|Calyrex-Shadow, L50|100/100\n|switch|p1b: Incineroar|Incineroar, L50, M|100/100\n|switch|p2a: Rillaboom|Rillaboom, L50, M|100/100\n|switch|p2b: Zamazenta|Zamazenta-Crowned, L50|100/100\n|-ability|p1a: Calyrex|As One\n|-ability|p1a: Calyrex|Unnerve\n|-ability|p2b: Zamazenta|Dauntless Shield|boost\n|-boost|p2b: Zamazenta|def|1\n|-fieldstart|move: Grassy Terrain|[from] ability: Grassy Surge|[of] p2a: Rillaboom\n|-ability|p1b: Incineroar|Intimidate|boost\n|-unboost|p2a: Rillaboom|atk|1\n|-unboost|p2b: Zamazenta|atk|1\n|turn|1\n|inactive|ajax24444 has 30 seconds left.\n|inactive|ajax24444 has 20 seconds left.\n|\n|t:|1746094088\n|-terastallize|p2b: Zamazenta|Ghost\n|move|p1a: Calyrex|Nasty Plot|p1a: Calyrex\n|-boost|p1a: Calyrex|spa|2\n|move|p2b: Zamazenta|Iron Defense|p2b: Zamazenta\n|-boost|p2b: Zamazenta|def|2\n|move|p2a: Rillaboom|Knock Off|p1a: Calyrex\n|-supereffective|p1a: Calyrex\n|-damage|p1a: Calyrex|20/100\n|-enditem|p1a: Calyrex|Spell Tag|[from] move: Knock Off|[of] p2a: Rillaboom\n|move|p1b: Incineroar|Parting Shot|p2a: Rillaboom\n|-unboost|p2a: Rillaboom|atk|1\n|-unboost|p2a: Rillaboom|spa|1\n|\n|t:|1746094105\n|switch|p1b: Tornadus|Tornadus, L50, M|100/100|[from] Parting Shot\n|\n|-heal|p1a: Calyrex|25/100|[from] Grassy Terrain\n|upkeep\n|turn|2\n|inactive|jqrzzz has 30 seconds left.\n|inactive|ajax24444 has 30 seconds left.\n|\n|t:|1746094137\n|switch|p2b: Dragonite|Dragonite, L50, F|100/100\n|move|p1a: Calyrex|Protect|p1a: Calyrex\n|-singleturn|p1a: Calyrex|Protect\n|move|p1b: Tornadus|Taunt|p2b: Dragonite\n|-start|p2b: Dragonite|move: Taunt\n|move|p2a: Rillaboom|U-turn|p1b: Tornadus\n|-resisted|p1b: Tornadus\n|-damage|p1b: Tornadus|94/100\n|\n|t:|1746094148\n|switch|p2a: Zamazenta|Zamazenta-Crowned, L50, tera:Ghost|100/100|[from] U-turn\n|\n|-heal|p1a: Calyrex|31/100|[from] Grassy Terrain\n|upkeep\n|turn|3\n|\n|t:|1746094168\n|switch|p1a: Incineroar|Incineroar, L50, M|100/100\n|-ability|p1a: Incineroar|Intimidate|boost\n|-unboost|p2a: Zamazenta|atk|1\n|-fail|p2b: Dragonite|unboost|Attack|[from] ability: Inner Focus|[of] p2b: Dragonite\n|move|p2a: Zamazenta|Wide Guard|p2a: Zamazenta\n|-singleturn|p2a: Zamazenta|Wide Guard\n|move|p1b: Tornadus|Bleakwind Storm|p2b: Dragonite|[spread] \n|-activate|p2a: Zamazenta|move: Wide Guard\n|-activate|p2b: Dragonite|move: Wide Guard\n|move|p2b: Dragonite|Aerial Ace|p1a: Incineroar\n|-damage|p1a: Incineroar|56/100\n|\n|-heal|p1a: Incineroar|62/100|[from] Grassy Terrain\n|upkeep\n|turn|4\n|\n|t:|1746094188\n|move|p1b: Tornadus|Taunt|p2a: Zamazenta\n|-start|p2a: Zamazenta|move: Taunt\n|move|p2a: Zamazenta|Body Press|p1a: Incineroar\n|-supereffective|p1a: Incineroar\n|-damage|p1a: Incineroar|0 fnt\n|faint|p1a: Incineroar\n|move|p2b: Dragonite|Aerial Ace|p1b: Tornadus\n|-damage|p1b: Tornadus|32/100\n|\n|-end|p2b: Dragonite|move: Taunt\n|upkeep\n|\n|t:|1746094196\n|switch|p1a: Zamazenta|Zamazenta-Crowned, L50|100/100\n|-ability|p1a: Zamazenta|Dauntless Shield|boost\n|-boost|p1a: Zamazenta|def|1\n|turn|5\n|\n|t:|1746094210\n|move|p1b: Tornadus|Tailwind|p1b: Tornadus\n|-sidestart|p1: ajax24444|move: Tailwind\n|move|p1a: Zamazenta|Heavy Slam|p2a: Zamazenta\n|-damage|p2a: Zamazenta|88/100\n|move|p2a: Zamazenta|Body Press|p1a: Zamazenta\n|-supereffective|p1a: Zamazenta\n|-damage|p1a: Zamazenta|71/100\n|move|p2b: Dragonite|Aerial Ace|p1a: Zamazenta\n|-damage|p1a: Zamazenta|49/100\n|\n|-heal|p1a: Zamazenta|55/100|[from] Grassy Terrain\n|-heal|p2a: Zamazenta|94/100|[from] Grassy Terrain\n|-fieldend|move: Grassy Terrain\n|upkeep\n|turn|6\n|\n|t:|1746094228\n|move|p1a: Zamazenta|Body Press|p2b: Dragonite\n|-resisted|p2b: Dragonite\n|-damage|p2b: Dragonite|60/100\n|move|p1b: Tornadus|Bleakwind Storm|p2b: Dragonite|[spread] p2b\n|-miss|p1b: Tornadus|p2a: Zamazenta\n|-damage|p2b: Dragonite|24/100\n|move|p2a: Zamazenta|Body Press|p1a: Zamazenta\n|-supereffective|p1a: Zamazenta\n|-damage|p1a: Zamazenta|22/100\n|move|p2b: Dragonite|Aerial Ace|p1b: Tornadus\n|-damage|p1b: Tornadus|0 fnt\n|faint|p1b: Tornadus\n|\n|-end|p2a: Zamazenta|move: Taunt\n|upkeep\n|\n|t:|1746094241\n|switch|p1b: Calyrex|Calyrex-Shadow, L50|31/100\n|-ability|p1b: Calyrex|As One\n|-ability|p1b: Calyrex|Unnerve\n|turn|7\n|\n|t:|1746094254\n|switch|p2a: Rillaboom|Rillaboom, L50, M|100/100\n|-fieldstart|move: Grassy Terrain|[from] ability: Grassy Surge|[of] p2a: Rillaboom\n|move|p1b: Calyrex|Psychic|p2a: Rillaboom\n|-damage|p2a: Rillaboom|74/100\n|move|p1a: Zamazenta|Body Press|p2b: Dragonite\n|-resisted|p2b: Dragonite\n|-damage|p2b: Dragonite|0 fnt\n|faint|p2b: Dragonite\n|\n|-heal|p1b: Calyrex|37/100|[from] Grassy Terrain\n|-heal|p1a: Zamazenta|28/100|[from] Grassy Terrain\n|-heal|p2a: Rillaboom|80/100|[from] Grassy Terrain\n|upkeep\n|\n|t:|1746094268\n|switch|p2b: Zamazenta|Zamazenta-Crowned, L50, tera:Ghost|94/100\n|turn|8\n|\n|t:|1746094283\n|switch|p2a: Zacian|Zacian-Crowned, L50|100/100\n|-ability|p2a: Zacian|Intrepid Sword|boost\n|-boost|p2a: Zacian|atk|1\n|move|p1b: Calyrex|Protect|p1b: Calyrex\n|-singleturn|p1b: Calyrex|Protect\n|move|p1a: Zamazenta|Body Press|p2a: Zacian\n|-damage|p2a: Zacian|31/100\n|move|p2b: Zamazenta|Coaching|p2a: Zacian\n|-boost|p2a: Zacian|atk|1\n|-boost|p2a: Zacian|def|1\n|\n|-heal|p1b: Calyrex|43/100|[from] Grassy Terrain\n|-heal|p1a: Zamazenta|34/100|[from] Grassy Terrain\n|-heal|p2a: Zacian|37/100|[from] Grassy Terrain\n|-heal|p2b: Zamazenta|100/100|[from] Grassy Terrain\n|-sideend|p1: ajax24444|move: Tailwind\n|upkeep\n|turn|9\n|\n|t:|1746094300\n|move|p2a: Zacian|Protect|p2a: Zacian\n|-singleturn|p2a: Zacian|Protect\n|move|p1b: Calyrex|Astral Barrage|p2a: Zacian|[spread] p2b\n|-activate|p2a: Zacian|move: Protect\n|-supereffective|p2b: Zamazenta\n|-damage|p2b: Zamazenta|46/100\n|move|p1a: Zamazenta|Body Press|p2a: Zacian\n|-activate|p2a: Zacian|move: Protect\n|move|p2b: Zamazenta|Body Press|p1a: Zamazenta\n|-supereffective|p1a: Zamazenta\n|-damage|p1a: Zamazenta|1/100\n|\n|-heal|p1b: Calyrex|49/100|[from] Grassy Terrain\n|-heal|p2a: Zacian|43/100|[from] Grassy Terrain\n|-heal|p1a: Zamazenta|7/100|[from] Grassy Terrain\n|-heal|p2b: Zamazenta|52/100|[from] Grassy Terrain\n|upkeep\n|turn|10\n|\n|t:|1746094323\n|move|p1b: Calyrex|Protect|p1b: Calyrex\n|-singleturn|p1b: Calyrex|Protect\n|move|p1a: Zamazenta|Protect|p1a: Zamazenta\n|-singleturn|p1a: Zamazenta|Protect\n|move|p2b: Zamazenta|Wide Guard|p2b: Zamazenta\n|-singleturn|p2b: Zamazenta|Wide Guard\n|move|p2a: Zacian|Behemoth Blade|p1b: Calyrex\n|-activate|p1b: Calyrex|move: Protect\n|\n|-heal|p1b: Calyrex|55/100|[from] Grassy Terrain\n|-heal|p2a: Zacian|49/100|[from] Grassy Terrain\n|-heal|p1a: Zamazenta|13/100|[from] Grassy Terrain\n|-heal|p2b: Zamazenta|58/100|[from] Grassy Terrain\n|upkeep\n|turn|11\n|\n|t:|1746094339\n|move|p2b: Zamazenta|Wide Guard|p2b: Zamazenta\n|-singleturn|p2b: Zamazenta|Wide Guard\n|move|p1b: Calyrex|Psychic|p2a: Zacian\n|-resisted|p2a: Zacian\n|-damage|p2a: Zacian|23/100\n|move|p2a: Zacian|Behemoth Blade|p1b: Calyrex\n|-crit|p1b: Calyrex\n|-damage|p1b: Calyrex|0 fnt\n|faint|p1b: Calyrex\n|move|p1a: Zamazenta|Heavy Slam|p2b: Zamazenta\n|-damage|p2b: Zamazenta|46/100\n|\n|-heal|p2a: Zacian|28/100|[from] Grassy Terrain\n|-heal|p1a: Zamazenta|19/100|[from] Grassy Terrain\n|-heal|p2b: Zamazenta|52/100|[from] Grassy Terrain\n|-fieldend|move: Grassy Terrain\n|upkeep\n|turn|12\n|-message|ajax24444 forfeited.\n|\n|win|jqrzzz\n|l|\u2606ajax24444\n|player|p1|\n||jqrzzz is ready for game 2.\n||ajax24444 is ready for game 2.\n|uhtml|next|Next: <a href=\"/battle-gen9vgc2025regibo3-2354559353\"><strong>Game 2 of 3</strong></a>\n", "uploadtime": 1746094714, "views": 12, "formatid": "gen9vgc2025regibo3", "rating": null, "private": 0, "password": null}