{"id": "gen9vgc2025regibo3-2354506578", "format": "[Gen 9] VGC 2025 Reg I (Bo3)", "players": ["atrixmj", "WithoutHands"], "log": "|j|\u2606atrixmj\n|j|\u2606WithoutHands\n|html|<table width=\"100%\"><tr><td align=\"left\">atrixmj</td><td align=\"right\">WithoutHands</tr><tr><td align=\"left\"><i class=\"fa fa-circle-o\"></i> <i class=\"fa fa-circle-o\"></i> </td><td align=\"right\"><i class=\"fa fa-circle-o\"></i> <i class=\"fa fa-circle-o\"></i> </tr></table>\n|uhtml|bestof|<h2><strong>Game 1</strong> of <a href=\"/game-bestof3-gen9vgc2025regibo3-2354506577\">a best-of-3</a></h2>\n|t:|1746083868\n|gametype|doubles\n|player|p1|atrixmj|265|1309\n|player|p2|WithoutHands|170|1400\n|teamsize|p1|6\n|teamsize|p2|6\n|gen|9\n|tier|[Gen 9] VGC 2025 Reg I (Bo3)\n|rated|\n|rule|Species Clause: Limit one of each Pok\u00e9mon\n|rule|Item Clause: Limit 1 of each item\n|clearpoke\n|poke|p1|Lunala, L50|\n|poke|p1|Koraidon, L50|\n|poke|p1|Incineroar, L50, M|\n|poke|p1|Ursaluna, L50, M|\n|poke|p1|Flutter Mane, L50|\n|poke|p1|Brute Bonnet, L50|\n|poke|p2|Calyrex-Shadow, L50|\n|poke|p2|Zamazenta-*, L50|\n|poke|p2|Amoonguss, L50, F|\n|poke|p2|Chien-Pao, L50|\n|poke|p2|Urshifu-*, L50, M|\n|poke|p2|Pelipper, L50, M|\n|teampreview|4\n|showteam|p1|Lunala||SafetyGoggles|ShadowShield|MoongeistBeam,Psychic,WideGuard,TrickRoom||||||50|,,,,,Water]Koraidon||LifeOrb|OrichalcumPulse|CloseCombat,FlareBlitz,FlameCharge,Protect||||||50|,,,,,Fire]Incineroar||AssaultVest|Intimidate|FlareBlitz,FakeOut,Uturn,KnockOff|||M|||50|,,,,,Bug]Ursaluna||FlameOrb|Guts|Facade,HeadlongRush,Earthquake,Protect|||M|||50|,,,,,Ghost]Flutter Mane||FocusSash|Protosynthesis|Moonblast,IcyWind,Taunt,Protect||||||50|,,,,,Fairy]Brute Bonnet||CovertCloak|Protosynthesis|SeedBomb,SuckerPunch,Spore,RagePowder||||||50|,,,,,Water\n|showteam|p2|Calyrex-Shadow||LifeOrb|AsOneSpectrier|Protect,Imprison,Psychic,AstralBarrage||||||50|,,,,,Water]Zamazenta-Crowned||RustedShield|DauntlessShield|BodyPress,behemothbash,WideGuard,Protect||||||50|,,,,,Dragon]Amoonguss||RockyHelmet|Regenerator|Spore,SludgeBomb,RagePowder,Protect|||F|||50|,,,,,Water]Chien-Pao||FocusSash|SwordofRuin|IceSpinner,SuckerPunch,ThroatChop,Protect||||||50|,,,,,Stellar]Urshifu-Rapid-Strike||MysticWater|UnseenFist|SurgingStrikes,CloseCombat,AquaJet,Detect|||M|||50|,,,,,Grass]Pelipper||CovertCloak|Drizzle|WeatherBall,Hurricane,WideGuard,Tailwind|||M|||50|,,,,,Grass\n|inactive|Battle timer is ON: inactive players will automatically lose when time's up. (requested by WithoutHands)\n|\n|t:|1746083894\n|start\n|switch|p1a: M. LOVE|Lunala, L50, shiny|100/100\n|switch|p1b: Incineroar|Incineroar, L50, M|100/100\n|switch|p2a: Zamazenta|Zamazenta-Crowned, L50|100/100\n|switch|p2b: Amoonguss|Amoonguss, L50, F|100/100\n|-ability|p2a: Zamazenta|Dauntless Shield|boost\n|-boost|p2a: Zamazenta|def|1\n|-ability|p1b: Incineroar|Intimidate|boost\n|-unboost|p2a: Zamazenta|atk|1\n|-unboost|p2b: Amoonguss|atk|1\n|turn|1\n|\n|t:|1746083917\n|move|p1b: Incineroar|Fake Out|p2b: Amoonguss\n|-damage|p2b: Amoonguss|90/100\n|-damage|p1b: Incineroar|84/100|[from] item: Rocky Helmet|[of] p2b: Amoonguss\n|move|p2a: Zamazenta|Body Press|p1b: Incineroar\n|-supereffective|p1b: Incineroar\n|-damage|p1b: Incineroar|0 fnt\n|faint|p1b: Incineroar\n|move|p1a: M. LOVE|Psychic|p2b: Amoonguss\n|-supereffective|p2b: Amoonguss\n|-damage|p2b: Amoonguss|0 fnt\n|faint|p2b: Amoonguss\n|\n|upkeep\n|\n|t:|1746083931\n|switch|p1b: PINK SLIME|Ursaluna, L50, M, shiny|100/100\n|switch|p2b: Urshifu|Urshifu-Rapid-Strike, L50, M|100/100\n|turn|2\n|\n|t:|1746083955\n|switch|p2a: Pelipper|Pelipper, L50, M|100/100\n|-weather|RainDance|[from] ability: Drizzle|[of] p2a: Pelipper\n|-terastallize|p1b: PINK SLIME|Ghost\n|move|p2b: Urshifu|Surging Strikes|p1b: PINK SLIME\n|-crit|p1b: PINK SLIME\n|-damage|p1b: PINK SLIME|75/100\n|-crit|p1b: PINK SLIME\n|-damage|p1b: PINK SLIME|47/100\n|-crit|p1b: PINK SLIME\n|-damage|p1b: PINK SLIME|22/100\n|-hitcount|p1b: PINK SLIME|3\n|move|p1b: PINK SLIME|Headlong Rush|p2a: Pelipper\n|-immune|p2a: Pelipper\n|move|p1a: M. LOVE|Trick Room|p1a: M. LOVE\n|-fieldstart|move: Trick Room|[of] p1a: M. LOVE\n|\n|-weather|RainDance|[upkeep]\n|-status|p1b: PINK SLIME|brn|[from] item: Flame Orb\n|upkeep\n|turn|3\n|inactive|WithoutHands has 30 seconds left.\n|\n|t:|1746083983\n|switch|p2a: Zamazenta|Zamazenta-Crowned, L50|100/100\n|switch|p1a: ULTRA TRAILER|Koraidon, L50|100/100\n|-weather|SunnyDay|[from] ability: Orichalcum Pulse|[of] p1a: ULTRA TRAILER\n|-activate|p1a: ULTRA TRAILER|Orichalcum Pulse|[source]\n|move|p2b: Urshifu|Detect|p2b: Urshifu\n|-singleturn|p2b: Urshifu|Protect\n|move|p1b: PINK SLIME|Facade|p2a: Zamazenta\n|-resisted|p2a: Zamazenta\n|-damage|p2a: Zamazenta|65/100\n|\n|-weather|SunnyDay|[upkeep]\n|-damage|p1b: PINK SLIME|16/100 brn|[from] brn\n|upkeep\n|turn|4\n|\n|t:|1746084006\n|switch|p1b: M. LOVE|Lunala, L50, shiny|100/100\n|switch|p2a: Pelipper|Pelipper, L50, M|100/100\n|-weather|RainDance|[from] ability: Drizzle|[of] p2a: Pelipper\n|move|p2b: Urshifu|Aqua Jet|p1b: M. LOVE\n|-damage|p1b: M. LOVE|85/100\n|move|p1a: ULTRA TRAILER|Close Combat|p2b: Urshifu\n|-damage|p2b: Urshifu|26/100\n|-unboost|p1a: ULTRA TRAILER|def|1\n|-unboost|p1a: ULTRA TRAILER|spd|1\n|-damage|p1a: ULTRA TRAILER|91/100|[from] item: Life Orb\n|\n|-weather|RainDance|[upkeep]\n|upkeep\n|turn|5\n|\n|t:|1746084026\n|switch|p2a: Zamazenta|Zamazenta-Crowned, L50|65/100\n|switch|p1a: PINK SLIME|Ursaluna, L50, M, shiny, tera:Ghost|16/100 brn\n|move|p2b: Urshifu|Detect|p2b: Urshifu\n|-singleturn|p2b: Urshifu|Protect\n|move|p1b: M. LOVE|Moongeist Beam|p2a: Zamazenta\n|-damage|p2a: Zamazenta|26/100\n|\n|-weather|RainDance|[upkeep]\n|-damage|p1a: PINK SLIME|10/100 brn|[from] brn\n|upkeep\n|turn|6\n|\n|t:|1746084050\n|move|p2b: Urshifu|Aqua Jet|p1a: PINK SLIME\n|-damage|p1a: PINK SLIME|0 fnt\n|faint|p1a: PINK SLIME\n|move|p1b: M. LOVE|Moongeist Beam|p2b: Urshifu\n|-damage|p2b: Urshifu|0 fnt\n|faint|p2b: Urshifu\n|move|p2a: Zamazenta|Behemoth Bash|p1b: M. LOVE\n|-damage|p1b: M. LOVE|54/100\n|\n|-weather|RainDance|[upkeep]\n|-fieldend|move: Trick Room\n|upkeep\n|\n|t:|1746084054\n|switch|p2b: Pelipper|Pelipper, L50, M|100/100\n|switch|p1a: ULTRA TRAILER|Koraidon, L50|91/100\n|-weather|SunnyDay|[from] ability: Orichalcum Pulse|[of] p1a: ULTRA TRAILER\n|-activate|p1a: ULTRA TRAILER|Orichalcum Pulse|[source]\n|-weather|RainDance|[from] ability: Drizzle|[of] p2b: Pelipper\n|turn|7\n|inactive|atrixmj has 30 seconds left.\n|inactive|WithoutHands has 30 seconds left.\n|\n|t:|1746084082\n|move|p1a: ULTRA TRAILER|Close Combat|p2b: Pelipper\n|-resisted|p2b: Pelipper\n|-damage|p2b: Pelipper|54/100\n|-unboost|p1a: ULTRA TRAILER|def|1\n|-unboost|p1a: ULTRA TRAILER|spd|1\n|-damage|p1a: ULTRA TRAILER|81/100|[from] item: Life Orb\n|move|p2a: Zamazenta|Body Press|p1a: ULTRA TRAILER\n|-damage|p1a: ULTRA TRAILER|16/100\n|move|p1b: M. LOVE|Moongeist Beam|p2b: Pelipper\n|-damage|p2b: Pelipper|0 fnt\n|faint|p2b: Pelipper\n|\n|-weather|RainDance|[upkeep]\n|upkeep\n|turn|8\n|-message|WithoutHands forfeited.\n|\n|win|atrixmj\n||atrixmj is ready for game 2.\n||WithoutHands is ready for game 2.\n|uhtml|next|Next: <a href=\"/battle-gen9vgc2025regibo3-2354507716\"><strong>Game 2 of 3</strong></a>\n|l|\u2606WithoutHands\n|player|p2|\n|l|\u2606atrixmj\n|player|p1|\n", "uploadtime": 1746084419, "views": 7, "formatid": "gen9vgc2025regibo3", "rating": null, "private": 0, "password": null}