{"id": "gen9vgc2025regibo3-2354128436", "format": "[Gen 9] VGC 2025 Reg I (Bo3)", "players": ["double o dumbass", "McDubbieEnthusiast"], "log": "|j|\u2606double o dumbass\n|j|\u2606McDubbieEnthusiast\n|html|<table width=\"100%\"><tr><td align=\"left\">double o dumbass</td><td align=\"right\">McDubbieEnthusiast</tr><tr><td align=\"left\"><i class=\"fa fa-circle\"></i> <i class=\"fa fa-circle-o\"></i> </td><td align=\"right\"><i class=\"fa fa-circle-o\"></i> <i class=\"fa fa-circle\"></i> </tr></table>\n|uhtml|bestof|<h2><strong>Game 3</strong> of <a href=\"/game-bestof3-gen9vgc2025regibo3-2354122578\">a best-of-3</a></h2>\n|t:|1746037283\n|gametype|doubles\n|player|p1|double o dumbass|will|1163\n|player|p2|McDubbieEnthusiast|li|1207\n|teamsize|p1|6\n|teamsize|p2|6\n|gen|9\n|tier|[Gen 9] VGC 2025 Reg I (Bo3)\n|rated|\n|rule|Species Clause: Limit one of each Pok\u00e9mon\n|rule|Item Clause: Limit 1 of each item\n|clearpoke\n|poke|p1|Grimmsnarl, L50, M|\n|poke|p1|Calyrex-Shadow, L50|\n|poke|p1|Zamazenta-*, L50|\n|poke|p1|Primarina, L50, F|\n|poke|p1|Rillaboom, L50, F|\n|poke|p1|Urshifu-*, L50, M|\n|poke|p2|Kyogre, L50|\n|poke|p2|Zamazenta-*, L50|\n|poke|p2|Ursaluna, L50, M|\n|poke|p2|Sinistcha, L50|\n|poke|p2|Tornadus, L50, M|\n|poke|p2|Chi-Yu, L50|\n|teampreview|4\n|showteam|p1|Grimmsnarl||LightClay|Prankster|Reflect,LightScreen,SpiritBreak,ThunderWave|||M|||50|,,,,,Ghost]Calyrex-Shadow||LifeOrb|AsOneSpectrier|AstralBarrage,Psychic,NastyPlot,Protect||||||50|,,,,,Dark]Zamazenta-Crowned||RustedShield|DauntlessShield|BodyPress,HeavySlam,WideGuard,Protect||||||50|,,,,,Dragon]Primarina||AssaultVest|LiquidVoice|Moonblast,ShadowBall,HyperVoice,IcyWind|||F|||50|,,,,,Grass]Rillaboom||ChoiceBand|GrassySurge|WoodHammer,GrassyGlide,HighHorsepower,Uturn|||F|||50|,,,,,Grass]Urshifu||FocusSash|UnseenFist|WickedBlow,SuckerPunch,CloseCombat,Detect|||M|||50|,,,,,Dark\n|showteam|p2|Kyogre||LifeOrb|Drizzle|WaterSpout,IceBeam,Thunder,Protect||||||50|,,,,,Electric]Zamazenta-Crowned||RustedShield|DauntlessShield|BodyPress,HeavySlam,WideGuard,IronDefense||||||50|,,,,,Grass]Ursaluna||FlameOrb|Guts|Facade,HeadlongRush,Substitute,Protect|||M|||50|,,,,,Bug]Sinistcha||RockyHelmet|Hospitality|MatchaGotcha,Scald,RagePowder,TrickRoom||||||50|,,,,,Water]Tornadus||CovertCloak|Prankster|Hurricane,Tailwind,RainDance,Taunt|||M|||50|,,,,,Steel]Chi-Yu||ChoiceScarf|BeadsofRuin|HeatWave,DarkPulse,Snarl,Ruination||||||50|,,,,,Ghost\n|inactive|Battle timer is ON: inactive players will automatically lose when time's up. (requested by double o dumbass)\n|\n|t:|1746037313\n|start\n|switch|p1a: Primarina|Primarina, L50, F|100/100\n|switch|p1b: Zamazenta|Zamazenta-Crowned, L50|100/100\n|switch|p2a: Kyogre|Kyogre, L50, shiny|100/100\n|switch|p2b: ALL GAS|Tornadus, L50, M|100/100\n|-ability|p1b: Zamazenta|Dauntless Shield|boost\n|-boost|p1b: Zamazenta|def|1\n|-weather|RainDance|[from] ability: Drizzle|[of] p2a: Kyogre\n|turn|1\n|inactive|McDubbieEnthusiast has 30 seconds left.\n|inactive|McDubbieEnthusiast has 20 seconds left.\n|\n|t:|1746037351\n|-terastallize|p2a: Kyogre|Electric\n|-terastallize|p1a: Primarina|Grass\n|move|p1b: Zamazenta|Body Press|p2a: Kyogre\n|-damage|p2a: Kyogre|27/100\n|move|p2b: ALL GAS|Hurricane|p1b: Zamazenta\n|-damage|p1b: Zamazenta|60/100\n|move|p2a: Kyogre|Thunder|p1a: Primarina\n|-resisted|p1a: Primarina\n|-damage|p1a: Primarina|77/100\n|-damage|p2a: Kyogre|17/100|[from] item: Life Orb\n|move|p1a: Primarina|Icy Wind|p2a: Kyogre|[spread] p2a,p2b\n|-supereffective|p2b: ALL GAS\n|-crit|p2b: ALL GAS\n|-damage|p2a: Kyogre|6/100\n|-damage|p2b: ALL GAS|46/100\n|-unboost|p2a: Kyogre|spe|1\n|\n|-weather|RainDance|[upkeep]\n|upkeep\n|turn|2\n|inactive|double o dumbass has 30 seconds left.\n|\n|t:|1746037381\n|move|p2a: Kyogre|Protect|p2a: Kyogre\n|-singleturn|p2a: Kyogre|Protect\n|move|p2b: ALL GAS|Tailwind|p2b: ALL GAS\n|-sidestart|p2: McDubbieEnthusiast|move: Tailwind\n|move|p1b: Zamazenta|Heavy Slam|p2b: ALL GAS\n|-damage|p2b: ALL GAS|0 fnt\n|faint|p2b: ALL GAS\n|move|p1a: Primarina|Hyper Voice|p2a: Kyogre\n|-activate|p2a: Kyogre|move: Protect\n|\n|-weather|RainDance|[upkeep]\n|upkeep\n|\n|t:|1746037388\n|switch|p2b: SPINNIN'|Sinistcha, L50|100/100\n|-heal|p2a: Kyogre|31/100|[from] ability: Hospitality|[of] p2b: SPINNIN'\n|turn|3\n|\n|t:|1746037406\n|switch|p2a: Zamazenta|Zamazenta-Crowned, L50, shiny|100/100\n|-ability|p2a: Zamazenta|Dauntless Shield|boost\n|-boost|p2a: Zamazenta|def|1\n|move|p1b: Zamazenta|Protect|p1b: Zamazenta\n|-singleturn|p1b: Zamazenta|Protect\n|move|p2b: SPINNIN'|Rage Powder|p2b: SPINNIN'\n|-singleturn|p2b: SPINNIN'|move: Rage Powder\n|move|p1a: Primarina|Hyper Voice|p2a: Zamazenta|[spread] p2a,p2b\n|-resisted|p2b: SPINNIN'\n|-damage|p2a: Zamazenta|62/100\n|-damage|p2b: SPINNIN'|70/100\n|\n|-weather|RainDance|[upkeep]\n|upkeep\n|turn|4\n|\n|t:|1746037425\n|move|p2b: SPINNIN'|Rage Powder|p2b: SPINNIN'\n|-singleturn|p2b: SPINNIN'|move: Rage Powder\n|move|p2a: Zamazenta|Iron Defense|p2a: Zamazenta\n|-boost|p2a: Zamazenta|def|2\n|move|p1b: Zamazenta|Heavy Slam|p2b: SPINNIN'\n|-damage|p2b: SPINNIN'|33/100\n|-damage|p1b: Zamazenta|44/100|[from] item: Rocky Helmet|[of] p2b: SPINNIN'\n|move|p1a: Primarina|Moonblast|p2a: Zamazenta\n|-damage|p2a: Zamazenta|27/100\n|-unboost|p2a: Zamazenta|spa|1\n|\n|-weather|RainDance|[upkeep]\n|upkeep\n|turn|5\n|\n|t:|1746037438\n|switch|p2b: Kyogre|Kyogre, L50, shiny, tera:Electric|31/100\n|move|p2a: Zamazenta|Body Press|p1a: Primarina\n|-damage|p1a: Primarina|0 fnt\n|faint|p1a: Primarina\n|move|p1b: Zamazenta|Heavy Slam|p2b: Kyogre\n|-resisted|p2b: Kyogre\n|-damage|p2b: Kyogre|16/100\n|\n|-weather|none\n|-sideend|p2: McDubbieEnthusiast|move: Tailwind\n|upkeep\n|\n|t:|1746037445\n|switch|p1a: Calyrex|Calyrex-Shadow, L50|100/100\n|-ability|p1a: Calyrex|As One\n|-ability|p1a: Calyrex|Unnerve\n|turn|6\n|\n|t:|1746037454\n|switch|p2b: SPINNIN'|Sinistcha, L50|33/100\n|-heal|p2a: Zamazenta|52/100|[from] ability: Hospitality|[of] p2b: SPINNIN'\n|move|p2a: Zamazenta|Wide Guard|p2a: Zamazenta\n|-singleturn|p2a: Zamazenta|Wide Guard\n|move|p1a: Calyrex|Psychic|p2a: Zamazenta\n|-damage|p2a: Zamazenta|10/100\n|-damage|p1a: Calyrex|91/100|[from] item: Life Orb\n|move|p1b: Zamazenta|Body Press|p2b: SPINNIN'\n|-immune|p2b: SPINNIN'\n|\n|upkeep\n|turn|7\n|inactive|McDubbieEnthusiast has 30 seconds left.\n|\n|t:|1746037480\n|move|p1a: Calyrex|Psychic|p2a: Zamazenta\n|-damage|p2a: Zamazenta|0 fnt\n|faint|p2a: Zamazenta\n|-ability|p1a: Calyrex|Grim Neigh|boost\n|-boost|p1a: Calyrex|spa|1\n|-damage|p1a: Calyrex|81/100|[from] item: Life Orb\n|move|p1b: Zamazenta|Heavy Slam|p2b: SPINNIN'\n|-damage|p2b: SPINNIN'|0 fnt\n|-damage|p1b: Zamazenta|27/100|[from] item: Rocky Helmet|[of] p2b: SPINNIN'\n|faint|p2b: SPINNIN'\n|\n|upkeep\n|c|\u2606McDubbieEnthusiast|gg\n|-message|McDubbieEnthusiast forfeited.\n|\n|win|double o dumbass\n|raw|double o dumbass's rating: 1163 &rarr; <strong>1191</strong><br />(+28 for winning)\n|raw|McDubbieEnthusiast's rating: 1207 &rarr; <strong>1179</strong><br />(-28 for losing)\n", "uploadtime": 1746037490, "views": 15, "formatid": "gen9vgc2025regibo3", "rating": 1179, "private": 0, "password": null}