{"id": "gen9vgc2025regibo3-2354159612", "format": "[Gen 9] VGC 2025 Reg I (Bo3)", "players": ["mavvyvgc", "BraneFX"], "log": "|j|\u2606mavvyvgc\n|j|\u2606BraneFX\n|html|<table width=\"100%\"><tr><td align=\"left\">mavvyvgc</td><td align=\"right\">BraneFX</tr><tr><td align=\"left\"><i class=\"fa fa-circle-o\"></i> <i class=\"fa fa-circle-o\"></i> </td><td align=\"right\"><i class=\"fa fa-circle-o\"></i> <i class=\"fa fa-circle-o\"></i> </tr></table>\n|uhtml|bestof|<h2><strong>Game 1</strong> of <a href=\"/game-bestof3-gen9vgc2025regibo3-2354159611\">a best-of-3</a></h2>\n|t:|1746040056\n|gametype|doubles\n|player|p1|mavvyvgc|riley|1079\n|player|p2|BraneFX|blackbelt-gen4dp|1183\n|teamsize|p1|6\n|teamsize|p2|6\n|gen|9\n|tier|[Gen 9] VGC 2025 Reg I (Bo3)\n|rated|\n|rule|Species Clause: Limit one of each Pok\u00e9mon\n|rule|Item Clause: Limit 1 of each item\n|clearpoke\n|poke|p1|Calyrex-Shadow, L50|\n|poke|p1|Kyurem, L50|\n|poke|p1|Slowking, L50, M|\n|poke|p1|Ninetales-Alola, L50, F|\n|poke|p1|Tornadus, L50, M|\n|poke|p1|Incineroar, L50, M|\n|poke|p2|Koraidon, L50|\n|poke|p2|Calyrex-Shadow, L50|\n|poke|p2|Chi-Yu, L50|\n|poke|p2|Indeedee-F, L50, F|\n|poke|p2|Whimsicott, L50, F|\n|poke|p2|Brute Bonnet, L50|\n|teampreview|4\n|showteam|p1|Calyrex-Shadow||FocusSash|AsOneSpectrier|DarkPulse,AstralBarrage,NastyPlot,Protect||||||50|,,,,,Dark]Kyurem||AssaultVest|Pressure|DracoMeteor,FreezeDry,Glaciate,Blizzard||||||50|,,,,,Fire]Slowking||RockyHelmet|Oblivious|Psychic,TrickRoom,ChillyReception,HydroPump|||M|||50|,,,,,Water]Ninetales-Alola||ChoiceScarf|SnowWarning|Moonblast,FreezeDry,Blizzard,DazzlingGleam|||F|||50|,,,,,Electric]Tornadus||CovertCloak|Prankster|Tailwind,WeatherBall,Protect,Snowscape|||M|||50|,,,,,Dark]Incineroar||ClearAmulet|Intimidate|FakeOut,KnockOff,FlareBlitz,Uturn|||M|||50|,,,,,Fire\n|showteam|p2|Koraidon||ClearAmulet|OrichalcumPulse|CollisionCourse,FlareBlitz,FlameCharge,Protect||||||50|,,,,,Fire]Calyrex-Shadow||FocusSash|AsOneSpectrier|AstralBarrage,ExpandingForce,Disable,Protect||||||50|,,,,,Ghost]Chi-Yu||ChoiceScarf|BeadsofRuin|HeatWave,Overheat,DarkPulse,Snarl||||||50|,,,,,Fire]Indeedee-F||PsychicSeed|PsychicSurge|Psychic,FollowMe,HelpingHand,TrickRoom|||F|||50|,,,,,Dragon]Whimsicott||CovertCloak|Prankster|Moonblast,Tailwind,SunnyDay,Encore|||F|||50|,,,,,Dark]Brute Bonnet||RockyHelmet|Protosynthesis|SuckerPunch,SeedBomb,RagePowder,Spore||||||50|,,,,,Water\n|inactive|Battle timer is ON: inactive players will automatically lose when time's up. (requested by BraneFX)\n|\n|t:|1746040084\n|start\n|switch|p1a: Kyurem|Kyurem, L50|100/100\n|switch|p1b: Slowking|Slowking, L50, M|100/100\n|switch|p2a: Calyrex|Calyrex-Shadow, L50|100/100\n|switch|p2b: Chi-Yu|Chi-Yu, L50|100/100\n|-ability|p2a: Calyrex|As One\n|-ability|p2a: Calyrex|Unnerve\n|-ability|p2b: Chi-Yu|Beads of Ruin\n|-ability|p1a: Kyurem|Pressure\n|turn|1\n|inactive|mavvyvgc has 30 seconds left.\n|inactive|BraneFX has 30 seconds left.\n|\n|t:|1746040115\n|-terastallize|p2a: Calyrex|Ghost\n|-terastallize|p1a: Kyurem|Fire\n|move|p2b: Chi-Yu|Snarl|p1b: Slowking|[spread] p1a,p1b\n|-supereffective|p1b: Slowking\n|-damage|p1a: Kyurem|82/100\n|-damage|p1b: Slowking|53/100\n|-unboost|p1a: Kyurem|spa|1\n|-unboost|p1b: Slowking|spa|1\n|move|p2a: Calyrex|Astral Barrage|p1a: Kyurem|[spread] p1a,p1b\n|-supereffective|p1b: Slowking\n|-damage|p1a: Kyurem|25/100\n|-damage|p1b: Slowking|0 fnt\n|faint|p1b: Slowking\n|-ability|p2a: Calyrex|Grim Neigh|boost\n|-boost|p2a: Calyrex|spa|1\n|move|p1a: Kyurem|Glaciate|p2b: Chi-Yu|[spread] p2a,p2b\n|-resisted|p2b: Chi-Yu\n|-damage|p2a: Calyrex|76/100\n|-damage|p2b: Chi-Yu|91/100\n|-unboost|p2a: Calyrex|spe|1\n|-unboost|p2b: Chi-Yu|spe|1\n|\n|upkeep\n|\n|t:|1746040134\n|switch|p1b: Calyrex|Calyrex-Shadow, L50|100/100\n|-ability|p1b: Calyrex|As One\n|-ability|p1b: Calyrex|Unnerve\n|turn|2\n|\n|t:|1746040154\n|switch|p2a: Koraidon|Koraidon, L50|100/100\n|-weather|SunnyDay|[from] ability: Orichalcum Pulse|[of] p2a: Koraidon\n|-activate|p2a: Koraidon|Orichalcum Pulse|[source]\n|move|p1b: Calyrex|Nasty Plot|p1b: Calyrex\n|-boost|p1b: Calyrex|spa|2\n|move|p2b: Chi-Yu|Snarl|p1a: Kyurem|[spread] p1a,p1b\n|-supereffective|p1b: Calyrex\n|-damage|p1a: Kyurem|9/100\n|-enditem|p1b: Calyrex|Focus Sash\n|-damage|p1b: Calyrex|1/100\n|-unboost|p1a: Kyurem|spa|1\n|-unboost|p1b: Calyrex|spa|1\n|move|p1a: Kyurem|Draco Meteor|p2b: Chi-Yu\n|-damage|p2b: Chi-Yu|50/100\n|-unboost|p1a: Kyurem|spa|2\n|\n|-weather|SunnyDay|[upkeep]\n|upkeep\n|turn|3\n|inactive|mavvyvgc has 30 seconds left.\n|\n|t:|1746040182\n|switch|p1a: Tornadus|Tornadus, L50, M|100/100\n|move|p2a: Koraidon|Protect|p2a: Koraidon\n|-singleturn|p2a: Koraidon|Protect\n|move|p1b: Calyrex|Astral Barrage|p2b: Chi-Yu|[spread] p2b\n|-activate|p2a: Koraidon|move: Protect\n|-resisted|p2b: Chi-Yu\n|-damage|p2b: Chi-Yu|0 fnt\n|faint|p2b: Chi-Yu\n|-ability|p1b: Calyrex|Grim Neigh|boost\n|-boost|p1b: Calyrex|spa|1\n|\n|-weather|SunnyDay|[upkeep]\n|upkeep\n|\n|t:|1746040187\n|switch|p2b: Whimsicott|Whimsicott, L50, F|100/100\n|turn|4\n|\n|t:|1746040212\n|move|p2b: Whimsicott|Tailwind|p2b: Whimsicott\n|-sidestart|p2: BraneFX|move: Tailwind\n|move|p1a: Tornadus|Tailwind|p1a: Tornadus\n|-sidestart|p1: mavvyvgc|move: Tailwind\n|move|p1b: Calyrex|Astral Barrage|p2a: Koraidon|[spread] p2a,p2b\n|-damage|p2a: Koraidon|0 fnt\n|-damage|p2b: Whimsicott|0 fnt\n|faint|p2a: Koraidon\n|faint|p2b: Whimsicott\n|-ability|p1b: Calyrex|Grim Neigh|boost\n|-boost|p1b: Calyrex|spa|2\n|\n|-weather|SunnyDay|[upkeep]\n|upkeep\n|\n|t:|1746040216\n|switch|p2a: Calyrex|Calyrex-Shadow, L50, tera:Ghost|76/100\n|-ability|p2a: Calyrex|As One\n|-ability|p2a: Calyrex|Unnerve\n|turn|5\n|inactive|mavvyvgc has 30 seconds left.\n|\n|t:|1746040244\n|move|p2a: Calyrex|Astral Barrage|p1b: Calyrex|[spread] p1a,p1b\n|-supereffective|p1b: Calyrex\n|-damage|p1a: Tornadus|37/100\n|-damage|p1b: Calyrex|0 fnt\n|faint|p1b: Calyrex\n|-ability|p2a: Calyrex|Grim Neigh|boost\n|-boost|p2a: Calyrex|spa|1\n|move|p1a: Tornadus|Weather Ball|p2a: Calyrex\n|-damage|p2a: Calyrex|32/100\n|\n|-weather|SunnyDay|[upkeep]\n|upkeep\n|\n|t:|1746040254\n|switch|p1b: Kyurem|Kyurem, L50, tera:Fire|9/100\n|-ability|p1b: Kyurem|Pressure\n|turn|6\n|\n|t:|1746040276\n|move|p2a: Calyrex|Astral Barrage|p1b: Kyurem|[spread] p1a,p1b\n|-damage|p1a: Tornadus|0 fnt\n|-damage|p1b: Kyurem|0 fnt\n|faint|p1a: Tornadus\n|faint|p1b: Kyurem\n|\n|win|BraneFX\n||BraneFX is ready for game 2.\n", "uploadtime": 1746040284, "views": 8, "formatid": "gen9vgc2025regibo3", "rating": null, "private": 0, "password": null}