{"id": "gen9vgc2025regibo3-2354237972", "format": "[Gen 9] VGC 2025 Reg I (Bo3)", "players": ["Cotcha", "HappyMuffinTime"], "log": "|j|\u2606Cotcha\n|j|\u2606HappyMuffinTime\n|html|<table width=\"100%\"><tr><td align=\"left\">Cotcha</td><td align=\"right\">HappyMuffinTime</tr><tr><td align=\"left\"><i class=\"fa fa-circle\"></i> <i class=\"fa fa-circle-o\"></i> </td><td align=\"right\"><i class=\"fa fa-circle-o\"></i> <i class=\"fa fa-circle\"></i> </tr></table>\n|uhtml|bestof|<h2><strong>Game 3</strong> of <a href=\"/game-bestof3-gen9vgc2025regibo3-2354234378\">a best-of-3</a></h2>\n|t:|1746047804\n|gametype|doubles\n|player|p1|Cotcha|pokekid|1204\n|player|p2|HappyMuffinTime|cynthia-gen4|1140\n|teamsize|p1|6\n|teamsize|p2|6\n|gen|9\n|tier|[Gen 9] VGC 2025 Reg I (Bo3)\n|rated|\n|rule|Species Clause: Limit one of each Pok\u00e9mon\n|rule|Item Clause: Limit 1 of each item\n|clearpoke\n|poke|p1|Kyogre, L50|\n|poke|p1|Calyrex-Ice, L50|\n|poke|p1|Roaring Moon, L50|\n|poke|p1|Amoonguss, L50, M|\n|poke|p1|Landorus, L50, M|\n|poke|p1|Smeargle, L50, M|\n|poke|p2|Calyrex-Ice, L50|\n|poke|p2|Miraidon, L50|\n|poke|p2|Farigiraf, L50, F|\n|poke|p2|Iron Hands, L50|\n|poke|p2|Murkrow, L50, M|\n|poke|p2|Ogerpon-Cornerstone, L50, F|\n|teampreview|4\n|showteam|p1|Kyogre||MysticWater|Drizzle|WaterSpout,HydroPump,Protect,Thunder||||||50|,,,,,Grass]Calyrex-Ice||ClearAmulet|AsOneGlastrier|GlacialLance,HighHorsepower,TrickRoom,Protect||||||50|,,,,,Fire]Roaring Moon||BoosterEnergy|Protosynthesis|KnockOff,Acrobatics,Tailwind,Protect||||||50|,,,,,Flying]Amoonguss||CovertCloak|Regenerator|RagePowder,Spore,SludgeBomb,Protect|||M|||50|,,,,,Water]Landorus||LifeOrb|SheerForce|EarthPower,SludgeBomb,SandsearStorm,Protect|||M|||50|,,,,,Water]Smeargle||FocusSash|Technician|FollowMe,FakeOut,WideGuard,Spore|||M|||50|,,,,,Grass\n|showteam|p2|Calyrex-Ice||ClearAmulet|AsOneGlastrier|GlacialLance,HighHorsepower,TrickRoom,Protect||||||50|,,,,,Fire]Miraidon||ChoiceSpecs|HadronEngine|VoltSwitch,ElectroDrift,DazzlingGleam,DracoMeteor||||||50|,,,,,Fairy]Farigiraf||ElectricSeed|ArmorTail|FoulPlay,HyperVoice,TrickRoom,HelpingHand|||F|||50|,,,,,Fairy]Iron Hands||AssaultVest|QuarkDrive|LowKick,WildCharge,FakeOut,DrainPunch||||||50|,,,,,Grass]Murkrow||Eviolite|Prankster|FoulPlay,Tailwind,Haze,ThunderWave|||M|||50|,,,,,Ground]Ogerpon-Cornerstone||CornerstoneMask|Sturdy|IvyCudgel,PowerWhip,FollowMe,SpikyShield|||F|||50|,,,,,Rock\n|inactive|Battle timer is ON: inactive players will automatically lose when time's up. (requested by HappyMuffinTime)\n|\n|t:|1746047817\n|start\n|switch|p1a: Roaring Moon|Roaring Moon, L50|100/100\n|switch|p1b: Landorus|Landorus, L50, M|100/100\n|switch|p2a: Miraidon|Miraidon, L50|100/100\n|switch|p2b: Farigiraf|Farigiraf, L50, F|100/100\n|-fieldstart|move: Electric Terrain|[from] ability: Hadron Engine|[of] p2a: Miraidon\n|-enditem|p2b: Farigiraf|Electric Seed\n|-boost|p2b: Farigiraf|def|1|[from] item: Electric Seed\n|-enditem|p1a: Roaring Moon|Booster Energy\n|-activate|p1a: Roaring Moon|ability: Protosynthesis|[fromitem]\n|-start|p1a: Roaring Moon|protosynthesisspe\n|turn|1\n|\n|t:|1746047837\n|switch|p2a: Ogerpon|Ogerpon-Cornerstone, L50, F|100/100\n|move|p1a: Roaring Moon|Tailwind|p1a: Roaring Moon\n|-sidestart|p1: Cotcha|move: Tailwind\n|move|p1b: Landorus|Earth Power|p2a: Ogerpon\n|-damage|p2a: Ogerpon|14/100\n|move|p2b: Farigiraf|Trick Room|p2b: Farigiraf\n|-fieldstart|move: Trick Room|[of] p2b: Farigiraf\n|\n|upkeep\n|turn|2\n|inactive|Cotcha has 30 seconds left.\n|\n|t:|1746047867\n|move|p1b: Landorus|Protect|p1b: Landorus\n|-singleturn|p1b: Landorus|Protect\n|move|p1a: Roaring Moon|Protect|p1a: Roaring Moon\n|-singleturn|p1a: Roaring Moon|Protect\n|move|p2b: Farigiraf|Hyper Voice|p1b: Landorus|[spread] \n|-activate|p1a: Roaring Moon|move: Protect\n|-activate|p1b: Landorus|move: Protect\n|move|p2a: Ogerpon|Ivy Cudgel|p1a: Roaring Moon|[anim] Ivy Cudgel Rock\n|-activate|p1a: Roaring Moon|move: Protect\n|\n|upkeep\n|turn|3\n|inactive|HappyMuffinTime has 30 seconds left.\n|inactive|Cotcha has 30 seconds left.\n|inactive|HappyMuffinTime has 20 seconds left.\n|inactive|HappyMuffinTime has 15 seconds left.\n|\n|t:|1746047910\n|move|p2b: Farigiraf|Foul Play|p1b: Landorus\n|-damage|p1b: Landorus|78/100\n|move|p2a: Ogerpon|Ivy Cudgel|p1b: Landorus|[anim] Ivy Cudgel Rock\n|-damage|p1b: Landorus|18/100\n|move|p1b: Landorus|Sandsear Storm|p2a: Ogerpon|[spread] p2a\n|-miss|p1b: Landorus|p2b: Farigiraf\n|-damage|p2a: Ogerpon|0 fnt\n|faint|p2a: Ogerpon\n|move|p1a: Roaring Moon|Knock Off|p2b: Farigiraf\n|-supereffective|p2b: Farigiraf\n|-damage|p2b: Farigiraf|57/100\n|\n|upkeep\n|\n|t:|1746047915\n|switch|p2a: Calyrex|Calyrex-Ice, L50|100/100\n|-ability|p2a: Calyrex|As One\n|-ability|p2a: Calyrex|Unnerve\n|turn|4\n|\n|t:|1746047937\n|move|p1b: Landorus|Protect|p1b: Landorus\n|-singleturn|p1b: Landorus|Protect\n|move|p1a: Roaring Moon|Protect|p1a: Roaring Moon\n|-singleturn|p1a: Roaring Moon|Protect\n|move|p2a: Calyrex|Glacial Lance|p1a: Roaring Moon|[spread] \n|-activate|p1a: Roaring Moon|move: Protect\n|-activate|p1b: Landorus|move: Protect\n|move|p2b: Farigiraf|Hyper Voice|p1a: Roaring Moon|[spread] \n|-activate|p1a: Roaring Moon|move: Protect\n|-activate|p1b: Landorus|move: Protect\n|\n|-sideend|p1: Cotcha|move: Tailwind\n|upkeep\n|turn|5\n|inactive|Cotcha has 30 seconds left.\n|\n|t:|1746047966\n|-end|p1a: Roaring Moon|Protosynthesis|[silent]\n|switch|p1a: Calyrex|Calyrex-Ice, L50|100/100\n|-ability|p1a: Calyrex|As One\n|-ability|p1a: Calyrex|Unnerve\n|move|p2a: Calyrex|Glacial Lance|p1a: Calyrex|[spread] p1a,p1b\n|-resisted|p1a: Calyrex\n|-supereffective|p1b: Landorus\n|-damage|p1a: Calyrex|85/100\n|-damage|p1b: Landorus|0 fnt\n|faint|p1b: Landorus\n|-ability|p2a: Calyrex|Chilling Neigh|boost\n|-boost|p2a: Calyrex|atk|1\n|move|p2b: Farigiraf|Hyper Voice|p1a: Calyrex\n|-damage|p1a: Calyrex|61/100\n|\n|-fieldend|move: Trick Room\n|-fieldend|move: Electric Terrain\n|upkeep\n|\n|t:|1746047969\n|switch|p1b: Kyogre|Kyogre, L50|100/100\n|-weather|RainDance|[from] ability: Drizzle|[of] p1b: Kyogre\n|turn|6\n|inactive|Cotcha has 30 seconds left.\n|inactive|Cotcha has 20 seconds left.\n|inactive|Cotcha has 15 seconds left.\n|\n|t:|1746048010\n|move|p2a: Calyrex|Protect|p2a: Calyrex\n|-singleturn|p2a: Calyrex|Protect\n|move|p1b: Kyogre|Water Spout|p2a: Calyrex|[spread] p2b\n|-activate|p2a: Calyrex|move: Protect\n|-damage|p2b: Farigiraf|0 fnt\n|faint|p2b: Farigiraf\n|move|p1a: Calyrex|High Horsepower|p2a: Calyrex\n|-activate|p2a: Calyrex|move: Protect\n|\n|-weather|RainDance|[upkeep]\n|upkeep\n|\n|t:|1746048016\n|switch|p2b: Miraidon|Miraidon, L50|100/100\n|-fieldstart|move: Electric Terrain|[from] ability: Hadron Engine|[of] p2b: Miraidon\n|turn|7\n|inactive|Cotcha has 30 seconds left.\n|inactive|Cotcha has 20 seconds left.\n|inactive|Cotcha has 15 seconds left.\n|inactive|Cotcha has 10 seconds left.\n|inactive|Cotcha has 5 seconds left.\n|\n|t:|1746048071\n|move|p2b: Miraidon|Electro Drift|p1a: Calyrex\n|-damage|p1a: Calyrex|0 fnt\n|faint|p1a: Calyrex\n|move|p1b: Kyogre|Water Spout|p2b: Miraidon|[spread] p2a,p2b\n|-resisted|p2b: Miraidon\n|-damage|p2a: Calyrex|23/100\n|-damage|p2b: Miraidon|48/100\n|move|p2a: Calyrex|Glacial Lance|p1b: Kyogre\n|-resisted|p1b: Kyogre\n|-damage|p1b: Kyogre|49/100\n|\n|-weather|RainDance|[upkeep]\n|upkeep\n|\n|t:|1746048078\n|switch|p1a: Roaring Moon|Roaring Moon, L50|100/100\n|turn|8\n|inactive|Cotcha has 30 seconds left.\n|inactive|Cotcha has 20 seconds left.\n|inactive|Cotcha has 15 seconds left.\n|inactive|Cotcha has 10 seconds left.\n|inactive|Cotcha has 5 seconds left.\n|\n|t:|1746048129\n|-terastallize|p2b: Miraidon|Fairy\n|-terastallize|p1b: Kyogre|Grass\n|move|p2b: Miraidon|Electro Drift|p1b: Kyogre\n|-resisted|p1b: Kyogre\n|-damage|p1b: Kyogre|6/100\n|move|p1a: Roaring Moon|Knock Off|p2a: Calyrex\n|-supereffective|p2a: Calyrex\n|-damage|p2a: Calyrex|0 fnt\n|-enditem|p2a: Calyrex|Clear Amulet|[from] move: Knock Off|[of] p1a: Roaring Moon\n|faint|p2a: Calyrex\n|move|p1b: Kyogre|Hydro Pump|p2b: Miraidon\n|-damage|p2b: Miraidon|0 fnt\n|faint|p2b: Miraidon\n|\n|win|Cotcha\n|raw|Cotcha's rating: 1204 &rarr; <strong>1224</strong><br />(+20 for winning)\n|raw|HappyMuffinTime's rating: 1140 &rarr; <strong>1120</strong><br />(-20 for losing)\n|l|\u2606HappyMuffinTime\n|player|p2|\n", "uploadtime": 1746048174, "views": 15, "formatid": "gen9vgc2025regibo3", "rating": 1120, "private": 0, "password": null}