{"id": "gen9vgc2025regibo3-2353349480", "format": "[Gen 9] VGC 2025 Reg I (Bo3)", "players": ["biggestmikufan", "I_love_danny_green"], "log": "|j|\u2606biggestmikufan\n|j|\u2606I_love_danny_green\n|html|<table width=\"100%\"><tr><td align=\"left\">biggestmikufan</td><td align=\"right\">I_love_danny_green</tr><tr><td align=\"left\"><i class=\"fa fa-circle\"></i> <i class=\"fa fa-circle-o\"></i> </td><td align=\"right\"><i class=\"fa fa-circle-o\"></i> <i class=\"fa fa-circle-o\"></i> </tr></table>\n|uhtml|bestof|<h2><strong>Game 2</strong> of <a href=\"/game-bestof3-gen9vgc2025regibo3-2353346494\">a best-of-3</a></h2>\n|t:|1745948462\n|gametype|doubles\n|player|p1|biggestmikufan|roxie|1157\n|player|p2|I_love_danny_green|harlequin|1146\n|teamsize|p1|6\n|teamsize|p2|6\n|gen|9\n|tier|[Gen 9] VGC 2025 Reg I (Bo3)\n|rated|\n|rule|Species Clause: Limit one of each Pok\u00e9mon\n|rule|Item Clause: Limit 1 of each item\n|clearpoke\n|poke|p1|Calyrex-Ice, L50|\n|poke|p1|Zamazenta-*, L50|\n|poke|p1|Urshifu-*, L50, F|\n|poke|p1|Farigiraf, L50, F|\n|poke|p1|Tornadus, L50, M|\n|poke|p1|Landorus, L50, M|\n|poke|p2|Ho-Oh, L50|\n|poke|p2|Miraidon, L50|\n|poke|p2|Farigiraf, L50, F|\n|poke|p2|Incineroar, L50, M|\n|poke|p2|Whimsicott, L50, F|\n|poke|p2|Landorus, L50, M|\n|teampreview|4\n|showteam|p1|Calyrex-Ice||ClearAmulet|AsOneGlastrier|GlacialLance,HighHorsepower,TrickRoom,Protect||||||50|,,,,,Fairy]Zamazenta-Crowned||RustedShield|DauntlessShield|BodyPress,behemothbash,WideGuard,Protect||||||50|,,,,,Dragon]Urshifu-Rapid-Strike||FocusSash|UnseenFist|SurgingStrikes,CloseCombat,Taunt,Detect|||F|||50|,,,,,Stellar]Farigiraf||SafetyGoggles|ArmorTail|FoulPlay,Psychic,TrickRoom,HelpingHand|||F|||50|,,,,,Water]Tornadus||RockyHelmet|Prankster|Tailwind,Protect,BleakwindStorm,RainDance|||M|||50|,,,,,Steel]Landorus||LifeOrb|SheerForce|SandsearStorm,SludgeBomb,EarthPower,Protect|||M|||50|,,,,,Poison\n|showteam|p2|Ho-Oh||Leftovers|Regenerator|SacredFire,BraveBird,Protect,Earthquake||||||50|,,,,,Ground]Miraidon||ChoiceSpecs|HadronEngine|DazzlingGleam,VoltSwitch,ElectroDrift,DragonPulse||||||50|,,,,,Fairy]Farigiraf||ThroatSpray|ArmorTail|HyperVoice,Psychic,Protect,TrickRoom|||F|||50|,,,,,Grass]Incineroar||SafetyGoggles|Intimidate|FakeOut,KnockOff,PartingShot,HelpingHand|||M|||50|,,,,,Ghost]Whimsicott||CovertCloak|Prankster|Tailwind,Moonblast,Encore,LightScreen|||F|||50|,,,,,Steel]Landorus||LifeOrb|SheerForce|SandsearStorm,SludgeBomb,Protect,EarthPower|||M|||50|,,,,,Steel\n|\n|t:|1745948511\n|start\n|switch|p1a: Landorus|Landorus, L50, M|100/100\n|switch|p1b: Calyrex|Calyrex-Ice, L50|100/100\n|switch|p2a: Ho-Oh|Ho-Oh, L50|100/100\n|switch|p2b: Landorus|Landorus, L50, M|100/100\n|-ability|p1b: Calyrex|As One\n|-ability|p1b: Calyrex|Unnerve\n|turn|1\n|\n|t:|1745948548\n|move|p2b: Landorus|Protect|p2b: Landorus\n|-singleturn|p2b: Landorus|Protect\n|move|p1b: Calyrex|Protect|p1b: Calyrex\n|-singleturn|p1b: Calyrex|Protect\n|move|p1a: Landorus|Sludge Bomb|p2a: Ho-Oh\n|-damage|p2a: Ho-Oh|69/100\n|move|p2a: Ho-Oh|Sacred Fire|p1b: Calyrex\n|-activate|p1b: Calyrex|move: Protect\n|\n|-heal|p2a: Ho-Oh|75/100|[from] item: Leftovers\n|upkeep\n|turn|2\n|\n|t:|1745948570\n|switch|p1b: Farigiraf|Farigiraf, L50, F|100/100\n|move|p2b: Landorus|Sludge Bomb|p1b: Farigiraf\n|-damage|p1b: Farigiraf|59/100\n|move|p1a: Landorus|Sludge Bomb|p2a: Ho-Oh\n|-damage|p2a: Ho-Oh|48/100\n|move|p2a: Ho-Oh|Sacred Fire|p1b: Farigiraf\n|-damage|p1b: Farigiraf|9/100\n|-status|p1b: Farigiraf|brn\n|\n|-heal|p2a: Ho-Oh|54/100|[from] item: Leftovers\n|-damage|p1b: Farigiraf|3/100 brn|[from] brn\n|upkeep\n|turn|3\n|\n|t:|1745948601\n|move|p2b: Landorus|Earth Power|p1b: Farigiraf\n|-damage|p1b: Farigiraf|0 fnt\n|faint|p1b: Farigiraf\n|move|p1a: Landorus|Sludge Bomb|p2a: Ho-Oh\n|-damage|p2a: Ho-Oh|26/100\n|move|p2a: Ho-Oh|Sacred Fire|p1a: Landorus|[miss]\n|-miss|p2a: Ho-Oh|p1a: Landorus\n|\n|-heal|p2a: Ho-Oh|32/100|[from] item: Leftovers\n|upkeep\n|\n|t:|1745948609\n|switch|p1b: Urshifu|Urshifu-Rapid-Strike, L50, F|100/100\n|turn|4\n|\n|t:|1745948625\n|switch|p2b: Whimsicott|Whimsicott, L50, F|100/100\n|move|p1b: Urshifu|Surging Strikes|p2a: Ho-Oh\n|-supereffective|p2a: Ho-Oh\n|-crit|p2a: Ho-Oh\n|-damage|p2a: Ho-Oh|0 fnt\n|faint|p2a: Ho-Oh\n|-hitcount|p2: Ho-Oh|1\n|move|p1a: Landorus|Sludge Bomb|p2b: Whimsicott\n|-supereffective|p2b: Whimsicott\n|-damage|p2b: Whimsicott|0 fnt\n|faint|p2b: Whimsicott\n|\n|upkeep\n|\n|t:|1745948636\n|switch|p2b: Landorus|Landorus, L50, M|100/100\n|switch|p2a: Miraidon|Miraidon, L50|100/100\n|-fieldstart|move: Electric Terrain|[from] ability: Hadron Engine|[of] p2a: Miraidon\n|turn|5\n|\n|t:|1745948645\n|-terastallize|p2a: Miraidon|Fairy\n|move|p1b: Urshifu|Detect|p1b: Urshifu\n|-singleturn|p1b: Urshifu|Protect\n|move|p1a: Landorus|Protect|p1a: Landorus\n|-singleturn|p1a: Landorus|Protect\n|move|p2a: Miraidon|Dazzling Gleam|p1a: Landorus|[spread] \n|-activate|p1a: Landorus|move: Protect\n|-activate|p1b: Urshifu|move: Protect\n|move|p2b: Landorus|Sludge Bomb|p1a: Landorus\n|-activate|p1a: Landorus|move: Protect\n|\n|upkeep\n|turn|6\n|\n|t:|1745948672\n|move|p2a: Miraidon|Dazzling Gleam|p1b: Urshifu|[spread] p1a,p1b\n|-supereffective|p1b: Urshifu\n|-damage|p1a: Landorus|28/100\n|-enditem|p1b: Urshifu|Focus Sash\n|-damage|p1b: Urshifu|1/100\n|move|p1b: Urshifu|Surging Strikes|p2b: Landorus\n|-supereffective|p2b: Landorus\n|-crit|p2b: Landorus\n|-damage|p2b: Landorus|52/100\n|-supereffective|p2b: Landorus\n|-crit|p2b: Landorus\n|-damage|p2b: Landorus|0 fnt\n|faint|p2b: Landorus\n|-hitcount|p2: Landorus|2\n|move|p1a: Landorus|Sludge Bomb|p2a: Miraidon\n|-supereffective|p2a: Miraidon\n|-damage|p2a: Miraidon|17/100\n|\n|upkeep\n|turn|7\n|\n|t:|1745948690\n|-terastallize|p1a: Landorus|Poison\n|move|p1b: Urshifu|Detect|p1b: Urshifu\n|-singleturn|p1b: Urshifu|Protect\n|move|p2a: Miraidon|Dazzling Gleam|p1b: Urshifu|[spread] p1a\n|-activate|p1b: Urshifu|move: Protect\n|-resisted|p1a: Landorus\n|-damage|p1a: Landorus|0 fnt\n|faint|p1a: Landorus\n|\n|upkeep\n|\n|t:|1745948696\n|switch|p1a: Calyrex|Calyrex-Ice, L50|100/100\n|-ability|p1a: Calyrex|As One\n|-ability|p1a: Calyrex|Unnerve\n|turn|8\n|\n|t:|1745948704\n|move|p2a: Miraidon|Dazzling Gleam|p1a: Calyrex|[spread] p1a,p1b\n|-supereffective|p1b: Urshifu\n|-damage|p1a: Calyrex|59/100\n|-damage|p1b: Urshifu|0 fnt\n|faint|p1b: Urshifu\n|move|p1a: Calyrex|Glacial Lance|p2a: Miraidon\n|-damage|p2a: Miraidon|0 fnt\n|faint|p2a: Miraidon\n|\n|win|biggestmikufan\n|raw|biggestmikufan's rating: 1157 &rarr; <strong>1181</strong><br />(+24 for winning)\n|raw|I_love_danny_green's rating: 1146 &rarr; <strong>1122</strong><br />(-24 for losing)\n|l|\u2606I_love_danny_green\n|player|p2|\n", "uploadtime": 1745948788, "views": 12, "formatid": "gen9vgc2025regibo3", "rating": 1122, "private": 0, "password": null}