{"id": "gen9vgc2025regibo3-2354070849", "format": "[Gen 9] VGC 2025 Reg I (Bo3)", "players": ["MatthewJi\u5e7b\u6b87\u79cb\u51a5VGC", "Yoddle Yoddle"], "log": "|j|\u2606MatthewJi\u5e7b\u6b87\u79cb\u51a5VGC\n|j|\u2606Yoddle Yoddle\n|html|<table width=\"100%\"><tr><td align=\"left\">MatthewJi\u5e7b\u6b87\u79cb\u51a5VGC</td><td align=\"right\">Yoddle Yoddle</tr><tr><td align=\"left\"><i class=\"fa fa-circle\"></i> <i class=\"fa fa-circle-o\"></i> </td><td align=\"right\"><i class=\"fa fa-circle-o\"></i> <i class=\"fa fa-circle\"></i> </tr></table>\n|uhtml|bestof|<h2><strong>Game 3</strong> of <a href=\"/game-bestof3-gen9vgc2025regibo3-2354066298\">a best-of-3</a></h2>\n|t:|1746032347\n|gametype|doubles\n|player|p1|MatthewJi\u5e7b\u6b87\u79cb\u51a5VGC|lucas|1175\n|player|p2|Yoddle Yoddle|backpacker|1209\n|teamsize|p1|6\n|teamsize|p2|6\n|gen|9\n|tier|[Gen 9] VGC 2025 Reg I (Bo3)\n|rated|\n|rule|Species Clause: Limit one of each Pok\u00e9mon\n|rule|Item Clause: Limit 1 of each item\n|clearpoke\n|poke|p1|Koraidon, L50|\n|poke|p1|Lunala, L50|\n|poke|p1|Umbreon, L50, M|\n|poke|p1|Raging Bolt, L50|\n|poke|p1|Flutter Mane, L50|\n|poke|p1|Ursaluna, L50, F|\n|poke|p2|Zamazenta-*, L50|\n|poke|p2|Chien-Pao, L50|\n|poke|p2|Lunala, L50|\n|poke|p2|Indeedee-F, L50, F|\n|poke|p2|Sneasler, L50, M|\n|poke|p2|Gouging Fire, L50|\n|teampreview|4\n|showteam|p1|Koraidon||ClearAmulet|OrichalcumPulse|CollisionCourse,FlareBlitz,FlameCharge,Protect||||||50|,,,,,Fire]Lunala||SafetyGoggles|ShadowShield|MoongeistBeam,Moonblast,WideGuard,TrickRoom||||||50|,,,,,Fairy]Umbreon||ChopleBerry|InnerFocus|FoulPlay,Taunt,Snarl,Yawn|||M|||50|,,,,,Bug]Raging Bolt||AssaultVest|Protosynthesis|Thunderclap,VoltSwitch,DracoMeteor,Thunderbolt||||||50|,,,,,Fairy]Flutter Mane||FocusSash|Protosynthesis|Moonblast,ShadowBall,IcyWind,Protect||||||50|,,,,,Fairy]Ursaluna||FlameOrb|Guts|Facade,HeadlongRush,Substitute,Protect|||F|||50|,,,,,Ghost\n|showteam|p2|Zamazenta-Crowned||RustedShield|DauntlessShield|behemothbash,BodyPress,Protect,WideGuard||||||50|,,,,,Dragon]Chien-Pao||FocusSash|SwordofRuin|Protect,ThroatChop,SacredSword,IcyWind||||||50|,,,,,Stellar]Lunala||PowerHerb|ShadowShield|MoongeistBeam,ExpandingForce,MeteorBeam,TrickRoom||||||50|,,,,,Water]Indeedee-F||SafetyGoggles|PsychicSurge|FollowMe,TrickRoom,AlluringVoice,HealPulse|||F|||50|,,,,,Fairy]Sneasler||PsychicSeed|Unburden|DireClaw,ThroatChop,ToxicSpikes,CloseCombat|||M|||50|,,,,,Ghost]Gouging Fire||BoosterEnergy|Protosynthesis|BurningBulwark,Howl,FlareBlitz,DragonClaw||||||50|,,,,,Water\n|inactive|Battle timer is ON: inactive players will automatically lose when time's up. (requested by MatthewJi\u5e7b\u6b87\u79cb\u51a5VGC)\n|\n|t:|1746032372\n|start\n|switch|p1a: Lunala|Lunala, L50|100/100\n|switch|p1b: Raging Bolt|Raging Bolt, L50|100/100\n|switch|p2a: Lunala|Lunala, L50|100/100\n|switch|p2b: Sneasler|Sneasler, L50, M|100/100\n|turn|1\n|\n|t:|1746032387\n|move|p2b: Sneasler|Dire Claw|p1a: Lunala\n|-resisted|p1a: Lunala\n|-damage|p1a: Lunala|91/100\n|move|p2a: Lunala|Moongeist Beam|p1a: Lunala\n|-supereffective|p1a: Lunala\n|-damage|p1a: Lunala|0 fnt\n|faint|p1a: Lunala\n|move|p1b: Raging Bolt|Volt Switch|p2b: Sneasler\n|-damage|p2b: Sneasler|53/100\n|\n|t:|1746032396\n|-end|p1b: Raging Bolt|Protosynthesis|[silent]\n|switch|p1b: Ursaluna|Ursaluna, L50, F|100/100|[from] Volt Switch\n|\n|-status|p1b: Ursaluna|brn|[from] item: Flame Orb\n|upkeep\n|\n|t:|1746032399\n|switch|p1a: Raging Bolt|Raging Bolt, L50|100/100\n|turn|2\n|\n|t:|1746032415\n|-terastallize|p1b: Ursaluna|Ghost\n|move|p2b: Sneasler|Close Combat|p1b: Ursaluna\n|-immune|p1b: Ursaluna\n|move|p2a: Lunala|Meteor Beam||[still]\n|-prepare|p2a: Lunala|Meteor Beam\n|-boost|p2a: Lunala|spa|1\n|-enditem|p2a: Lunala|Power Herb\n|-anim|p2a: Lunala|Meteor Beam|p1a: Raging Bolt\n|-damage|p1a: Raging Bolt|58/100\n|move|p1a: Raging Bolt|Volt Switch|p2a: Lunala\n|-damage|p2a: Lunala|87/100\n|\n|t:|1746032429\n|-end|p1a: Raging Bolt|Protosynthesis|[silent]\n|switch|p1a: Umbreon|Umbreon, L50, M, shiny|100/100|[from] Volt Switch\n|move|p1b: Ursaluna|Headlong Rush|p2a: Lunala\n|-damage|p2a: Lunala|1/100\n|-unboost|p1b: Ursaluna|def|1\n|-unboost|p1b: Ursaluna|spd|1\n|\n|-damage|p1b: Ursaluna|95/100 brn|[from] brn\n|upkeep\n|turn|3\n|\n|t:|1746032444\n|move|p1b: Ursaluna|Protect|p1b: Ursaluna\n|-singleturn|p1b: Ursaluna|Protect\n|move|p2b: Sneasler|Close Combat|p1a: Umbreon\n|-supereffective|p1a: Umbreon\n|-crit|p1a: Umbreon\n|-enditem|p1a: Umbreon|Chople Berry|[eat]\n|-enditem|p1a: Umbreon|Chople Berry|[weaken]\n|-damage|p1a: Umbreon|35/100\n|-unboost|p2b: Sneasler|def|1\n|-unboost|p2b: Sneasler|spd|1\n|move|p2a: Lunala|Moongeist Beam|p1b: Ursaluna\n|-activate|p1b: Ursaluna|move: Protect\n|move|p1a: Umbreon|Snarl|p2a: Lunala|[spread] p2a,p2b\n|-supereffective|p2a: Lunala\n|-resisted|p2b: Sneasler\n|-damage|p2a: Lunala|0 fnt\n|-damage|p2b: Sneasler|45/100\n|-unboost|p2b: Sneasler|spa|1\n|faint|p2a: Lunala\n|\n|-damage|p1b: Ursaluna|89/100 brn|[from] brn\n|upkeep\n|\n|t:|1746032450\n|switch|p2a: Gouging Fire|Gouging Fire, L50|100/100\n|-enditem|p2a: Gouging Fire|Booster Energy\n|-activate|p2a: Gouging Fire|ability: Protosynthesis|[fromitem]\n|-start|p2a: Gouging Fire|protosynthesisspe\n|turn|4\n|\n|t:|1746032471\n|switch|p1b: Raging Bolt|Raging Bolt, L50|58/100\n|move|p2a: Gouging Fire|Howl|p2a: Gouging Fire|[spread] p2a,p2b\n|-boost|p2a: Gouging Fire|atk|1\n|-boost|p2b: Sneasler|atk|1\n|move|p2b: Sneasler|Throat Chop|p1b: Raging Bolt\n|-damage|p1b: Raging Bolt|22/100\n|-start|p1b: Raging Bolt|Throat Chop|[silent]\n|move|p1a: Umbreon|Yawn|p2a: Gouging Fire\n|-start|p2a: Gouging Fire|move: Yawn|[of] p1a: Umbreon\n|\n|upkeep\n|turn|5\n|\n|t:|1746032491\n|-end|p2a: Gouging Fire|Protosynthesis|[silent]\n|switch|p2a: Zamazenta|Zamazenta-Crowned, L50|100/100\n|-ability|p2a: Zamazenta|Dauntless Shield|boost\n|-boost|p2a: Zamazenta|def|1\n|move|p1b: Raging Bolt|Thunderclap||[still]\n|-fail|p1b: Raging Bolt\n|move|p2b: Sneasler|Toxic Spikes|p1a: Umbreon\n|-sidestart|p1: MatthewJi\u5e7b\u6b87\u79cb\u51a5VGC|move: Toxic Spikes\n|move|p1a: Umbreon|Foul Play|p2a: Zamazenta\n|-resisted|p2a: Zamazenta\n|-damage|p2a: Zamazenta|94/100\n|\n|-end|p1b: Raging Bolt|Throat Chop|[silent]\n|upkeep\n|turn|6\n|\n|t:|1746032512\n|switch|p2b: Gouging Fire|Gouging Fire, L50|100/100\n|move|p1b: Raging Bolt|Thunderclap||[still]\n|-fail|p1b: Raging Bolt\n|move|p2a: Zamazenta|Body Press|p1b: Raging Bolt\n|-damage|p1b: Raging Bolt|0 fnt\n|faint|p1b: Raging Bolt\n|-end|p1b: Raging Bolt|Protosynthesis|[silent]\n|move|p1a: Umbreon|Yawn|p2a: Zamazenta\n|-start|p2a: Zamazenta|move: Yawn|[of] p1a: Umbreon\n|\n|upkeep\n|\n|t:|1746032514\n|switch|p1b: Ursaluna|Ursaluna, L50, F, tera:Ghost|89/100 brn\n|turn|7\n|\n|t:|1746032531\n|-terastallize|p2a: Zamazenta|Dragon\n|move|p2a: Zamazenta|Body Press|p1a: Umbreon\n|-supereffective|p1a: Umbreon\n|-damage|p1a: Umbreon|0 fnt\n|faint|p1a: Umbreon\n|move|p2b: Gouging Fire|Flare Blitz|p1b: Ursaluna\n|-damage|p1b: Ursaluna|52/100 brn\n|-damage|p2b: Gouging Fire|86/100|[from] Recoil\n|move|p1b: Ursaluna|Substitute|p1b: Ursaluna\n|-start|p1b: Ursaluna|Substitute\n|-damage|p1b: Ursaluna|27/100 brn\n|\n|-damage|p1b: Ursaluna|21/100 brn|[from] brn\n|-end|p2a: Zamazenta|move: Yawn|[silent]\n|-status|p2a: Zamazenta|slp\n|upkeep\n|turn|8\n|\n|t:|1746032544\n|cant|p2a: Zamazenta|slp\n|move|p2b: Gouging Fire|Flare Blitz|p1b: Ursaluna\n|-end|p1b: Ursaluna|Substitute\n|-damage|p2b: Gouging Fire|76/100|[from] Recoil|[of] p1b: Ursaluna\n|move|p1b: Ursaluna|Headlong Rush|p2b: Gouging Fire\n|-supereffective|p2b: Gouging Fire\n|-damage|p2b: Gouging Fire|0 fnt\n|-unboost|p1b: Ursaluna|def|1\n|-unboost|p1b: Ursaluna|spd|1\n|faint|p2b: Gouging Fire\n|-end|p2b: Gouging Fire|Protosynthesis|[silent]\n|\n|-damage|p1b: Ursaluna|15/100 brn|[from] brn\n|upkeep\n|\n|t:|1746032551\n|switch|p2b: Sneasler|Sneasler, L50, M|45/100\n|turn|9\n|-message|MatthewJi\u5e7b\u6b87\u79cb\u51a5VGC forfeited.\n|raw|MatthewJi\u5e7b\u6b87\u79cb\u51a5VGC's rating: 1175 &rarr; <strong>1152</strong><br />(-23 for losing)\n|raw|Yoddle Yoddle's rating: 1209 &rarr; <strong>1232</strong><br />(+23 for winning)\n|\n|win|Yoddle Yoddle\n|l|\u2606MatthewJi\u5e7b\u6b87\u79cb\u51a5VGC\n|player|p1|\n", "uploadtime": 1746032576, "views": 8, "formatid": "gen9vgc2025regibo3", "rating": 1152, "private": 0, "password": null}