{"id": "gen9vgc2025regibo3-2353461459", "format": "[Gen 9] VGC 2025 Reg I (Bo3)", "players": ["sushirocket", "habeebomarali123"], "log": "|j|\u2606sushirocket\n|j|\u2606habeebomarali123\n|html|<table width=\"100%\"><tr><td align=\"left\">sushirocket</td><td align=\"right\">habeebomarali123</tr><tr><td align=\"left\"><i class=\"fa fa-circle-o\"></i> <i class=\"fa fa-circle-o\"></i> </td><td align=\"right\"><i class=\"fa fa-circle-o\"></i> <i class=\"fa fa-circle-o\"></i> </tr></table>\n|uhtml|bestof|<h2><strong>Game 1</strong> of <a href=\"/game-bestof3-gen9vgc2025regibo3-2353461458\">a best-of-3</a></h2>\n|t:|1745958066\n|gametype|doubles\n|player|p1|sushirocket|volkner|1209\n|player|p2|habeebomarali123|veteran|1143\n|teamsize|p1|6\n|teamsize|p2|6\n|gen|9\n|tier|[Gen 9] VGC 2025 Reg I (Bo3)\n|rated|\n|rule|Species Clause: Limit one of each Pok\u00e9mon\n|rule|Item Clause: Limit 1 of each item\n|clearpoke\n|poke|p1|Giratina-Origin, L50|\n|poke|p1|Dondozo, L50, F|\n|poke|p1|Ting-Lu, L50|\n|poke|p1|Raging Bolt, L50|\n|poke|p1|Zamazenta-*, L50|\n|poke|p1|Volcarona, L50, M|\n|poke|p2|Zekrom, L50|\n|poke|p2|Miraidon, L50|\n|poke|p2|Tornadus, L50, M|\n|poke|p2|Incineroar, L50, F|\n|poke|p2|Urshifu-*, L50, M|\n|poke|p2|Pelipper, L50, M|\n|teampreview|4\n|showteam|p1|Giratina-Origin||GriseousCore|Levitate|Poltergeist,DragonClaw,ShadowSneak,Protect||||||50|,,,,,Fire]Dondozo||Leftovers|Unaware|WaveCrash,Fissure,Yawn,Protect|||F|||50|,,,,,Poison]Ting-Lu||RockyHelmet|VesselofRuin|SandTomb,Ruination,Taunt,Protect||||||50|,,,,,Poison]Raging Bolt||AssaultVest|Protosynthesis|Electroweb,DracoMeteor,Thunderclap,Thunderbolt||||||50|,,,,,Electric]Zamazenta-Crowned||RustedShield|DauntlessShield|BodyPress,behemothbash,WideGuard,Protect||||||50|,,,,,Dragon]Volcarona||SitrusBerry|FlameBody|FieryDance,QuiverDance,GigaDrain,Protect|||M|||50|,,,,,Grass\n|showteam|p2|Zekrom||LifeOrb|Teravolt|DragonDance,DragonClaw,Protect,FusionBolt||||||50|,,,,,Electric]Miraidon||ChoiceSpecs|HadronEngine|DazzlingGleam,DracoMeteor,ElectroDrift,VoltSwitch||||||50|,,,,,Fairy]Tornadus||CovertCloak|Prankster|Tailwind,BleakwindStorm,ScaryFace,Protect|||M|||50|,,,,,Dark]Incineroar||AssaultVest|Intimidate|KnockOff,FlareBlitz,Uturn,FakeOut|||F|||50|,,,,,Bug]Urshifu||FocusSash|UnseenFist|WickedBlow,SuckerPunch,CloseCombat,Detect|||M|||50|,,,,,Stellar]Pelipper||AbilityShield|Drizzle|Protect,Hurricane,WeatherBall,WideGuard|||M|||50|,,,,,Ghost\n|inactive|Battle timer is ON: inactive players will automatically lose when time's up. (requested by sushirocket)\n|inactive|sushirocket has 60 seconds left.\n|inactive|habeebomarali123 has 60 seconds left.\n|inactive|sushirocket has 30 seconds left.\n|\n|t:|1745958130\n|start\n|switch|p1a: Ting-Lu|Ting-Lu, L50|100/100\n|switch|p1b: Raging Bolt|Raging Bolt, L50|100/100\n|switch|p2a: Miraidon|Miraidon, L50|100/100\n|switch|p2b: Incineroar|Incineroar, L50, F|100/100\n|-fieldstart|move: Electric Terrain|[from] ability: Hadron Engine|[of] p2a: Miraidon\n|-ability|p2b: Incineroar|Intimidate|boost\n|-unboost|p1a: Ting-Lu|atk|1\n|-unboost|p1b: Raging Bolt|atk|1\n|-ability|p1a: Ting-Lu|Vessel of Ruin\n|turn|1\n|inactive|sushirocket has 30 seconds left.\n|\n|t:|1745958160\n|-end|p1b: Raging Bolt|Protosynthesis|[silent]\n|switch|p1b: Giratina|Giratina-Origin, L50|100/100\n|move|p2b: Incineroar|Fake Out|p1b: Giratina\n|-immune|p1b: Giratina\n|move|p2a: Miraidon|Draco Meteor|p1a: Ting-Lu\n|-damage|p1a: Ting-Lu|28/100\n|-unboost|p2a: Miraidon|spa|2\n|move|p1a: Ting-Lu|Sand Tomb|p2a: Miraidon\n|-supereffective|p2a: Miraidon\n|-damage|p2a: Miraidon|82/100\n|-activate|p2a: Miraidon|move: Sand Tomb|[of] p1a: Ting-Lu\n|\n|-damage|p2a: Miraidon|70/100|[from] move: Sand Tomb|[partiallytrapped]\n|upkeep\n|turn|2\n|\n|t:|1745958175\n|switch|p1b: Zamazenta|Zamazenta-Crowned, L50|100/100\n|-ability|p1b: Zamazenta|Dauntless Shield|boost\n|-boost|p1b: Zamazenta|def|1\n|move|p1a: Ting-Lu|Protect|p1a: Ting-Lu\n|-singleturn|p1a: Ting-Lu|Protect\n|move|p2a: Miraidon|Draco Meteor|p1b: Zamazenta\n|-resisted|p1b: Zamazenta\n|-damage|p1b: Zamazenta|80/100\n|-unboost|p2a: Miraidon|spa|2\n|move|p2b: Incineroar|Knock Off|p1b: Zamazenta\n|-resisted|p1b: Zamazenta\n|-damage|p1b: Zamazenta|74/100\n|\n|-damage|p2a: Miraidon|58/100|[from] move: Sand Tomb|[partiallytrapped]\n|upkeep\n|turn|3\n|\n|t:|1745958190\n|move|p2a: Miraidon|Draco Meteor|p1a: Ting-Lu|[miss]\n|-miss|p2a: Miraidon|p1a: Ting-Lu\n|move|p1b: Zamazenta|Body Press|p2b: Incineroar\n|-supereffective|p2b: Incineroar\n|-crit|p2b: Incineroar\n|-damage|p2b: Incineroar|0 fnt\n|faint|p2b: Incineroar\n|move|p1a: Ting-Lu|Ruination|p2a: Miraidon\n|-damage|p2a: Miraidon|30/100\n|\n|-damage|p2a: Miraidon|18/100|[from] move: Sand Tomb|[partiallytrapped]\n|upkeep\n|\n|t:|1745958197\n|switch|p2b: Zekrom|Zekrom, L50|100/100\n|-ability|p2b: Zekrom|Teravolt\n|turn|4\n|\n|t:|1745958207\n|move|p1b: Zamazenta|Protect|p1b: Zamazenta\n|-singleturn|p1b: Zamazenta|Protect\n|move|p2a: Miraidon|Draco Meteor|p1a: Ting-Lu\n|-damage|p1a: Ting-Lu|4/100\n|-unboost|p2a: Miraidon|spa|2\n|move|p2b: Zekrom|Dragon Claw|p1a: Ting-Lu\n|-damage|p1a: Ting-Lu|0 fnt\n|-damage|p2b: Zekrom|84/100|[from] item: Rocky Helmet|[of] p1a: Ting-Lu\n|faint|p1a: Ting-Lu\n|-damage|p2b: Zekrom|74/100|[from] item: Life Orb\n|\n|-end|p2a: Miraidon|Sand Tomb|[partiallytrapped]|[silent]\n|upkeep\n|c|\u2606habeebomarali123|ouch\n|\n|t:|1745958220\n|switch|p1a: Raging Bolt|Raging Bolt, L50|100/100\n|turn|5\n|c|\u2606habeebomarali123|that ting lu did lots\n|\n|t:|1745958236\n|switch|p2a: Urshifu|Urshifu, L50, M|100/100\n|-terastallize|p2b: Zekrom|Electric\n|-terastallize|p1a: Raging Bolt|Electric\n|move|p1b: Zamazenta|Body Press|p2b: Zekrom\n|-damage|p2b: Zekrom|21/100\n|move|p2b: Zekrom|Dragon Claw|p1a: Raging Bolt\n|-damage|p1a: Raging Bolt|48/100\n|-damage|p2b: Zekrom|11/100|[from] item: Life Orb\n|move|p1a: Raging Bolt|Electroweb|p2a: Urshifu|[spread] p2a,p2b\n|-resisted|p2b: Zekrom\n|-damage|p2a: Urshifu|41/100\n|-damage|p2b: Zekrom|0 fnt\n|-unboost|p2a: Urshifu|spe|1\n|faint|p2b: Zekrom\n|\n|-fieldend|move: Electric Terrain\n|upkeep\n|\n|t:|1745958248\n|switch|p2b: Miraidon|Miraidon, L50|18/100\n|-fieldstart|move: Electric Terrain|[from] ability: Hadron Engine|[of] p2b: Miraidon\n|turn|6\n|\n|t:|1745958262\n|move|p1a: Raging Bolt|Thunderclap|p2a: Urshifu\n|-damage|p2a: Urshifu|0 fnt\n|faint|p2a: Urshifu\n|move|p2b: Miraidon|Electro Drift|p1b: Zamazenta\n|-damage|p1b: Zamazenta|0 fnt\n|faint|p1b: Zamazenta\n|\n|upkeep\n|\n|t:|1745958264\n|switch|p1b: Giratina|Giratina-Origin, L50|100/100\n|turn|7\n|\n|t:|1745958275\n|move|p1b: Giratina|Shadow Sneak|p2b: Miraidon\n|-damage|p2b: Miraidon|0 fnt\n|faint|p2b: Miraidon\n|\n|win|sushirocket\n||habeebomarali123 is ready for game 2.\n||sushirocket is ready for game 2.\n|uhtml|next|Next: <a href=\"/battle-gen9vgc2025regibo3-2353463799\"><strong>Game 2 of 3</strong></a>\n", "uploadtime": 1745958542, "views": 6, "formatid": "gen9vgc2025regibo3", "rating": null, "private": 0, "password": null}