{"id": "gen9vgc2025regibo3-2353682877", "format": "[Gen 9] VGC 2025 Reg I (Bo3)", "players": ["calciumnyl", "stanhoff"], "log": "|j|\u2606calciumnyl\n|j|\u2606stanhoff\n|html|<table width=\"100%\"><tr><td align=\"left\">calciumnyl</td><td align=\"right\">stanhoff</tr><tr><td align=\"left\"><i class=\"fa fa-circle-o\"></i> <i class=\"fa fa-circle-o\"></i> </td><td align=\"right\"><i class=\"fa fa-circle-o\"></i> <i class=\"fa fa-circle\"></i> </tr></table>\n|uhtml|bestof|<h2><strong>Game 2</strong> of <a href=\"/game-bestof3-gen9vgc2025regibo3-2353681503\">a best-of-3</a></h2>\n|t:|1745983095\n|gametype|doubles\n|player|p1|calciumnyl|kieran|1165\n|player|p2|stanhoff|falkner|1228\n|teamsize|p1|6\n|teamsize|p2|6\n|gen|9\n|tier|[Gen 9] VGC 2025 Reg I (Bo3)\n|rated|\n|rule|Species Clause: Limit one of each Pok\u00e9mon\n|rule|Item Clause: Limit 1 of each item\n|clearpoke\n|poke|p1|Zacian-*, L50|\n|poke|p1|Groudon, L50|\n|poke|p1|Mienshao, L50, M|\n|poke|p1|Raging Bolt, L50|\n|poke|p1|Incineroar, L50, F|\n|poke|p1|Flutter Mane, L50|\n|poke|p2|Calyrex-Shadow, L50|\n|poke|p2|Miraidon, L50|\n|poke|p2|Indeedee-F, L50, F|\n|poke|p2|Brute Bonnet, L50|\n|poke|p2|Iron Bundle, L50|\n|poke|p2|Sneasler, L50, M|\n|teampreview|4\n|showteam|p1|Zacian-Crowned||RustedSword|IntrepidSword|behemothblade,PlayRough,CloseCombat,Protect||||||50|,,,,,Ground]Groudon||AssaultVest|Drought|PrecipiceBlades,HeatCrash,HighHorsepower,ThunderPunch||||||50|,,,,,Fire]Mienshao||FocusSash|InnerFocus|FakeOut,WideGuard,Coaching,CloseCombat|||M|||50|,,,,,Steel]Raging Bolt||Magnet|Protosynthesis|Thunderclap,Thunderbolt,DracoMeteor,Protect||||||50|,,,,,Water]Incineroar||SafetyGoggles|Intimidate|FakeOut,PartingShot,FlareBlitz,KnockOff|||F|||50|,,,,,Ghost]Flutter Mane||BoosterEnergy|Protosynthesis|DazzlingGleam,ShadowBall,Moonblast,Protect||||||50|,,,,,Fairy\n|showteam|p2|Calyrex-Shadow||FocusSash|AsOneSpectrier|AstralBarrage,ExpandingForce,Disable,Protect||||||50|,,,,,Ghost]Miraidon||LifeOrb|HadronEngine|ElectroDrift,DracoMeteor,DazzlingGleam,Protect||||||50|,,,,,Fairy]Indeedee-F||PsychicSeed|PsychicSurge|FollowMe,AlluringVoice,TrickRoom,Imprison|||F|||50|,,,,,Fairy]Brute Bonnet||CovertCloak|Protosynthesis|Spore,SuckerPunch,SeedBomb,RagePowder||||||50|,,,,,Water]Iron Bundle||KingsRock|QuarkDrive|IcyWind,FreezeDry,Fling,Protect||||||50|,,,,,Grass]Sneasler||RazorFang|Unburden|FakeOut,Fling,CloseCombat,Protect|||M|||50|,,,,,Dark\n|inactive|Battle timer is ON: inactive players will automatically lose when time's up. (requested by calciumnyl)\n|\n|t:|1745983120\n|start\n|switch|p1a: High Jump Miss|Mienshao, L50, M|100/100\n|switch|p1b: Precimiss Blades|Groudon, L50|100/100\n|switch|p2a: Miraidon|Miraidon, L50|100/100\n|switch|p2b: Iron Bundle|Iron Bundle, L50|100/100\n|-fieldstart|move: Electric Terrain|[from] ability: Hadron Engine|[of] p2a: Miraidon\n|-activate|p2b: Iron Bundle|ability: Quark Drive\n|-start|p2b: Iron Bundle|quarkdrivespe\n|-weather|SunnyDay|[from] ability: Drought|[of] p1b: Precimiss Blades\n|turn|1\n|\n|t:|1745983130\n|move|p2b: Iron Bundle|Protect|p2b: Iron Bundle\n|-singleturn|p2b: Iron Bundle|Protect\n|move|p2a: Miraidon|Protect|p2a: Miraidon\n|-singleturn|p2a: Miraidon|Protect\n|move|p1a: High Jump Miss|Fake Out|p2b: Iron Bundle\n|-activate|p2b: Iron Bundle|move: Protect\n|move|p1b: Precimiss Blades|High Horsepower|p2a: Miraidon\n|-activate|p2a: Miraidon|move: Protect\n|\n|-weather|SunnyDay|[upkeep]\n|upkeep\n|turn|2\n|inactive|stanhoff has 30 seconds left.\n|\n|t:|1745983162\n|move|p2b: Iron Bundle|Fling|p1b: Precimiss Blades\n|-damage|p1b: Precimiss Blades|97/100\n|-enditem|p2b: Iron Bundle|King's Rock|[from] move: Fling\n|move|p2a: Miraidon|Electro Drift|p1a: High Jump Miss\n|-enditem|p1a: High Jump Miss|Focus Sash\n|-damage|p1a: High Jump Miss|1/100\n|-damage|p2a: Miraidon|91/100|[from] item: Life Orb\n|move|p1a: High Jump Miss|Close Combat|p2b: Iron Bundle\n|-supereffective|p2b: Iron Bundle\n|-damage|p2b: Iron Bundle|0 fnt\n|-unboost|p1a: High Jump Miss|def|1\n|-unboost|p1a: High Jump Miss|spd|1\n|faint|p2b: Iron Bundle\n|-end|p2b: Iron Bundle|Quark Drive|[silent]\n|cant|p1b: Precimiss Blades|flinch\n|\n|-weather|SunnyDay|[upkeep]\n|upkeep\n|\n|t:|1745983173\n|switch|p2b: Calyrex|Calyrex-Shadow, L50|100/100\n|-ability|p2b: Calyrex|As One\n|-ability|p2b: Calyrex|Unnerve\n|turn|3\n|inactive|stanhoff has 30 seconds left.\n|\n|t:|1745983204\n|switch|p2a: Brute Bonnet|Brute Bonnet, L50|100/100\n|-activate|p2a: Brute Bonnet|ability: Protosynthesis\n|-start|p2a: Brute Bonnet|protosynthesisdef\n|move|p1a: High Jump Miss|Wide Guard|p1a: High Jump Miss\n|-singleturn|p1a: High Jump Miss|Wide Guard\n|move|p2b: Calyrex|Expanding Force|p1a: High Jump Miss\n|-supereffective|p1a: High Jump Miss\n|-damage|p1a: High Jump Miss|0 fnt\n|faint|p1a: High Jump Miss\n|-ability|p2b: Calyrex|Grim Neigh|boost\n|-boost|p2b: Calyrex|spa|1\n|move|p1b: Precimiss Blades|Heat Crash|p2b: Calyrex\n|-damage|p2b: Calyrex|12/100\n|\n|-weather|SunnyDay|[upkeep]\n|upkeep\n|\n|t:|1745983217\n|switch|p1a: Will-O-Miss|Incineroar, L50, F|100/100\n|-ability|p1a: Will-O-Miss|Intimidate|boost\n|-unboost|p2a: Brute Bonnet|atk|1\n|-unboost|p2b: Calyrex|atk|1\n|turn|4\n|\n|t:|1745983229\n|-terastallize|p2a: Brute Bonnet|Water\n|move|p2b: Calyrex|Protect|p2b: Calyrex\n|-singleturn|p2b: Calyrex|Protect\n|move|p1b: Precimiss Blades|Heat Crash|p2a: Brute Bonnet\n|-resisted|p2a: Brute Bonnet\n|-damage|p2a: Brute Bonnet|83/100\n|move|p1a: Will-O-Miss|Knock Off|p2b: Calyrex\n|-activate|p2b: Calyrex|move: Protect\n|move|p2a: Brute Bonnet|Spore|p1b: Precimiss Blades\n|-activate|p1b: Precimiss Blades|move: Electric Terrain\n|\n|-weather|SunnyDay|[upkeep]\n|upkeep\n|turn|5\n|\n|t:|1745983243\n|move|p2a: Brute Bonnet|Rage Powder|p2a: Brute Bonnet\n|-singleturn|p2a: Brute Bonnet|move: Rage Powder\n|move|p2b: Calyrex|Astral Barrage|p1b: Precimiss Blades|[spread] p1a,p1b\n|-resisted|p1a: Will-O-Miss\n|-damage|p1a: Will-O-Miss|64/100\n|-damage|p1b: Precimiss Blades|51/100\n|move|p1b: Precimiss Blades|Thunder Punch|p2a: Brute Bonnet\n|-supereffective|p2a: Brute Bonnet\n|-damage|p2a: Brute Bonnet|47/100\n|move|p1a: Will-O-Miss|Knock Off|p2b: Calyrex\n|-supereffective|p2b: Calyrex\n|-damage|p2b: Calyrex|0 fnt\n|-enditem|p2b: Calyrex|Focus Sash|[from] move: Knock Off|[of] p1a: Will-O-Miss\n|faint|p2b: Calyrex\n|\n|-weather|none\n|-end|p2a: Brute Bonnet|Protosynthesis\n|-fieldend|move: Electric Terrain\n|upkeep\n|\n|t:|1745983254\n|switch|p2b: Miraidon|Miraidon, L50|91/100\n|-fieldstart|move: Electric Terrain|[from] ability: Hadron Engine|[of] p2b: Miraidon\n|turn|6\n|\n|t:|1745983270\n|move|p2b: Miraidon|Dazzling Gleam|p1a: Will-O-Miss|[spread] p1a,p1b\n|-damage|p1a: Will-O-Miss|30/100\n|-damage|p1b: Precimiss Blades|30/100\n|-damage|p2b: Miraidon|81/100|[from] item: Life Orb\n|move|p1b: Precimiss Blades|Precipice Blades|p2b: Miraidon|[spread] p2a,p2b\n|-supereffective|p2b: Miraidon\n|-damage|p2a: Brute Bonnet|15/100\n|-damage|p2b: Miraidon|0 fnt\n|faint|p2b: Miraidon\n|move|p1a: Will-O-Miss|Flare Blitz|p2a: Brute Bonnet\n|-resisted|p2a: Brute Bonnet\n|-damage|p2a: Brute Bonnet|0 fnt\n|faint|p2a: Brute Bonnet\n|-end|p2a: Brute Bonnet|Protosynthesis|[silent]\n|-damage|p1a: Will-O-Miss|25/100|[from] Recoil\n|\n|win|calciumnyl\n||calciumnyl is ready for game 3.\n|l|\u2606calciumnyl\n|player|p1|\n||stanhoff is ready for game 3.\n|uhtml|next|Next: <a href=\"/battle-gen9vgc2025regibo3-2353684266\"><strong>Game 3 of 3</strong></a>\n", "uploadtime": 1745983404, "views": 13, "formatid": "gen9vgc2025regibo3", "rating": null, "private": 0, "password": null}