{"id": "gen9vgc2025regibo3-2354561138", "format": "[Gen 9] VGC 2025 Reg I (Bo3)", "players": ["MidoMidori", "mincarretta"], "log": "|j|\u2606MidoMidori\n|j|\u2606mincarretta\n|html|<table width=\"100%\"><tr><td align=\"left\">MidoMidori</td><td align=\"right\">mincarretta</tr><tr><td align=\"left\"><i class=\"fa fa-circle\"></i> <i class=\"fa fa-circle-o\"></i> </td><td align=\"right\"><i class=\"fa fa-circle-o\"></i> <i class=\"fa fa-circle\"></i> </tr></table>\n|uhtml|bestof|<h2><strong>Game 3</strong> of <a href=\"/game-bestof3-gen9vgc2025regibo3-2354558825\">a best-of-3</a></h2>\n|t:|1746094687\n|gametype|doubles\n|player|p1|MidoMidori|roxanne-gen6|1113\n|player|p2|mincarretta|1|1000\n|teamsize|p1|6\n|teamsize|p2|6\n|gen|9\n|tier|[Gen 9] VGC 2025 Reg I (Bo3)\n|rated|\n|rule|Species Clause: Limit one of each Pok\u00e9mon\n|rule|Item Clause: Limit 1 of each item\n|clearpoke\n|poke|p1|Koraidon, L50|\n|poke|p1|Ho-Oh, L50|\n|poke|p1|Flutter Mane, L50|\n|poke|p1|Incineroar, L50, M|\n|poke|p1|Raging Bolt, L50|\n|poke|p1|Iron Treads, L50|\n|poke|p2|Grimmsnarl, L50, M|\n|poke|p2|Calyrex-Shadow, L50|\n|poke|p2|Urshifu-*, L50, M|\n|poke|p2|Indeedee-F, L50, F|\n|poke|p2|Lunala, L50|\n|poke|p2|Torkoal, L50, F|\n|teampreview|4\n|showteam|p1|Koraidon||LoadedDice|OrichalcumPulse|ScaleShot,FlareBlitz,CollisionCourse,Protect||||||50|,,,,,Fire]Ho-Oh||ClearAmulet|Regenerator|SacredFire,BraveBird,Tailwind,Protect||||||50|,,,,,Grass]Flutter Mane||FocusSash|Protosynthesis|Moonblast,IcyWind,ShadowBall,Protect||||||50|,,,,,Normal]Incineroar||SafetyGoggles|Intimidate|FakeOut,FlareBlitz,KnockOff,PartingShot|||M|||50|,,,,,Water]Raging Bolt||AssaultVest|Protosynthesis|Thunderclap,VoltSwitch,DracoMeteor,Thunderbolt||||||50|,,,,,Electric]Iron Treads||LifeOrb|QuarkDrive|HighHorsepower,IronHead,SteelRoller,Protect||||||50|,,,,,Stellar\n|showteam|p2|Grimmsnarl||CovertCloak|Prankster|FakeTears,ThunderWave,PartingShot,FoulPlay|||M|||50|,,,,,Steel]Calyrex-Shadow||LifeOrb|AsOneSpectrier|AstralBarrage,DrainingKiss,Protect,ExpandingForce||||||50|,,,,,Normal]Urshifu-Rapid-Strike||FocusSash|UnseenFist|Detect,SurgingStrikes,AquaJet,CloseCombat|||M|||50|,,,,,Water]Indeedee-F||RockyHelmet|PsychicSurge|TrickRoom,ShadowBall,HelpingHand,FollowMe|||F|||50|,,,,,Psychic]Lunala||PsychicSeed|ShadowShield|ExpandingForce,TrickRoom,MoongeistBeam,WideGuard||||||50|,,,,,Fairy]Torkoal||Charcoal|Drought|Eruption,WeatherBall,EarthPower,Protect|||F|||50|,,,,,Fire\n|inactive|Battle timer is ON: inactive players will automatically lose when time's up. (requested by mincarretta)\n|inactive|MidoMidori has 60 seconds left.\n|\n|t:|1746094719\n|start\n|switch|p1a: Raging Bolt|Raging Bolt, L50|100/100\n|switch|p1b: Koraidon|Koraidon, L50|100/100\n|switch|p2a: Indeedee|Indeedee-F, L50, F|100/100\n|switch|p2b: Lunala|Lunala, L50|100/100\n|-weather|SunnyDay|[from] ability: Orichalcum Pulse|[of] p1b: Koraidon\n|-activate|p1a: Raging Bolt|ability: Protosynthesis\n|-start|p1a: Raging Bolt|protosynthesisspa\n|-activate|p1b: Koraidon|Orichalcum Pulse|[source]\n|-fieldstart|move: Psychic Terrain|[from] ability: Psychic Surge|[of] p2a: Indeedee\n|-enditem|p2b: Lunala|Psychic Seed\n|-boost|p2b: Lunala|spd|1|[from] item: Psychic Seed\n|turn|1\n|\n|t:|1746094739\n|move|p2a: Indeedee|Follow Me|p2a: Indeedee\n|-singleturn|p2a: Indeedee|move: Follow Me\n|move|p1b: Koraidon|Scale Shot|p2a: Indeedee|[miss]\n|-miss|p1b: Koraidon|p2a: Indeedee\n|move|p1a: Raging Bolt|Volt Switch|p2a: Indeedee\n|-damage|p2a: Indeedee|53/100\n|\n|t:|1746094743\n|-end|p1a: Raging Bolt|Protosynthesis|[silent]\n|switch|p1a: Incineroar|Incineroar, L50, M|100/100|[from] Volt Switch\n|-ability|p1a: Incineroar|Intimidate|boost\n|-unboost|p2a: Indeedee|atk|1\n|-unboost|p2b: Lunala|atk|1\n|move|p2b: Lunala|Trick Room|p2b: Lunala\n|-fieldstart|move: Trick Room|[of] p2b: Lunala\n|\n|-weather|SunnyDay|[upkeep]\n|upkeep\n|turn|2\n|\n|t:|1746094767\n|move|p1b: Koraidon|Protect|p1b: Koraidon\n|-singleturn|p1b: Koraidon|Protect\n|move|p2a: Indeedee|Follow Me|p2a: Indeedee\n|-singleturn|p2a: Indeedee|move: Follow Me\n|move|p1a: Incineroar|Knock Off|p2a: Indeedee\n|-supereffective|p2a: Indeedee\n|-damage|p2a: Indeedee|0 fnt\n|-damage|p1a: Incineroar|84/100|[from] item: Rocky Helmet|[of] p2a: Indeedee\n|-enditem|p2a: Indeedee|Rocky Helmet|[from] move: Knock Off|[of] p1a: Incineroar\n|faint|p2a: Indeedee\n|move|p2b: Lunala|Expanding Force|p1a: Incineroar|[spread] \n|-activate|p1b: Koraidon|move: Protect\n|-immune|p1a: Incineroar\n|\n|-weather|SunnyDay|[upkeep]\n|upkeep\n|\n|t:|1746094776\n|switch|p2a: Torkoal|Torkoal, L50, F|100/100\n|turn|3\n|\n|t:|1746094785\n|switch|p1b: Raging Bolt|Raging Bolt, L50|100/100\n|-activate|p1b: Raging Bolt|ability: Protosynthesis\n|-start|p1b: Raging Bolt|protosynthesisspa\n|-terastallize|p2b: Lunala|Fairy\n|move|p2a: Torkoal|Earth Power|p1a: Incineroar\n|-supereffective|p1a: Incineroar\n|-damage|p1a: Incineroar|41/100\n|move|p1a: Incineroar|Knock Off|p2a: Torkoal\n|-damage|p2a: Torkoal|73/100\n|-enditem|p2a: Torkoal|Charcoal|[from] move: Knock Off|[of] p1a: Incineroar\n|move|p2b: Lunala|Expanding Force|p1a: Incineroar|[spread] p1b\n|-immune|p1a: Incineroar\n|-damage|p1b: Raging Bolt|58/100\n|\n|-weather|SunnyDay|[upkeep]\n|upkeep\n|turn|4\n|\n|t:|1746094809\n|switch|p1a: Ho-Oh|Ho-Oh, L50|100/100\n|move|p2a: Torkoal|Earth Power|p1b: Raging Bolt\n|-supereffective|p1b: Raging Bolt\n|-damage|p1b: Raging Bolt|23/100\n|move|p2b: Lunala|Moongeist Beam|p1a: Ho-Oh\n|-damage|p1a: Ho-Oh|64/100\n|move|p1b: Raging Bolt|Volt Switch|p2a: Torkoal\n|-damage|p2a: Torkoal|0 fnt\n|faint|p2a: Torkoal\n|\n|t:|1746094817\n|-end|p1b: Raging Bolt|Protosynthesis|[silent]\n|switch|p1b: Koraidon|Koraidon, L50|100/100|[from] Volt Switch\n|-activate|p1b: Koraidon|ability: Orichalcum Pulse\n|\n|-weather|SunnyDay|[upkeep]\n|upkeep\n|\n|t:|1746094823\n|switch|p2a: Calyrex|Calyrex-Shadow, L50|100/100\n|-ability|p2a: Calyrex|As One\n|-ability|p2a: Calyrex|Unnerve\n|turn|5\n|\n|t:|1746094845\n|-terastallize|p1b: Koraidon|Fire\n|move|p2a: Calyrex|Protect|p2a: Calyrex\n|-singleturn|p2a: Calyrex|Protect\n|move|p2b: Lunala|Expanding Force|p1b: Koraidon|[spread] p1a,p1b\n|-crit|p1b: Koraidon\n|-damage|p1a: Ho-Oh|21/100\n|-damage|p1b: Koraidon|9/100\n|move|p1a: Ho-Oh|Sacred Fire|p2b: Lunala\n|-damage|p2b: Lunala|66/100\n|move|p1b: Koraidon|Flare Blitz|p2b: Lunala\n|-damage|p2b: Lunala|0 fnt\n|faint|p2b: Lunala\n|-damage|p1b: Koraidon|0 fnt|[from] Recoil\n|faint|p1b: Koraidon\n|\n|-weather|none\n|-fieldend|move: Trick Room\n|-fieldend|move: Psychic Terrain\n|upkeep\n|\n|t:|1746094865\n|switch|p1b: Incineroar|Incineroar, L50, M|41/100\n|-ability|p1b: Incineroar|Intimidate|boost\n|-unboost|p2a: Calyrex|atk|1\n|turn|6\n|inactive|MidoMidori has 30 seconds left.\n|\n|t:|1746094900\n|move|p2a: Calyrex|Astral Barrage|p1a: Ho-Oh|[spread] p1a,p1b\n|-resisted|p1b: Incineroar\n|-damage|p1a: Ho-Oh|0 fnt\n|-damage|p1b: Incineroar|10/100\n|faint|p1a: Ho-Oh\n|-ability|p2a: Calyrex|Grim Neigh|boost\n|-boost|p2a: Calyrex|spa|1\n|-damage|p2a: Calyrex|91/100|[from] item: Life Orb\n|move|p1b: Incineroar|Flare Blitz|p2a: Calyrex\n|-damage|p2a: Calyrex|36/100\n|-damage|p1b: Incineroar|0 fnt|[from] Recoil\n|faint|p1b: Incineroar\n|\n|upkeep\n|\n|t:|1746094905\n|switch|p1b: Raging Bolt|Raging Bolt, L50|23/100\n|turn|7\n|c|\u2606MidoMidori|Did u not have tera?\n|\n|t:|1746094915\n|move|p2a: Calyrex|Protect|p2a: Calyrex\n|-singleturn|p2a: Calyrex|Protect\n|move|p1b: Raging Bolt|Thunderclap||[still]\n|-fail|p1b: Raging Bolt\n|\n|upkeep\n|turn|8\n|c|\u2606mincarretta|no brother, gg\n|c|\u2606MidoMidori|Ohhhh\n|c|\u2606MidoMidori|Ggs!!\n|\n|t:|1746094934\n|move|p1b: Raging Bolt|Thunderclap|p2a: Calyrex\n|-damage|p2a: Calyrex|0 fnt\n|faint|p2a: Calyrex\n|\n|win|MidoMidori\n|raw|MidoMidori's rating: 1113 &rarr; <strong>1130</strong><br />(+17 for winning)\n|raw|mincarretta's rating: 1000 &rarr; <strong>1000</strong><br />(+0 for losing)\n|l|\u2606mincarretta\n|player|p2|\n", "uploadtime": 1746094980, "views": 13, "formatid": "gen9vgc2025regibo3", "rating": 1000, "private": 0, "password": null}