{"id": "gen9vgc2025regibo3-2354747497", "format": "[Gen 9] VGC 2025 Reg I (Bo3)", "players": ["J0nko_", "blackrenown"], "log": "|j|\u2606J0nko_\n|j|\u2606blackrenown\n|html|<table width=\"100%\"><tr><td align=\"left\">J0nko_</td><td align=\"right\">blackrenown</tr><tr><td align=\"left\"><i class=\"fa fa-circle\"></i> <i class=\"fa fa-circle-o\"></i> </td><td align=\"right\"><i class=\"fa fa-circle-o\"></i> <i class=\"fa fa-circle\"></i> </tr></table>\n|uhtml|bestof|<h2><strong>Game 3</strong> of <a href=\"/game-bestof3-gen9vgc2025regibo3-2354741650\">a best-of-3</a></h2>\n|t:|1746116229\n|gametype|doubles\n|player|p1|J0nko_|elesa|1126\n|player|p2|blackrenown|cheren-masters|1194\n|teamsize|p1|6\n|teamsize|p2|6\n|gen|9\n|tier|[Gen 9] VGC 2025 Reg I (Bo3)\n|rated|\n|rule|Species Clause: Limit one of each Pok\u00e9mon\n|rule|Item Clause: Limit 1 of each item\n|clearpoke\n|poke|p1|Kyogre, L50|\n|poke|p1|Calyrex-Shadow, L50|\n|poke|p1|Urshifu-*, L50, M|\n|poke|p1|Incineroar, L50, F|\n|poke|p1|Rillaboom, L50, M|\n|poke|p1|Roaring Moon, L50|\n|poke|p2|Tornadus, L50, M|\n|poke|p2|Calyrex-Shadow, L50|\n|poke|p2|Kingambit, L50, M|\n|poke|p2|Araquanid, L50, F|\n|poke|p2|Zamazenta-*, L50|\n|poke|p2|Zapdos, L50|\n|teampreview|4\n|showteam|p1|Kyogre||Leftovers|Drizzle|WaterSpout,IceBeam,OriginPulse,Protect||||||50|,,,,,Grass]Calyrex-Shadow||FocusSash|AsOneSpectrier|AstralBarrage,Disable,Encore,Protect||||||50|,,,,,Dark]Urshifu-Rapid-Strike||ChoiceScarf|UnseenFist|IceSpinner,SurgingStrikes,CloseCombat,Uturn|||M|||50|,,,,,Ghost]Incineroar||SafetyGoggles|Intimidate|KnockOff,PartingShot,FakeOut,HelpingHand|||F|||50|,,,,,Bug]Rillaboom||AssaultVest|GrassySurge|GrassyGlide,WoodHammer,Uturn,FakeOut|||M|||50|,,,,,Steel]Roaring Moon||BoosterEnergy|Protosynthesis|Acrobatics,Tailwind,Protect,KnockOff||||||50|,,,,,Flying\n|showteam|p2|Tornadus||CovertCloak|Prankster|Taunt,RainDance,Tailwind,BleakwindStorm|||M|||50|,,,,,Dark]Calyrex-Shadow||FocusSash|AsOneSpectrier|AstralBarrage,Psyshock,NastyPlot,Protect||||||50|,,,,,Normal]Kingambit||AssaultVest|Defiant|SuckerPunch,KowtowCleave,IronHead,LowKick|||M|||50|,,,,,Flying]Araquanid||ClearAmulet|WaterBubble|WideGuard,Liquidation,Protect,Infestation|||F|||50|,,,,,Grass]Zamazenta-Crowned||RustedShield|DauntlessShield|HeavySlam,BodyPress,WideGuard,Protect||||||50|,,,,,Fire]Zapdos||ChoiceScarf|Static|Thunder,Hurricane,WeatherBall,VoltSwitch||||||50|,,,,,Water\n|inactive|Battle timer is ON: inactive players will automatically lose when time's up. (requested by J0nko_)\n|\n|t:|1746116244\n|start\n|switch|p1a: Calyrex|Calyrex-Shadow, L50|100/100\n|switch|p1b: Roaring Moon|Roaring Moon, L50|100/100\n|switch|p2a: Calyrex|Calyrex-Shadow, L50|100/100\n|switch|p2b: Tornadus|Tornadus, L50, M|100/100\n|-ability|p2a: Calyrex|As One\n|-ability|p2a: Calyrex|Unnerve\n|-ability|p1a: Calyrex|As One\n|-ability|p1a: Calyrex|Unnerve\n|-enditem|p1b: Roaring Moon|Booster Energy\n|-activate|p1b: Roaring Moon|ability: Protosynthesis|[fromitem]\n|-start|p1b: Roaring Moon|protosynthesisspe\n|turn|1\n|\n|t:|1746116267\n|-terastallize|p1a: Calyrex|Dark\n|-terastallize|p2a: Calyrex|Normal\n|move|p2b: Tornadus|Tailwind|p2b: Tornadus\n|-sidestart|p2: blackrenown|move: Tailwind\n|move|p2a: Calyrex|Nasty Plot|p2a: Calyrex\n|-boost|p2a: Calyrex|spa|2\n|move|p1b: Roaring Moon|Acrobatics|p2a: Calyrex\n|-damage|p2a: Calyrex|54/100\n|move|p1a: Calyrex|Astral Barrage|p2a: Calyrex|[spread] p2b\n|-immune|p2a: Calyrex\n|-crit|p2b: Tornadus\n|-damage|p2b: Tornadus|13/100\n|\n|upkeep\n|turn|2\n|inactive|J0nko_ has 30 seconds left.\n|\n|t:|1746116301\n|move|p2a: Calyrex|Protect|p2a: Calyrex\n|-singleturn|p2a: Calyrex|Protect\n|move|p2b: Tornadus|Rain Dance|p2b: Tornadus\n|-weather|RainDance\n|move|p1b: Roaring Moon|Tailwind|p1b: Roaring Moon\n|-sidestart|p1: J0nko_|move: Tailwind\n|move|p1a: Calyrex|Encore|p2a: Calyrex\n|-activate|p2a: Calyrex|move: Protect\n|\n|-weather|RainDance|[upkeep]\n|upkeep\n|turn|3\n|\n|t:|1746116316\n|move|p2b: Tornadus|Taunt|p1a: Calyrex\n|-hint|Since gen 7, Dark is immune to Prankster moves.\n|-immune|p1a: Calyrex\n|move|p1b: Roaring Moon|Knock Off|p2b: Tornadus\n|-damage|p2b: Tornadus|0 fnt\n|-enditem|p2b: Tornadus|Covert Cloak|[from] move: Knock Off|[of] p1b: Roaring Moon\n|faint|p2b: Tornadus\n|move|p2a: Calyrex|Astral Barrage|p1b: Roaring Moon|[spread] p1a,p1b\n|-resisted|p1a: Calyrex\n|-resisted|p1b: Roaring Moon\n|-damage|p1a: Calyrex|44/100\n|-damage|p1b: Roaring Moon|44/100\n|move|p1a: Calyrex|Astral Barrage|p2a: Calyrex\n|-immune|p2a: Calyrex\n|\n|-weather|RainDance|[upkeep]\n|upkeep\n|\n|t:|1746116331\n|switch|p2b: Zapdos|Zapdos, L50|100/100\n|turn|4\n|\n|t:|1746116347\n|move|p1b: Roaring Moon|Protect|p1b: Roaring Moon\n|-singleturn|p1b: Roaring Moon|Protect\n|move|p1a: Calyrex|Protect|p1a: Calyrex\n|-singleturn|p1a: Calyrex|Protect\n|move|p2b: Zapdos|Hurricane|p1a: Calyrex\n|-activate|p1a: Calyrex|move: Protect\n|move|p2a: Calyrex|Astral Barrage|p1a: Calyrex|[spread] \n|-activate|p1a: Calyrex|move: Protect\n|-activate|p1b: Roaring Moon|move: Protect\n|\n|-weather|RainDance|[upkeep]\n|-sideend|p2: blackrenown|move: Tailwind\n|upkeep\n|turn|5\n|\n|t:|1746116358\n|move|p1b: Roaring Moon|Acrobatics|p2a: Calyrex\n|-damage|p2a: Calyrex|10/100\n|move|p1a: Calyrex|Disable|p2b: Zapdos\n|-start|p2b: Zapdos|Disable|Hurricane\n|cant|p2b: Zapdos|Disable|Hurricane\n|move|p2a: Calyrex|Astral Barrage|p1b: Roaring Moon|[spread] p1a,p1b\n|-resisted|p1a: Calyrex\n|-resisted|p1b: Roaring Moon\n|-damage|p1a: Calyrex|0 fnt\n|-damage|p1b: Roaring Moon|0 fnt\n|faint|p1a: Calyrex\n|faint|p1b: Roaring Moon\n|-end|p1b: Roaring Moon|Protosynthesis|[silent]\n|-ability|p2a: Calyrex|Grim Neigh|boost\n|-boost|p2a: Calyrex|spa|2\n|\n|-weather|RainDance|[upkeep]\n|-sideend|p1: J0nko_|move: Tailwind\n|upkeep\n|\n|t:|1746116368\n|switch|p1a: Kyogre|Kyogre, L50|100/100\n|switch|p1b: Urshifu|Urshifu-Rapid-Strike, L50, M|100/100\n|turn|6\n|\n|t:|1746116382\n|switch|p2b: Zamazenta|Zamazenta-Crowned, L50, shiny|100/100\n|-ability|p2b: Zamazenta|Dauntless Shield|boost\n|-boost|p2b: Zamazenta|def|1\n|move|p1b: Urshifu|Surging Strikes|p2a: Calyrex\n|-crit|p2a: Calyrex\n|-damage|p2a: Calyrex|0 fnt\n|faint|p2a: Calyrex\n|-hitcount|p2: Calyrex|1\n|move|p1a: Kyogre|Water Spout|p2b: Zamazenta\n|-damage|p2b: Zamazenta|0 fnt\n|faint|p2b: Zamazenta\n|\n|-weather|none\n|upkeep\n|\n|t:|1746116394\n|switch|p2b: Zapdos|Zapdos, L50|100/100\n|turn|7\n|\n|t:|1746116402\n|move|p2b: Zapdos|Thunder|p1b: Urshifu\n|-supereffective|p1b: Urshifu\n|-damage|p1b: Urshifu|0 fnt\n|faint|p1b: Urshifu\n|move|p1a: Kyogre|Ice Beam|p2b: Zapdos\n|-supereffective|p2b: Zapdos\n|-damage|p2b: Zapdos|19/100\n|\n|upkeep\n|turn|8\n|\n|t:|1746116407\n|move|p2b: Zapdos|Thunder|p1a: Kyogre\n|-supereffective|p1a: Kyogre\n|-damage|p1a: Kyogre|17/100\n|move|p1a: Kyogre|Ice Beam|p2b: Zapdos\n|-supereffective|p2b: Zapdos\n|-crit|p2b: Zapdos\n|-damage|p2b: Zapdos|0 fnt\n|faint|p2b: Zapdos\n|\n|win|J0nko_\n|raw|J0nko_'s rating: 1126 &rarr; <strong>1156</strong><br />(+30 for winning)\n|raw|blackrenown's rating: 1194 &rarr; <strong>1164</strong><br />(-30 for losing)\n|l|\u2606blackrenown\n|player|p2|\n|l|\u2606J0nko_\n|player|p1|\n", "uploadtime": 1746116737, "views": 28, "formatid": "gen9vgc2025regibo3", "rating": 1156, "private": 0, "password": null}