{"id": "gen9vgc2025regibo3-2354443526", "format": "[Gen 9] VGC 2025 Reg I (Bo3)", "players": ["TheParasectKing", "llsn"], "log": "|j|\u2606TheParasectKing\n|j|\u2606llsn\n|html|<table width=\"100%\"><tr><td align=\"left\">TheParasectKing</td><td align=\"right\">llsn</tr><tr><td align=\"left\"><i class=\"fa fa-circle-o\"></i> <i class=\"fa fa-circle-o\"></i> </td><td align=\"right\"><i class=\"fa fa-circle-o\"></i> <i class=\"fa fa-circle-o\"></i> </tr></table>\n|uhtml|bestof|<h2><strong>Game 1</strong> of <a href=\"/game-bestof3-gen9vgc2025regibo3-2354443525\">a best-of-3</a></h2>\n|t:|1746072424\n|gametype|doubles\n|player|p1|TheParasectKing|acetrainer-gen4dp|1156\n|player|p2|llsn|cynthia-gen4|1083\n|teamsize|p1|6\n|teamsize|p2|6\n|gen|9\n|tier|[Gen 9] VGC 2025 Reg I (Bo3)\n|rated|\n|rule|Species Clause: Limit one of each Pok\u00e9mon\n|rule|Item Clause: Limit 1 of each item\n|clearpoke\n|poke|p1|Koraidon, L50|\n|poke|p1|Tornadus, L50, M|\n|poke|p1|Flutter Mane, L50|\n|poke|p1|Zacian-*, L50|\n|poke|p1|Chi-Yu, L50|\n|poke|p1|Walking Wake, L50|\n|poke|p2|Calyrex-Ice, L50|\n|poke|p2|Lunala, L50|\n|poke|p2|Chi-Yu, L50|\n|poke|p2|Zoroark-Hisui, L50, F|\n|poke|p2|Rillaboom, L50, M|\n|poke|p2|Amoonguss, L50, F|\n|teampreview|4\n|showteam|p1|Koraidon||ClearAmulet|OrichalcumPulse|CloseCombat,FlareBlitz,FlameCharge,Protect||||||50|,,,,,Fire]Tornadus||CovertCloak|Prankster|Tailwind,BleakwindStorm,SunnyDay,Protect|||M|||50|,,,,,Dark]Flutter Mane||ChoiceSpecs|Protosynthesis|Moonblast,ShadowBall,DazzlingGleam,Thunderbolt||||||50|,,,,,Dark]Zacian-Crowned||RustedSword|IntrepidSword|behemothblade,PlayRough,SacredSword,Protect||||||50|,,,,,Water]Chi-Yu||FocusSash|BeadsofRuin|HeatWave,DarkPulse,Taunt,Protect||||||50|,,,,,Ghost]Walking Wake||ChoiceScarf|Protosynthesis|HydroSteam,DragonPulse,Snarl,FlipTurn||||||50|,,,,,Grass\n|showteam|p2|Calyrex-Ice||ClearAmulet|AsOneGlastrier|GlacialLance,Protect,StompingTantrum,TrickRoom||||||50|,,,,,Fire]Lunala||PowerHerb|ShadowShield|Tailwind,TrickRoom,Moonblast,MeteorBeam||||||50|,,,,,Fairy]Chi-Yu||LifeOrb|BeadsofRuin|HeatWave,DarkPulse,Psychic,Overheat||||||50|,,,,,Dark]Zoroark-Hisui||FocusSash|Illusion|Snarl,ShadowBall,Protect,WillOWisp|||F|||50|,,,,,Dark]Rillaboom||AssaultVest|GrassySurge|FakeOut,DrainPunch,GrassyGlide,WoodHammer|||M|||50|,,,,,Ghost]Amoonguss||RockyHelmet|Regenerator|Spore,PollenPuff,Protect,RagePowder|||F|||50|,,,,,Water\n|inactive|Battle timer is ON: inactive players will automatically lose when time's up. (requested by TheParasectKing)\n|inactive|llsn has 60 seconds left.\n|\n|t:|1746072459\n|start\n|switch|p1a: Flutter Mane|Flutter Mane, L50|100/100\n|switch|p1b: Chi-Yu|Chi-Yu, L50|100/100\n|switch|p2a: Calyrex|Calyrex-Ice, L50|100/100\n|switch|p2b: Lunala|Lunala, L50, shiny|100/100\n|-ability|p2a: Calyrex|As One\n|-ability|p2a: Calyrex|Unnerve\n|-ability|p1b: Chi-Yu|Beads of Ruin\n|turn|1\n|\n|t:|1746072482\n|-terastallize|p2a: Calyrex|Fire\n|move|p1a: Flutter Mane|Dazzling Gleam|p2b: Lunala|[spread] p2a,p2b\n|-resisted|p2a: Calyrex\n|-damage|p2a: Calyrex|80/100\n|-enditem|p2b: Lunala|Focus Sash\n|-damage|p2b: Lunala|1/100\n|replace|p2b: Zoroark|Zoroark-Hisui, L50, F\n|-end|p2b: Zoroark|Illusion\n|move|p2b: Zoroark|Shadow Ball|p1a: Flutter Mane\n|-supereffective|p1a: Flutter Mane\n|-damage|p1a: Flutter Mane|0 fnt\n|faint|p1a: Flutter Mane\n|-end|p1a: Flutter Mane|Protosynthesis|[silent]\n|move|p1b: Chi-Yu|Taunt|p2a: Calyrex\n|-start|p2a: Calyrex|move: Taunt\n|move|p2a: Calyrex|Stomping Tantrum|p1b: Chi-Yu\n|-supereffective|p1b: Chi-Yu\n|-damage|p1b: Chi-Yu|6/100\n|\n|upkeep\n|\n|t:|1746072506\n|switch|p1a: Koraidon|Koraidon, L50|100/100\n|-weather|SunnyDay|[from] ability: Orichalcum Pulse|[of] p1a: Koraidon\n|-activate|p1a: Koraidon|Orichalcum Pulse|[source]\n|turn|2\n|\n|t:|1746072513\n|switch|p2a: Lunala|Lunala, L50, shiny|100/100\n|move|p1a: Koraidon|Close Combat|p2a: Lunala\n|-immune|p2a: Lunala\n|move|p2b: Zoroark|Will-O-Wisp|p1a: Koraidon\n|-status|p1a: Koraidon|brn\n|move|p1b: Chi-Yu|Heat Wave|p2b: Zoroark|[spread] p2a\n|-miss|p1b: Chi-Yu|p2b: Zoroark\n|-damage|p2a: Lunala|80/100\n|\n|-weather|SunnyDay|[upkeep]\n|-damage|p1a: Koraidon|94/100 brn|[from] brn\n|upkeep\n|turn|3\n|inactive|TheParasectKing has 30 seconds left.\n|\n|t:|1746072547\n|-terastallize|p1a: Koraidon|Fire\n|move|p1a: Koraidon|Flare Blitz|p2a: Lunala\n|-damage|p2a: Lunala|32/100\n|-status|p2a: Lunala|brn\n|-damage|p1a: Koraidon|72/100 brn|[from] Recoil\n|move|p2b: Zoroark|Shadow Ball|p1b: Chi-Yu\n|-resisted|p1b: Chi-Yu\n|-damage|p1b: Chi-Yu|0 fnt\n|faint|p1b: Chi-Yu\n|move|p2a: Lunala|Moonblast|p1a: Koraidon\n|-resisted|p1a: Koraidon\n|-damage|p1a: Koraidon|57/100 brn\n|\n|-weather|SunnyDay|[upkeep]\n|-damage|p1a: Koraidon|50/100 brn|[from] brn\n|-damage|p2a: Lunala|26/100 brn|[from] brn\n|upkeep\n|\n|t:|1746072550\n|switch|p1b: Zacian|Zacian-Crowned, L50|100/100\n|-ability|p1b: Zacian|Intrepid Sword|boost\n|-boost|p1b: Zacian|atk|1\n|turn|4\n|\n|t:|1746072570\n|move|p1b: Zacian|Behemoth Blade|p2a: Lunala\n|-damage|p2a: Lunala|0 fnt\n|faint|p2a: Lunala\n|move|p1a: Koraidon|Flame Charge|p2b: Zoroark\n|-damage|p2b: Zoroark|0 fnt\n|-boost|p1a: Koraidon|spe|1\n|faint|p2b: Zoroark\n|\n|-weather|SunnyDay|[upkeep]\n|-damage|p1a: Koraidon|44/100 brn|[from] brn\n|upkeep\n|\n|t:|1746072574\n|switch|p2b: Chi-Yu|Chi-Yu, L50|100/100\n|switch|p2a: Calyrex|Calyrex-Ice, L50, tera:Fire|80/100\n|-ability|p2a: Calyrex|As One\n|-ability|p2a: Calyrex|Unnerve\n|-ability|p2b: Chi-Yu|Beads of Ruin\n|turn|5\n|inactive|TheParasectKing has 30 seconds left.\n|\n|t:|1746072605\n|move|p1a: Koraidon|Flare Blitz|p2a: Calyrex\n|-resisted|p2a: Calyrex\n|-damage|p2a: Calyrex|63/100\n|-damage|p1a: Koraidon|38/100 brn|[from] Recoil\n|move|p1b: Zacian|Sacred Sword|p2b: Chi-Yu\n|-supereffective|p2b: Chi-Yu\n|-damage|p2b: Chi-Yu|0 fnt\n|faint|p2b: Chi-Yu\n|move|p2a: Calyrex|Stomping Tantrum|p1a: Koraidon\n|-supereffective|p1a: Koraidon\n|-damage|p1a: Koraidon|0 fnt\n|faint|p1a: Koraidon\n|-ability|p2a: Calyrex|Chilling Neigh|boost\n|-boost|p2a: Calyrex|atk|1\n|\n|-weather|SunnyDay|[upkeep]\n|upkeep\n|turn|6\n|\n|t:|1746072616\n|move|p1b: Zacian|Sacred Sword|p2a: Calyrex\n|-damage|p2a: Calyrex|35/100\n|move|p2a: Calyrex|Stomping Tantrum|p1b: Zacian\n|-supereffective|p1b: Zacian\n|-damage|p1b: Zacian|20/100\n|\n|-weather|none\n|upkeep\n|turn|7\n|\n|t:|1746072625\n|move|p1b: Zacian|Behemoth Blade|p2a: Calyrex\n|-resisted|p2a: Calyrex\n|-crit|p2a: Calyrex\n|-damage|p2a: Calyrex|4/100\n|move|p2a: Calyrex|Stomping Tantrum|p1b: Zacian\n|-supereffective|p1b: Zacian\n|-damage|p1b: Zacian|0 fnt\n|faint|p1b: Zacian\n|\n|win|llsn\n||TheParasectKing is ready for game 2.\n||llsn is ready for game 2.\n|uhtml|next|Next: <a href=\"/battle-gen9vgc2025regibo3-2354444908\"><strong>Game 2 of 3</strong></a>\n|l|\u2606TheParasectKing\n|player|p1|\n|l|\u2606llsn\n|player|p2|\n", "uploadtime": 1746072629, "views": 14, "formatid": "gen9vgc2025regibo3", "rating": null, "private": 0, "password": null}