{"id": "gen9vgc2025regibo3-2353837821", "format": "[Gen 9] VGC 2025 Reg I (Bo3)", "players": ["Fraudgos", "PokemonmasterN2009"], "log": "|j|\u2606Fraudgos\n|j|\u2606PokemonmasterN2009\n|html|<table width=\"100%\"><tr><td align=\"left\">Fraudgos</td><td align=\"right\">PokemonmasterN2009</tr><tr><td align=\"left\"><i class=\"fa fa-circle-o\"></i> <i class=\"fa fa-circle-o\"></i> </td><td align=\"right\"><i class=\"fa fa-circle-o\"></i> <i class=\"fa fa-circle-o\"></i> </tr></table>\n|uhtml|bestof|<h2><strong>Game 1</strong> of <a href=\"/game-bestof3-gen9vgc2025regibo3-2353837820\">a best-of-3</a></h2>\n|t:|1746008220\n|gametype|doubles\n|player|p1|Fraudgos|leaf-masters|1364\n|player|p2|PokemonmasterN2009|steven|1362\n|teamsize|p1|6\n|teamsize|p2|6\n|gen|9\n|tier|[Gen 9] VGC 2025 Reg I (Bo3)\n|rated|\n|rule|Species Clause: Limit one of each Pok\u00e9mon\n|rule|Item Clause: Limit 1 of each item\n|clearpoke\n|poke|p1|Calyrex-Shadow, L50|\n|poke|p1|Koraidon, L50|\n|poke|p1|Chi-Yu, L50|\n|poke|p1|Raging Bolt, L50|\n|poke|p1|Brute Bonnet, L50|\n|poke|p1|Weezing-Galar, L50, F|\n|poke|p2|Calyrex-Ice, L50|\n|poke|p2|Smeargle, L50, M|\n|poke|p2|Kyogre, L50|\n|poke|p2|Farigiraf, L50, M|\n|poke|p2|Amoonguss, L50, M|\n|poke|p2|Alcremie, L50, F|\n|teampreview|4\n|showteam|p1|Calyrex-Shadow||LifeOrb|AsOneSpectrier|AstralBarrage,Psychic,NastyPlot,Protect||||||50|,,,,,Normal]Koraidon||AbilityShield|OrichalcumPulse|CollisionCourse,FlameCharge,FlareBlitz,Protect||||||50|,,,,,Fire]Chi-Yu||ChoiceScarf|BeadsofRuin|HeatWave,DarkPulse,Overheat,Snarl||||||50|,,,,,Ghost]Raging Bolt||AssaultVest|Protosynthesis|DracoMeteor,Thunderclap,Electroweb,VoltSwitch||||||50|,,,,,Fairy]Brute Bonnet||CovertCloak|Protosynthesis|SuckerPunch,SeedBomb,RagePowder,Spore||||||50|,,,,,Water]Weezing-Galar||SafetyGoggles|NeutralizingGas|DazzlingGleam,WillOWisp,Taunt,Protect|||F|||50|,,,,,Fire\n|showteam|p2|Calyrex-Ice||ClearAmulet|AsOneGlastrier|TrickRoom,GlacialLance,HighHorsepower,Protect||||||50|,,,,,Fire]Smeargle||FocusSash|OwnTempo|Spore,FollowMe,WideGuard,Decorate|||M|||50|,,,,,Grass]Kyogre||IronBall|Drizzle|WaterSpout,HydroPump,Thunder,IceBeam||||||50|,,,,,Grass]Farigiraf||ThroatSpray|ArmorTail|TrickRoom,HyperVoice,Roar,PsychicNoise|||M|||50|,,,,,Water]Amoonguss||MentalHerb|Regenerator|RagePowder,ClearSmog,Spore,PollenPuff|||M|||50|,,,,,Water]Alcremie||PowerLens|SweetVeil|Decorate,LightScreen,DazzlingGleam,Encore|||F|||50|,,,,,Steel\n|inactive|Battle timer is ON: inactive players will automatically lose when time's up. (requested by PokemonmasterN2009)\n|\n|t:|1746008243\n|start\n|switch|p1a: Koraidon|Koraidon, L50|100/100\n|switch|p1b: Weezing|Weezing-Galar, L50, F|100/100\n|switch|p2a: Smeargle|Smeargle, L50, M, shiny|100/100\n|switch|p2b: Calyrex|Calyrex-Ice, L50|100/100\n|-ability|p1b: Weezing|Neutralizing Gas\n|-block|p1a: Koraidon|item: Ability Shield\n|-ability|p2b: Calyrex|As One\n|-ability|p2b: Calyrex|Unnerve\n|-weather|SunnyDay|[from] ability: Orichalcum Pulse|[of] p1a: Koraidon\n|-activate|p1a: Koraidon|Orichalcum Pulse|[source]\n|turn|1\n|\n|t:|1746008262\n|move|p2a: Smeargle|Follow Me|p2a: Smeargle\n|-singleturn|p2a: Smeargle|move: Follow Me\n|move|p1a: Koraidon|Flare Blitz|p2a: Smeargle\n|-enditem|p2a: Smeargle|Focus Sash\n|-damage|p2a: Smeargle|1/100\n|-damage|p1a: Koraidon|72/100|[from] Recoil\n|move|p1b: Weezing|Taunt|p2a: Smeargle\n|-start|p2a: Smeargle|move: Taunt\n|move|p2b: Calyrex|Trick Room|p2b: Calyrex\n|-fieldstart|move: Trick Room|[of] p2b: Calyrex\n|\n|-weather|SunnyDay|[upkeep]\n|upkeep\n|turn|2\n|\n|t:|1746008277\n|-terastallize|p2b: Calyrex|Fire\n|move|p1a: Koraidon|Protect|p1a: Koraidon\n|-singleturn|p1a: Koraidon|Protect\n|-activate|p2a: Smeargle|move: Struggle\n|move|p2a: Smeargle|Struggle|p1a: Koraidon\n|-activate|p1a: Koraidon|move: Protect\n|move|p2b: Calyrex|High Horsepower|p1a: Koraidon\n|-activate|p1a: Koraidon|move: Protect\n|move|p1b: Weezing|Dazzling Gleam|p2a: Smeargle|[spread] p2a,p2b\n|-resisted|p2b: Calyrex\n|-damage|p2a: Smeargle|0 fnt\n|-damage|p2b: Calyrex|94/100\n|faint|p2a: Smeargle\n|\n|-weather|SunnyDay|[upkeep]\n|upkeep\n|\n|t:|1746008291\n|switch|p2a: Alcremie|Alcremie, L50, F|100/100\n|turn|3\n|\n|t:|1746008304\n|move|p2a: Alcremie|Encore|p1a: Koraidon\n|-start|p1a: Koraidon|Encore\n|move|p2b: Calyrex|Glacial Lance|p1a: Koraidon|[spread] p1a,p1b\n|-supereffective|p1a: Koraidon\n|-crit|p1a: Koraidon\n|-damage|p1a: Koraidon|0 fnt\n|-damage|p1b: Weezing|50/100\n|faint|p1a: Koraidon\n|-ability|p2b: Calyrex|Chilling Neigh|boost\n|-boost|p2b: Calyrex|atk|1\n|move|p1b: Weezing|Taunt|p2a: Alcremie\n|-start|p2a: Alcremie|move: Taunt\n|\n|-weather|SunnyDay|[upkeep]\n|upkeep\n|\n|t:|1746008308\n|switch|p1a: Brute Bonnet|Brute Bonnet, L50|100/100\n|turn|4\n|\n|t:|1746008313\n|-terastallize|p1a: Brute Bonnet|Water\n|move|p1b: Weezing|Protect|p1b: Weezing\n|-singleturn|p1b: Weezing|Protect\n|move|p2a: Alcremie|Dazzling Gleam|p1a: Brute Bonnet|[spread] p1a\n|-activate|p1b: Weezing|move: Protect\n|-damage|p1a: Brute Bonnet|83/100\n|move|p2b: Calyrex|Glacial Lance|p1b: Weezing|[spread] p1a\n|-activate|p1b: Weezing|move: Protect\n|-resisted|p1a: Brute Bonnet\n|-damage|p1a: Brute Bonnet|50/100\n|move|p1a: Brute Bonnet|Spore|p2b: Calyrex\n|-status|p2b: Calyrex|slp|[from] move: Spore\n|\n|-weather|SunnyDay|[upkeep]\n|upkeep\n|turn|5\n|\n|t:|1746008324\n|-end|p1a: Brute Bonnet|Protosynthesis|[silent]\n|switch|p1a: Chi-Yu|Chi-Yu, L50|100/100\n|move|p2a: Alcremie|Dazzling Gleam|p1b: Weezing|[spread] p1a,p1b\n|-resisted|p1b: Weezing\n|-damage|p1a: Chi-Yu|75/100\n|-damage|p1b: Weezing|38/100\n|cant|p2b: Calyrex|slp\n|move|p1b: Weezing|Dazzling Gleam|p2b: Calyrex|[spread] p2a,p2b\n|-resisted|p2b: Calyrex\n|-damage|p2a: Alcremie|85/100\n|-damage|p2b: Calyrex|88/100 slp\n|\n|-weather|none\n|-fieldend|move: Trick Room\n|upkeep\n|turn|6\n|\n|t:|1746008337\n|move|p1a: Chi-Yu|Dark Pulse|p2b: Calyrex\n|-damage|p2b: Calyrex|57/100 slp\n|move|p1b: Weezing|Taunt|p2b: Calyrex\n|-start|p2b: Calyrex|move: Taunt\n|move|p2a: Alcremie|Dazzling Gleam|p1b: Weezing|[spread] p1a,p1b\n|-resisted|p1b: Weezing\n|-damage|p1a: Chi-Yu|52/100\n|-damage|p1b: Weezing|27/100\n|cant|p2b: Calyrex|slp\n|\n|-end|p2a: Alcremie|move: Taunt\n|upkeep\n|turn|7\n|\n|t:|1746008348\n|-end|p1b: Weezing|ability: Neutralizing Gas\n|-ability|p1a: Chi-Yu|Beads of Ruin\n|switch|p1b: Brute Bonnet|Brute Bonnet, L50, tera:Water|50/100\n|move|p1a: Chi-Yu|Dark Pulse|p2b: Calyrex\n|-damage|p2b: Calyrex|12/100 slp\n|cant|p2b: Calyrex|slp\n|move|p2a: Alcremie|Light Screen|p2a: Alcremie\n|-sidestart|p2: PokemonmasterN2009|move: Light Screen\n|\n|upkeep\n|turn|8\n|\n|t:|1746008362\n|move|p1a: Chi-Yu|Dark Pulse|p2b: Calyrex\n|-damage|p2b: Calyrex|0 fnt\n|faint|p2b: Calyrex\n|move|p1b: Brute Bonnet|Seed Bomb|p2a: Alcremie\n|-damage|p2a: Alcremie|51/100\n|move|p2a: Alcremie|Dazzling Gleam|p1a: Chi-Yu|[spread] p1a,p1b\n|-crit|p1b: Brute Bonnet\n|-damage|p1a: Chi-Yu|24/100\n|-damage|p1b: Brute Bonnet|11/100\n|\n|upkeep\n|\n|t:|1746008365\n|switch|p2b: Kyogre|Kyogre, L50|100/100\n|-weather|RainDance|[from] ability: Drizzle|[of] p2b: Kyogre\n|turn|9\n|\n|t:|1746008377\n|move|p1a: Chi-Yu|Dark Pulse|p2b: Kyogre\n|-damage|p2b: Kyogre|73/100\n|move|p1b: Brute Bonnet|Spore|p2b: Kyogre\n|-block|p2b: Kyogre|ability: Sweet Veil|[of] p2a: Alcremie\n|move|p2b: Kyogre|Water Spout|p1b: Brute Bonnet|[spread] p1a,p1b\n|-supereffective|p1a: Chi-Yu\n|-resisted|p1b: Brute Bonnet\n|-damage|p1a: Chi-Yu|0 fnt\n|-damage|p1b: Brute Bonnet|0 fnt\n|faint|p1a: Chi-Yu\n|faint|p1b: Brute Bonnet\n|-end|p1b: Brute Bonnet|Protosynthesis|[silent]\n|move|p2a: Alcremie|Dazzling Gleam|p1: Chi-Yu|[notarget]\n|-fail|p2a: Alcremie\n|\n|-weather|RainDance|[upkeep]\n|upkeep\n|\n|t:|1746008383\n|switch|p1b: Weezing|Weezing-Galar, L50, F|27/100\n|-ability|p1b: Weezing|Neutralizing Gas\n|turn|10\n|-message|Fraudgos forfeited.\n|\n|win|PokemonmasterN2009\n|l|\u2606Fraudgos\n|player|p1|\n||Fraudgos is ready for game 2.\n||PokemonmasterN2009 is ready for game 2.\n|uhtml|next|Next: <a href=\"/battle-gen9vgc2025regibo3-2353838938\"><strong>Game 2 of 3</strong></a>\n|l|\u2606PokemonmasterN2009\n|player|p2|\n|j|\u2606PokemonmasterN2009\n|player|p2|PokemonmasterN2009|steven|\n|l|\u2606PokemonmasterN2009\n|player|p2|\n", "uploadtime": 1746008757, "views": 6, "formatid": "gen9vgc2025regibo3", "rating": null, "private": 0, "password": null}