{"id": "gen9vgc2025regibo3-2353874053", "format": "[Gen 9] VGC 2025 Reg I (Bo3)", "players": ["G00bermeister69420", "I will get you"], "log": "|j|\u2606G00bermeister69420\n|j|\u2606I will get you\n|html|<table width=\"100%\"><tr><td align=\"left\">G00bermeister69420</td><td align=\"right\">I will get you</tr><tr><td align=\"left\"><i class=\"fa fa-circle-o\"></i> <i class=\"fa fa-circle-o\"></i> </td><td align=\"right\"><i class=\"fa fa-circle-o\"></i> <i class=\"fa fa-circle-o\"></i> </tr></table>\n|uhtml|bestof|<h2><strong>Game 1</strong> of <a href=\"/game-bestof3-gen9vgc2025regibo3-2353874051\">a best-of-3</a></h2>\n|t:|1746013433\n|gametype|doubles\n|player|p1|G00bermeister69420|hiker-gen4|1070\n|player|p2|I will get you|2|1237\n|teamsize|p1|6\n|teamsize|p2|6\n|gen|9\n|tier|[Gen 9] VGC 2025 Reg I (Bo3)\n|rated|\n|rule|Species Clause: Limit one of each Pok\u00e9mon\n|rule|Item Clause: Limit 1 of each item\n|clearpoke\n|poke|p1|Regidrago, L50|\n|poke|p1|Zacian-*, L50|\n|poke|p1|Calyrex-Ice, L50|\n|poke|p1|Ogerpon-Cornerstone, L50, F|\n|poke|p1|Chandelure, L50, M|\n|poke|p1|Ursaluna, L50, F|\n|poke|p2|Calyrex-Shadow, L50|\n|poke|p2|Zamazenta-*, L50|\n|poke|p2|Rillaboom, L50, M|\n|poke|p2|Incineroar, L50, F|\n|poke|p2|Urshifu-*, L50, M|\n|poke|p2|Tornadus, L50, M|\n|teampreview|4\n|showteam|p1|Regidrago||IronBall|DragonsMaw|DragonEnergy,EarthPower,BreakingSwipe,Protect||||||50|,,,,,Dragon]Zacian-Crowned||RustedSword|IntrepidSword|behemothblade,PlayRough,SacredSword,Protect||||||50|,,,,,Fighting]Calyrex-Ice||PowerLens|AsOneGlastrier|GlacialLance,HealPulse,CloseCombat,TrickRoom||||||50|,,,,,Water]Ogerpon-Cornerstone||CornerstoneMask|Sturdy|SpikyShield,Taunt,FollowMe,IvyCudgel|||F|||50|,,,,,Rock]Chandelure||FocusSash|Infiltrator|TrickRoom,Flamethrower,ShadowBall,WillOWisp|||M|||50|,,,,,Ghost]Ursaluna||FlameOrb|Guts|Facade,BrickBreak,Protect,HeadlongRush|||F|||50|,,,,,Fighting\n|showteam|p2|Calyrex-Shadow||FocusSash|AsOneSpectrier|AstralBarrage,Psychic,NastyPlot,Protect||||||50|,,,,,Normal]Zamazenta-Crowned||RustedShield|DauntlessShield|BodyPress,HeavySlam,WideGuard,Protect||||||50|,,,,,Dragon]Rillaboom||AssaultVest|GrassySurge|WoodHammer,GrassyGlide,Uturn,FakeOut|||M|||50|,,,,,Fire]Incineroar||SafetyGoggles|Intimidate|FakeOut,KnockOff,WillOWisp,PartingShot|||F|||50|,,,,,Bug]Urshifu-Rapid-Strike||MysticWater|UnseenFist|SurgingStrikes,Taunt,AquaJet,Detect|||M|||50|,,,,,Water]Tornadus||RockyHelmet|Prankster|BleakwindStorm,Tailwind,RainDance,Protect|||M|||50|,,,,,Dark\n|\n|t:|1746013468\n|start\n|switch|p1a: Timmy|Ogerpon-Cornerstone, L50, F|100/100\n|switch|p1b: We are the pub|Calyrex-Ice, L50|100/100\n|switch|p2a: Calyrex|Calyrex-Shadow, L50|100/100\n|switch|p2b: Tornadus|Tornadus, L50, M|100/100\n|-ability|p2a: Calyrex|As One\n|-ability|p2a: Calyrex|Unnerve\n|-ability|p1b: We are the pub|As One\n|-ability|p1b: We are the pub|Unnerve\n|turn|1\n|\n|t:|1746013480\n|-terastallize|p2b: Tornadus|Dark\n|-terastallize|p1b: We are the pub|Water\n|move|p1a: Timmy|Follow Me|p1a: Timmy\n|-singleturn|p1a: Timmy|move: Follow Me\n|move|p2a: Calyrex|Astral Barrage|p1a: Timmy|[spread] p1a,p1b\n|-damage|p1a: Timmy|36/100\n|-damage|p1b: We are the pub|62/100\n|move|p2b: Tornadus|Bleakwind Storm|p1a: Timmy|[spread] p1a,p1b\n|-damage|p1a: Timmy|1/100\n|-damage|p1b: We are the pub|42/100\n|move|p1b: We are the pub|Trick Room|p1b: We are the pub\n|-fieldstart|move: Trick Room|[of] p1b: We are the pub\n|\n|upkeep\n|turn|2\n|\n|t:|1746013506\n|switch|p2b: Zamazenta|Zamazenta-Crowned, L50|100/100\n|-ability|p2b: Zamazenta|Dauntless Shield|boost\n|-boost|p2b: Zamazenta|def|1\n|move|p2a: Calyrex|Protect|p2a: Calyrex\n|-singleturn|p2a: Calyrex|Protect\n|move|p1b: We are the pub|Glacial Lance|p2b: Zamazenta|[spread] p2b\n|-activate|p2a: Calyrex|move: Protect\n|-resisted|p2b: Zamazenta\n|-damage|p2b: Zamazenta|89/100\n|move|p1a: Timmy|Taunt|p2b: Zamazenta\n|-start|p2b: Zamazenta|move: Taunt\n|\n|upkeep\n|turn|3\n|\n|t:|1746013522\n|switch|p2a: Incineroar|Incineroar, L50, F|100/100\n|-ability|p2a: Incineroar|Intimidate|boost\n|-unboost|p1a: Timmy|atk|1\n|-unboost|p1b: We are the pub|atk|1\n|move|p1b: We are the pub|Close Combat|p2b: Zamazenta\n|-supereffective|p2b: Zamazenta\n|-damage|p2b: Zamazenta|57/100\n|-unboost|p1b: We are the pub|def|1\n|-unboost|p1b: We are the pub|spd|1\n|move|p1a: Timmy|Ivy Cudgel|p2b: Zamazenta|[anim] Ivy Cudgel Rock\n|-resisted|p2b: Zamazenta\n|-crit|p2b: Zamazenta\n|-damage|p2b: Zamazenta|43/100\n|move|p2b: Zamazenta|Body Press|p1b: We are the pub\n|-damage|p1b: We are the pub|0 fnt\n|faint|p1b: We are the pub\n|\n|upkeep\n|\n|t:|1746013540\n|switch|p1b: Chandelure|Chandelure, L50, M|100/100\n|turn|4\n|\n|t:|1746013550\n|switch|p2b: Tornadus|Tornadus, L50, M, tera:Dark|100/100\n|move|p1a: Timmy|Follow Me|p1a: Timmy\n|-singleturn|p1a: Timmy|move: Follow Me\n|move|p1b: Chandelure|Flamethrower|p2b: Tornadus\n|-damage|p2b: Tornadus|39/100\n|-status|p2b: Tornadus|brn\n|move|p2a: Incineroar|Knock Off|p1a: Timmy\n|-crit|p1a: Timmy\n|-damage|p1a: Timmy|0 fnt\n|faint|p1a: Timmy\n|\n|-damage|p2b: Tornadus|33/100 brn|[from] brn\n|upkeep\n|\n|t:|1746013560\n|switch|p1a: Ginshakaklook|Regidrago, L50|100/100\n|turn|5\n|\n|t:|1746013566\n|move|p2b: Tornadus|Protect|p2b: Tornadus\n|-singleturn|p2b: Tornadus|Protect\n|move|p1a: Ginshakaklook|Dragon Energy|p2a: Incineroar|[spread] p2a\n|-activate|p2b: Tornadus|move: Protect\n|-damage|p2a: Incineroar|25/100\n|move|p1b: Chandelure|Will-O-Wisp|p2a: Incineroar\n|-immune|p2a: Incineroar\n|move|p2a: Incineroar|Knock Off|p1b: Chandelure\n|-supereffective|p1b: Chandelure\n|-damage|p1b: Chandelure|3/100\n|-enditem|p1b: Chandelure|Focus Sash|[from] move: Knock Off|[of] p2a: Incineroar\n|\n|-damage|p2b: Tornadus|27/100 brn|[from] brn\n|-fieldend|move: Trick Room\n|upkeep\n|turn|6\n|\n|t:|1746013582\n|move|p2b: Tornadus|Bleakwind Storm|p1a: Ginshakaklook|[spread] p1a,p1b\n|-damage|p1a: Ginshakaklook|66/100\n|-damage|p1b: Chandelure|0 fnt\n|faint|p1b: Chandelure\n|move|p2a: Incineroar|Knock Off|p1a: Ginshakaklook\n|-damage|p1a: Ginshakaklook|29/100\n|-enditem|p1a: Ginshakaklook|Iron Ball|[from] move: Knock Off|[of] p2a: Incineroar\n|move|p1a: Ginshakaklook|Dragon Energy|p2a: Incineroar|[spread] p2a,p2b\n|-damage|p2a: Incineroar|4/100\n|-damage|p2b: Tornadus|2/100 brn\n|\n|-damage|p2b: Tornadus|0 fnt|[from] brn\n|faint|p2b: Tornadus\n|upkeep\n|\n|t:|1746013587\n|switch|p2b: Calyrex|Calyrex-Shadow, L50|100/100\n|-ability|p2b: Calyrex|As One\n|-ability|p2b: Calyrex|Unnerve\n|turn|7\n|l|\u2606G00bermeister69420\n|player|p1|\n|inactive|Battle timer is ON: inactive players will automatically lose when time's up. (requested by I will get you)\n|j|\u2606G00bermeister69420\n|inactive|G00bermeister69420 reconnected and has 75 seconds left.\n|player|p1|G00bermeister69420|hiker-gen4|\n|\n|t:|1746013645\n|move|p2b: Calyrex|Astral Barrage|p1a: Ginshakaklook\n|-damage|p1a: Ginshakaklook|0 fnt\n|faint|p1a: Ginshakaklook\n|\n|win|I will get you\n||I will get you is ready for game 2.\n||G00bermeister69420 is ready for game 2.\n|uhtml|next|Next: <a href=\"/battle-gen9vgc2025regibo3-2353875752\"><strong>Game 2 of 3</strong></a>\n|l|\u2606G00bermeister69420\n|player|p1|\n|j|\u2606G00bermeister69420\n|player|p1|G00bermeister69420|hiker-gen4|\n", "uploadtime": 1746014031, "views": 17, "formatid": "gen9vgc2025regibo3", "rating": null, "private": 0, "password": null}