{"id": "gen9vgc2025regibo3-2354669232", "format": "[Gen 9] VGC 2025 Reg I (Bo3)", "players": ["aduominem0269", "Loopylew999"], "log": "|j|\u2606aduominem0269\n|j|\u2606Loopylew999\n|html|<table width=\"100%\"><tr><td align=\"left\">aduominem0269</td><td align=\"right\">Loopylew999</tr><tr><td align=\"left\"><i class=\"fa fa-circle\"></i> <i class=\"fa fa-circle-o\"></i> </td><td align=\"right\"><i class=\"fa fa-circle-o\"></i> <i class=\"fa fa-circle-o\"></i> </tr></table>\n|uhtml|bestof|<h2><strong>Game 2</strong> of <a href=\"/game-bestof3-gen9vgc2025regibo3-2354664528\">a best-of-3</a></h2>\n|t:|1746109019\n|gametype|doubles\n|player|p1|aduominem0269|1|1010\n|player|p2|Loopylew999|nate|1029\n|teamsize|p1|6\n|teamsize|p2|6\n|gen|9\n|tier|[Gen 9] VGC 2025 Reg I (Bo3)\n|rated|\n|rule|Species Clause: Limit one of each Pok\u00e9mon\n|rule|Item Clause: Limit 1 of each item\n|clearpoke\n|poke|p1|Rillaboom, L50, F|\n|poke|p1|Amoonguss, L50, M|\n|poke|p1|Incineroar, L50, F|\n|poke|p1|Calyrex-Ice, L50|\n|poke|p1|Zamazenta-*, L50|\n|poke|p1|Wo-Chien, L50|\n|poke|p2|Calyrex-Shadow, L50|\n|poke|p2|Gholdengo, L50|\n|poke|p2|Annihilape, L50, F|\n|poke|p2|Maushold-Four, L50|\n|poke|p2|Incineroar, L50, F|\n|poke|p2|Miraidon, L50|\n|teampreview|4\n|showteam|p1|Rillaboom||AssaultVest|GrassySurge|GrassyGlide,Uturn,FakeOut,DrumBeating|||F|||50|,,,,,Grass]Amoonguss||RockyHelmet|Regenerator|Spore,Protect,SludgeBomb,PollenPuff|||M|||50|,,,,,Grass]Incineroar||Leftovers|Intimidate|FakeOut,PartingShot,Protect,FlareBlitz|||F|||50|,,,,,Fire]Calyrex-Ice||BlackBelt|AsOneGlastrier|TrickRoom,GlacialLance,BodyPress,Protect||||||50|,,,,,Fighting]Zamazenta-Crowned||RustedShield|DauntlessShield|Protect,BodyPress,IronDefense,Substitute||||||50|,,,,,Fighting]Wo-Chien||SitrusBerry|TabletsofRuin|LeechSeed,PollenPuff,Protect,Substitute||||||50|,,,,,Dark\n|showteam|p2|Calyrex-Shadow||LifeOrb|AsOneSpectrier|AstralBarrage,DrainingKiss,CalmMind,Psyshock||||||50|,,,,,Fairy]Gholdengo||ChoiceSpecs|GoodasGold|MakeItRain,ShadowBall,Trick,DazzlingGleam||||||50|,,,,,Steel]Annihilape||Leftovers|Defiant|PoisonJab,CloseCombat,RageFist,FirePunch|||F|||50|,,,,,Fire]Maushold-Four||WideLens|FriendGuard|BeatUp,FollowMe,PopulationBomb,Protect||||||50|,,,,,Ghost]Incineroar||RockyHelmet|Intimidate|FakeOut,DarkestLariat,FlareBlitz,PartingShot|||F|||50|,,,,,Ghost]Miraidon||ExpertBelt|HadronEngine|ElectroDrift,DazzlingGleam,DracoMeteor,Overheat||||||50|,,,,,Fairy\n|inactive|Battle timer is ON: inactive players will automatically lose when time's up. (requested by Loopylew999)\n|inactive|aduominem0269 has 60 seconds left.\n|inactive|Loopylew999 has 60 seconds left.\n|\n|t:|1746109057\n|start\n|switch|p1a: Rillaboom|Rillaboom, L50, F, shiny|100/100\n|switch|p1b: Zamazenta|Zamazenta-Crowned, L50|100/100\n|switch|p2a: Maushold|Maushold-Four, L50|100/100\n|switch|p2b: Annihilape|Annihilape, L50, F|100/100\n|-ability|p1b: Zamazenta|Dauntless Shield|boost\n|-boost|p1b: Zamazenta|def|1\n|-fieldstart|move: Grassy Terrain|[from] ability: Grassy Surge|[of] p1a: Rillaboom\n|turn|1\n|\n|t:|1746109077\n|move|p1a: Rillaboom|Fake Out|p2a: Maushold\n|-damage|p2a: Maushold|81/100\n|move|p1b: Zamazenta|Iron Defense|p1b: Zamazenta\n|-boost|p1b: Zamazenta|def|2\n|cant|p2a: Maushold|flinch\n|move|p2b: Annihilape|Rage Fist|p1b: Zamazenta\n|-damage|p1b: Zamazenta|93/100\n|\n|-heal|p1b: Zamazenta|99/100|[from] Grassy Terrain\n|-heal|p2a: Maushold|87/100|[from] Grassy Terrain\n|upkeep\n|turn|2\n|\n|t:|1746109095\n|move|p2a: Maushold|Protect|p2a: Maushold\n|-singleturn|p2a: Maushold|Protect\n|move|p1b: Zamazenta|Iron Defense|p1b: Zamazenta\n|-boost|p1b: Zamazenta|def|2\n|move|p2b: Annihilape|Fire Punch|p1b: Zamazenta\n|-supereffective|p1b: Zamazenta\n|-damage|p1b: Zamazenta|90/100\n|move|p1a: Rillaboom|Drum Beating|p2b: Annihilape\n|-damage|p2b: Annihilape|53/100\n|-unboost|p2b: Annihilape|spe|1\n|-ability|p2b: Annihilape|Defiant|boost\n|-boost|p2b: Annihilape|atk|2\n|\n|-heal|p1b: Zamazenta|96/100|[from] Grassy Terrain\n|-heal|p2a: Maushold|93/100|[from] Grassy Terrain\n|-heal|p2b: Annihilape|59/100|[from] Grassy Terrain\n|-heal|p2b: Annihilape|65/100|[from] item: Leftovers\n|upkeep\n|turn|3\n|inactive|aduominem0269 has 30 seconds left.\n|inactive|Loopylew999 has 30 seconds left.\n|\n|t:|1746109125\n|move|p1b: Zamazenta|Body Press|p2a: Maushold\n|-supereffective|p2a: Maushold\n|-damage|p2a: Maushold|0 fnt\n|faint|p2a: Maushold\n|move|p1a: Rillaboom|Drum Beating|p2b: Annihilape\n|-damage|p2b: Annihilape|2/100\n|-unboost|p2b: Annihilape|spe|1\n|-ability|p2b: Annihilape|Defiant|boost\n|-boost|p2b: Annihilape|atk|2\n|move|p2b: Annihilape|Rage Fist|p1b: Zamazenta\n|-damage|p1b: Zamazenta|51/100\n|\n|-heal|p1b: Zamazenta|57/100|[from] Grassy Terrain\n|-heal|p2b: Annihilape|8/100|[from] Grassy Terrain\n|-heal|p2b: Annihilape|13/100|[from] item: Leftovers\n|upkeep\n|inactive|Loopylew999 has 30 seconds left.\n|inactive|Loopylew999 has 20 seconds left.\n|\n|t:|1746109161\n|switch|p2a: Calyrex|Calyrex-Shadow, L50|100/100\n|-ability|p2a: Calyrex|As One\n|-ability|p2a: Calyrex|Unnerve\n|turn|4\n|\n|t:|1746109180\n|move|p1b: Zamazenta|Protect|p1b: Zamazenta\n|-singleturn|p1b: Zamazenta|Protect\n|move|p1a: Rillaboom|Grassy Glide|p2b: Annihilape\n|-damage|p2b: Annihilape|0 fnt\n|faint|p2b: Annihilape\n|move|p2a: Calyrex|Astral Barrage|p1b: Zamazenta|[spread] p1a\n|-activate|p1b: Zamazenta|move: Protect\n|-damage|p1a: Rillaboom|36/100\n|-damage|p2a: Calyrex|91/100|[from] item: Life Orb\n|\n|-heal|p2a: Calyrex|96/100|[from] Grassy Terrain\n|-heal|p1b: Zamazenta|63/100|[from] Grassy Terrain\n|-heal|p1a: Rillaboom|42/100|[from] Grassy Terrain\n|upkeep\n|\n|t:|1746109188\n|switch|p2b: Miraidon|Miraidon, L50|100/100\n|-fieldstart|move: Electric Terrain|[from] ability: Hadron Engine|[of] p2b: Miraidon\n|turn|5\n|\n|t:|1746109208\n|-terastallize|p2a: Calyrex|Fairy\n|move|p2a: Calyrex|Astral Barrage|p1b: Zamazenta|[spread] p1a,p1b\n|-damage|p1a: Rillaboom|0 fnt\n|-damage|p1b: Zamazenta|11/100\n|faint|p1a: Rillaboom\n|-ability|p2a: Calyrex|Grim Neigh|boost\n|-boost|p2a: Calyrex|spa|1\n|-damage|p2a: Calyrex|87/100|[from] item: Life Orb\n|move|p2b: Miraidon|Dazzling Gleam|p1b: Zamazenta\n|-damage|p1b: Zamazenta|0 fnt\n|faint|p1b: Zamazenta\n|\n|upkeep\n|\n|t:|1746109216\n|switch|p1b: Calyrex|Calyrex-Ice, L50|100/100\n|switch|p1a: Wo-Chien|Wo-Chien, L50|100/100\n|-ability|p1b: Calyrex|As One\n|-ability|p1b: Calyrex|Unnerve\n|-ability|p1a: Wo-Chien|Tablets of Ruin\n|turn|6\n|\n|t:|1746109230\n|move|p2a: Calyrex|Astral Barrage|p1a: Wo-Chien|[spread] p1a,p1b\n|-resisted|p1a: Wo-Chien\n|-supereffective|p1b: Calyrex\n|-damage|p1a: Wo-Chien|73/100\n|-damage|p1b: Calyrex|0 fnt\n|faint|p1b: Calyrex\n|-ability|p2a: Calyrex|Grim Neigh|boost\n|-boost|p2a: Calyrex|spa|1\n|-damage|p2a: Calyrex|77/100|[from] item: Life Orb\n|move|p2b: Miraidon|Overheat|p1a: Wo-Chien\n|-supereffective|p1a: Wo-Chien\n|-damage|p1a: Wo-Chien|0 fnt\n|-unboost|p2b: Miraidon|spa|2\n|faint|p1a: Wo-Chien\n|\n|win|Loopylew999\n|l|\u2606aduominem0269\n|player|p1|\n||Loopylew999 is ready for game 3.\n||aduominem0269 is ready for game 3.\n|uhtml|next|Next: <a href=\"/battle-gen9vgc2025regibo3-2354671434\"><strong>Game 3 of 3</strong></a>\n|l|\u2606Loopylew999\n|player|p2|\n", "uploadtime": 1746109498, "views": 11, "formatid": "gen9vgc2025regibo3", "rating": null, "private": 0, "password": null}