{"id": "gen9vgc2025regibo3-2354898043", "format": "[Gen 9] VGC 2025 Reg I (Bo3)", "players": ["MangoFurret", "noice_cue_crew30"], "log": "|j|\u2606MangoFurret\n|j|\u2606noice_cue_crew30\n|html|<table width=\"100%\"><tr><td align=\"left\">MangoFurret</td><td align=\"right\">noice_cue_crew30</tr><tr><td align=\"left\"><i class=\"fa fa-circle-o\"></i> <i class=\"fa fa-circle-o\"></i> </td><td align=\"right\"><i class=\"fa fa-circle-o\"></i> <i class=\"fa fa-circle-o\"></i> </tr></table>\n|uhtml|bestof|<h2><strong>Game 1</strong> of <a href=\"/game-bestof3-gen9vgc2025regibo3-2354898042\">a best-of-3</a></h2>\n|t:|1746129658\n|gametype|doubles\n|player|p1|MangoFurret|unknown|1321\n|player|p2|noice_cue_crew30|101|1393\n|teamsize|p1|6\n|teamsize|p2|6\n|gen|9\n|tier|[Gen 9] VGC 2025 Reg I (Bo3)\n|rated|\n|rule|Species Clause: Limit one of each Pok\u00e9mon\n|rule|Item Clause: Limit 1 of each item\n|clearpoke\n|poke|p1|Kyogre, L50|\n|poke|p1|Zamazenta-*, L50|\n|poke|p1|Amoonguss, L50, F|\n|poke|p1|Chien-Pao, L50|\n|poke|p1|Urshifu-*, L50, M|\n|poke|p1|Roaring Moon, L50|\n|poke|p2|Zamazenta-*, L50|\n|poke|p2|Miraidon, L50|\n|poke|p2|Volcarona, L50, M|\n|poke|p2|Grimmsnarl, L50, M|\n|poke|p2|Chien-Pao, L50|\n|poke|p2|Iron Hands, L50|\n|teampreview|4\n|showteam|p1|Kyogre||MysticWater|Drizzle|WaterSpout,HydroPump,IceBeam,Protect||||||50|,,,,,Grass]Zamazenta-Crowned||RustedShield|DauntlessShield|behemothbash,BodyPress,WideGuard,Protect||||||50|,,,,,Grass]Amoonguss||RockyHelmet|Regenerator|RagePowder,Spore,SludgeBomb,Protect|||F|||50|,,,,,Fairy]Chien-Pao||FocusSash|SwordofRuin|IceSpinner,SuckerPunch,ThroatChop,Protect||||||50|,,,,,Ghost]Urshifu-Rapid-Strike||ChoiceScarf|UnseenFist|SurgingStrikes,CloseCombat,Uturn,Coaching|||M|||50|,,,,,Ghost]Roaring Moon||BoosterEnergy|Protosynthesis|KnockOff,Acrobatics,Tailwind,Protect||||||50|,,,,,Flying\n|showteam|p2|Zamazenta-Crowned||RustedShield|DauntlessShield|HeavySlam,BodyPress,WideGuard,Protect||||||50|,,,,,Dragon]Miraidon||ChoiceSpecs|HadronEngine|ElectroDrift,VoltSwitch,DracoMeteor,DazzlingGleam||||||50|,,,,,Fairy]Volcarona||Leftovers|FlameBody|FieryDance,GigaDrain,QuiverDance,Protect|||M|||50|,,,,,Grass]Grimmsnarl||LightClay|Prankster|Reflect,LightScreen,ThunderWave,FoulPlay|||M|||50|,,,,,Ghost]Chien-Pao||FocusSash|SwordofRuin|IcicleCrash,SuckerPunch,ThroatChop,Protect||||||50|,,,,,Stellar]Iron Hands||AssaultVest|QuarkDrive|FakeOut,WildCharge,LowKick,DrainPunch||||||50|,,,,,Bug\n|\n|t:|1746129699\n|start\n|switch|p1a: Impostor|Amoonguss, L50, F|100/100\n|switch|p1b: Storm|Roaring Moon, L50|100/100\n|switch|p2a: Miraidon|Miraidon, L50|100/100\n|switch|p2b: Grimmsnarl|Grimmsnarl, L50, M|100/100\n|-fieldstart|move: Electric Terrain|[from] ability: Hadron Engine|[of] p2a: Miraidon\n|-enditem|p1b: Storm|Booster Energy\n|-activate|p1b: Storm|ability: Protosynthesis|[fromitem]\n|-start|p1b: Storm|protosynthesisspe\n|turn|1\n|\n|t:|1746129730\n|move|p2b: Grimmsnarl|Reflect|p2b: Grimmsnarl\n|-sidestart|p2: noice_cue_crew30|Reflect\n|move|p1b: Storm|Knock Off|p2a: Miraidon\n|-damage|p2a: Miraidon|72/100\n|-enditem|p2a: Miraidon|Choice Specs|[from] move: Knock Off|[of] p1b: Storm\n|move|p2a: Miraidon|Dazzling Gleam|p1b: Storm|[spread] p1a,p1b\n|-resisted|p1a: Impostor\n|-supereffective|p1b: Storm\n|-damage|p1a: Impostor|88/100\n|-damage|p1b: Storm|0 fnt\n|faint|p1b: Storm\n|-end|p1b: Storm|Protosynthesis|[silent]\n|move|p1a: Impostor|Sludge Bomb|p2b: Grimmsnarl\n|-supereffective|p2b: Grimmsnarl\n|-damage|p2b: Grimmsnarl|46/100\n|\n|upkeep\n|\n|t:|1746129743\n|switch|p1b: Ilgattopardo|Chien-Pao, L50|100/100\n|-ability|p1b: Ilgattopardo|Sword of Ruin\n|turn|2\n|\n|t:|1746129753\n|switch|p2a: Iron Hands|Iron Hands, L50|100/100\n|-activate|p2a: Iron Hands|ability: Quark Drive\n|-start|p2a: Iron Hands|quarkdriveatk\n|switch|p2b: Zamazenta|Zamazenta-Crowned, L50|100/100\n|-ability|p2b: Zamazenta|Dauntless Shield|boost\n|-boost|p2b: Zamazenta|def|1\n|move|p1b: Ilgattopardo|Ice Spinner|p2a: Iron Hands\n|-damage|p2a: Iron Hands|75/100\n|-fieldend|move: Electric Terrain\n|-end|p2a: Iron Hands|Quark Drive\n|move|p1a: Impostor|Sludge Bomb|p2a: Iron Hands\n|-damage|p2a: Iron Hands|62/100\n|\n|upkeep\n|turn|3\n|\n|t:|1746129776\n|move|p1b: Ilgattopardo|Protect|p1b: Ilgattopardo\n|-singleturn|p1b: Ilgattopardo|Protect\n|move|p1a: Impostor|Protect|p1a: Impostor\n|-singleturn|p1a: Impostor|Protect\n|move|p2a: Iron Hands|Fake Out|p1a: Impostor\n|-activate|p1a: Impostor|move: Protect\n|move|p2b: Zamazenta|Heavy Slam|p1a: Impostor\n|-activate|p1a: Impostor|move: Protect\n|\n|upkeep\n|turn|4\n|\n|t:|1746129800\n|move|p1b: Ilgattopardo|Ice Spinner|p2a: Iron Hands\n|-damage|p2a: Iron Hands|39/100\n|move|p2b: Zamazenta|Heavy Slam|p1b: Ilgattopardo\n|-supereffective|p1b: Ilgattopardo\n|-enditem|p1b: Ilgattopardo|Focus Sash\n|-damage|p1b: Ilgattopardo|1/100\n|move|p2a: Iron Hands|Wild Charge|p1b: Ilgattopardo\n|-damage|p1b: Ilgattopardo|0 fnt\n|faint|p1b: Ilgattopardo\n|-damage|p2a: Iron Hands|38/100|[from] Recoil\n|move|p1a: Impostor|Spore|p2b: Zamazenta\n|-status|p2b: Zamazenta|slp|[from] move: Spore\n|\n|upkeep\n|\n|t:|1746129813\n|switch|p1b: BigFish|Kyogre, L50|100/100\n|-weather|RainDance|[from] ability: Drizzle|[of] p1b: BigFish\n|turn|5\n|inactive|Battle timer is ON: inactive players will automatically lose when time's up. (requested by noice_cue_crew30)\n|\n|t:|1746129838\n|-terastallize|p2b: Zamazenta|Dragon\n|cant|p2b: Zamazenta|slp\n|move|p1b: BigFish|Water Spout|p2b: Zamazenta|[spread] p2a,p2b\n|-resisted|p2b: Zamazenta\n|-damage|p2a: Iron Hands|0 fnt\n|-damage|p2b: Zamazenta|49/100 slp\n|faint|p2a: Iron Hands\n|-end|p2a: Iron Hands|Quark Drive|[silent]\n|move|p1a: Impostor|Sludge Bomb|p2b: Zamazenta\n|-damage|p2b: Zamazenta|28/100 slp\n|\n|-weather|RainDance|[upkeep]\n|upkeep\n|\n|t:|1746129848\n|switch|p2a: Miraidon|Miraidon, L50|72/100\n|-fieldstart|move: Electric Terrain|[from] ability: Hadron Engine|[of] p2a: Miraidon\n|turn|6\n|inactive|MangoFurret has 30 seconds left.\n|inactive|MangoFurret has 20 seconds left.\n|inactive|MangoFurret has 15 seconds left.\n|\n|t:|1746129891\n|move|p1a: Impostor|Rage Powder|p1a: Impostor\n|-singleturn|p1a: Impostor|move: Rage Powder\n|move|p2a: Miraidon|Draco Meteor|p1a: Impostor\n|-damage|p1a: Impostor|15/100\n|-unboost|p2a: Miraidon|spa|2\n|-curestatus|p2b: Zamazenta|slp|[msg]\n|move|p2b: Zamazenta|Body Press|p1a: Impostor\n|-resisted|p1a: Impostor\n|-damage|p1a: Impostor|0 fnt\n|-damage|p2b: Zamazenta|12/100|[from] item: Rocky Helmet|[of] p1a: Impostor\n|faint|p1a: Impostor\n|move|p1b: BigFish|Water Spout|p2a: Miraidon|[spread] p2a,p2b\n|-resisted|p2a: Miraidon\n|-resisted|p2b: Zamazenta\n|-damage|p2a: Miraidon|18/100\n|-damage|p2b: Zamazenta|0 fnt\n|faint|p2b: Zamazenta\n|\n|-weather|RainDance|[upkeep]\n|upkeep\n|\n|t:|1746129900\n|switch|p2b: Grimmsnarl|Grimmsnarl, L50, M|46/100\n|turn|7\n|\n|t:|1746129923\n|-terastallize|p1b: BigFish|Grass\n|move|p2b: Grimmsnarl|Thunder Wave|p1b: BigFish\n|-status|p1b: BigFish|par\n|move|p2a: Miraidon|Draco Meteor|p1b: BigFish\n|-damage|p1b: BigFish|69/100 par\n|-unboost|p2a: Miraidon|spa|2\n|move|p1b: BigFish|Water Spout|p2a: Miraidon|[spread] p2a,p2b\n|-resisted|p2a: Miraidon\n|-damage|p2a: Miraidon|0 fnt\n|-damage|p2b: Grimmsnarl|0 fnt\n|faint|p2a: Miraidon\n|faint|p2b: Grimmsnarl\n|\n|win|MangoFurret\n||noice_cue_crew30 is ready for game 2.\n|inactive|MangoFurret has 30 seconds to confirm battle start!\n||MangoFurret is ready for game 2.\n|uhtml|next|Next: <a href=\"/battle-gen9vgc2025regibo3-2354900910\"><strong>Game 2 of 3</strong></a>\n|l|\u2606noice_cue_crew30\n|player|p2|\n", "uploadtime": 1746130257, "views": 6, "formatid": "gen9vgc2025regibo3", "rating": null, "private": 0, "password": null}