{"id": "gen9vgc2025regibo3-2353940051", "format": "[Gen 9] VGC 2025 Reg I (Bo3)", "players": ["soul_slayer_10293", "TrinaTina"], "log": "|j|\u2606soul_slayer_10293\n|j|\u2606TrinaTina\n|html|<table width=\"100%\"><tr><td align=\"left\">soul_slayer_10293</td><td align=\"right\">TrinaTina</tr><tr><td align=\"left\"><i class=\"fa fa-circle-o\"></i> <i class=\"fa fa-circle-o\"></i> </td><td align=\"right\"><i class=\"fa fa-circle-o\"></i> <i class=\"fa fa-circle-o\"></i> </tr></table>\n|uhtml|bestof|<h2><strong>Game 1</strong> of <a href=\"/game-bestof3-gen9vgc2025regibo3-2353940050\">a best-of-3</a></h2>\n|t:|1746020925\n|gametype|doubles\n|player|p1|soul_slayer_10293|erika|1064\n|player|p2|TrinaTina|ghetsis-gen5bw|1000\n|teamsize|p1|6\n|teamsize|p2|6\n|gen|9\n|tier|[Gen 9] VGC 2025 Reg I (Bo3)\n|rated|\n|rule|Species Clause: Limit one of each Pok\u00e9mon\n|rule|Item Clause: Limit 1 of each item\n|clearpoke\n|poke|p1|Zacian-*, L50|\n|poke|p1|Kyogre, L50|\n|poke|p1|Urshifu-*, L50, F|\n|poke|p1|Indeedee-F, L50, F|\n|poke|p1|Tornadus, L50, M|\n|poke|p1|Ditto, L50|\n|poke|p2|Zamazenta-*, L50|\n|poke|p2|Urshifu-*, L50, M|\n|poke|p2|Rillaboom, L50, M|\n|poke|p2|Incineroar, L50, M|\n|poke|p2|Giratina, L50|\n|poke|p2|Grimmsnarl, L50, M|\n|teampreview|4\n|showteam|p1|Zacian-Crowned||RustedSword|IntrepidSword|behemothblade,PlayRough,Substitute,Protect||||||50|,,,,,Dragon]Kyogre||AssaultVest|Drizzle|WaterSpout,OriginPulse,IceBeam,Thunder||||||50|,,,,,Grass]Urshifu-Rapid-Strike||ChoiceScarf|UnseenFist|SurgingStrikes,CloseCombat,Uturn,AquaJet|||F|||50|,,,,,Water]Indeedee-F||RockyHelmet|PsychicSurge|Psychic,FollowMe,HelpingHand,TrickRoom|||F|||50|,,,,,Grass]Tornadus||CovertCloak|Prankster|BleakwindStorm,Tailwind,RainDance,Protect|||M|||50|,,,,,Dark]Ditto||FocusSash|Imposter|Transform||||||50|,,,,,Ghost\n|showteam|p2|Zamazenta-Crowned||RustedShield|DauntlessShield|Protect,behemothbash,BodyPress,WideGuard||||||50|,,,,,Dragon]Urshifu-Rapid-Strike||MysticWater|UnseenFist|Detect,SurgingStrikes,CloseCombat,Taunt|||M|||50|,,,,,Water]Rillaboom||AssaultVest|GrassySurge|WoodHammer,GrassyGlide,FakeOut,Uturn|||M|||50|,,,,,Fire]Incineroar||SafetyGoggles|Intimidate|FlareBlitz,Taunt,FakeOut,PartingShot|||M|||50|,,,,,Water]Giratina||Leftovers|Pressure|Protect,ShadowBall,DragonPulse,CalmMind||||||50|,,,,,Fairy]Grimmsnarl||LightClay|Prankster|FoulPlay,Reflect,LightScreen,ThunderWave|||M|||50|,,,,,Ghost\n|inactive|Battle timer is ON: inactive players will automatically lose when time's up. (requested by TrinaTina)\n|inactive|soul_slayer_10293 has 60 seconds left.\n|\n|t:|1746020991\n|start\n|switch|p1a: Urshifu|Urshifu-Rapid-Strike, L50, F|100/100\n|switch|p1b: Kyogre|Kyogre, L50|100/100\n|switch|p2a: Zamazenta|Zamazenta-Crowned, L50|100/100\n|switch|p2b: Grimmsnarl|Grimmsnarl, L50, M, shiny|100/100\n|-ability|p2a: Zamazenta|Dauntless Shield|boost\n|-boost|p2a: Zamazenta|def|1\n|-weather|RainDance|[from] ability: Drizzle|[of] p1b: Kyogre\n|turn|1\n|inactive|soul_slayer_10293 has 30 seconds left.\n|inactive|soul_slayer_10293 has 20 seconds left.\n|\n|t:|1746021030\n|switch|p1b: Ditto|Ditto, L50|100/100\n|-transform|p1b: Ditto|p2a: Zamazenta|[from] ability: Imposter\n|-ability|p1b: Ditto|Dauntless Shield|boost\n|-boost|p1b: Ditto|def|1\n|-terastallize|p1a: Urshifu|Water\n|-terastallize|p2a: Zamazenta|Dragon\n|move|p2b: Grimmsnarl|Light Screen|p2b: Grimmsnarl\n|-sidestart|p2: TrinaTina|move: Light Screen\n|move|p1a: Urshifu|Surging Strikes|p2a: Zamazenta\n|-resisted|p2a: Zamazenta\n|-crit|p2a: Zamazenta\n|-damage|p2a: Zamazenta|85/100\n|-resisted|p2a: Zamazenta\n|-crit|p2a: Zamazenta\n|-damage|p2a: Zamazenta|70/100\n|-resisted|p2a: Zamazenta\n|-crit|p2a: Zamazenta\n|-damage|p2a: Zamazenta|55/100\n|-hitcount|p2a: Zamazenta|3\n|move|p2a: Zamazenta|Body Press|p1b: Ditto\n|-supereffective|p1b: Ditto\n|-damage|p1b: Ditto|54/100\n|\n|-weather|RainDance|[upkeep]\n|upkeep\n|turn|2\n|inactive|soul_slayer_10293 has 30 seconds left.\n|inactive|TrinaTina has 30 seconds left.\n|inactive|soul_slayer_10293 has 20 seconds left.\n|inactive|soul_slayer_10293 has 15 seconds left.\n|inactive|soul_slayer_10293 has 10 seconds left.\n|\n|t:|1746021079\n|move|p1b: Ditto|Protect|p1b: Ditto\n|-singleturn|p1b: Ditto|Protect\n|move|p2b: Grimmsnarl|Reflect|p2b: Grimmsnarl\n|-sidestart|p2: TrinaTina|Reflect\n|move|p1a: Urshifu|Surging Strikes|p2a: Zamazenta\n|-resisted|p2a: Zamazenta\n|-crit|p2a: Zamazenta\n|-damage|p2a: Zamazenta|41/100\n|-resisted|p2a: Zamazenta\n|-crit|p2a: Zamazenta\n|-damage|p2a: Zamazenta|26/100\n|-resisted|p2a: Zamazenta\n|-crit|p2a: Zamazenta\n|-damage|p2a: Zamazenta|12/100\n|-hitcount|p2a: Zamazenta|3\n|move|p2a: Zamazenta|Body Press|p1a: Urshifu\n|-damage|p1a: Urshifu|35/100\n|\n|-weather|RainDance|[upkeep]\n|upkeep\n|turn|3\n|\n|t:|1746021099\n|move|p2b: Grimmsnarl|Thunder Wave|p1a: Urshifu\n|-status|p1a: Urshifu|par\n|move|p1b: Ditto|Behemoth Bash|p2a: Zamazenta\n|-damage|p2a: Zamazenta|0 fnt\n|faint|p2a: Zamazenta\n|move|p1a: Urshifu|Surging Strikes|p2b: Grimmsnarl\n|-crit|p2b: Grimmsnarl\n|-damage|p2b: Grimmsnarl|56/100\n|-crit|p2b: Grimmsnarl\n|-damage|p2b: Grimmsnarl|10/100\n|-crit|p2b: Grimmsnarl\n|-damage|p2b: Grimmsnarl|0 fnt\n|faint|p2b: Grimmsnarl\n|-hitcount|p2: Grimmsnarl|3\n|\n|-weather|RainDance|[upkeep]\n|upkeep\n|\n|t:|1746021106\n|switch|p2a: Giratina|Giratina, L50, shiny|100/100\n|switch|p2b: Rillaboom|Rillaboom, L50, M|100/100\n|-ability|p2a: Giratina|Pressure\n|-fieldstart|move: Grassy Terrain|[from] ability: Grassy Surge|[of] p2b: Rillaboom\n|turn|4\n|inactive|soul_slayer_10293 has 30 seconds left.\n|\n|t:|1746021138\n|move|p2b: Rillaboom|Fake Out|p1b: Ditto\n|-resisted|p1b: Ditto\n|-damage|p1b: Ditto|51/100\n|cant|p1b: Ditto|flinch\n|move|p1a: Urshifu|Surging Strikes|p2a: Giratina\n|-resisted|p2a: Giratina\n|-crit|p2a: Giratina\n|-damage|p2a: Giratina|89/100\n|-resisted|p2a: Giratina\n|-crit|p2a: Giratina\n|-damage|p2a: Giratina|77/100\n|-resisted|p2a: Giratina\n|-crit|p2a: Giratina\n|-damage|p2a: Giratina|65/100\n|-hitcount|p2a: Giratina|3\n|move|p2a: Giratina|Calm Mind|p2a: Giratina\n|-boost|p2a: Giratina|spa|1\n|-boost|p2a: Giratina|spd|1\n|\n|-weather|RainDance|[upkeep]\n|-heal|p1b: Ditto|57/100|[from] Grassy Terrain\n|-heal|p1a: Urshifu|41/100 par|[from] Grassy Terrain\n|-heal|p2a: Giratina|72/100|[from] Grassy Terrain\n|-heal|p2a: Giratina|78/100|[from] item: Leftovers\n|upkeep\n|turn|5\n|\n|t:|1746021161\n|move|p2b: Rillaboom|Grassy Glide|p1a: Urshifu\n|-supereffective|p1a: Urshifu\n|-damage|p1a: Urshifu|0 fnt\n|faint|p1a: Urshifu\n|move|p1b: Ditto|Behemoth Bash|p2a: Giratina\n|-damage|p2a: Giratina|64/100\n|move|p2a: Giratina|Calm Mind|p2a: Giratina\n|-boost|p2a: Giratina|spa|1\n|-boost|p2a: Giratina|spd|1\n|\n|-weather|none\n|-heal|p1b: Ditto|63/100|[from] Grassy Terrain\n|-heal|p2a: Giratina|71/100|[from] Grassy Terrain\n|-heal|p2a: Giratina|77/100|[from] item: Leftovers\n|upkeep\n|\n|t:|1746021170\n|switch|p1a: Indeedee|Indeedee-F, L50, F|100/100\n|-fieldstart|move: Psychic Terrain|[from] ability: Psychic Surge|[of] p1a: Indeedee\n|turn|6\n|\n|t:|1746021193\n|move|p1a: Indeedee|Helping Hand|p1b: Ditto\n|-singleturn|p1b: Ditto|Helping Hand|[of] p1a: Indeedee\n|move|p1b: Ditto|Behemoth Bash|p2a: Giratina\n|-damage|p2a: Giratina|57/100\n|move|p2a: Giratina|Dragon Pulse|p1a: Indeedee\n|-damage|p1a: Indeedee|39/100\n|move|p2b: Rillaboom|U-turn|p1a: Indeedee\n|-supereffective|p1a: Indeedee\n|-damage|p1a: Indeedee|0 fnt\n|-damage|p2b: Rillaboom|84/100|[from] item: Rocky Helmet|[of] p1a: Indeedee\n|faint|p1a: Indeedee\n|\n|-heal|p2a: Giratina|63/100|[from] item: Leftovers\n|upkeep\n|\n|t:|1746021203\n|switch|p1a: Kyogre|Kyogre, L50|100/100\n|-weather|RainDance|[from] ability: Drizzle|[of] p1a: Kyogre\n|turn|7\n|\n|t:|1746021214\n|move|p1b: Ditto|Body Press|p2b: Rillaboom\n|-damage|p2b: Rillaboom|31/100\n|move|p1a: Kyogre|Ice Beam|p2b: Rillaboom\n|-supereffective|p2b: Rillaboom\n|-damage|p2b: Rillaboom|2/100\n|move|p2a: Giratina|Shadow Ball|p1b: Ditto\n|-damage|p1b: Ditto|8/100\n|move|p2b: Rillaboom|Wood Hammer|p1a: Kyogre\n|-supereffective|p1a: Kyogre\n|-crit|p1a: Kyogre\n|-damage|p1a: Kyogre|0 fnt\n|faint|p1a: Kyogre\n|-damage|p2b: Rillaboom|0 fnt|[from] Recoil\n|faint|p2b: Rillaboom\n|\n|-weather|RainDance|[upkeep]\n|-heal|p2a: Giratina|69/100|[from] item: Leftovers\n|upkeep\n|turn|8\n|\n|t:|1746021226\n|move|p1b: Ditto|Body Press|p2a: Giratina\n|-immune|p2a: Giratina\n|move|p2a: Giratina|Shadow Ball|p1b: Ditto\n|-damage|p1b: Ditto|0 fnt\n|faint|p1b: Ditto\n|\n|win|TrinaTina\n||TrinaTina is ready for game 2.\n||soul_slayer_10293 is ready for game 2.\n|uhtml|next|Next: <a href=\"/battle-gen9vgc2025regibo3-2353943142\"><strong>Game 2 of 3</strong></a>\n", "uploadtime": 1746021231, "views": 12, "formatid": "gen9vgc2025regibo3", "rating": null, "private": 0, "password": null}