{"id": "gen9vgc2025regibo3-2353747220", "format": "[Gen 9] VGC 2025 Reg I (Bo3)", "players": ["Cedric Bonnaville", "Hal8"], "log": "|j|\u2606Cedric Bonnaville\n|j|\u2606Hal8\n|html|<table width=\"100%\"><tr><td align=\"left\">Cedric Bonnaville</td><td align=\"right\">Hal8</tr><tr><td align=\"left\"><i class=\"fa fa-circle\"></i> <i class=\"fa fa-circle-o\"></i> </td><td align=\"right\"><i class=\"fa fa-circle-o\"></i> <i class=\"fa fa-circle-o\"></i> </tr></table>\n|uhtml|bestof|<h2><strong>Game 2</strong> of <a href=\"/game-bestof3-gen9vgc2025regibo3-2353745547\">a best-of-3</a></h2>\n|t:|1745993044\n|gametype|doubles\n|player|p1|Cedric Bonnaville|hilbert-wonderlauncher|1134\n|player|p2|Hal8|1|1054\n|teamsize|p1|6\n|teamsize|p2|6\n|gen|9\n|tier|[Gen 9] VGC 2025 Reg I (Bo3)\n|rated|\n|rule|Species Clause: Limit one of each Pok\u00e9mon\n|rule|Item Clause: Limit 1 of each item\n|clearpoke\n|poke|p1|Incineroar, L50, F|\n|poke|p1|Miraidon, L50|\n|poke|p1|Farigiraf, L50, M|\n|poke|p1|Urshifu-*, L50, F|\n|poke|p1|Kyogre, L50|\n|poke|p1|Rillaboom, L50, M|\n|poke|p2|Zamazenta-*, L50|\n|poke|p2|Calyrex-Shadow, L50|\n|poke|p2|Indeedee-F, L50, F|\n|poke|p2|Urshifu-*, L50, F|\n|poke|p2|Tornadus, L50, M|\n|poke|p2|Gholdengo, L50|\n|teampreview|4\n|showteam|p1|Incineroar||SitrusBerry|Intimidate|FakeOut,KnockOff,PartingShot,FlareBlitz|||F|||50|,,,,,Ghost]Miraidon||LifeOrb|HadronEngine|ElectroDrift,DazzlingGleam,VoltSwitch,Protect||||||50|,,,,,Fairy]Farigiraf||ThroatSpray|ArmorTail|Protect,TrickRoom,Psychic,HyperVoice|||M|||50|,,,,,Fairy]Urshifu-Rapid-Strike||FocusSash|UnseenFist|Detect,SurgingStrikes,CloseCombat,AquaJet|||F|||50|,,,,,Stellar]Kyogre||Leftovers|Drizzle|WaterSpout,OriginPulse,IceBeam,Thunder||||||50|,,,,,Water]Rillaboom||AssaultVest|GrassySurge|FakeOut,GrassyGlide,WoodHammer,Uturn|||M|||50|,,,,,Grass\n|showteam|p2|Zamazenta-Crowned||RustedShield|DauntlessShield|BodyPress,HeavySlam,WideGuard,IronDefense||||||50|,,,,,Dragon]Calyrex-Shadow||FocusSash|AsOneSpectrier|AstralBarrage,ExpandingForce,DrainingKiss,Protect||||||50|,,,,,Fairy]Indeedee-F||PsychicSeed|PsychicSurge|FollowMe,Protect,HelpingHand,DazzlingGleam|||F|||50|,,,,,Fairy]Urshifu||ChoiceBand|UnseenFist|WickedBlow,Uturn,CloseCombat,PoisonJab|||F|||50|,,,,,Poison]Tornadus||MentalHerb|Prankster|Taunt,Tailwind,Protect,BleakwindStorm|||M|||50|,,,,,Dark]Gholdengo||ChoiceSpecs|GoodasGold|Trick,ShadowBall,MakeItRain,DazzlingGleam||||||50|,,,,,Fairy\n|c|\u2606Hal8|gg\n|c|\u2606Cedric Bonnaville|glhf\n|c|\u2606Hal8|glhf\n|inactive|Battle timer is ON: inactive players will automatically lose when time's up. (requested by Hal8)\n|\n|t:|1745993073\n|start\n|switch|p1a: Incineroar|Incineroar, L50, F|100/100\n|switch|p1b: Farigiraf|Farigiraf, L50, M|100/100\n|switch|p2a: Urshifu|Urshifu, L50, F|100/100\n|switch|p2b: Gholdengo|Gholdengo, L50|100/100\n|-ability|p1a: Incineroar|Intimidate|boost\n|-unboost|p2a: Urshifu|atk|1\n|-unboost|p2b: Gholdengo|atk|1\n|turn|1\n|\n|t:|1745993097\n|move|p1a: Incineroar|Fake Out|p2a: Urshifu\n|-damage|p2a: Urshifu|87/100\n|cant|p2a: Urshifu|flinch\n|move|p2b: Gholdengo|Trick|p1a: Incineroar\n|-activate|p2b: Gholdengo|move: Trick|[of] p1a: Incineroar\n|-item|p1a: Incineroar|Choice Specs|[from] move: Trick\n|-item|p2b: Gholdengo|Sitrus Berry|[from] move: Trick\n|move|p1b: Farigiraf|Trick Room|p1b: Farigiraf\n|-fieldstart|move: Trick Room|[of] p1b: Farigiraf\n|\n|upkeep\n|turn|2\n|\n|t:|1745993116\n|switch|p1a: Kyogre|Kyogre, L50|100/100\n|-weather|RainDance|[from] ability: Drizzle|[of] p1a: Kyogre\n|move|p1b: Farigiraf|Hyper Voice|p2b: Gholdengo|[spread] p2a\n|-immune|p2b: Gholdengo\n|-crit|p2a: Urshifu\n|-damage|p2a: Urshifu|29/100\n|-enditem|p1b: Farigiraf|Throat Spray\n|-boost|p1b: Farigiraf|spa|1|[from] item: Throat Spray\n|move|p2b: Gholdengo|Dazzling Gleam|p1b: Farigiraf|[spread] p1a,p1b\n|-damage|p1a: Kyogre|87/100\n|-damage|p1b: Farigiraf|86/100\n|move|p2a: Urshifu|U-turn|p1b: Farigiraf\n|-supereffective|p1b: Farigiraf\n|-damage|p1b: Farigiraf|37/100\n|\n|t:|1745993131\n|switch|p2a: Zamazenta|Zamazenta-Crowned, L50|100/100|[from] U-turn\n|-ability|p2a: Zamazenta|Dauntless Shield|boost\n|-boost|p2a: Zamazenta|def|1\n|\n|-weather|RainDance|[upkeep]\n|-heal|p1a: Kyogre|93/100|[from] item: Leftovers\n|upkeep\n|turn|3\n|\n|t:|1745993155\n|switch|p1b: Miraidon|Miraidon, L50|100/100\n|-fieldstart|move: Electric Terrain|[from] ability: Hadron Engine|[of] p1b: Miraidon\n|move|p2a: Zamazenta|Wide Guard|p2a: Zamazenta\n|-singleturn|p2a: Zamazenta|Wide Guard\n|move|p1a: Kyogre|Thunder|p2a: Zamazenta\n|-damage|p2a: Zamazenta|58/100\n|move|p2b: Gholdengo|Shadow Ball|p1a: Kyogre\n|-damage|p1a: Kyogre|64/100\n|-unboost|p1a: Kyogre|spd|1\n|\n|-weather|RainDance|[upkeep]\n|-heal|p1a: Kyogre|70/100|[from] item: Leftovers\n|upkeep\n|turn|4\n|inactive|Cedric Bonnaville has 30 seconds left.\n|inactive|Hal8 has 30 seconds left.\n|\n|t:|1745993187\n|-terastallize|p2b: Gholdengo|Fairy\n|move|p2a: Zamazenta|Wide Guard|p2a: Zamazenta\n|-singleturn|p2a: Zamazenta|Wide Guard\n|move|p1a: Kyogre|Thunder|p2a: Zamazenta\n|-damage|p2a: Zamazenta|8/100\n|move|p2b: Gholdengo|Dazzling Gleam|p1b: Miraidon|[spread] p1a,p1b\n|-supereffective|p1b: Miraidon\n|-damage|p1a: Kyogre|36/100\n|-damage|p1b: Miraidon|44/100\n|move|p1b: Miraidon|Volt Switch|p2a: Zamazenta\n|-damage|p2a: Zamazenta|0 fnt\n|faint|p2a: Zamazenta\n|-damage|p1b: Miraidon|35/100|[from] item: Life Orb\n|\n|t:|1745993201\n|switch|p1b: Incineroar|Incineroar, L50, F|100/100|[from] Volt Switch\n|-ability|p1b: Incineroar|Intimidate|boost\n|-unboost|p2b: Gholdengo|atk|1\n|\n|-weather|RainDance|[upkeep]\n|-heal|p1a: Kyogre|42/100|[from] item: Leftovers\n|upkeep\n|\n|t:|1745993212\n|switch|p2a: Calyrex|Calyrex-Shadow, L50|100/100\n|-ability|p2a: Calyrex|As One\n|-ability|p2a: Calyrex|Unnerve\n|turn|5\n|\n|t:|1745993227\n|move|p2a: Calyrex|Protect|p2a: Calyrex\n|-singleturn|p2a: Calyrex|Protect\n|move|p1b: Incineroar|Knock Off|p2a: Calyrex\n|-activate|p2a: Calyrex|move: Protect\n|move|p1a: Kyogre|Thunder|p2b: Gholdengo\n|-damage|p2b: Gholdengo|30/100\n|-enditem|p2b: Gholdengo|Sitrus Berry|[eat]\n|-heal|p2b: Gholdengo|55/100|[from] item: Sitrus Berry\n|move|p2b: Gholdengo|Dazzling Gleam|p1b: Incineroar|[spread] p1a,p1b\n|-damage|p1a: Kyogre|13/100\n|-damage|p1b: Incineroar|67/100\n|\n|-weather|RainDance|[upkeep]\n|-heal|p1a: Kyogre|18/100|[from] item: Leftovers\n|-fieldend|move: Trick Room\n|upkeep\n|turn|6\n|inactive|Cedric Bonnaville has 30 seconds left.\n|inactive|Hal8 has 30 seconds left.\n|\n|t:|1745993259\n|switch|p1a: Farigiraf|Farigiraf, L50, M|37/100\n|move|p2a: Calyrex|Astral Barrage|p1b: Incineroar|[spread] p1b\n|-immune|p1a: Farigiraf\n|-resisted|p1b: Incineroar\n|-crit|p1b: Incineroar\n|-damage|p1b: Incineroar|28/100\n|move|p2b: Gholdengo|Shadow Ball|p1b: Incineroar\n|-resisted|p1b: Incineroar\n|-damage|p1b: Incineroar|9/100\n|move|p1b: Incineroar|Knock Off|p2a: Calyrex\n|-supereffective|p2a: Calyrex\n|-enditem|p2a: Calyrex|Focus Sash\n|-damage|p2a: Calyrex|1/100\n|\n|-weather|none\n|upkeep\n|turn|7\n|inactive|Cedric Bonnaville has 30 seconds left.\n|inactive|Hal8 has 30 seconds left.\n|inactive|Cedric Bonnaville has 20 seconds left.\n|\n|t:|1745993296\n|move|p2a: Calyrex|Draining Kiss|p1a: Farigiraf\n|-damage|p1a: Farigiraf|22/100\n|-heal|p2a: Calyrex|16/100|[from] drain|[of] p1a: Farigiraf\n|move|p2b: Gholdengo|Make It Rain|p1a: Farigiraf|[spread] p1a,p1b\n|-resisted|p1b: Incineroar\n|-damage|p1a: Farigiraf|0 fnt\n|-damage|p1b: Incineroar|0 fnt\n|-unboost|p2b: Gholdengo|spa|1\n|faint|p1a: Farigiraf\n|faint|p1b: Incineroar\n|\n|-fieldend|move: Electric Terrain\n|upkeep\n|\n|t:|1745993307\n|switch|p1a: Miraidon|Miraidon, L50|35/100\n|switch|p1b: Kyogre|Kyogre, L50|18/100\n|-fieldstart|move: Electric Terrain|[from] ability: Hadron Engine|[of] p1a: Miraidon\n|-weather|RainDance|[from] ability: Drizzle|[of] p1b: Kyogre\n|turn|8\n|inactive|Cedric Bonnaville has 30 seconds left.\n|\n|t:|1745993341\n|move|p2a: Calyrex|Astral Barrage|p1b: Kyogre|[spread] p1a,p1b\n|-damage|p1a: Miraidon|0 fnt\n|-damage|p1b: Kyogre|0 fnt\n|faint|p1a: Miraidon\n|faint|p1b: Kyogre\n|\n|win|Hal8\n|c|\u2606Cedric Bonnaville|gg\n||Cedric Bonnaville is ready for game 3.\n||Hal8 is ready for game 3.\n|uhtml|next|Next: <a href=\"/battle-gen9vgc2025regibo3-2353748863\"><strong>Game 3 of 3</strong></a>\n|l|\u2606Cedric Bonnaville\n|player|p1|\n|l|\u2606Hal8\n|player|p2|\n", "uploadtime": 1745993671, "views": 6, "formatid": "gen9vgc2025regibo3", "rating": null, "private": 0, "password": null}