{"id": "gen9vgc2025regibo3-2354149514", "format": "[Gen 9] VGC 2025 Reg I (Bo3)", "players": ["Ome Henk", "Pakaan64"], "log": "|j|\u2606Ome Henk\n|j|\u2606Pakaan64\n|html|<table width=\"100%\"><tr><td align=\"left\">Ome Henk</td><td align=\"right\">Pakaan64</tr><tr><td align=\"left\"><i class=\"fa fa-circle-o\"></i> <i class=\"fa fa-circle-o\"></i> </td><td align=\"right\"><i class=\"fa fa-circle-o\"></i> <i class=\"fa fa-circle\"></i> </tr></table>\n|uhtml|bestof|<h2><strong>Game 2</strong> of <a href=\"/game-bestof3-gen9vgc2025regibo3-2354140194\">a best-of-3</a></h2>\n|t:|1746039131\n|gametype|doubles\n|player|p1|Ome Henk|pokemonrangerf-gen6xy|\n|player|p2|Pakaan64|koga|\n|teamsize|p1|6\n|teamsize|p2|6\n|gen|9\n|tier|[Gen 9] VGC 2025 Reg I (Bo3)\n|rule|Species Clause: Limit one of each Pok\u00e9mon\n|rule|Item Clause: Limit 1 of each item\n|clearpoke\n|poke|p1|Zamazenta-*, L50|\n|poke|p1|Koraidon, L50|\n|poke|p1|Incineroar, L50, M|\n|poke|p1|Chien-Pao, L50|\n|poke|p1|Rillaboom, L50, M|\n|poke|p1|Whimsicott, L50, F|\n|poke|p2|Kyogre, L50|\n|poke|p2|Rillaboom, L50, M|\n|poke|p2|Zacian-*, L50|\n|poke|p2|Tornadus, L50, M|\n|poke|p2|Ogerpon-Wellspring, L50, F|\n|poke|p2|Incineroar, L50, F|\n|teampreview|4\n|showteam|p1|Zamazenta-Crowned||RustedShield|DauntlessShield|BodyPress,WideGuard,HeavySlam,Protect||||||50|,,,,,Poison]Koraidon||ClearAmulet|OrichalcumPulse|FlameCharge,FlareBlitz,CollisionCourse,Protect||||||50|,,,,,Fire]Incineroar||RockyHelmet|Intimidate|FakeOut,PartingShot,KnockOff,WillOWisp|||M|||50|,,,,,Ghost]Chien-Pao||FocusSash|SwordofRuin|IceSpinner,SuckerPunch,SacredSword,Protect||||||50|,,,,,Ghost]Rillaboom||AssaultVest|GrassySurge|GrassyGlide,FakeOut,WoodHammer,Uturn|||M|||50|,,,,,Fire]Whimsicott||CovertCloak|Prankster|Tailwind,Moonblast,Encore,HelpingHand|||F|||50|,,,,,Dark\n|showteam|p2|Kyogre||Leftovers|Drizzle|CalmMind,Protect,WaterSpout,IceBeam||||||50|,,,,,Poison]Rillaboom||AssaultVest|GrassySurge|GrassyGlide,WoodHammer,Uturn,FakeOut|||M|||50|,,,,,Grass]Zacian-Crowned||RustedSword|IntrepidSword|SwordsDance,Protect,PlayRough,behemothblade||||||50|,,,,,Grass]Tornadus||CovertCloak|Prankster|Tailwind,BleakwindStorm,Taunt,RainDance|||M|||50|,,,,,Dark]Ogerpon-Wellspring||WellspringMask|WaterAbsorb|GrassyGlide,SpikyShield,IvyCudgel,FollowMe|||F|||50|,,,,,Water]Incineroar||SafetyGoggles|Intimidate|PartingShot,FakeOut,WillOWisp,KnockOff|||F|||50|,,,,,Dragon\n|inactive|Battle timer is ON: inactive players will automatically lose when time's up. (requested by Pakaan64)\n|inactiveoff|Battle timer is now OFF.\n|j| Majene\n|c|\u2606Pakaan64|Wat was er\n|c|\u2606Pakaan64|?\n|\n|t:|1746039156\n|start\n|switch|p1a: Prinses|Zamazenta-Crowned, L50|100/100\n|switch|p1b: Grasmaaier|Rillaboom, L50, M, shiny|100/100\n|switch|p2a: Kyogre|Kyogre, L50|100/100\n|switch|p2b: Tornadus|Tornadus, L50, M|100/100\n|-ability|p1a: Prinses|Dauntless Shield|boost\n|-boost|p1a: Prinses|def|1\n|-fieldstart|move: Grassy Terrain|[from] ability: Grassy Surge|[of] p1b: Grasmaaier\n|-weather|RainDance|[from] ability: Drizzle|[of] p2a: Kyogre\n|turn|1\n|c|\u2606Ome Henk|ik ging blijkbaar door mn timer heen ofzo\n|inactive|Battle timer is ON: inactive players will automatically lose when time's up. (requested by Pakaan64)\n|\n|t:|1746039193\n|move|p2a: Kyogre|Protect|p2a: Kyogre\n|-singleturn|p2a: Kyogre|Protect\n|move|p1b: Grasmaaier|Fake Out|p2a: Kyogre\n|-activate|p2a: Kyogre|move: Protect\n|move|p2b: Tornadus|Taunt|p1a: Prinses\n|-start|p1a: Prinses|move: Taunt\n|move|p1a: Prinses|Heavy Slam|p2b: Tornadus\n|-damage|p2b: Tornadus|42/100\n|\n|-weather|RainDance|[upkeep]\n|upkeep\n|turn|2\n|inactive|Ome Henk has 30 seconds left.\n|inactive|Pakaan64 has 30 seconds left.\n|inactive|Pakaan64 has 20 seconds left.\n|j| Jorijn\n|inactive|Pakaan64 has 15 seconds left.\n|inactive|Pakaan64 has 10 seconds left.\n|\n|t:|1746039238\n|-terastallize|p2a: Kyogre|Poison\n|move|p2b: Tornadus|Tailwind|p2b: Tornadus\n|-sidestart|p2: Pakaan64|move: Tailwind\n|move|p2a: Kyogre|Ice Beam|p1b: Grasmaaier\n|-supereffective|p1b: Grasmaaier\n|-crit|p1b: Grasmaaier\n|-damage|p1b: Grasmaaier|21/100\n|move|p1a: Prinses|Heavy Slam|p2a: Kyogre\n|-damage|p2a: Kyogre|78/100\n|move|p1b: Grasmaaier|Wood Hammer|p2a: Kyogre\n|-resisted|p2a: Kyogre\n|-damage|p2a: Kyogre|43/100\n|-damage|p1b: Grasmaaier|10/100|[from] Recoil\n|\n|-weather|RainDance|[upkeep]\n|-heal|p2a: Kyogre|49/100|[from] Grassy Terrain\n|-heal|p2a: Kyogre|55/100|[from] item: Leftovers\n|-heal|p1b: Grasmaaier|15/100|[from] Grassy Terrain\n|upkeep\n|turn|3\n|j| sushishine\n|inactive|Ome Henk has 30 seconds left.\n|\n|t:|1746039265\n|move|p1b: Grasmaaier|Grassy Glide|p2a: Kyogre\n|-resisted|p2a: Kyogre\n|-damage|p2a: Kyogre|38/100\n|move|p2b: Tornadus|Bleakwind Storm|p1a: Prinses|[spread] p1a,p1b\n|-supereffective|p1b: Grasmaaier\n|-damage|p1a: Prinses|77/100\n|-damage|p1b: Grasmaaier|0 fnt\n|-unboost|p1a: Prinses|spe|1\n|faint|p1b: Grasmaaier\n|move|p2a: Kyogre|Water Spout|p1a: Prinses\n|-damage|p1a: Prinses|37/100\n|move|p1a: Prinses|Heavy Slam|p2b: Tornadus\n|-damage|p2b: Tornadus|0 fnt\n|faint|p2b: Tornadus\n|\n|-weather|RainDance|[upkeep]\n|-heal|p2a: Kyogre|44/100|[from] Grassy Terrain\n|-heal|p2a: Kyogre|50/100|[from] item: Leftovers\n|-heal|p1a: Prinses|43/100|[from] Grassy Terrain\n|-end|p1a: Prinses|move: Taunt\n|upkeep\n|\n|t:|1746039283\n|switch|p2b: Incineroar|Incineroar, L50, F|100/100\n|switch|p1b: Zonnepaneel|Koraidon, L50|100/100\n|-weather|SunnyDay|[from] ability: Orichalcum Pulse|[of] p1b: Zonnepaneel\n|-activate|p1b: Zonnepaneel|Orichalcum Pulse|[source]\n|-ability|p2b: Incineroar|Intimidate|boost\n|-unboost|p1a: Prinses|atk|1\n|-fail|p1b: Zonnepaneel|unboost|[from] item: Clear Amulet|[of] p1b: Zonnepaneel\n|turn|4\n|j| smegmarizer\n|inactive|Ome Henk has 30 seconds left.\n|inactive|Pakaan64 has 30 seconds left.\n|\n|t:|1746039313\n|switch|p2a: Zacian|Zacian-Crowned, L50|100/100\n|-ability|p2a: Zacian|Intrepid Sword|boost\n|-boost|p2a: Zacian|atk|1\n|-terastallize|p1b: Zonnepaneel|Fire\n|move|p1b: Zonnepaneel|Flare Blitz|p2a: Zacian\n|-supereffective|p2a: Zacian\n|-damage|p2a: Zacian|0 fnt\n|faint|p2a: Zacian\n|-damage|p1b: Zonnepaneel|69/100|[from] Recoil\n|move|p2b: Incineroar|Will-O-Wisp|p1a: Prinses\n|-status|p1a: Prinses|brn\n|move|p1a: Prinses|Body Press|p2b: Incineroar\n|-supereffective|p2b: Incineroar\n|-damage|p2b: Incineroar|36/100\n|\n|-weather|SunnyDay|[upkeep]\n|-heal|p1b: Zonnepaneel|75/100|[from] Grassy Terrain\n|-heal|p2b: Incineroar|42/100|[from] Grassy Terrain\n|-heal|p1a: Prinses|49/100 brn|[from] Grassy Terrain\n|-damage|p1a: Prinses|43/100 brn|[from] brn\n|upkeep\n|\n|t:|1746039329\n|switch|p2a: Kyogre|Kyogre, L50, tera:Poison|50/100\n|-weather|RainDance|[from] ability: Drizzle|[of] p2a: Kyogre\n|turn|5\n|inactive|Pakaan64 has 30 seconds left.\n|\n|t:|1746039361\n|switch|p1b: Klote Kat|Incineroar, L50, M|100/100\n|-ability|p1b: Klote Kat|Intimidate|boost\n|-unboost|p2a: Kyogre|atk|1\n|-unboost|p2b: Incineroar|atk|1\n|move|p1a: Prinses|Wide Guard|p1a: Prinses\n|-singleturn|p1a: Prinses|Wide Guard\n|move|p2a: Kyogre|Water Spout|p1b: Klote Kat|[spread] \n|-activate|p1a: Prinses|move: Wide Guard\n|-activate|p1b: Klote Kat|move: Wide Guard\n|move|p2b: Incineroar|Knock Off|p1b: Klote Kat\n|-resisted|p1b: Klote Kat\n|-damage|p1b: Klote Kat|92/100\n|-damage|p2b: Incineroar|26/100|[from] item: Rocky Helmet|[of] p1b: Klote Kat\n|-enditem|p1b: Klote Kat|Rocky Helmet|[from] move: Knock Off|[of] p2b: Incineroar\n|\n|-weather|RainDance|[upkeep]\n|-heal|p2a: Kyogre|56/100|[from] Grassy Terrain\n|-heal|p2a: Kyogre|61/100|[from] item: Leftovers\n|-heal|p2b: Incineroar|32/100|[from] Grassy Terrain\n|-heal|p1a: Prinses|49/100 brn|[from] Grassy Terrain\n|-heal|p1b: Klote Kat|98/100|[from] Grassy Terrain\n|-damage|p1a: Prinses|43/100 brn|[from] brn\n|-sideend|p2: Pakaan64|move: Tailwind\n|-fieldend|move: Grassy Terrain\n|upkeep\n|turn|6\n|inactive|Ome Henk has 30 seconds left.\n|inactive|Pakaan64 has 30 seconds left.\n|\n|t:|1746039389\n|switch|p1b: Zonnepaneel|Koraidon, L50, tera:Fire|75/100\n|-weather|SunnyDay|[from] ability: Orichalcum Pulse|[of] p1b: Zonnepaneel\n|-activate|p1b: Zonnepaneel|Orichalcum Pulse|[source]\n|move|p1a: Prinses|Body Press|p2b: Incineroar\n|-supereffective|p2b: Incineroar\n|-damage|p2b: Incineroar|0 fnt\n|faint|p2b: Incineroar\n|move|p2a: Kyogre|Water Spout|p1b: Zonnepaneel|[spread] p1a,p1b\n|-supereffective|p1b: Zonnepaneel\n|-damage|p1a: Prinses|27/100 brn\n|-damage|p1b: Zonnepaneel|34/100\n|\n|-weather|SunnyDay|[upkeep]\n|-heal|p2a: Kyogre|67/100|[from] item: Leftovers\n|-damage|p1a: Prinses|21/100 brn|[from] brn\n|upkeep\n|turn|7\n|\n|t:|1746039411\n|move|p1b: Zonnepaneel|Flare Blitz|p2a: Kyogre\n|-crit|p2a: Kyogre\n|-damage|p2a: Kyogre|0 fnt\n|faint|p2a: Kyogre\n|-damage|p1b: Zonnepaneel|7/100|[from] Recoil\n|\n|win|Ome Henk\n||Ome Henk is ready for game 3.\n||Pakaan64 is ready for game 3.\n|uhtml|next|Next: <a href=\"/battle-gen9vgc2025regibo3-2354152743\"><strong>Game 3 of 3</strong></a>\n|l| smegmarizer\n|j| Harry Koekenpan\n|l| Harry Koekenpan\n|l| Jorijn\n|l| Majene\n|l|\u2606Pakaan64\n|player|p2|\n|j| CarrotsAreVeryPog\n|l| CarrotsAreVeryPog\n", "uploadtime": 1746039863, "views": 22, "formatid": "gen9vgc2025regibo3", "rating": null, "private": 0, "password": null}