{"id": "gen9vgc2025regibo3-2355037144", "format": "[Gen 9] VGC 2025 Reg I (Bo3)", "players": ["Desertfreak", "steeltrainer"], "log": "|j|\u2606Desertfreak\n|j|\u2606steeltrainer\n|html|<table width=\"100%\"><tr><td align=\"left\">Desertfreak</td><td align=\"right\">steeltrainer</tr><tr><td align=\"left\"><i class=\"fa fa-circle\"></i> <i class=\"fa fa-circle-o\"></i> </td><td align=\"right\"><i class=\"fa fa-circle-o\"></i> <i class=\"fa fa-circle\"></i> </tr></table>\n|uhtml|bestof|<h2><strong>Game 3</strong> of <a href=\"/game-bestof3-gen9vgc2025regibo3-2355034000\">a best-of-3</a></h2>\n|t:|1746144820\n|gametype|doubles\n|player|p1|Desertfreak|265|\n|player|p2|steeltrainer|steven|\n|teamsize|p1|6\n|teamsize|p2|6\n|gen|9\n|tier|[Gen 9] VGC 2025 Reg I (Bo3)\n|rule|Species Clause: Limit one of each Pok\u00e9mon\n|rule|Item Clause: Limit 1 of each item\n|clearpoke\n|poke|p1|Koraidon, L50|\n|poke|p1|Lunala, L50|\n|poke|p1|Brute Bonnet, L50|\n|poke|p1|Flutter Mane, L50|\n|poke|p1|Chi-Yu, L50|\n|poke|p1|Ursaluna, L50, F|\n|poke|p2|Calyrex-Ice, L50|\n|poke|p2|Miraidon, L50|\n|poke|p2|Whimsicott, L50, M|\n|poke|p2|Farigiraf, L50, M|\n|poke|p2|Incineroar, L50, F|\n|poke|p2|Pelipper, L50, F|\n|teampreview|4\n|showteam|p1|Koraidon||LifeOrb|OrichalcumPulse|CloseCombat,FlameCharge,FlareBlitz,Protect||||||50|,,,,,Fire]Lunala||PowerHerb|ShadowShield|MoongeistBeam,MeteorBeam,WideGuard,TrickRoom||||||50|,,,,,Water]Brute Bonnet||CovertCloak|Protosynthesis|SeedBomb,SuckerPunch,Spore,RagePowder||||||50|,,,,,Water]Flutter Mane||FocusSash|Protosynthesis|Moonblast,ShadowBall,IcyWind,Taunt||||||50|,,,,,Normal]Chi-Yu||ChoiceScarf|BeadsofRuin|Overheat,DarkPulse,HeatWave,Snarl||||||50|,,,,,Ghost]Ursaluna||FlameOrb|Guts|Earthquake,Facade,HeadlongRush,Protect|||F|||50|,,,,,Fire\n|showteam|p2|Calyrex-Ice||ClearAmulet|AsOneGlastrier|Protect,GlacialLance,HighHorsepower,TrickRoom||||||50|,,,,,Fire]Miraidon||ChoiceSpecs|HadronEngine|VoltSwitch,ElectroDrift,DracoMeteor,DazzlingGleam||||||50|,,,,,Fairy]Whimsicott||CovertCloak|Prankster|Moonblast,Tailwind,Encore,LightScreen|||M|||50|,,,,,Dark]Farigiraf||ThroatSpray|ArmorTail|Protect,Psychic,HyperVoice,TrickRoom|||M|||50|,,,,,Water]Incineroar||RockyHelmet|Intimidate|PartingShot,KnockOff,HelpingHand,FakeOut|||F|||50|,,,,,Ghost]Pelipper||FocusSash|Drizzle|Hurricane,KnockOff,WideGuard,Protect|||F|||50|,,,,,Ghost\n|\n|t:|1746144833\n|start\n|switch|p1a: Chi-Yu|Chi-Yu, L50|100/100\n|switch|p1b: Ursaluna|Ursaluna, L50, F, shiny|100/100\n|switch|p2a: Incineroar|Incineroar, L50, F|100/100\n|switch|p2b: Calyrex|Calyrex-Ice, L50|100/100\n|-ability|p2b: Calyrex|As One\n|-ability|p2b: Calyrex|Unnerve\n|-ability|p1a: Chi-Yu|Beads of Ruin\n|-ability|p2a: Incineroar|Intimidate|boost\n|-unboost|p1a: Chi-Yu|atk|1\n|-unboost|p1b: Ursaluna|atk|1\n|turn|1\n|\n|t:|1746144850\n|move|p1b: Ursaluna|Protect|p1b: Ursaluna\n|-singleturn|p1b: Ursaluna|Protect\n|move|p2a: Incineroar|Fake Out|p1a: Chi-Yu\n|-damage|p1a: Chi-Yu|84/100\n|cant|p1a: Chi-Yu|flinch\n|move|p2b: Calyrex|Trick Room|p2b: Calyrex\n|-fieldstart|move: Trick Room|[of] p2b: Calyrex\n|\n|-status|p1b: Ursaluna|brn|[from] item: Flame Orb\n|upkeep\n|turn|2\n|\n|t:|1746144876\n|-terastallize|p1b: Ursaluna|Fire\n|move|p1b: Ursaluna|Facade|p2b: Calyrex\n|-damage|p2b: Calyrex|44/100\n|move|p2a: Incineroar|Parting Shot|p1a: Chi-Yu\n|-unboost|p1a: Chi-Yu|atk|1\n|-unboost|p1a: Chi-Yu|spa|1\n|\n|t:|1746144884\n|switch|p2a: Pelipper|Pelipper, L50, F|100/100|[from] Parting Shot\n|-weather|RainDance|[from] ability: Drizzle|[of] p2a: Pelipper\n|move|p2b: Calyrex|High Horsepower|p1b: Ursaluna\n|-supereffective|p1b: Ursaluna\n|-crit|p1b: Ursaluna\n|-damage|p1b: Ursaluna|14/100 brn\n|move|p1a: Chi-Yu|Dark Pulse|p2b: Calyrex\n|-supereffective|p2b: Calyrex\n|-damage|p2b: Calyrex|0 fnt\n|faint|p2b: Calyrex\n|\n|-weather|RainDance|[upkeep]\n|-damage|p1b: Ursaluna|8/100 brn|[from] brn\n|upkeep\n|\n|t:|1746144894\n|switch|p2b: Incineroar|Incineroar, L50, F|100/100\n|-ability|p2b: Incineroar|Intimidate|boost\n|-unboost|p1a: Chi-Yu|atk|1\n|-unboost|p1b: Ursaluna|atk|1\n|turn|3\n|\n|t:|1746144905\n|switch|p1a: Lunala|Lunala, L50, shiny|100/100\n|move|p2b: Incineroar|Fake Out|p1b: Ursaluna\n|-damage|p1b: Ursaluna|0 fnt\n|faint|p1b: Ursaluna\n|move|p2a: Pelipper|Hurricane|p1a: Lunala\n|-crit|p1a: Lunala\n|-damage|p1a: Lunala|77/100\n|-start|p1a: Lunala|confusion\n|\n|-weather|RainDance|[upkeep]\n|upkeep\n|\n|t:|1746144911\n|switch|p1b: Koraidon|Koraidon, L50|100/100\n|-weather|SunnyDay|[from] ability: Orichalcum Pulse|[of] p1b: Koraidon\n|-activate|p1b: Koraidon|Orichalcum Pulse|[source]\n|turn|4\n|\n|t:|1746144923\n|switch|p1a: Chi-Yu|Chi-Yu, L50|84/100\n|-ability|p1a: Chi-Yu|Beads of Ruin\n|move|p2b: Incineroar|Knock Off|p1a: Chi-Yu\n|-resisted|p1a: Chi-Yu\n|-damage|p1a: Chi-Yu|52/100\n|-enditem|p1a: Chi-Yu|Choice Scarf|[from] move: Knock Off|[of] p2b: Incineroar\n|move|p2a: Pelipper|Hurricane|p1b: Koraidon\n|-supereffective|p1b: Koraidon\n|-damage|p1b: Koraidon|0 fnt\n|faint|p1b: Koraidon\n|\n|-weather|SunnyDay|[upkeep]\n|upkeep\n|\n|t:|1746144924\n|switch|p1b: Lunala|Lunala, L50, shiny|77/100\n|turn|5\n|\n|t:|1746144940\n|move|p2b: Incineroar|Knock Off|p1b: Lunala\n|-supereffective|p1b: Lunala\n|-damage|p1b: Lunala|0 fnt\n|-enditem|p1b: Lunala|Power Herb|[from] move: Knock Off|[of] p2b: Incineroar\n|faint|p1b: Lunala\n|move|p2a: Pelipper|Knock Off|p1a: Chi-Yu\n|-resisted|p1a: Chi-Yu\n|-damage|p1a: Chi-Yu|46/100\n|move|p1a: Chi-Yu|Dark Pulse|p2a: Pelipper\n|-enditem|p2a: Pelipper|Focus Sash\n|-damage|p2a: Pelipper|1/100\n|\n|-weather|SunnyDay|[upkeep]\n|-fieldend|move: Trick Room\n|upkeep\n|turn|6\n|\n|t:|1746144970\n|move|p1a: Chi-Yu|Dark Pulse|p2a: Pelipper\n|-damage|p2a: Pelipper|0 fnt\n|faint|p2a: Pelipper\n|move|p2b: Incineroar|Parting Shot|p1a: Chi-Yu\n|-unboost|p1a: Chi-Yu|atk|1\n|-unboost|p1a: Chi-Yu|spa|1\n|\n|t:|1746144973\n|switch|p2b: Miraidon|Miraidon, L50|100/100|[from] Parting Shot\n|-fieldstart|move: Electric Terrain|[from] ability: Hadron Engine|[of] p2b: Miraidon\n|\n|-weather|SunnyDay|[upkeep]\n|upkeep\n|\n|t:|1746144974\n|switch|p2a: Incineroar|Incineroar, L50, F|100/100\n|-ability|p2a: Incineroar|Intimidate|boost\n|-unboost|p1a: Chi-Yu|atk|1\n|turn|7\n|\n|t:|1746144977\n|move|p2a: Incineroar|Fake Out|p1a: Chi-Yu\n|-damage|p1a: Chi-Yu|28/100\n|move|p2b: Miraidon|Electro Drift|p1a: Chi-Yu\n|-damage|p1a: Chi-Yu|0 fnt\n|faint|p1a: Chi-Yu\n|\n|win|steeltrainer\n", "uploadtime": 1746144979, "views": 27, "formatid": "gen9vgc2025regibo3", "rating": null, "private": 0, "password": null}