{"id": "gen9vgc2025regibo3-2353667257", "format": "[Gen 9] VGC 2025 Reg I (Bo3)", "players": ["lebobguy", "RegI\u2026Yawn"], "log": "|j|\u2606lebobguy\n|j|\u203dRegI\u2026Yawn\n|html|<table width=\"100%\"><tr><td align=\"left\">lebobguy</td><td align=\"right\">RegI\u2026Yawn</tr><tr><td align=\"left\"><i class=\"fa fa-circle\"></i> <i class=\"fa fa-circle-o\"></i> </td><td align=\"right\"><i class=\"fa fa-circle-o\"></i> <i class=\"fa fa-circle\"></i> </tr></table>\n|uhtml|bestof|<h2><strong>Game 3</strong> of <a href=\"/game-bestof3-gen9vgc2025regibo3-2353663869\">a best-of-3</a></h2>\n|t:|1745981101\n|gametype|doubles\n|player|p1|lebobguy|clown|1113\n|player|p2|RegI\u2026Yawn|102|1206\n|teamsize|p1|6\n|teamsize|p2|6\n|gen|9\n|tier|[Gen 9] VGC 2025 Reg I (Bo3)\n|rated|\n|rule|Species Clause: Limit one of each Pok\u00e9mon\n|rule|Item Clause: Limit 1 of each item\n|clearpoke\n|poke|p1|Miraidon, L50|\n|poke|p1|Tornadus, L50, M|\n|poke|p1|Urshifu-*, L50, F|\n|poke|p1|Kyogre, L50|\n|poke|p1|Archaludon, L50, M|\n|poke|p1|Zoroark-Hisui, L50, F|\n|poke|p2|Zacian-*, L50|\n|poke|p2|Chien-Pao, L50|\n|poke|p2|Umbreon, L50, M|\n|poke|p2|Urshifu-*, L50, M|\n|poke|p2|Kyogre, L50|\n|poke|p2|Thundurus, L50, M|\n|teampreview|4\n|showteam|p1|Miraidon||ChoiceSpecs|HadronEngine|ElectroDrift,DazzlingGleam,VoltSwitch,DracoMeteor||||||50|,,,,,Fairy]Tornadus||CovertCloak|Prankster|Tailwind,Taunt,BleakwindStorm,Protect|||M|||50|,,,,,Dark]Urshifu-Rapid-Strike||MysticWater|UnseenFist|AquaJet,SurgingStrikes,LowKick,Detect|||F|||50|,,,,,Dark]Kyogre||LifeOrb|Drizzle|OriginPulse,IceBeam,MuddyWater,Protect||||||50|,,,,,Grass]Archaludon||AssaultVest|Stamina|ElectroShot,DracoMeteor,BodyPress,FlashCannon|||M|||50|,,,,,Ghost]Zoroark-Hisui||ExpertBelt|Illusion|BitterMalice,DarkPulse,Uturn,Detect|||F|||50|,,,,,Fairy\n|showteam|p2|Zacian-Crowned||RustedSword|IntrepidSword|behemothblade,PlayRough,Substitute,Protect||||||50|,,,,,Stellar]Chien-Pao||FocusSash|SwordofRuin|SacredSword,SuckerPunch,IcicleCrash,Protect||||||50|,,,,,Ghost]Umbreon||SafetyGoggles|InnerFocus|FoulPlay,Taunt,HelpingHand,Yawn|||M|||50|,,,,,Water]Urshifu-Rapid-Strike||ChoiceScarf|UnseenFist|SurgingStrikes,CloseCombat,Coaching,Uturn|||M|||50|,,,,,Water]Kyogre||MysticWater|Drizzle|WaterSpout,OriginPulse,IceBeam,Protect||||||50|,,,,,Grass]Thundurus||RockyHelmet|Prankster|Thunderbolt,ScaryFace,EerieImpulse,VoltSwitch|||M|||50|,,,,,Dark\n|c|\u2606lebobguy|glhf :)\n|inactive|Battle timer is ON: inactive players will automatically lose when time's up. (requested by lebobguy)\n|inactive|RegI\u2026Yawn has 60 seconds left.\n|\n|t:|1745981160\n|start\n|switch|p1a: Kyogre|Kyogre, L50|100/100\n|switch|p1b: Archaludon|Archaludon, L50, M|100/100\n|switch|p2a: Chien-Pao|Chien-Pao, L50|100/100\n|switch|p2b: Zacian|Zacian-Crowned, L50|100/100\n|-ability|p2b: Zacian|Intrepid Sword|boost\n|-boost|p2b: Zacian|atk|1\n|-ability|p2a: Chien-Pao|Sword of Ruin\n|-weather|RainDance|[from] ability: Drizzle|[of] p1a: Kyogre\n|turn|1\n|\n|t:|1745981174\n|move|p2b: Zacian|Protect|p2b: Zacian\n|-singleturn|p2b: Zacian|Protect\n|move|p2a: Chien-Pao|Protect|p2a: Chien-Pao\n|-singleturn|p2a: Chien-Pao|Protect\n|move|p1a: Kyogre|Origin Pulse|p2b: Zacian|[spread] \n|-activate|p2a: Chien-Pao|move: Protect\n|-activate|p2b: Zacian|move: Protect\n|move|p1b: Archaludon|Electro Shot||[still]\n|-prepare|p1b: Archaludon|Electro Shot\n|-boost|p1b: Archaludon|spa|1\n|-anim|p1b: Archaludon|Electro Shot|p2a: Chien-Pao\n|-activate|p2a: Chien-Pao|move: Protect\n|\n|-weather|RainDance|[upkeep]\n|upkeep\n|turn|2\n|inactive|RegI\u2026Yawn has 30 seconds left.\n|\n|t:|1745981203\n|-terastallize|p2b: Zacian|Stellar\n|move|p2a: Chien-Pao|Sucker Punch|p1b: Archaludon\n|-damage|p1b: Archaludon|69/100\n|-ability|p1b: Archaludon|Stamina|boost\n|-boost|p1b: Archaludon|def|1\n|move|p2b: Zacian|Play Rough|p1b: Archaludon\n|-damage|p1b: Archaludon|2/100\n|-ability|p1b: Archaludon|Stamina|boost\n|-boost|p1b: Archaludon|def|1\n|move|p1a: Kyogre|Origin Pulse|p2a: Chien-Pao|[spread] p2a,p2b\n|-enditem|p2a: Chien-Pao|Focus Sash\n|-damage|p2a: Chien-Pao|1/100\n|-damage|p2b: Zacian|21/100\n|-damage|p1a: Kyogre|91/100|[from] item: Life Orb\n|move|p1b: Archaludon|Electro Shot||[still]\n|-prepare|p1b: Archaludon|Electro Shot\n|-boost|p1b: Archaludon|spa|1\n|-anim|p1b: Archaludon|Electro Shot|p2a: Chien-Pao\n|-damage|p2a: Chien-Pao|0 fnt\n|faint|p2a: Chien-Pao\n|\n|-weather|RainDance|[upkeep]\n|upkeep\n|\n|t:|1745981209\n|switch|p2a: Thundurus|Thundurus, L50, M|100/100\n|turn|3\n|\n|t:|1745981219\n|move|p1a: Kyogre|Protect|p1a: Kyogre\n|-singleturn|p1a: Kyogre|Protect\n|move|p2b: Zacian|Play Rough|p1a: Kyogre\n|-activate|p1a: Kyogre|move: Protect\n|move|p2a: Thundurus|Thunderbolt|p1b: Archaludon\n|-resisted|p1b: Archaludon\n|-damage|p1b: Archaludon|0 fnt\n|faint|p1b: Archaludon\n|\n|-weather|RainDance|[upkeep]\n|upkeep\n|\n|t:|1745981223\n|switch|p1b: Urshifu|Urshifu-Rapid-Strike, L50, F|100/100\n|turn|4\n|\n|t:|1745981244\n|move|p1b: Urshifu|Aqua Jet|p2b: Zacian\n|-damage|p2b: Zacian|0 fnt\n|faint|p2b: Zacian\n|move|p2a: Thundurus|Eerie Impulse|p1a: Kyogre\n|-unboost|p1a: Kyogre|spa|2\n|move|p1a: Kyogre|Origin Pulse|p2a: Thundurus\n|-damage|p2a: Thundurus|42/100\n|-damage|p1a: Kyogre|81/100|[from] item: Life Orb\n|\n|-weather|RainDance|[upkeep]\n|upkeep\n|\n|t:|1745981247\n|switch|p2b: Kyogre|Kyogre, L50|100/100\n|turn|5\n|\n|t:|1745981269\n|move|p1a: Kyogre|Protect|p1a: Kyogre\n|-singleturn|p1a: Kyogre|Protect\n|move|p1b: Urshifu|Aqua Jet|p2a: Thundurus\n|-damage|p2a: Thundurus|0 fnt\n|-damage|p1b: Urshifu|84/100|[from] item: Rocky Helmet|[of] p2a: Thundurus\n|faint|p2a: Thundurus\n|move|p2b: Kyogre|Ice Beam|p1b: Urshifu\n|-resisted|p1b: Urshifu\n|-damage|p1b: Urshifu|59/100\n|\n|-weather|none\n|upkeep\n|turn|6\n|\n|t:|1745981281\n|switch|p1a: Miraidon|Miraidon, L50|100/100\n|-fieldstart|move: Electric Terrain|[from] ability: Hadron Engine|[of] p1a: Miraidon\n|move|p1b: Urshifu|Low Kick|p2b: Kyogre\n|-damage|p2b: Kyogre|45/100\n|move|p2b: Kyogre|Ice Beam|p1a: Miraidon\n|-supereffective|p1a: Miraidon\n|-damage|p1a: Miraidon|38/100\n|\n|upkeep\n|turn|7\n|\n|t:|1745981286\n|move|p1a: Miraidon|Electro Drift|p2b: Kyogre\n|-supereffective|p2b: Kyogre\n|-damage|p2b: Kyogre|0 fnt\n|faint|p2b: Kyogre\n|\n|win|lebobguy\n|raw|lebobguy's rating: 1113 &rarr; <strong>1145</strong><br />(+32 for winning)\n|raw|RegI\u2026Yawn's rating: 1206 &rarr; <strong>1174</strong><br />(-32 for losing)\n|c|\u2606lebobguy|gg\n|l|\u2606lebobguy\n|player|p1|\n", "uploadtime": 1745981615, "views": 6, "formatid": "gen9vgc2025regibo3", "rating": 1145, "private": 0, "password": null}