{"id": "gen9vgc2025regibo3-2353697888", "format": "[Gen 9] VGC 2025 Reg I (Bo3)", "players": ["caZISA", "We_Are_Toasted"], "log": "|j|\u2606caZISA\n|j|\u2606We_Are_Toasted\n|html|<table width=\"100%\"><tr><td align=\"left\">caZISA</td><td align=\"right\">We_Are_Toasted</tr><tr><td align=\"left\"><i class=\"fa fa-circle-o\"></i> <i class=\"fa fa-circle-o\"></i> </td><td align=\"right\"><i class=\"fa fa-circle-o\"></i> <i class=\"fa fa-circle-o\"></i> </tr></table>\n|uhtml|bestof|<h2><strong>Game 1</strong> of <a href=\"/game-bestof3-gen9vgc2025regibo3-2353697887\">a best-of-3</a></h2>\n|t:|1745985092\n|gametype|doubles\n|player|p1|caZISA|red|1304\n|player|p2|We_Are_Toasted|larry|1215\n|teamsize|p1|6\n|teamsize|p2|6\n|gen|9\n|tier|[Gen 9] VGC 2025 Reg I (Bo3)\n|rated|\n|rule|Species Clause: Limit one of each Pok\u00e9mon\n|rule|Item Clause: Limit 1 of each item\n|clearpoke\n|poke|p1|Calyrex-Ice, L50|\n|poke|p1|Kyogre, L50|\n|poke|p1|Landorus, L50, M|\n|poke|p1|Raging Bolt, L50|\n|poke|p1|Incineroar, L50, F|\n|poke|p1|Smeargle, L50, M|\n|poke|p2|Miraidon, L50|\n|poke|p2|Grimmsnarl, L50, M|\n|poke|p2|Iron Hands, L50|\n|poke|p2|Lunala, L50|\n|poke|p2|Chi-Yu, L50|\n|poke|p2|Ursaluna, L50, M|\n|teampreview|4\n|showteam|p1|Calyrex-Ice||ClearAmulet|AsOneGlastrier|GlacialLance,HighHorsepower,TrickRoom,Protect||||||50|,,,,,Grass]Kyogre||MysticWater|Drizzle|WaterSpout,OriginPulse,IceBeam,Protect||||||50|,,,,,Water]Landorus||ChoiceScarf|SheerForce|SandsearStorm,EarthPower,SludgeBomb,Uturn|||M|||50|,,,,,Ghost]Raging Bolt||AssaultVest|Protosynthesis|Thunderbolt,DracoMeteor,Thunderclap,Snarl||||||50|,,,,,Fairy]Incineroar||SafetyGoggles|Intimidate|FakeOut,WillOWisp,KnockOff,PartingShot|||F|||50|,,,,,Ghost]Smeargle||FocusSash|Moody|FakeOut,Spore,FollowMe,WideGuard|||M|||50|,,,,,Grass\n|showteam|p2|Miraidon||ChoiceSpecs|HadronEngine|VoltSwitch,DracoMeteor,ElectroDrift,DazzlingGleam||||||50|,,,,,Fairy]Grimmsnarl||LightClay|Prankster|LightScreen,Reflect,ThunderWave,SpiritBreak|||M|||50|,,,,,Ghost]Iron Hands||AssaultVest|QuarkDrive|DrainPunch,FakeOut,WildCharge,LowKick||||||50|,,,,,Bug]Lunala||PowerHerb|ShadowShield|MoongeistBeam,MeteorBeam,WideGuard,TrickRoom||||||50|,,,,,Water]Chi-Yu||ChoiceScarf|BeadsofRuin|Snarl,HeatWave,DarkPulse,Overheat||||||50|,,,,,Ghost]Ursaluna||FlameOrb|Guts|Facade,HeadlongRush,Earthquake,Protect|||M|||50|,,,,,Ghost\n|inactive|Battle timer is ON: inactive players will automatically lose when time's up. (requested by We_Are_Toasted)\n|inactive|We_Are_Toasted has 60 seconds left.\n|\n|t:|1745985140\n|start\n|switch|p1a: Gaspar|Calyrex-Ice, L50|100/100\n|switch|p1b: Picasso|Smeargle, L50, M|100/100\n|switch|p2a: Lunala|Lunala, L50|100/100\n|switch|p2b: Grimmsnarl|Grimmsnarl, L50, M|100/100\n|-ability|p1a: Gaspar|As One\n|-ability|p1a: Gaspar|Unnerve\n|turn|1\n|inactive|We_Are_Toasted has 30 seconds left.\n|inactive|We_Are_Toasted has 20 seconds left.\n|inactive|We_Are_Toasted has 15 seconds left.\n|\n|t:|1745985182\n|switch|p2b: Miraidon|Miraidon, L50|100/100\n|-fieldstart|move: Electric Terrain|[from] ability: Hadron Engine|[of] p2b: Miraidon\n|-terastallize|p1a: Gaspar|Grass\n|move|p2a: Lunala|Wide Guard|p2a: Lunala\n|-singleturn|p2a: Lunala|Wide Guard\n|move|p1b: Picasso|Spore|p2a: Lunala\n|-activate|p2a: Lunala|move: Electric Terrain\n|move|p1a: Gaspar|Glacial Lance|p2a: Lunala|[spread] \n|-activate|p2a: Lunala|move: Wide Guard\n|-activate|p2b: Miraidon|move: Wide Guard\n|\n|-ability|p1b: Picasso|Moody|boost\n|-boost|p1b: Picasso|atk|2\n|-unboost|p1b: Picasso|spa|1\n|upkeep\n|turn|2\n|inactive|We_Are_Toasted has 30 seconds left.\n|inactive|We_Are_Toasted has 20 seconds left.\n|\n|t:|1745985218\n|move|p1b: Picasso|Follow Me|p1b: Picasso\n|-singleturn|p1b: Picasso|move: Follow Me\n|move|p2b: Miraidon|Volt Switch|p1b: Picasso\n|-enditem|p1b: Picasso|Focus Sash\n|-damage|p1b: Picasso|1/100\n|\n|t:|1745985220\n|switch|p2b: Grimmsnarl|Grimmsnarl, L50, M|100/100|[from] Volt Switch\n|move|p2a: Lunala|Meteor Beam||[still]\n|-prepare|p2a: Lunala|Meteor Beam\n|-boost|p2a: Lunala|spa|1\n|-enditem|p2a: Lunala|Power Herb\n|-anim|p2a: Lunala|Meteor Beam|p1b: Picasso\n|-damage|p1b: Picasso|0 fnt\n|faint|p1b: Picasso\n|move|p1a: Gaspar|Glacial Lance|p2b: Grimmsnarl|[spread] p2a,p2b\n|-damage|p2a: Lunala|76/100\n|-damage|p2b: Grimmsnarl|49/100\n|\n|upkeep\n|\n|t:|1745985226\n|switch|p1b: Littlefoot|Raging Bolt, L50|100/100\n|turn|3\n|inactive|We_Are_Toasted has 30 seconds left.\n|inactive|We_Are_Toasted has 20 seconds left.\n|inactive|We_Are_Toasted has 15 seconds left.\n|\n|t:|1745985270\n|move|p1a: Gaspar|Protect|p1a: Gaspar\n|-singleturn|p1a: Gaspar|Protect\n|move|p2b: Grimmsnarl|Reflect|p2b: Grimmsnarl\n|-sidestart|p2: We_Are_Toasted|Reflect\n|move|p2a: Lunala|Moongeist Beam|p1a: Gaspar\n|-activate|p1a: Gaspar|move: Protect\n|move|p1b: Littlefoot|Snarl|p2b: Grimmsnarl|[spread] p2a,p2b\n|-supereffective|p2a: Lunala\n|-resisted|p2b: Grimmsnarl\n|-damage|p2a: Lunala|28/100\n|-damage|p2b: Grimmsnarl|45/100\n|-unboost|p2a: Lunala|spa|1\n|-unboost|p2b: Grimmsnarl|spa|1\n|\n|upkeep\n|turn|4\n|inactive|We_Are_Toasted has 30 seconds left.\n|inactive|We_Are_Toasted has 20 seconds left.\n|inactive|We_Are_Toasted has 15 seconds left.\n|\n|t:|1745985311\n|switch|p2a: Brian Hands|Iron Hands, L50|100/100\n|-activate|p2a: Brian Hands|ability: Quark Drive\n|-start|p2a: Brian Hands|quarkdriveatk\n|move|p1b: Littlefoot|Thunderbolt|p2b: Grimmsnarl\n|-damage|p2b: Grimmsnarl|0 fnt\n|faint|p2b: Grimmsnarl\n|move|p1a: Gaspar|Trick Room|p1a: Gaspar\n|-fieldstart|move: Trick Room|[of] p1a: Gaspar\n|\n|upkeep\n|inactive|We_Are_Toasted has 30 seconds left.\n|\n|t:|1745985343\n|switch|p2b: Miraidon|Miraidon, L50|100/100\n|-activate|p2b: Miraidon|ability: Hadron Engine\n|turn|5\n|inactive|We_Are_Toasted has 30 seconds left.\n|\n|t:|1745985377\n|-terastallize|p2b: Miraidon|Fairy\n|move|p1a: Gaspar|Protect|p1a: Gaspar\n|-singleturn|p1a: Gaspar|Protect\n|move|p2a: Brian Hands|Fake Out|p1b: Littlefoot\n|-damage|p1b: Littlefoot|83/100\n|cant|p1b: Littlefoot|flinch\n|move|p2b: Miraidon|Draco Meteor|p1b: Littlefoot\n|-supereffective|p1b: Littlefoot\n|-damage|p1b: Littlefoot|0 fnt\n|-unboost|p2b: Miraidon|spa|2\n|faint|p1b: Littlefoot\n|-end|p1b: Littlefoot|Protosynthesis|[silent]\n|\n|-fieldend|move: Electric Terrain\n|-end|p2a: Brian Hands|Quark Drive\n|upkeep\n|\n|t:|1745985383\n|switch|p1b: ChrisBum|Landorus, L50, M|100/100\n|turn|6\n|inactive|We_Are_Toasted has 30 seconds left.\n|\n|t:|1745985413\n|switch|p2b: Lunala|Lunala, L50|28/100\n|move|p1a: Gaspar|Glacial Lance|p2b: Lunala|[spread] p2a,p2b\n|-damage|p2a: Brian Hands|72/100\n|-damage|p2b: Lunala|0 fnt\n|faint|p2b: Lunala\n|-ability|p1a: Gaspar|Chilling Neigh|boost\n|-boost|p1a: Gaspar|atk|1\n|move|p2a: Brian Hands|Low Kick|p1a: Gaspar\n|-damage|p1a: Gaspar|59/100\n|move|p1b: ChrisBum|Earth Power|p2a: Brian Hands\n|-supereffective|p2a: Brian Hands\n|-damage|p2a: Brian Hands|16/100\n|\n|upkeep\n|\n|t:|1745985424\n|switch|p2b: Miraidon|Miraidon, L50, tera:Fairy|100/100\n|-fieldstart|move: Electric Terrain|[from] ability: Hadron Engine|[of] p2b: Miraidon\n|-activate|p2a: Brian Hands|ability: Quark Drive\n|-start|p2a: Brian Hands|quarkdriveatk\n|turn|7\n|\n|t:|1745985449\n|move|p1a: Gaspar|Glacial Lance|p2b: Miraidon|[spread] p2a,p2b\n|-damage|p2a: Brian Hands|0 fnt\n|-damage|p2b: Miraidon|41/100\n|faint|p2a: Brian Hands\n|-end|p2a: Brian Hands|Quark Drive|[silent]\n|-ability|p1a: Gaspar|Chilling Neigh|boost\n|-boost|p1a: Gaspar|atk|1\n|move|p2b: Miraidon|Dazzling Gleam|p1a: Gaspar|[spread] p1a,p1b\n|-damage|p1a: Gaspar|18/100\n|-damage|p1b: ChrisBum|16/100\n|move|p1b: ChrisBum|Earth Power|p2b: Miraidon\n|-damage|p2b: Miraidon|0 fnt\n|faint|p2b: Miraidon\n|\n|win|caZISA\n||caZISA is ready for game 2.\n|inactive|We_Are_Toasted has 30 seconds to confirm battle start!\n", "uploadtime": 1745985466, "views": 18, "formatid": "gen9vgc2025regibo3", "rating": null, "private": 0, "password": null}