{"id": "gen9vgc2025regibo3-2353960144", "format": "[Gen 9] VGC 2025 Reg I (Bo3)", "players": ["Gustavonmoreno", "tg100"], "log": "|j|\u2606Gustavonmoreno\n|j|\u2606tg100\n|html|<table width=\"100%\"><tr><td align=\"left\">Gustavonmoreno</td><td align=\"right\">tg100</tr><tr><td align=\"left\"><i class=\"fa fa-circle-o\"></i> <i class=\"fa fa-circle-o\"></i> </td><td align=\"right\"><i class=\"fa fa-circle-o\"></i> <i class=\"fa fa-circle-o\"></i> </tr></table>\n|uhtml|bestof|<h2><strong>Game 1</strong> of <a href=\"/game-bestof3-gen9vgc2025regibo3-2353960139\">a best-of-3</a></h2>\n|t:|1746022792\n|gametype|doubles\n|player|p1|Gustavonmoreno|265|1173\n|player|p2|tg100|169|1079\n|teamsize|p1|6\n|teamsize|p2|6\n|gen|9\n|tier|[Gen 9] VGC 2025 Reg I (Bo3)\n|rated|\n|rule|Species Clause: Limit one of each Pok\u00e9mon\n|rule|Item Clause: Limit 1 of each item\n|clearpoke\n|poke|p1|Zamazenta-*, L50|\n|poke|p1|Calyrex-Shadow, L50|\n|poke|p1|Urshifu-*, L50, M|\n|poke|p1|Rillaboom, L50, M|\n|poke|p1|Tornadus, L50, M|\n|poke|p1|Chien-Pao, L50|\n|poke|p2|Chi-Yu, L50|\n|poke|p2|Flutter Mane, L50|\n|poke|p2|Koraidon, L50|\n|poke|p2|Lunala, L50|\n|poke|p2|Landorus-Therian, L50, M|\n|poke|p2|Kingambit, L50, M|\n|teampreview|4\n|showteam|p1|Zamazenta-Crowned||RustedShield|DauntlessShield|BodyPress,HeavySlam,WideGuard,Protect||||||50|,,,,,Water]Calyrex-Shadow||LifeOrb|AsOneSpectrier|AstralBarrage,Psychic,Encore,Protect||||||50|,,,,,Dark]Urshifu-Rapid-Strike||MysticWater|UnseenFist|SurgingStrikes,CloseCombat,AquaJet,Detect|||M|||50|,,,,,Water]Rillaboom||AssaultVest|GrassySurge|WoodHammer,GrassyGlide,Uturn,FakeOut|||M|||50|,,,,,Fire]Tornadus||RockyHelmet|Prankster|BleakwindStorm,Tailwind,RainDance,Protect|||M|||50|,,,,,Dark]Chien-Pao||FocusSash|SwordofRuin|IcicleCrash,SacredSword,SuckerPunch,Protect||||||50|,,,,,Stellar\n|showteam|p2|Chi-Yu||ChoiceScarf|BeadsofRuin|HeatWave,DarkPulse,Overheat,Snarl||||||50|,,,,,Ghost]Flutter Mane||FocusSash|Protosynthesis|Moonblast,ShadowBall,IcyWind,Protect||||||50|,,,,,Fairy]Koraidon||ClearAmulet|OrichalcumPulse|CollisionCourse,FlareBlitz,FlameCharge,Protect||||||50|,,,,,Fire]Lunala||PowerHerb|ShadowShield|MoongeistBeam,MeteorBeam,WideGuard,TrickRoom||||||50|,,,,,Fairy]Landorus-Therian||ChoiceBand|Intimidate|Earthquake,StompingTantrum,RockSlide,Uturn|||M|||50|,,,,,Fairy]Kingambit||AssaultVest|Defiant|KowtowCleave,SuckerPunch,IronHead,TeraBlast|||M|||50|,,,,,Fairy\n|\n|t:|1746022834\n|start\n|switch|p1a: Zamazenta|Zamazenta-Crowned, L50|100/100\n|switch|p1b: Chien-Pao|Chien-Pao, L50|100/100\n|switch|p2a: Koraidon|Koraidon, L50|100/100\n|switch|p2b: Chi-Yu|Chi-Yu, L50|100/100\n|-ability|p2b: Chi-Yu|Beads of Ruin\n|-ability|p1b: Chien-Pao|Sword of Ruin\n|-weather|SunnyDay|[from] ability: Orichalcum Pulse|[of] p2a: Koraidon\n|-activate|p2a: Koraidon|Orichalcum Pulse|[source]\n|-ability|p1a: Zamazenta|Dauntless Shield|boost\n|-boost|p1a: Zamazenta|def|1\n|turn|1\n|\n|t:|1746022863\n|switch|p2a: Flutter Mane|Flutter Mane, L50|100/100\n|-activate|p2a: Flutter Mane|ability: Protosynthesis\n|-start|p2a: Flutter Mane|protosynthesisspe\n|move|p1b: Chien-Pao|Protect|p1b: Chien-Pao\n|-singleturn|p1b: Chien-Pao|Protect\n|move|p1a: Zamazenta|Protect|p1a: Zamazenta\n|-singleturn|p1a: Zamazenta|Protect\n|move|p2b: Chi-Yu|Dark Pulse|p1a: Zamazenta\n|-activate|p1a: Zamazenta|move: Protect\n|\n|-weather|SunnyDay|[upkeep]\n|upkeep\n|turn|2\n|\n|t:|1746022887\n|switch|p2b: Lunala|Lunala, L50|100/100\n|move|p1b: Chien-Pao|Sucker Punch|p2a: Flutter Mane\n|-damage|p2a: Flutter Mane|4/100\n|move|p2a: Flutter Mane|Moonblast|p1b: Chien-Pao\n|-supereffective|p1b: Chien-Pao\n|-enditem|p1b: Chien-Pao|Focus Sash\n|-damage|p1b: Chien-Pao|1/100\n|-unboost|p1b: Chien-Pao|spa|1\n|move|p1a: Zamazenta|Body Press|p2b: Lunala\n|-immune|p2b: Lunala\n|\n|-weather|SunnyDay|[upkeep]\n|upkeep\n|turn|3\n|\n|t:|1746022909\n|-end|p2a: Flutter Mane|Protosynthesis|[silent]\n|switch|p2a: Koraidon|Koraidon, L50|100/100\n|-activate|p2a: Koraidon|ability: Orichalcum Pulse\n|move|p1b: Chien-Pao|Icicle Crash|p2b: Lunala|[miss]\n|-miss|p1b: Chien-Pao|p2b: Lunala\n|move|p1a: Zamazenta|Heavy Slam|p2a: Koraidon\n|-damage|p2a: Koraidon|76/100\n|move|p2b: Lunala|Trick Room|p2b: Lunala\n|-fieldstart|move: Trick Room|[of] p2b: Lunala\n|\n|-weather|SunnyDay|[upkeep]\n|upkeep\n|turn|4\n|\n|t:|1746022927\n|move|p1a: Zamazenta|Protect|p1a: Zamazenta\n|-singleturn|p1a: Zamazenta|Protect\n|move|p1b: Chien-Pao|Protect|p1b: Chien-Pao\n|-singleturn|p1b: Chien-Pao|Protect\n|move|p2b: Lunala|Meteor Beam||[still]\n|-prepare|p2b: Lunala|Meteor Beam\n|-boost|p2b: Lunala|spa|1\n|-enditem|p2b: Lunala|Power Herb\n|-anim|p2b: Lunala|Meteor Beam|p1b: Chien-Pao\n|-activate|p1b: Chien-Pao|move: Protect\n|move|p2a: Koraidon|Collision Course|p1a: Zamazenta\n|-activate|p1a: Zamazenta|move: Protect\n|\n|-weather|SunnyDay|[upkeep]\n|upkeep\n|turn|5\n|\n|t:|1746022950\n|-terastallize|p2b: Lunala|Fairy\n|-terastallize|p1a: Zamazenta|Water\n|move|p1b: Chien-Pao|Sucker Punch|p2b: Lunala\n|-resisted|p2b: Lunala\n|-damage|p2b: Lunala|93/100\n|move|p2b: Lunala|Moongeist Beam|p1a: Zamazenta\n|-damage|p1a: Zamazenta|34/100\n|move|p1a: Zamazenta|Body Press|p2a: Koraidon\n|-damage|p2a: Koraidon|0 fnt\n|faint|p2a: Koraidon\n|\n|-weather|none\n|upkeep\n|\n|t:|1746022966\n|switch|p2a: Flutter Mane|Flutter Mane, L50|4/100\n|turn|6\n|\n|t:|1746022973\n|move|p1a: Zamazenta|Protect|p1a: Zamazenta\n|-singleturn|p1a: Zamazenta|Protect\n|move|p2a: Flutter Mane|Protect|p2a: Flutter Mane\n|-singleturn|p2a: Flutter Mane|Protect\n|move|p1b: Chien-Pao|Sucker Punch||[still]\n|-fail|p1b: Chien-Pao\n|move|p2b: Lunala|Moongeist Beam|p1a: Zamazenta\n|-activate|p1a: Zamazenta|move: Protect\n|\n|upkeep\n|turn|7\n|\n|t:|1746022992\n|switch|p1a: Rillaboom|Rillaboom, L50, M|100/100\n|-fieldstart|move: Grassy Terrain|[from] ability: Grassy Surge|[of] p1a: Rillaboom\n|-end|p2a: Flutter Mane|Protosynthesis|[silent]\n|switch|p2a: Chi-Yu|Chi-Yu, L50|100/100\n|-ability|p2a: Chi-Yu|Beads of Ruin\n|move|p1b: Chien-Pao|Sucker Punch||[still]\n|-fail|p1b: Chien-Pao\n|move|p2b: Lunala|Moongeist Beam|p1a: Rillaboom\n|-damage|p1a: Rillaboom|32/100\n|\n|-heal|p1a: Rillaboom|38/100|[from] Grassy Terrain\n|-heal|p2b: Lunala|99/100|[from] Grassy Terrain\n|-heal|p1b: Chien-Pao|7/100|[from] Grassy Terrain\n|-fieldend|move: Trick Room\n|upkeep\n|turn|8\n|\n|t:|1746023043\n|move|p1b: Chien-Pao|Protect|p1b: Chien-Pao\n|-singleturn|p1b: Chien-Pao|Protect\n|move|p1a: Rillaboom|Fake Out|p2b: Lunala\n|-damage|p2b: Lunala|86/100\n|move|p2a: Chi-Yu|Heat Wave|p1b: Chien-Pao|[spread] p1a\n|-activate|p1b: Chien-Pao|move: Protect\n|-supereffective|p1a: Rillaboom\n|-damage|p1a: Rillaboom|0 fnt\n|faint|p1a: Rillaboom\n|cant|p2b: Lunala|flinch\n|\n|-heal|p1b: Chien-Pao|13/100|[from] Grassy Terrain\n|-heal|p2b: Lunala|92/100|[from] Grassy Terrain\n|upkeep\n|\n|t:|1746023059\n|switch|p1a: Zamazenta|Zamazenta-Crowned, L50, tera:Water|34/100\n|turn|9\n|\n|t:|1746023072\n|move|p1a: Zamazenta|Wide Guard|p1a: Zamazenta\n|-singleturn|p1a: Zamazenta|Wide Guard\n|move|p2a: Chi-Yu|Heat Wave|p1a: Zamazenta|[spread] \n|-activate|p1a: Zamazenta|move: Wide Guard\n|-activate|p1b: Chien-Pao|move: Wide Guard\n|move|p1b: Chien-Pao|Icicle Crash|p2b: Lunala|[miss]\n|-miss|p1b: Chien-Pao|p2b: Lunala\n|move|p2b: Lunala|Moongeist Beam|p1a: Zamazenta\n|-damage|p1a: Zamazenta|0 fnt\n|faint|p1a: Zamazenta\n|\n|-heal|p1b: Chien-Pao|19/100|[from] Grassy Terrain\n|-heal|p2b: Lunala|98/100|[from] Grassy Terrain\n|upkeep\n|\n|t:|1746023089\n|switch|p1a: Calyrex|Calyrex-Shadow, L50|100/100\n|-ability|p1a: Calyrex|As One\n|-ability|p1a: Calyrex|Unnerve\n|turn|10\n|\n|t:|1746023114\n|move|p1b: Chien-Pao|Sucker Punch|p2a: Chi-Yu\n|-resisted|p2a: Chi-Yu\n|-damage|p2a: Chi-Yu|69/100\n|move|p2a: Chi-Yu|Heat Wave|p1b: Chien-Pao|[spread] p1a,p1b\n|-supereffective|p1b: Chien-Pao\n|-damage|p1a: Calyrex|59/100\n|-damage|p1b: Chien-Pao|0 fnt\n|faint|p1b: Chien-Pao\n|move|p1a: Calyrex|Astral Barrage|p2b: Lunala|[spread] p2a,p2b\n|-resisted|p2a: Chi-Yu\n|-damage|p2a: Chi-Yu|35/100\n|-damage|p2b: Lunala|42/100\n|-damage|p1a: Calyrex|50/100|[from] item: Life Orb\n|move|p2b: Lunala|Moongeist Beam|p1a: Calyrex\n|-supereffective|p1a: Calyrex\n|-damage|p1a: Calyrex|0 fnt\n|faint|p1a: Calyrex\n|\n|win|tg100\n|inactive|Gustavonmoreno has 30 seconds to confirm battle start!\n|inactive|tg100 has 30 seconds to confirm battle start!\n||Gustavonmoreno is ready for game 2.\n|inactive|tg100 has 20 seconds to confirm battle start!\n||tg100 is ready for game 2.\n|uhtml|next|Next: <a href=\"/battle-gen9vgc2025regibo3-2353964046\"><strong>Game 2 of 3</strong></a>\n|l|\u2606Gustavonmoreno\n|player|p1|\n|j| charvy mads\n|l| charvy mads\n", "uploadtime": 1746023371, "views": 23, "formatid": "gen9vgc2025regibo3", "rating": null, "private": 0, "password": null}