{"id": "gen9vgc2025regibo3-2354822162", "format": "[Gen 9] VGC 2025 Reg I (Bo3)", "players": ["spence.hl", "mavvyvgc"], "log": "|j|\u2606spence.hl\n|j|\u2606mavvyvgc\n|html|<table width=\"100%\"><tr><td align=\"left\">spence.hl</td><td align=\"right\">mavvyvgc</tr><tr><td align=\"left\"><i class=\"fa fa-circle\"></i> <i class=\"fa fa-circle-o\"></i> </td><td align=\"right\"><i class=\"fa fa-circle-o\"></i> <i class=\"fa fa-circle\"></i> </tr></table>\n|uhtml|bestof|<h2><strong>Game 3</strong> of <a href=\"/game-bestof3-gen9vgc2025regibo3-2354815570\">a best-of-3</a></h2>\n|t:|1746122738\n|gametype|doubles\n|player|p1|spence.hl|fisherman-gen4|1067\n|player|p2|mavvyvgc|riley|1070\n|teamsize|p1|6\n|teamsize|p2|6\n|gen|9\n|tier|[Gen 9] VGC 2025 Reg I (Bo3)\n|rated|\n|rule|Species Clause: Limit one of each Pok\u00e9mon\n|rule|Item Clause: Limit 1 of each item\n|clearpoke\n|poke|p1|Miraidon, L50|\n|poke|p1|Chi-Yu, L50|\n|poke|p1|Zacian-*, L50|\n|poke|p1|Walking Wake, L50|\n|poke|p1|Cresselia, L50, F|\n|poke|p1|Flutter Mane, L50|\n|poke|p2|Calyrex-Shadow, L50|\n|poke|p2|Kyurem-White, L50|\n|poke|p2|Slowking, L50, M|\n|poke|p2|Tornadus, L50, M|\n|poke|p2|Rillaboom, L50, F|\n|poke|p2|Incineroar, L50, F|\n|teampreview|4\n|showteam|p1|Miraidon||LifeOrb|HadronEngine|ElectroDrift,VoltSwitch,DracoMeteor,Protect||||||50|,,,,,Electric]Chi-Yu||AssaultVest|BeadsofRuin|DarkPulse,HeatWave,TeraBlast,Snarl||||||50|,,,,,Grass]Zacian-Crowned||RustedSword|IntrepidSword|behemothblade,PlayRough,SacredSword,Protect||||||50|,,,,,Dark]Walking Wake||BoosterEnergy|Protosynthesis|HydroSteam,DracoMeteor,Flamethrower,Protect||||||50|,,,,,Water]Cresselia||SafetyGoggles|Levitate|IcyWind,TrickRoom,LunarBlessing,SkillSwap|||F|||50|,,,,,Dark]Flutter Mane||ChoiceScarf|Protosynthesis|Moonblast,ShadowBall,Thunder,DazzlingGleam||||||50|,,,,,Normal\n|showteam|p2|Calyrex-Shadow||FocusSash|AsOneSpectrier|DarkPulse,AstralBarrage,NastyPlot,Protect||||||50|,,,,,Dark]Kyurem-White||NeverMeltIce|Turboblaze|Protect,Blizzard,DragonPulse,FusionFlare||||||50|,,,,,Ground]Slowking||RockyHelmet|Oblivious|Psychic,TrickRoom,ChillyReception,HelpingHand|||M|||50|,,,,,Ground]Tornadus||CovertCloak|Prankster|Tailwind,BleakwindStorm,Protect,Snowscape|||M|||50|,,,,,Dark]Rillaboom||GrassySeed|GrassySurge|DrumBeating,Uturn,GrassyGlide,FakeOut|||F|||50|,,,,,Grass]Incineroar||AssaultVest|Intimidate|FakeOut,KnockOff,FlareBlitz,Uturn|||F|||50|,,,,,Fire\n|inactive|Battle timer is ON: inactive players will automatically lose when time's up. (requested by spence.hl)\n|inactive|spence.hl has 60 seconds left.\n|inactive|mavvyvgc has 60 seconds left.\n|inactive|spence.hl has 30 seconds left.\n|\n|t:|1746122807\n|start\n|switch|p1a: Chi-Yu|Chi-Yu, L50|100/100\n|switch|p1b: Miraidon|Miraidon, L50|100/100\n|switch|p2a: Incineroar|Incineroar, L50, F|100/100\n|switch|p2b: Slowking|Slowking, L50, M|100/100\n|-fieldstart|move: Electric Terrain|[from] ability: Hadron Engine|[of] p1b: Miraidon\n|-ability|p1a: Chi-Yu|Beads of Ruin\n|-ability|p2a: Incineroar|Intimidate|boost\n|-unboost|p1a: Chi-Yu|atk|1\n|-unboost|p1b: Miraidon|atk|1\n|turn|1\n|inactive|mavvyvgc has 30 seconds left.\n|\n|t:|1746122836\n|move|p2a: Incineroar|Fake Out|p1b: Miraidon\n|-damage|p1b: Miraidon|90/100\n|cant|p1b: Miraidon|flinch\n|move|p1a: Chi-Yu|Dark Pulse|p2b: Slowking\n|-supereffective|p2b: Slowking\n|-damage|p2b: Slowking|19/100\n|move|p2b: Slowking|Trick Room|p2b: Slowking\n|-fieldstart|move: Trick Room|[of] p2b: Slowking\n|\n|upkeep\n|turn|2\n|inactive|spence.hl has 30 seconds left.\n|inactive|mavvyvgc has 30 seconds left.\n|\n|t:|1746122870\n|-terastallize|p1b: Miraidon|Electric\n|move|p2b: Slowking|Psychic|p1b: Miraidon\n|-damage|p1b: Miraidon|55/100\n|move|p2a: Incineroar|Knock Off|p1b: Miraidon\n|-damage|p1b: Miraidon|17/100\n|-enditem|p1b: Miraidon|Life Orb|[from] move: Knock Off|[of] p2a: Incineroar\n|move|p1a: Chi-Yu|Dark Pulse|p2b: Slowking\n|-supereffective|p2b: Slowking\n|-damage|p2b: Slowking|0 fnt\n|faint|p2b: Slowking\n|move|p1b: Miraidon|Electro Drift|p2a: Incineroar\n|-damage|p2a: Incineroar|3/100\n|\n|upkeep\n|\n|t:|1746122884\n|switch|p2b: Kyurem|Kyurem-White, L50|100/100\n|-ability|p2b: Kyurem|Turboblaze\n|turn|3\n|inactive|mavvyvgc has 30 seconds left.\n|\n|t:|1746122915\n|-terastallize|p2b: Kyurem|Ground\n|move|p1b: Miraidon|Protect|p1b: Miraidon\n|-singleturn|p1b: Miraidon|Protect\n|move|p2a: Incineroar|Knock Off|p1a: Chi-Yu\n|-resisted|p1a: Chi-Yu\n|-damage|p1a: Chi-Yu|70/100\n|-enditem|p1a: Chi-Yu|Assault Vest|[from] move: Knock Off|[of] p2a: Incineroar\n|move|p2b: Kyurem|Blizzard|p1a: Chi-Yu|[spread] \n|-activate|p1b: Miraidon|move: Protect\n|-miss|p2b: Kyurem|p1a: Chi-Yu\n|move|p1a: Chi-Yu|Snarl|p2b: Kyurem|[spread] p2a,p2b\n|-resisted|p2a: Incineroar\n|-damage|p2a: Incineroar|0 fnt\n|-damage|p2b: Kyurem|79/100\n|-unboost|p2b: Kyurem|spa|1\n|faint|p2a: Incineroar\n|\n|upkeep\n|\n|t:|1746122931\n|switch|p2a: Calyrex|Calyrex-Shadow, L50|100/100\n|-ability|p2a: Calyrex|As One\n|-ability|p2a: Calyrex|Unnerve\n|turn|4\n|\n|t:|1746122941\n|move|p2b: Kyurem|Blizzard|p1a: Chi-Yu|[spread] p1a,p1b\n|-resisted|p1a: Chi-Yu\n|-crit|p1a: Chi-Yu\n|-damage|p1a: Chi-Yu|13/100\n|-damage|p1b: Miraidon|0 fnt\n|-status|p1a: Chi-Yu|frz\n|faint|p1b: Miraidon\n|-curestatus|p1a: Chi-Yu|frz|[msg]\n|move|p1a: Chi-Yu|Snarl|p2a: Calyrex|[spread] p2a,p2b\n|-supereffective|p2a: Calyrex\n|-enditem|p2a: Calyrex|Focus Sash\n|-damage|p2a: Calyrex|1/100\n|-damage|p2b: Kyurem|57/100\n|-unboost|p2a: Calyrex|spa|1\n|-unboost|p2b: Kyurem|spa|1\n|move|p2a: Calyrex|Nasty Plot|p2a: Calyrex\n|-boost|p2a: Calyrex|spa|2\n|\n|upkeep\n|\n|t:|1746122951\n|switch|p1b: Zacian|Zacian-Crowned, L50|100/100\n|-ability|p1b: Zacian|Intrepid Sword|boost\n|-boost|p1b: Zacian|atk|1\n|turn|5\n|\n|t:|1746122980\n|move|p2a: Calyrex|Protect|p2a: Calyrex\n|-singleturn|p2a: Calyrex|Protect\n|move|p2b: Kyurem|Fusion Flare|p1a: Chi-Yu\n|-resisted|p1a: Chi-Yu\n|-damage|p1a: Chi-Yu|1/100\n|move|p1a: Chi-Yu|Snarl|p2b: Kyurem|[spread] p2b\n|-activate|p2a: Calyrex|move: Protect\n|-damage|p2b: Kyurem|35/100\n|-unboost|p2b: Kyurem|spa|1\n|move|p1b: Zacian|Behemoth Blade|p2b: Kyurem\n|-damage|p2b: Kyurem|0 fnt\n|faint|p2b: Kyurem\n|\n|-fieldend|move: Trick Room\n|-fieldend|move: Electric Terrain\n|upkeep\n|turn|6\n|\n|t:|1746122999\n|move|p2a: Calyrex|Astral Barrage|p1b: Zacian|[spread] p1a,p1b\n|-resisted|p1a: Chi-Yu\n|-damage|p1a: Chi-Yu|0 fnt\n|-damage|p1b: Zacian|0 fnt\n|faint|p1a: Chi-Yu\n|faint|p1b: Zacian\n|-ability|p2a: Calyrex|Grim Neigh|boost\n|-boost|p2a: Calyrex|spa|2\n|\n|upkeep\n|\n|t:|1746123011\n|switch|p1b: Flutter Mane|Flutter Mane, L50|100/100\n|turn|7\n|\n|t:|1746123022\n|move|p1b: Flutter Mane|Shadow Ball|p2a: Calyrex\n|-supereffective|p2a: Calyrex\n|-crit|p2a: Calyrex\n|-damage|p2a: Calyrex|0 fnt\n|faint|p2a: Calyrex\n|\n|win|spence.hl\n|raw|spence.hl's rating: 1067 &rarr; <strong>1097</strong><br />(+30 for winning)\n|raw|mavvyvgc's rating: 1070 &rarr; <strong>1049</strong><br />(-21 for losing)\n|c|\u2606mavvyvgc|gg\n|l|\u2606spence.hl\n|player|p1|\n", "uploadtime": 1746123078, "views": 8, "formatid": "gen9vgc2025regibo3", "rating": 1049, "private": 0, "password": null}