{"id": "gen9vgc2025regibo3-2354040553", "format": "[Gen 9] VGC 2025 Reg I (Bo3)", "players": ["ggfsb", "FinalFentanylVII"], "log": "|j|\u2606ggfsb\n|j|\u2606FinalFentanylVII\n|html|<table width=\"100%\"><tr><td align=\"left\">ggfsb</td><td align=\"right\">FinalFentanylVII</tr><tr><td align=\"left\"><i class=\"fa fa-circle-o\"></i> <i class=\"fa fa-circle-o\"></i> </td><td align=\"right\"><i class=\"fa fa-circle-o\"></i> <i class=\"fa fa-circle-o\"></i> </tr></table>\n|uhtml|bestof|<h2><strong>Game 1</strong> of <a href=\"/game-bestof3-gen9vgc2025regibo3-2354040552\">a best-of-3</a></h2>\n|t:|1746029787\n|gametype|doubles\n|player|p1|ggfsb|palmer|1240\n|player|p2|FinalFentanylVII|blue|1214\n|teamsize|p1|6\n|teamsize|p2|6\n|gen|9\n|tier|[Gen 9] VGC 2025 Reg I (Bo3)\n|rated|\n|rule|Species Clause: Limit one of each Pok\u00e9mon\n|rule|Item Clause: Limit 1 of each item\n|clearpoke\n|poke|p1|Kyogre, L50|\n|poke|p1|Mienshao, L50, F|\n|poke|p1|Zacian-*, L50|\n|poke|p1|Tornadus, L50, M|\n|poke|p1|Amoonguss, L50, F|\n|poke|p1|Incineroar, L50, F|\n|poke|p2|Calyrex-Shadow, L50|\n|poke|p2|Zamazenta-*, L50|\n|poke|p2|Incineroar, L50, M|\n|poke|p2|Rillaboom, L50, M|\n|poke|p2|Urshifu-*, L50, F|\n|poke|p2|Tornadus, L50, M|\n|teampreview|4\n|showteam|p1|Kyogre||ChoiceScarf|Drizzle|WaterSpout,OriginPulse,IceBeam,Thunder||||||50|,,,,,Water]Mienshao||FocusSash|InnerFocus|KnockOff,WideGuard,Feint,CloseCombat|||F|||50|,,,,,Dark]Zacian-Crowned||RustedSword|IntrepidSword|behemothblade,SacredSword,TeraBlast,Protect||||||50|,,,,,Ground]Tornadus||CovertCloak|Prankster|Tailwind,RainDance,BleakwindStorm,Taunt|||M|||50|,,,,,Dark]Amoonguss||RockyHelmet|Regenerator|Spore,RagePowder,PollenPuff,Protect|||F|||50|,,,,,Water]Incineroar||SafetyGoggles|Intimidate|WillOWisp,KnockOff,FakeOut,PartingShot|||F|||50|,,,,,Bug\n|showteam|p2|Calyrex-Shadow||LifeOrb|AsOneSpectrier|AstralBarrage,Psychic,NastyPlot,Protect||||||50|,,,,,Dark]Zamazenta-Crowned||RustedShield|DauntlessShield|BodyPress,behemothbash,WideGuard,Protect||||||50|,,,,,Dragon]Incineroar||RockyHelmet|Intimidate|KnockOff,PartingShot,FakeOut,HelpingHand|||M|||50|,,,,,Bug]Rillaboom||AssaultVest|GrassySurge|FakeOut,GrassyGlide,WoodHammer,Uturn|||M|||50|,,,,,Grass]Urshifu-Rapid-Strike||ChoiceScarf|UnseenFist|SurgingStrikes,CloseCombat,AquaJet,Uturn|||F|||50|,,,,,Ghost]Tornadus||FocusSash|Prankster|BleakwindStorm,Tailwind,RainDance,Protect|||M|||50|,,,,,Dark\n|inactive|Battle timer is ON: inactive players will automatically lose when time's up. (requested by FinalFentanylVII)\n|inactive|ggfsb has 60 seconds left.\n|inactive|ggfsb has 30 seconds left.\n|inactive|ggfsb has 20 seconds left.\n|\n|t:|1746029882\n|start\n|switch|p1a: Tornadus|Tornadus, L50, M|100/100\n|switch|p1b: Kyogre|Kyogre, L50|100/100\n|switch|p2a: Rillaboom|Rillaboom, L50, M|100/100\n|switch|p2b: Calyrex|Calyrex-Shadow, L50|100/100\n|-ability|p2b: Calyrex|As One\n|-ability|p2b: Calyrex|Unnerve\n|-weather|RainDance|[from] ability: Drizzle|[of] p1b: Kyogre\n|-fieldstart|move: Grassy Terrain|[from] ability: Grassy Surge|[of] p2a: Rillaboom\n|turn|1\n|inactive|ggfsb has 30 seconds left.\n|\n|t:|1746029910\n|switch|p1b: A Mongoose|Amoonguss, L50, F|100/100\n|-terastallize|p1a: Tornadus|Dark\n|move|p2a: Rillaboom|Grassy Glide|p1b: A Mongoose\n|-resisted|p1b: A Mongoose\n|-damage|p1b: A Mongoose|92/100\n|-damage|p2a: Rillaboom|84/100|[from] item: Rocky Helmet|[of] p1b: A Mongoose\n|move|p2b: Calyrex|Astral Barrage|p1a: Tornadus|[spread] p1a,p1b\n|-resisted|p1a: Tornadus\n|-damage|p1a: Tornadus|57/100\n|-damage|p1b: A Mongoose|39/100\n|-damage|p2b: Calyrex|91/100|[from] item: Life Orb\n|move|p1a: Tornadus|Bleakwind Storm|p2a: Rillaboom|[spread] p2a,p2b\n|-supereffective|p2a: Rillaboom\n|-damage|p2a: Rillaboom|38/100\n|-damage|p2b: Calyrex|60/100\n|-unboost|p2b: Calyrex|spe|1\n|\n|-weather|RainDance|[upkeep]\n|-heal|p1a: Tornadus|63/100|[from] Grassy Terrain\n|-heal|p2b: Calyrex|66/100|[from] Grassy Terrain\n|-heal|p2a: Rillaboom|43/100|[from] Grassy Terrain\n|-heal|p1b: A Mongoose|45/100|[from] Grassy Terrain\n|upkeep\n|turn|2\n|inactive|ggfsb has 30 seconds left.\n|inactive|FinalFentanylVII has 30 seconds left.\n|inactive|FinalFentanylVII has 20 seconds left.\n|\n|t:|1746029949\n|switch|p1b: Zacian|Zacian-Crowned, L50|100/100\n|-ability|p1b: Zacian|Intrepid Sword|boost\n|-boost|p1b: Zacian|atk|1\n|move|p2a: Rillaboom|Grassy Glide|p1a: Tornadus\n|-damage|p1a: Tornadus|9/100\n|move|p1a: Tornadus|Bleakwind Storm|p2a: Rillaboom|[spread] p2a,p2b\n|-supereffective|p2a: Rillaboom\n|-damage|p2a: Rillaboom|0 fnt\n|-damage|p2b: Calyrex|32/100\n|faint|p2a: Rillaboom\n|move|p2b: Calyrex|Astral Barrage|p1b: Zacian|[spread] p1a,p1b\n|-resisted|p1a: Tornadus\n|-damage|p1a: Tornadus|0 fnt\n|-damage|p1b: Zacian|41/100\n|faint|p1a: Tornadus\n|-ability|p2b: Calyrex|Grim Neigh|boost\n|-boost|p2b: Calyrex|spa|1\n|-damage|p2b: Calyrex|23/100|[from] item: Life Orb\n|\n|-weather|RainDance|[upkeep]\n|-heal|p1b: Zacian|47/100|[from] Grassy Terrain\n|-heal|p2b: Calyrex|29/100|[from] Grassy Terrain\n|upkeep\n|\n|t:|1746029967\n|switch|p1a: A Mongoose|Amoonguss, L50, F|78/100\n|switch|p2a: Zamazenta|Zamazenta-Crowned, L50|100/100\n|-ability|p2a: Zamazenta|Dauntless Shield|boost\n|-boost|p2a: Zamazenta|def|1\n|turn|3\n|inactive|FinalFentanylVII has 30 seconds left.\n|\n|t:|1746029994\n|switch|p2b: Urshifu|Urshifu-Rapid-Strike, L50, F|100/100\n|move|p1b: Zacian|Behemoth Blade|p2b: Urshifu\n|-resisted|p2b: Urshifu\n|-damage|p2b: Urshifu|58/100\n|move|p2a: Zamazenta|Behemoth Bash|p1a: A Mongoose\n|-damage|p1a: A Mongoose|41/100\n|-damage|p2a: Zamazenta|84/100|[from] item: Rocky Helmet|[of] p1a: A Mongoose\n|move|p1a: A Mongoose|Spore|p2a: Zamazenta\n|-status|p2a: Zamazenta|slp|[from] move: Spore\n|\n|-weather|RainDance|[upkeep]\n|-heal|p2b: Urshifu|63/100|[from] Grassy Terrain\n|-heal|p1b: Zacian|54/100|[from] Grassy Terrain\n|-heal|p2a: Zamazenta|90/100 slp|[from] Grassy Terrain\n|-heal|p1a: A Mongoose|47/100|[from] Grassy Terrain\n|upkeep\n|turn|4\n|inactive|FinalFentanylVII has 30 seconds left.\n|\n|t:|1746030022\n|move|p1a: A Mongoose|Rage Powder|p1a: A Mongoose\n|-singleturn|p1a: A Mongoose|move: Rage Powder\n|move|p2b: Urshifu|Surging Strikes|p1a: A Mongoose\n|-resisted|p1a: A Mongoose\n|-crit|p1a: A Mongoose\n|-damage|p1a: A Mongoose|30/100\n|-damage|p2b: Urshifu|47/100|[from] item: Rocky Helmet|[of] p1a: A Mongoose\n|-resisted|p1a: A Mongoose\n|-crit|p1a: A Mongoose\n|-damage|p1a: A Mongoose|14/100\n|-damage|p2b: Urshifu|30/100|[from] item: Rocky Helmet|[of] p1a: A Mongoose\n|-resisted|p1a: A Mongoose\n|-crit|p1a: A Mongoose\n|-damage|p1a: A Mongoose|0 fnt\n|-damage|p2b: Urshifu|14/100|[from] item: Rocky Helmet|[of] p1a: A Mongoose\n|faint|p1a: A Mongoose\n|-hitcount|p1: A Mongoose|3\n|move|p1b: Zacian|Sacred Sword|p2a: Zamazenta\n|-supereffective|p2a: Zamazenta\n|-damage|p2a: Zamazenta|23/100 slp\n|cant|p2a: Zamazenta|slp\n|\n|-weather|RainDance|[upkeep]\n|-heal|p2b: Urshifu|19/100|[from] Grassy Terrain\n|-heal|p1b: Zacian|60/100|[from] Grassy Terrain\n|-heal|p2a: Zamazenta|29/100 slp|[from] Grassy Terrain\n|upkeep\n|\n|t:|1746030032\n|switch|p1a: Kyogre|Kyogre, L50|100/100\n|turn|5\n|inactive|ggfsb has 30 seconds left.\n|\n|t:|1746030057\n|cant|p2a: Zamazenta|slp\n|move|p1a: Kyogre|Origin Pulse|p2a: Zamazenta|[spread] p2a,p2b\n|-resisted|p2b: Urshifu\n|-damage|p2a: Zamazenta|0 fnt\n|-damage|p2b: Urshifu|0 fnt\n|faint|p2a: Zamazenta\n|faint|p2b: Urshifu\n|move|p1b: Zacian|Behemoth Blade|p2: Zamazenta|[notarget]\n|-fail|p1b: Zacian\n|\n|-weather|none\n|-heal|p1b: Zacian|66/100|[from] Grassy Terrain\n|-fieldend|move: Grassy Terrain\n|upkeep\n|\n|t:|1746030064\n|switch|p2a: Calyrex|Calyrex-Shadow, L50|29/100\n|-ability|p2a: Calyrex|As One\n|-ability|p2a: Calyrex|Unnerve\n|turn|6\n|\n|t:|1746030067\n|move|p1a: Kyogre|Origin Pulse|p2a: Calyrex|[miss]\n|-miss|p1a: Kyogre|p2a: Calyrex\n|move|p2a: Calyrex|Astral Barrage|p1b: Zacian|[spread] p1a,p1b\n|-damage|p1a: Kyogre|53/100\n|-damage|p1b: Zacian|12/100\n|-damage|p2a: Calyrex|19/100|[from] item: Life Orb\n|move|p1b: Zacian|Behemoth Blade|p2a: Calyrex\n|-damage|p2a: Calyrex|0 fnt\n|faint|p2a: Calyrex\n|\n|win|ggfsb\n||FinalFentanylVII is ready for game 2.\n||ggfsb is ready for game 2.\n|uhtml|next|Next: <a href=\"/battle-gen9vgc2025regibo3-2354044025\"><strong>Game 2 of 3</strong></a>\n", "uploadtime": 1746030217, "views": 12, "formatid": "gen9vgc2025regibo3", "rating": null, "private": 0, "password": null}