{"id": "gen9vgc2025regibo3-2354240990", "format": "[Gen 9] VGC 2025 Reg I (Bo3)", "players": ["Clickster1", "u sucjasfuhafw"], "log": "|j|\u2606Clickster1\n|j|\u2606u sucjasfuhafw\n|html|<table width=\"100%\"><tr><td align=\"left\">Clickster1</td><td align=\"right\">u sucjasfuhafw</tr><tr><td align=\"left\"><i class=\"fa fa-circle-o\"></i> <i class=\"fa fa-circle-o\"></i> </td><td align=\"right\"><i class=\"fa fa-circle-o\"></i> <i class=\"fa fa-circle-o\"></i> </tr></table>\n|uhtml|bestof|<h2><strong>Game 1</strong> of <a href=\"/game-bestof3-gen9vgc2025regibo3-2354240987\">a best-of-3</a></h2>\n|t:|1746048112\n|gametype|doubles\n|player|p1|Clickster1|proton|1000\n|player|p2|u sucjasfuhafw|riley|1000\n|teamsize|p1|6\n|teamsize|p2|6\n|gen|9\n|tier|[Gen 9] VGC 2025 Reg I (Bo3)\n|rated|\n|rule|Species Clause: Limit one of each Pok\u00e9mon\n|rule|Item Clause: Limit 1 of each item\n|clearpoke\n|poke|p1|Lunala, L50|\n|poke|p1|Koraidon, L50|\n|poke|p1|Flutter Mane, L50|\n|poke|p1|Raging Bolt, L50|\n|poke|p1|Chi-Yu, L50|\n|poke|p1|Brute Bonnet, L50|\n|poke|p2|Flutter Mane, L50|\n|poke|p2|Urshifu-*, L50, F|\n|poke|p2|Incineroar, L50, M|\n|poke|p2|Maushold-Four, L50|\n|poke|p2|Calyrex-Shadow, L50|\n|poke|p2|Eternatus, L50|\n|teampreview|4\n|showteam|p1|Lunala||PowerHerb|ShadowShield|MeteorBeam,MoongeistBeam,WideGuard,TrickRoom||||||50|,,,,,Water]Koraidon||LifeOrb|OrichalcumPulse|CloseCombat,FlareBlitz,FlameCharge,Protect||||||50|,,,,,Fire]Flutter Mane||FocusSash|Protosynthesis|ShadowBall,Moonblast,IcyWind,Protect||||||50|,,,,,Normal]Raging Bolt||AssaultVest|Protosynthesis|Thunderclap,Thunderbolt,Electroweb,DracoMeteor||||||50|,,,,,Electric]Chi-Yu||ChoiceScarf|BeadsofRuin|HeatWave,Snarl,DarkPulse,Overheat||||||50|,,,,,Ghost]Brute Bonnet||CovertCloak|Protosynthesis|SeedBomb,SuckerPunch,RagePowder,Spore||||||50|,,,,,Water\n|showteam|p2|Flutter Mane||BoosterEnergy|Protosynthesis|DazzlingGleam,CalmMind,Protect,ShadowBall||||||50|,,,,,Ghost]Urshifu-Rapid-Strike||SafetyGoggles|UnseenFist|CloseCombat,SurgingStrikes,BulkUp,Protect|||F|||50|,,,,,Steel]Incineroar||SitrusBerry|Intimidate|FakeOut,PartingShot,KnockOff,Protect|||M|||50|,,,,,Grass]Maushold-Four||Leftovers|FriendGuard|Protect,HelpingHand,Encore,ThunderWave||||||50|,,,,,Steel]Calyrex-Shadow||ChoiceSpecs|AsOneSpectrier|AstralBarrage,ExpandingForce,Psychic,LeafStorm||||||50|,,,,,Steel]Eternatus||RockyHelmet|Pressure|Toxic,Protect,Recover,DynamaxCannon||||||50|,,,,,Dark\n|inactive|Battle timer is ON: inactive players will automatically lose when time's up. (requested by Clickster1)\n|inactive|u sucjasfuhafw also wants the timer to be on.\n|inactive|Clickster1 has 60 seconds left.\n|inactive|Clickster1 has 30 seconds left.\n|\n|t:|1746048179\n|start\n|switch|p1a: Chi-Yu|Chi-Yu, L50|100/100\n|switch|p1b: Lunala|Lunala, L50|100/100\n|switch|p2a: Maushold|Maushold-Four, L50|100/100\n|switch|p2b: Eternatus|Eternatus, L50|100/100\n|-ability|p1a: Chi-Yu|Beads of Ruin\n|-ability|p2b: Eternatus|Pressure\n|turn|1\n|inactive|Clickster1 has 30 seconds left.\n|inactive|Clickster1 has 20 seconds left.\n|\n|t:|1746048218\n|move|p1a: Chi-Yu|Heat Wave|p2a: Maushold|[spread] p2a\n|-miss|p1a: Chi-Yu|p2b: Eternatus\n|-damage|p2a: Maushold|45/100\n|move|p2b: Eternatus|Toxic|p1b: Lunala\n|-status|p1b: Lunala|tox\n|move|p1b: Lunala|Meteor Beam||[still]\n|-prepare|p1b: Lunala|Meteor Beam\n|-boost|p1b: Lunala|spa|1\n|-enditem|p1b: Lunala|Power Herb\n|-anim|p1b: Lunala|Meteor Beam|p2b: Eternatus\n|-damage|p2b: Eternatus|48/100\n|move|p2a: Maushold|Thunder Wave|p1a: Chi-Yu\n|-status|p1a: Chi-Yu|par\n|\n|-heal|p2a: Maushold|51/100|[from] item: Leftovers\n|-damage|p1b: Lunala|95/100 tox|[from] psn\n|upkeep\n|turn|2\n|inactive|Clickster1 has 30 seconds left.\n|inactive|u sucjasfuhafw has 30 seconds left.\n|\n|t:|1746048249\n|move|p2b: Eternatus|Protect|p2b: Eternatus\n|-singleturn|p2b: Eternatus|Protect\n|move|p2a: Maushold|Protect|p2a: Maushold\n|-singleturn|p2a: Maushold|Protect\n|move|p1b: Lunala|Moongeist Beam|p2b: Eternatus\n|-activate|p2b: Eternatus|move: Protect\n|move|p1a: Chi-Yu|Heat Wave|p2a: Maushold|[spread] \n|-activate|p2a: Maushold|move: Protect\n|-activate|p2b: Eternatus|move: Protect\n|\n|-heal|p2a: Maushold|57/100|[from] item: Leftovers\n|-damage|p1b: Lunala|83/100 tox|[from] psn\n|upkeep\n|turn|3\n|inactive|u sucjasfuhafw has 30 seconds left.\n|\n|t:|1746048281\n|move|p2b: Eternatus|Recover|p2b: Eternatus\n|-heal|p2b: Eternatus|98/100\n|move|p1b: Lunala|Moongeist Beam|p2b: Eternatus\n|-damage|p2b: Eternatus|13/100\n|move|p2a: Maushold|Encore|p1b: Lunala\n|-start|p1b: Lunala|Encore\n|move|p1a: Chi-Yu|Heat Wave|p2a: Maushold|[spread] p2a,p2b\n|-resisted|p2b: Eternatus\n|-damage|p2a: Maushold|0 fnt\n|-damage|p2b: Eternatus|0 fnt\n|faint|p2a: Maushold\n|faint|p2b: Eternatus\n|\n|-damage|p1b: Lunala|65/100 tox|[from] psn\n|upkeep\n|\n|t:|1746048295\n|switch|p2b: Calyrex|Calyrex-Shadow, L50|100/100\n|switch|p2a: Urshifu|Urshifu-Rapid-Strike, L50, F|100/100\n|-ability|p2b: Calyrex|As One\n|-ability|p2b: Calyrex|Unnerve\n|turn|4\n|\n|t:|1746048311\n|switch|p1b: Koraidon|Koraidon, L50|100/100\n|-weather|SunnyDay|[from] ability: Orichalcum Pulse|[of] p1b: Koraidon\n|-activate|p1b: Koraidon|Orichalcum Pulse|[source]\n|-terastallize|p2b: Calyrex|Steel\n|move|p2b: Calyrex|Astral Barrage|p1b: Koraidon|[spread] p1a,p1b\n|-resisted|p1a: Chi-Yu\n|-damage|p1a: Chi-Yu|52/100 par\n|-damage|p1b: Koraidon|0 fnt\n|faint|p1b: Koraidon\n|-ability|p2b: Calyrex|Grim Neigh|boost\n|-boost|p2b: Calyrex|spa|1\n|move|p2a: Urshifu|Surging Strikes|p1a: Chi-Yu\n|-supereffective|p1a: Chi-Yu\n|-crit|p1a: Chi-Yu\n|-damage|p1a: Chi-Yu|20/100 par\n|-supereffective|p1a: Chi-Yu\n|-crit|p1a: Chi-Yu\n|-damage|p1a: Chi-Yu|0 fnt\n|faint|p1a: Chi-Yu\n|-hitcount|p1: Chi-Yu|2\n|\n|-weather|SunnyDay|[upkeep]\n|upkeep\n|\n|t:|1746048329\n|switch|p1b: Raging Bolt|Raging Bolt, L50|100/100\n|switch|p1a: Lunala|Lunala, L50|65/100 tox\n|-activate|p1b: Raging Bolt|ability: Protosynthesis\n|-start|p1b: Raging Bolt|protosynthesisspa\n|turn|5\n|inactive|Clickster1 has 30 seconds left.\n|\n|t:|1746048357\n|-terastallize|p1a: Lunala|Water\n|move|p1a: Lunala|Wide Guard|p1a: Lunala\n|-singleturn|p1a: Lunala|Wide Guard\n|move|p1b: Raging Bolt|Thunderclap|p2a: Urshifu\n|-supereffective|p2a: Urshifu\n|-damage|p2a: Urshifu|0 fnt\n|faint|p2a: Urshifu\n|move|p2b: Calyrex|Astral Barrage|p1a: Lunala|[spread] \n|-activate|p1a: Lunala|move: Wide Guard\n|-activate|p1b: Raging Bolt|move: Wide Guard\n|\n|-weather|SunnyDay|[upkeep]\n|-damage|p1a: Lunala|59/100 tox|[from] psn\n|upkeep\n|turn|6\n|\n|t:|1746048379\n|move|p1a: Lunala|Wide Guard|p1a: Lunala\n|-singleturn|p1a: Lunala|Wide Guard\n|move|p2b: Calyrex|Astral Barrage|p1b: Raging Bolt|[spread] \n|-activate|p1a: Lunala|move: Wide Guard\n|-activate|p1b: Raging Bolt|move: Wide Guard\n|move|p1b: Raging Bolt|Thunderbolt|p2b: Calyrex\n|-damage|p2b: Calyrex|42/100\n|\n|-weather|SunnyDay|[upkeep]\n|-damage|p1a: Lunala|47/100 tox|[from] psn\n|upkeep\n|turn|7\n|-message|u sucjasfuhafw forfeited.\n|\n|win|Clickster1\n|l|\u2606u sucjasfuhafw\n|player|p2|\n||u sucjasfuhafw is ready for game 2.\n||Clickster1 is ready for game 2.\n|uhtml|next|Next: <a href=\"/battle-gen9vgc2025regibo3-2354243670\"><strong>Game 2 of 3</strong></a>\n", "uploadtime": 1746048418, "views": 9, "formatid": "gen9vgc2025regibo3", "rating": null, "private": 0, "password": null}