{"id": "gen9vgc2025regibo3-2353576856", "format": "[Gen 9] VGC 2025 Reg I (Bo3)", "players": ["EtienneN7", "miraidons the goat"], "log": "|j|\u2606EtienneN7\n|j|\u2606miraidons the goat\n|html|<table width=\"100%\"><tr><td align=\"left\">EtienneN7</td><td align=\"right\">miraidons the goat</tr><tr><td align=\"left\"><i class=\"fa fa-circle\"></i> <i class=\"fa fa-circle-o\"></i> </td><td align=\"right\"><i class=\"fa fa-circle-o\"></i> <i class=\"fa fa-circle\"></i> </tr></table>\n|uhtml|bestof|<h2><strong>Game 3</strong> of <a href=\"/game-bestof3-gen9vgc2025regibo3-2353571533\">a best-of-3</a></h2>\n|t:|1745970312\n|gametype|doubles\n|player|p1|EtienneN7|dawn|1121\n|player|p2|miraidons the goat|lisia-masters|1230\n|teamsize|p1|6\n|teamsize|p2|6\n|gen|9\n|tier|[Gen 9] VGC 2025 Reg I (Bo3)\n|rated|\n|rule|Species Clause: Limit one of each Pok\u00e9mon\n|rule|Item Clause: Limit 1 of each item\n|clearpoke\n|poke|p1|Zamazenta-*, L50|\n|poke|p1|Incineroar, L50, F|\n|poke|p1|Tornadus, L50, M|\n|poke|p1|Urshifu-*, L50, F|\n|poke|p1|Groudon, L50|\n|poke|p1|Cresselia, L50, F|\n|poke|p2|Calyrex-Shadow, L50|\n|poke|p2|Koraidon, L50|\n|poke|p2|Chi-Yu, L50|\n|poke|p2|Indeedee-F, L50, F|\n|poke|p2|Whimsicott, L50, F|\n|poke|p2|Ditto, L50|\n|teampreview|4\n|showteam|p1|Zamazenta-Crowned||RustedShield|DauntlessShield|BodyPress,HeavySlam,WideGuard,IronDefense||||||50|,,,,,Ground]Incineroar||RockyHelmet|Intimidate|FakeOut,Uturn,DarkestLariat,WillOWisp|||F|||50|,,,,,Ghost]Tornadus||CovertCloak|Prankster|Tailwind,Taunt,BleakwindStorm,SunnyDay|||M|||50|,,,,,Flying]Urshifu-Rapid-Strike||FocusSash|UnseenFist|AquaJet,SurgingStrikes,Detect,CloseCombat|||F|||50|,,,,,Fighting]Groudon||ChoiceSpecs|Drought|Protect,EarthPower,Eruption,SolarBeam||||||50|,,,,,Grass]Cresselia||Leftovers|Levitate|Protect,HelpingHand,TrickRoom,IceBeam|||F|||50|,,,,,Psychic\n|showteam|p2|Calyrex-Shadow||ChoiceSpecs|AsOneSpectrier|AstralBarrage,ExpandingForce,PollenPuff,Psyshock||||||50|,,,,,Dark]Koraidon||LifeOrb|OrichalcumPulse|CloseCombat,FlareBlitz,DragonClaw,Protect||||||50|,,,,,Fire]Chi-Yu||ChoiceScarf|BeadsofRuin|Snarl,DarkPulse,HeatWave,Overheat||||||50|,,,,,Fire]Indeedee-F||PsychicSeed|PsychicSurge|FollowMe,TrickRoom,HelpingHand,ShadowBall|||F|||50|,,,,,Steel]Whimsicott||CovertCloak|Prankster|Tailwind,Encore,Moonblast,SunnyDay|||F|||50|,,,,,Dark]Ditto||FocusSash|Imposter|Transform||||||50|,,,,,Ghost\n|j| miardy\n|j| zozordy\n|\n|t:|1745970359\n|start\n|switch|p1a: Urshifu|Urshifu-Rapid-Strike, L50, F|100/100\n|switch|p1b: Zamazenta|Zamazenta-Crowned, L50|100/100\n|switch|p2a: fat|Indeedee-F, L50, F, shiny|100/100\n|switch|p2b: mental trauma|Calyrex-Shadow, L50|100/100\n|-ability|p2b: mental trauma|As One\n|-ability|p2b: mental trauma|Unnerve\n|-ability|p1b: Zamazenta|Dauntless Shield|boost\n|-boost|p1b: Zamazenta|def|1\n|-fieldstart|move: Psychic Terrain|[from] ability: Psychic Surge|[of] p2a: fat\n|-enditem|p2a: fat|Psychic Seed\n|-boost|p2a: fat|spd|1|[from] item: Psychic Seed\n|turn|1\n|\n|t:|1745970390\n|move|p1a: Urshifu|Detect|p1a: Urshifu\n|-singleturn|p1a: Urshifu|Protect\n|move|p2a: fat|Follow Me|p2a: fat\n|-singleturn|p2a: fat|move: Follow Me\n|move|p2b: mental trauma|Expanding Force|p1b: Zamazenta|[spread] p1b\n|-activate|p1a: Urshifu|move: Protect\n|-damage|p1b: Zamazenta|34/100\n|move|p1b: Zamazenta|Body Press|p2a: fat\n|-damage|p2a: fat|34/100\n|\n|upkeep\n|turn|2\n|\n|t:|1745970413\n|move|p1b: Zamazenta|Wide Guard|p1b: Zamazenta\n|-singleturn|p1b: Zamazenta|Wide Guard\n|move|p2a: fat|Follow Me|p2a: fat\n|-singleturn|p2a: fat|move: Follow Me\n|move|p2b: mental trauma|Expanding Force|p1b: Zamazenta|[spread] \n|-activate|p1a: Urshifu|move: Wide Guard\n|-activate|p1b: Zamazenta|move: Wide Guard\n|move|p1a: Urshifu|Surging Strikes|p2a: fat\n|-crit|p2a: fat\n|-damage|p2a: fat|12/100\n|-crit|p2a: fat\n|-damage|p2a: fat|0 fnt\n|faint|p2a: fat\n|-hitcount|p2: fat|2\n|\n|upkeep\n|\n|t:|1745970438\n|switch|p2a: copycat|Ditto, L50, shiny|100/100\n|-transform|p2a: copycat|p1b: Zamazenta|[from] ability: Imposter\n|-ability|p2a: copycat|Dauntless Shield|boost\n|-boost|p2a: copycat|def|1\n|turn|3\n|c|\u2606miraidons the goat|so funny\n|\n|t:|1745970462\n|-terastallize|p1a: Urshifu|Fighting\n|move|p1b: Zamazenta|Wide Guard|p1b: Zamazenta\n|-singleturn|p1b: Zamazenta|Wide Guard\n|move|p2b: mental trauma|Expanding Force|p1a: Urshifu|[spread] \n|-activate|p1a: Urshifu|move: Wide Guard\n|-activate|p1b: Zamazenta|move: Wide Guard\n|move|p1a: Urshifu|Close Combat|p2a: copycat\n|-supereffective|p2a: copycat\n|-damage|p2a: copycat|36/100\n|-unboost|p1a: Urshifu|def|1\n|-unboost|p1a: Urshifu|spd|1\n|move|p2a: copycat|Body Press|p1a: Urshifu\n|-enditem|p1a: Urshifu|Focus Sash\n|-damage|p1a: Urshifu|1/100\n|\n|upkeep\n|turn|4\n|c| zozordy|U litteraly nae everymon\n|c|\u2606miraidons the goat|yeah\n|c|\u2606miraidons the goat|why wouldn't I\n|c| zozordy|Idk\n|\n|t:|1745970493\n|move|p1b: Zamazenta|Wide Guard|p1b: Zamazenta\n|-singleturn|p1b: Zamazenta|Wide Guard\n|move|p2b: mental trauma|Expanding Force|p1a: Urshifu|[spread] \n|-activate|p1a: Urshifu|move: Wide Guard\n|-activate|p1b: Zamazenta|move: Wide Guard\n|move|p1a: Urshifu|Surging Strikes|p2a: copycat\n|-crit|p2a: copycat\n|-damage|p2a: copycat|22/100\n|-crit|p2a: copycat\n|-damage|p2a: copycat|8/100\n|-crit|p2a: copycat\n|-damage|p2a: copycat|0 fnt\n|faint|p2a: copycat\n|-hitcount|p2: copycat|3\n|\n|upkeep\n|\n|t:|1745970506\n|switch|p2a: better bike|Koraidon, L50|100/100\n|-weather|SunnyDay|[from] ability: Orichalcum Pulse|[of] p2a: better bike\n|-activate|p2a: better bike|Orichalcum Pulse|[source]\n|turn|5\n|c| zozordy|But MENTAL TRAUMA\n|c|\u2606miraidons the goat|thats what csr is\n|c| zozordy|Ik but like, WHY\n|c|\u2606miraidons the goat|because the thing gave me so much mental trauma\n|inactive|Battle timer is ON: inactive players will automatically lose when time's up. (requested by miraidons the goat)\n|c| miardy|lol\n|\n|t:|1745970572\n|move|p1a: Urshifu|Detect|p1a: Urshifu\n|-singleturn|p1a: Urshifu|Protect\n|move|p2b: mental trauma|Expanding Force|p1b: Zamazenta|[spread] p1b\n|-activate|p1a: Urshifu|move: Protect\n|-damage|p1b: Zamazenta|0 fnt\n|faint|p1b: Zamazenta\n|-ability|p2b: mental trauma|Grim Neigh|boost\n|-boost|p2b: mental trauma|spa|1\n|move|p2a: better bike|Dragon Claw|p1a: Urshifu\n|-activate|p1a: Urshifu|move: Protect\n|\n|-weather|SunnyDay|[upkeep]\n|-fieldend|move: Psychic Terrain\n|upkeep\n|c| zozordy|So u used it\n|\n|t:|1745970584\n|switch|p1b: Cresselia|Cresselia, L50, F|100/100\n|turn|6\n|c|\u2606miraidons the goat|yep\n|\n|t:|1745970600\n|-terastallize|p2a: better bike|Fire\n|move|p1a: Urshifu|Aqua Jet|p2a: better bike\n|-supereffective|p2a: better bike\n|-damage|p2a: better bike|82/100\n|move|p2b: mental trauma|Expanding Force|p1a: Urshifu\n|-supereffective|p1a: Urshifu\n|-crit|p1a: Urshifu\n|-damage|p1a: Urshifu|0 fnt\n|faint|p1a: Urshifu\n|-ability|p2b: mental trauma|Grim Neigh|boost\n|-boost|p2b: mental trauma|spa|1\n|move|p2a: better bike|Flare Blitz|p1b: Cresselia\n|-damage|p1b: Cresselia|0 fnt\n|faint|p1b: Cresselia\n|-damage|p2a: better bike|39/100|[from] Recoil\n|-damage|p2a: better bike|30/100|[from] item: Life Orb\n|\n|-weather|SunnyDay|[upkeep]\n|upkeep\n|c|\u2606miraidons the goat|since reg I I've been using csr\n|c|\u2606miraidons the goat|never once consideed dropping it\n|c| miardy|noice\n|\n|t:|1745970616\n|switch|p1b: Groudon|Groudon, L50|100/100\n|turn|7\n|c|\u2606miraidons the goat|Groudon is not saving this\n|c|\u2606EtienneN7|ggwp\n|c| zozordy|Ur name is mit\n|\n|t:|1745970627\n|move|p2b: mental trauma|Expanding Force|p1b: Groudon\n|-damage|p1b: Groudon|0 fnt\n|faint|p1b: Groudon\n|\n|win|miraidons the goat\n|raw|EtienneN7's rating: 1121 &rarr; <strong>1104</strong><br />(-17 for losing)\n|raw|miraidons the goat's rating: 1230 &rarr; <strong>1247</strong><br />(+17 for winning)\n|c| zozordy|E\n|l| miardy\n|l|\u2606miraidons the goat\n|player|p2|\n|c|\u2606EtienneN7|i thought cress could tank it hahaha\n|l| zozordy\n", "uploadtime": 1745970632, "views": 36, "formatid": "gen9vgc2025regibo3", "rating": 1104, "private": 0, "password": null}