{"id": "gen9vgc2025regibo3-2353711545", "format": "[Gen 9] VGC 2025 Reg I (Bo3)", "players": ["grace_my_world", "seeing improvement"], "log": "|j|\u2606grace_my_world\n|j|\u2606seeing improvement\n|html|<table width=\"100%\"><tr><td align=\"left\">grace_my_world</td><td align=\"right\">seeing improvement</tr><tr><td align=\"left\"><i class=\"fa fa-circle\"></i> <i class=\"fa fa-circle-o\"></i> </td><td align=\"right\"><i class=\"fa fa-circle-o\"></i> <i class=\"fa fa-circle-o\"></i> </tr></table>\n|uhtml|bestof|<h2><strong>Game 2</strong> of <a href=\"/game-bestof3-gen9vgc2025regibo3-2353709549\">a best-of-3</a></h2>\n|t:|1745987083\n|gametype|doubles\n|player|p1|grace_my_world|170|1284\n|player|p2|seeing improvement|scientist-gen4dp|1260\n|teamsize|p1|6\n|teamsize|p2|6\n|gen|9\n|tier|[Gen 9] VGC 2025 Reg I (Bo3)\n|rated|\n|rule|Species Clause: Limit one of each Pok\u00e9mon\n|rule|Item Clause: Limit 1 of each item\n|clearpoke\n|poke|p1|Miraidon, L50|\n|poke|p1|Whimsicott, L50, M|\n|poke|p1|Calyrex-Shadow, L50|\n|poke|p1|Chien-Pao, L50|\n|poke|p1|Amoonguss, L50, M|\n|poke|p1|Urshifu-*, L50, F|\n|poke|p2|Calyrex-Shadow, L50|\n|poke|p2|Zamazenta-*, L50|\n|poke|p2|Incineroar, L50, F|\n|poke|p2|Iron Hands, L50|\n|poke|p2|Ogerpon-Wellspring, L50, F|\n|poke|p2|Chien-Pao, L50|\n|teampreview|4\n|showteam|p1|Miraidon||ChoiceSpecs|HadronEngine|ElectroDrift,DracoMeteor,DazzlingGleam,VoltSwitch||||||50|,,,,,Fairy]Whimsicott||CovertCloak|Prankster|Moonblast,Protect,Tailwind,Encore|||M|||50|,,,,,Water]Calyrex-Shadow||SpellTag|AsOneSpectrier|AstralBarrage,ExpandingForce,NastyPlot,Protect||||||50|,,,,,Dark]Chien-Pao||FocusSash|SwordofRuin|IcicleCrash,SuckerPunch,Protect,ThroatChop||||||50|,,,,,Stellar]Amoonguss||RockyHelmet|Regenerator|Spore,PollenPuff,Protect,RagePowder|||M|||50|,,,,,Water]Urshifu-Rapid-Strike||ChoiceScarf|UnseenFist|CloseCombat,AquaJet,SurgingStrikes,Uturn|||F|||50|,,,,,Ghost\n|showteam|p2|Calyrex-Shadow||SpellTag|AsOneSpectrier|AstralBarrage,Psychic,NastyPlot,Protect||||||50|,,,,,Dark]Zamazenta-Crowned||RustedShield|DauntlessShield|BodyPress,HeavySlam,WideGuard,Protect||||||50|,,,,,Dragon]Incineroar||SafetyGoggles|Intimidate|KnockOff,WillOWisp,PartingShot,FakeOut|||F|||50|,,,,,Bug]Iron Hands||AssaultVest|QuarkDrive|DrainPunch,LowKick,FakeOut,WildCharge||||||50|,,,,,Water]Ogerpon-Wellspring||WellspringMask|WaterAbsorb|IvyCudgel,FollowMe,Taunt,SpikyShield|||F|||50|,,,,,Water]Chien-Pao||FocusSash|SwordofRuin|IceSpinner,ThroatChop,SuckerPunch,Protect||||||50|,,,,,Ghost\n|\n|t:|1745987144\n|start\n|switch|p1a: Miraidon|Miraidon, L50|100/100\n|switch|p1b: Whimsicott|Whimsicott, L50, M|100/100\n|switch|p2a: Chien-Pao|Chien-Pao, L50|100/100\n|switch|p2b: Incineroar|Incineroar, L50, F|100/100\n|-ability|p2a: Chien-Pao|Sword of Ruin\n|-fieldstart|move: Electric Terrain|[from] ability: Hadron Engine|[of] p1a: Miraidon\n|-ability|p2b: Incineroar|Intimidate|boost\n|-unboost|p1a: Miraidon|atk|1\n|-unboost|p1b: Whimsicott|atk|1\n|turn|1\n|\n|t:|1745987172\n|switch|p1a: Urshifu|Urshifu-Rapid-Strike, L50, F|100/100\n|move|p1b: Whimsicott|Tailwind|p1b: Whimsicott\n|-sidestart|p1: grace_my_world|move: Tailwind\n|move|p2a: Chien-Pao|Ice Spinner|p1b: Whimsicott\n|-supereffective|p1b: Whimsicott\n|-damage|p1b: Whimsicott|0 fnt\n|-fieldend|move: Electric Terrain\n|faint|p1b: Whimsicott\n|move|p2b: Incineroar|Parting Shot|p1a: Urshifu\n|-unboost|p1a: Urshifu|atk|1\n|-unboost|p1a: Urshifu|spa|1\n|\n|t:|1745987177\n|switch|p2b: Ogerpon|Ogerpon-Wellspring, L50, F|100/100|[from] Parting Shot\n|\n|upkeep\n|\n|t:|1745987187\n|switch|p1b: Miraidon|Miraidon, L50|100/100\n|-fieldstart|move: Electric Terrain|[from] ability: Hadron Engine|[of] p1b: Miraidon\n|turn|2\n|\n|t:|1745987220\n|switch|p1a: Calyrex|Calyrex-Shadow, L50|100/100\n|-ability|p1a: Calyrex|As One\n|-ability|p1a: Calyrex|Unnerve\n|-terastallize|p1b: Miraidon|Fairy\n|move|p2b: Ogerpon|Spiky Shield|p2b: Ogerpon\n|-singleturn|p2b: Ogerpon|move: Protect\n|move|p2a: Chien-Pao|Sucker Punch|p1b: Miraidon\n|-resisted|p1b: Miraidon\n|-damage|p1b: Miraidon|80/100\n|move|p1b: Miraidon|Electro Drift|p2a: Chien-Pao\n|-enditem|p2a: Chien-Pao|Focus Sash\n|-damage|p2a: Chien-Pao|1/100\n|\n|upkeep\n|turn|3\n|\n|t:|1745987248\n|switch|p1a: Urshifu|Urshifu-Rapid-Strike, L50, F|100/100\n|move|p2a: Chien-Pao|Sucker Punch||[still]\n|-fail|p2a: Chien-Pao\n|move|p1b: Miraidon|Electro Drift|p2a: Chien-Pao\n|-damage|p2a: Chien-Pao|0 fnt\n|faint|p2a: Chien-Pao\n|move|p2b: Ogerpon|Ivy Cudgel|p1b: Miraidon|[anim] Ivy Cudgel Water\n|-damage|p1b: Miraidon|31/100\n|\n|upkeep\n|\n|t:|1745987263\n|switch|p2a: Incineroar|Incineroar, L50, F|100/100\n|-ability|p2a: Incineroar|Intimidate|boost\n|-unboost|p1a: Urshifu|atk|1\n|-unboost|p1b: Miraidon|atk|1\n|turn|4\n|\n|t:|1745987273\n|move|p2a: Incineroar|Fake Out|p1b: Miraidon\n|-damage|p1b: Miraidon|21/100\n|move|p1a: Urshifu|Surging Strikes|p2a: Incineroar\n|-supereffective|p2a: Incineroar\n|-crit|p2a: Incineroar\n|-damage|p2a: Incineroar|60/100\n|-supereffective|p2a: Incineroar\n|-crit|p2a: Incineroar\n|-damage|p2a: Incineroar|27/100\n|-supereffective|p2a: Incineroar\n|-crit|p2a: Incineroar\n|-damage|p2a: Incineroar|0 fnt\n|faint|p2a: Incineroar\n|-hitcount|p2: Incineroar|3\n|cant|p1b: Miraidon|flinch\n|move|p2b: Ogerpon|Ivy Cudgel|p1b: Miraidon|[anim] Ivy Cudgel Water\n|-damage|p1b: Miraidon|0 fnt\n|faint|p1b: Miraidon\n|\n|-sideend|p1: grace_my_world|move: Tailwind\n|upkeep\n|\n|t:|1745987288\n|switch|p1b: Calyrex|Calyrex-Shadow, L50|100/100\n|switch|p2a: Calyrex|Calyrex-Shadow, L50|100/100\n|-ability|p2a: Calyrex|As One\n|-ability|p2a: Calyrex|Unnerve\n|-ability|p1b: Calyrex|As One\n|-ability|p1b: Calyrex|Unnerve\n|turn|5\n|\n|t:|1745987308\n|-terastallize|p2a: Calyrex|Dark\n|move|p2b: Ogerpon|Follow Me|p2b: Ogerpon\n|-singleturn|p2b: Ogerpon|move: Follow Me\n|move|p1a: Urshifu|Surging Strikes|p2b: Ogerpon\n|-immune|p2b: Ogerpon|[from] ability: Water Absorb\n|move|p2a: Calyrex|Astral Barrage|p1b: Calyrex|[spread] p1a,p1b\n|-supereffective|p1b: Calyrex\n|-damage|p1a: Urshifu|4/100\n|-damage|p1b: Calyrex|0 fnt\n|faint|p1b: Calyrex\n|-ability|p2a: Calyrex|Grim Neigh|boost\n|-boost|p2a: Calyrex|spa|1\n|\n|upkeep\n|turn|6\n|\n|t:|1745987321\n|move|p2b: Ogerpon|Follow Me|p2b: Ogerpon\n|-singleturn|p2b: Ogerpon|move: Follow Me\n|move|p1a: Urshifu|Surging Strikes|p2b: Ogerpon\n|-immune|p2b: Ogerpon|[from] ability: Water Absorb\n|move|p2a: Calyrex|Astral Barrage|p1a: Urshifu\n|-damage|p1a: Urshifu|0 fnt\n|faint|p1a: Urshifu\n|\n|win|seeing improvement\n|inactive|grace_my_world has 30 seconds to confirm battle start!\n|inactive|seeing improvement has 30 seconds to confirm battle start!\n||seeing improvement is ready for game 3.\n||grace_my_world is ready for game 3.\n|uhtml|next|Next: <a href=\"/battle-gen9vgc2025regibo3-2353713233\"><strong>Game 3 of 3</strong></a>\n|l|\u2606seeing improvement\n|player|p2|\n", "uploadtime": 1745987696, "views": 8, "formatid": "gen9vgc2025regibo3", "rating": null, "private": 0, "password": null}