{"id": "gen9vgc2025regibo3-2354475150", "format": "[Gen 9] VGC 2025 Reg I (Bo3)", "players": ["pokebedrock", "bigj009"], "log": "|j|\u2606pokebedrock\n|j|\u2606bigj009\n|html|<table width=\"100%\"><tr><td align=\"left\">pokebedrock</td><td align=\"right\">bigj009</tr><tr><td align=\"left\"><i class=\"fa fa-circle-o\"></i> <i class=\"fa fa-circle-o\"></i> </td><td align=\"right\"><i class=\"fa fa-circle-o\"></i> <i class=\"fa fa-circle-o\"></i> </tr></table>\n|uhtml|bestof|<h2><strong>Game 1</strong> of <a href=\"/game-bestof3-gen9vgc2025regibo3-2354475149\">a best-of-3</a></h2>\n|t:|1746077634\n|gametype|doubles\n|player|p1|pokebedrock|2|1047\n|player|p2|bigj009|lucas|1107\n|teamsize|p1|6\n|teamsize|p2|6\n|gen|9\n|tier|[Gen 9] VGC 2025 Reg I (Bo3)\n|rated|\n|rule|Species Clause: Limit one of each Pok\u00e9mon\n|rule|Item Clause: Limit 1 of each item\n|clearpoke\n|poke|p1|Groudon, L50|\n|poke|p1|Raging Bolt, L50|\n|poke|p1|Flutter Mane, L50|\n|poke|p1|Chi-Yu, L50|\n|poke|p1|Tornadus, L50, M|\n|poke|p1|Ho-Oh, L50|\n|poke|p2|Calyrex-Ice, L50|\n|poke|p2|Kyogre, L50|\n|poke|p2|Smeargle, L50, M|\n|poke|p2|Whimsicott, L50, F|\n|poke|p2|Indeedee-F, L50, F|\n|poke|p2|Ursaluna-Bloodmoon, L50, M|\n|teampreview|4\n|showteam|p1|Groudon||ClearAmulet|Drought|PrecipiceBlades,HeatCrash,ThunderPunch,Protect||||||50|,,,,,Fire]Raging Bolt||AssaultVest|Protosynthesis|Thunderclap,VoltSwitch,DracoMeteor,Snarl||||||50|,,,,,Fairy]Flutter Mane||FocusSash|Protosynthesis|Moonblast,ShadowBall,IcyWind,Protect||||||50|,,,,,Fairy]Chi-Yu||ChoiceScarf|BeadsofRuin|HeatWave,Overheat,Snarl,DarkPulse||||||50|,,,,,Ghost]Tornadus||CovertCloak|Prankster|BleakwindStorm,Tailwind,Taunt,SunnyDay|||M|||50|,,,,,Dark]Ho-Oh||LifeOrb|Regenerator|SacredFire,BraveBird,WillOWisp,Protect||||||50|,,,,,Grass\n|showteam|p2|Calyrex-Ice||LifeOrb|AsOneGlastrier|GlacialLance,HighHorsepower,Protect,TrickRoom||||||50|,,,,,Water]Kyogre||ChoiceScarf|Drizzle|WaterSpout,TeraBlast,IceBeam,Thunder||||||50|,,,,,Water]Smeargle||FocusSash|OwnTempo|FakeOut,Spore,Feint,FollowMe|||M|||50|,,,,,Ghost]Whimsicott||CovertCloak|Prankster|Tailwind,Moonblast,Encore,CottonSpore|||F|||50|,,,,,Dark]Indeedee-F||SafetyGoggles|PsychicSurge|FollowMe,TrickRoom,HelpingHand,Psychic|||F|||50|,,,,,Water]Ursaluna-Bloodmoon||ThroatSpray|MindsEye|HyperVoice,BloodMoon,Protect,EarthPower|||M|||50|,,,,,Normal\n|inactive|Battle timer is ON: inactive players will automatically lose when time's up. (requested by bigj009)\n|\n|t:|1746077668\n|start\n|switch|p1a: Tornadus|Tornadus, L50, M|100/100\n|switch|p1b: Raging Bolt|Raging Bolt, L50|100/100\n|switch|p2a: Kyogre|Kyogre, L50|100/100\n|switch|p2b: Indeedee|Indeedee-F, L50, F|100/100\n|-weather|RainDance|[from] ability: Drizzle|[of] p2a: Kyogre\n|-fieldstart|move: Psychic Terrain|[from] ability: Psychic Surge|[of] p2b: Indeedee\n|turn|1\n|\n|t:|1746077694\n|switch|p2a: Ursaluna|Ursaluna-Bloodmoon, L50, M|100/100\n|move|p1a: Tornadus|Bleakwind Storm|p2a: Ursaluna|[spread] p2a,p2b\n|-damage|p2a: Ursaluna|60/100\n|-damage|p2b: Indeedee|66/100\n|move|p1b: Raging Bolt|Snarl|p2b: Indeedee|[spread] p2a,p2b\n|-supereffective|p2b: Indeedee\n|-crit|p2b: Indeedee\n|-damage|p2a: Ursaluna|43/100\n|-damage|p2b: Indeedee|25/100\n|-unboost|p2a: Ursaluna|spa|1\n|-unboost|p2b: Indeedee|spa|1\n|move|p2b: Indeedee|Trick Room|p2b: Indeedee\n|-fieldstart|move: Trick Room|[of] p2b: Indeedee\n|\n|-weather|RainDance|[upkeep]\n|upkeep\n|turn|2\n|\n|t:|1746077717\n|move|p2a: Ursaluna|Hyper Voice|p1b: Raging Bolt|[spread] p1a,p1b\n|-damage|p1a: Tornadus|69/100\n|-damage|p1b: Raging Bolt|84/100\n|-enditem|p2a: Ursaluna|Throat Spray\n|-boost|p2a: Ursaluna|spa|1|[from] item: Throat Spray\n|move|p1b: Raging Bolt|Snarl|p2b: Indeedee|[spread] p2a,p2b\n|-supereffective|p2b: Indeedee\n|-damage|p2a: Ursaluna|25/100\n|-damage|p2b: Indeedee|0 fnt\n|-unboost|p2a: Ursaluna|spa|1\n|faint|p2b: Indeedee\n|move|p1a: Tornadus|Bleakwind Storm|p2a: Ursaluna\n|-damage|p2a: Ursaluna|0 fnt\n|faint|p2a: Ursaluna\n|\n|-weather|RainDance|[upkeep]\n|upkeep\n|\n|t:|1746077720\n|switch|p2a: Calyrex|Calyrex-Ice, L50|100/100\n|switch|p2b: Kyogre|Kyogre, L50|100/100\n|-ability|p2a: Calyrex|As One\n|-ability|p2a: Calyrex|Unnerve\n|turn|3\n|inactive|pokebedrock has 30 seconds left.\n|\n|t:|1746077755\n|-terastallize|p1b: Raging Bolt|Fairy\n|move|p2a: Calyrex|Glacial Lance|p1b: Raging Bolt|[spread] p1a,p1b\n|-supereffective|p1a: Tornadus\n|-crit|p1b: Raging Bolt\n|-damage|p1a: Tornadus|0 fnt\n|-damage|p1b: Raging Bolt|0 fnt\n|faint|p1a: Tornadus\n|faint|p1b: Raging Bolt\n|-end|p1b: Raging Bolt|Protosynthesis|[silent]\n|-ability|p2a: Calyrex|Chilling Neigh|boost\n|-boost|p2a: Calyrex|atk|2\n|-damage|p2a: Calyrex|91/100|[from] item: Life Orb\n|move|p2b: Kyogre|Ice Beam|p1: Tornadus|[notarget]\n|-fail|p2b: Kyogre\n|\n|-weather|RainDance|[upkeep]\n|upkeep\n|\n|t:|1746077761\n|switch|p1b: Flutter Mane|Flutter Mane, L50|100/100\n|switch|p1a: Groudon|Groudon, L50, shiny|100/100\n|-weather|SunnyDay|[from] ability: Drought|[of] p1a: Groudon\n|-activate|p1b: Flutter Mane|ability: Protosynthesis\n|-start|p1b: Flutter Mane|protosynthesisspe\n|turn|4\n|\n|t:|1746077781\n|-terastallize|p2a: Calyrex|Water\n|move|p1a: Groudon|Protect|p1a: Groudon\n|-singleturn|p1a: Groudon|Protect\n|move|p2a: Calyrex|Glacial Lance|p1b: Flutter Mane|[spread] p1b\n|-activate|p1a: Groudon|move: Protect\n|-enditem|p1b: Flutter Mane|Focus Sash\n|-damage|p1b: Flutter Mane|1/100\n|-damage|p2a: Calyrex|81/100|[from] item: Life Orb\n|move|p2b: Kyogre|Ice Beam|p1b: Flutter Mane\n|-damage|p1b: Flutter Mane|0 fnt\n|faint|p1b: Flutter Mane\n|-end|p1b: Flutter Mane|Protosynthesis|[silent]\n|\n|-weather|SunnyDay|[upkeep]\n|upkeep\n|turn|5\n|\n|t:|1746077799\n|move|p2a: Calyrex|Glacial Lance|p1a: Groudon\n|-supereffective|p1a: Groudon\n|-damage|p1a: Groudon|0 fnt\n|faint|p1a: Groudon\n|-damage|p2a: Calyrex|72/100|[from] item: Life Orb\n|\n|win|bigj009\n||pokebedrock is ready for game 2.\n|l|\u2606pokebedrock\n|player|p1|\n||bigj009 is ready for game 2.\n|uhtml|next|Next: <a href=\"/battle-gen9vgc2025regibo3-2354476066\"><strong>Game 2 of 3</strong></a>\n|l|\u2606bigj009\n|player|p2|\n", "uploadtime": 1746078148, "views": 7, "formatid": "gen9vgc2025regibo3", "rating": null, "private": 0, "password": null}