{"id": "gen9vgc2025regibo3-2354529446", "format": "[Gen 9] VGC 2025 Reg I (Bo3)", "players": ["TheOGTom", "maxwellous"], "log": "|j|\u2606TheOGTom\n|j|\u2606maxwellous\n|html|<table width=\"100%\"><tr><td align=\"left\">TheOGTom</td><td align=\"right\">maxwellous</tr><tr><td align=\"left\"><i class=\"fa fa-circle-o\"></i> <i class=\"fa fa-circle-o\"></i> </td><td align=\"right\"><i class=\"fa fa-circle-o\"></i> <i class=\"fa fa-circle-o\"></i> </tr></table>\n|uhtml|bestof|<h2><strong>Game 1</strong> of <a href=\"/game-bestof3-gen9vgc2025regibo3-2354529445\">a best-of-3</a></h2>\n|t:|1746088607\n|gametype|doubles\n|player|p1|TheOGTom|clown|\n|player|p2|maxwellous|steven|\n|teamsize|p1|6\n|teamsize|p2|6\n|gen|9\n|tier|[Gen 9] VGC 2025 Reg I (Bo3)\n|rule|Species Clause: Limit one of each Pok\u00e9mon\n|rule|Item Clause: Limit 1 of each item\n|clearpoke\n|poke|p1|Kyurem-Black, L50|\n|poke|p1|Grimmsnarl, L50, M|\n|poke|p1|Solgaleo, L50|\n|poke|p1|Amoonguss, L50, F|\n|poke|p1|Sinistcha, L50|\n|poke|p1|Hydrapple, L50, F|\n|poke|p2|Flutter Mane, L50|\n|poke|p2|Whimsicott, L50, F|\n|poke|p2|Zamazenta-*, L50|\n|poke|p2|Kyogre, L50|\n|poke|p2|Incineroar, L50, F|\n|poke|p2|Cinderace, L50, F|\n|teampreview|4\n|showteam|p1|Kyurem-Black||LoadedDice|Teravolt|ScaleShot,DragonDance,IcicleSpear,FusionBolt||||||50|,,,,,Dragon]Grimmsnarl|||Prankster|Reflect,LightScreen,FakeOut,SpiritBreak|||M|||50|,,,,,Dark]Solgaleo||Leftovers|FullMetalBody|TrickRoom,SunsteelStrike,KnockOff,MorningSun||||||50|,,,,,Water]Amoonguss|||EffectSpore|PollenPuff,RagePowder,SludgeBomb,Toxic|||F|||50|,,,,,Grass]Sinistcha||FocusSash|Hospitality|TrickRoom,MatchaGotcha,LifeDew,ShadowBall||||||50|,,,,,Grass]Hydrapple||CovertCloak|StickyHold|NastyPlot,FickleBeam,GigaDrain,EarthPower|||F|||50|,,,,,Grass\n|showteam|p2|Flutter Mane||ChoiceScarf|Protosynthesis|ShadowBall,Moonblast,MysticalFire,Taunt||||||50|,,,,,Fairy]Whimsicott||FocusSash|Prankster|Tailwind,DazzlingGleam,Encore,GigaDrain|||F|||50|,,,,,Grass]Zamazenta||Leftovers|DauntlessShield|IronDefense,BodyPress,StoneEdge,Crunch||||||50|,,,,,Stellar]Kyogre||ChoiceSpecs|Drizzle|Thunder,OriginPulse,IceBeam,WaterSpout||||||50|,,,,,Water]Incineroar||RockyHelmet|Intimidate|FakeOut,KnockOff,PartingShot,WillOWisp|||F|||50|,,,,,Fire]Cinderace||HeavyDutyBoots|Libero|HighJumpKick,Uturn,CourtChange,PyroBall|||F|||50|,,,,,Fire\n|\n|t:|1746088644\n|start\n|switch|p1a: Sinistcha|Sinistcha, L50|100/100\n|switch|p1b: Grimmsnarl|Grimmsnarl, L50, M|100/100\n|switch|p2a: Whimsicott|Whimsicott, L50, F|100/100\n|switch|p2b: Kyogre|Kyogre, L50|100/100\n|-weather|RainDance|[from] ability: Drizzle|[of] p2b: Kyogre\n|turn|1\n|\n|t:|1746088679\n|move|p1b: Grimmsnarl|Fake Out|p2b: Kyogre\n|-damage|p2b: Kyogre|85/100\n|move|p2a: Whimsicott|Tailwind|p2a: Whimsicott\n|-sidestart|p2: maxwellous|move: Tailwind\n|cant|p2b: Kyogre|flinch\n|move|p1a: Sinistcha|Trick Room|p1a: Sinistcha\n|-fieldstart|move: Trick Room|[of] p1a: Sinistcha\n|\n|-weather|RainDance|[upkeep]\n|upkeep\n|turn|2\n|\n|t:|1746088704\n|switch|p2b: Incineroar|Incineroar, L50, F|100/100\n|-ability|p2b: Incineroar|Intimidate|boost\n|-unboost|p1a: Sinistcha|atk|1\n|-unboost|p1b: Grimmsnarl|atk|1\n|move|p1b: Grimmsnarl|Light Screen|p1b: Grimmsnarl\n|-sidestart|p1: TheOGTom|move: Light Screen\n|move|p2a: Whimsicott|Encore|p1b: Grimmsnarl\n|-hint|Since gen 7, Dark is immune to Prankster moves.\n|-immune|p1b: Grimmsnarl\n|move|p1a: Sinistcha|Matcha Gotcha|p2b: Incineroar|[spread] p2a,p2b\n|-resisted|p2a: Whimsicott\n|-resisted|p2b: Incineroar\n|-damage|p2a: Whimsicott|82/100\n|-damage|p2b: Incineroar|93/100\n|\n|-weather|RainDance|[upkeep]\n|upkeep\n|turn|3\n|\n|t:|1746088752\n|switch|p1a: Hydrapple|Hydrapple, L50, F|100/100\n|move|p1b: Grimmsnarl|Spirit Break|p2a: Whimsicott\n|-damage|p2a: Whimsicott|40/100\n|-unboost|p2a: Whimsicott|spa|1\n|move|p2b: Incineroar|Knock Off|p1a: Hydrapple\n|-damage|p1a: Hydrapple|70/100\n|-activate|p1a: Hydrapple|ability: Sticky Hold\n|move|p2a: Whimsicott|Dazzling Gleam|p1a: Hydrapple|[spread] p1a,p1b\n|-supereffective|p1a: Hydrapple\n|-supereffective|p1b: Grimmsnarl\n|-damage|p1a: Hydrapple|52/100\n|-damage|p1b: Grimmsnarl|80/100\n|\n|-weather|RainDance|[upkeep]\n|upkeep\n|turn|4\n|\n|t:|1746088789\n|switch|p2a: Zamazenta|Zamazenta, L50|100/100\n|-ability|p2a: Zamazenta|Dauntless Shield|boost\n|-boost|p2a: Zamazenta|def|1\n|move|p1a: Hydrapple|Nasty Plot|p1a: Hydrapple\n|-boost|p1a: Hydrapple|spa|2\n|move|p1b: Grimmsnarl|Spirit Break|p2a: Zamazenta\n|-supereffective|p2a: Zamazenta\n|-damage|p2a: Zamazenta|69/100\n|-unboost|p2a: Zamazenta|spa|1\n|move|p2b: Incineroar|Will-O-Wisp|p1b: Grimmsnarl\n|-status|p1b: Grimmsnarl|brn\n|\n|-weather|RainDance|[upkeep]\n|-heal|p2a: Zamazenta|75/100|[from] item: Leftovers\n|-damage|p1b: Grimmsnarl|74/100 brn|[from] brn\n|-sideend|p2: maxwellous|move: Tailwind\n|upkeep\n|turn|5\n|\n|t:|1746088817\n|switch|p1b: Sinistcha|Sinistcha, L50|100/100\n|-heal|p1a: Hydrapple|77/100|[from] ability: Hospitality|[of] p1b: Sinistcha\n|move|p1a: Hydrapple|Earth Power|p2b: Incineroar\n|-supereffective|p2b: Incineroar\n|-damage|p2b: Incineroar|8/100\n|move|p2b: Incineroar|Parting Shot|p1a: Hydrapple\n|-unboost|p1a: Hydrapple|atk|1\n|-unboost|p1a: Hydrapple|spa|1\n|\n|t:|1746088844\n|switch|p2b: Whimsicott|Whimsicott, L50, F|40/100|[from] Parting Shot\n|move|p2a: Zamazenta|Iron Defense|p2a: Zamazenta\n|-boost|p2a: Zamazenta|def|2\n|\n|-weather|none\n|-heal|p2a: Zamazenta|81/100|[from] item: Leftovers\n|-fieldend|move: Trick Room\n|upkeep\n|turn|6\n|\n|t:|1746088865\n|-terastallize|p1a: Hydrapple|Grass\n|move|p2b: Whimsicott|Tailwind|p2b: Whimsicott\n|-sidestart|p2: maxwellous|move: Tailwind\n|move|p2a: Zamazenta|Crunch|p1b: Sinistcha\n|-supereffective|p1b: Sinistcha\n|-damage|p1b: Sinistcha|59/100\n|move|p1a: Hydrapple|Giga Drain|p2a: Zamazenta\n|-damage|p2a: Zamazenta|22/100\n|-heal|p1a: Hydrapple|100/100|[from] drain|[of] p2a: Zamazenta\n|move|p1b: Sinistcha|Trick Room|p1b: Sinistcha\n|-fieldstart|move: Trick Room|[of] p1b: Sinistcha\n|\n|-heal|p2a: Zamazenta|28/100|[from] item: Leftovers\n|-sideend|p1: TheOGTom|move: Light Screen\n|upkeep\n|turn|7\n|\n|t:|1746088900\n|move|p2b: Whimsicott|Encore|p1b: Sinistcha\n|-start|p1b: Sinistcha|Encore\n|move|p1a: Hydrapple|Giga Drain|p2a: Zamazenta\n|-damage|p2a: Zamazenta|0 fnt\n|faint|p2a: Zamazenta\n|move|p1b: Sinistcha|Trick Room|p1b: Sinistcha\n|-fieldend|move: Trick Room\n|\n|upkeep\n|\n|t:|1746088914\n|switch|p2a: Kyogre|Kyogre, L50|85/100\n|-weather|RainDance|[from] ability: Drizzle|[of] p2a: Kyogre\n|turn|8\n|\n|t:|1746088924\n|move|p2b: Whimsicott|Dazzling Gleam|p1a: Hydrapple|[spread] p1a,p1b\n|-damage|p1a: Hydrapple|79/100\n|-damage|p1b: Sinistcha|32/100\n|move|p2a: Kyogre|Water Spout|p1a: Hydrapple|[spread] p1a,p1b\n|-resisted|p1a: Hydrapple\n|-resisted|p1b: Sinistcha\n|-damage|p1a: Hydrapple|14/100\n|-damage|p1b: Sinistcha|0 fnt\n|faint|p1b: Sinistcha\n|move|p1a: Hydrapple|Giga Drain|p2a: Kyogre\n|-supereffective|p2a: Kyogre\n|-damage|p2a: Kyogre|0 fnt\n|-heal|p1a: Hydrapple|53/100|[from] drain|[of] p2a: Kyogre\n|faint|p2a: Kyogre\n|\n|-weather|RainDance|[upkeep]\n|upkeep\n|\n|t:|1746088938\n|switch|p2a: Incineroar|Incineroar, L50, F|8/100\n|switch|p1b: Solgaleo|Solgaleo, L50|100/100\n|-ability|p2a: Incineroar|Intimidate|boost\n|-unboost|p1a: Hydrapple|atk|1\n|-fail|p1b: Solgaleo|unboost|[from] ability: Full Metal Body|[of] p1b: Solgaleo\n|turn|9\n|\n|t:|1746088968\n|move|p2b: Whimsicott|Dazzling Gleam|p1a: Hydrapple|[spread] p1a,p1b\n|-resisted|p1b: Solgaleo\n|-damage|p1a: Hydrapple|32/100\n|-damage|p1b: Solgaleo|91/100\n|move|p2a: Incineroar|Knock Off|p1b: Solgaleo\n|-supereffective|p1b: Solgaleo\n|-damage|p1b: Solgaleo|39/100\n|-enditem|p1b: Solgaleo|Leftovers|[from] move: Knock Off|[of] p2a: Incineroar\n|move|p1b: Solgaleo|Sunsteel Strike|p2b: Whimsicott\n|-supereffective|p2b: Whimsicott\n|-damage|p2b: Whimsicott|0 fnt\n|faint|p2b: Whimsicott\n|move|p1a: Hydrapple|Earth Power|p2a: Incineroar\n|-supereffective|p2a: Incineroar\n|-damage|p2a: Incineroar|0 fnt\n|faint|p2a: Incineroar\n|\n|win|TheOGTom\n||TheOGTom is ready for game 2.\n|inactive|maxwellous has 30 seconds to confirm battle start!\n||maxwellous is ready for game 2.\n|uhtml|next|Next: <a href=\"/battle-gen9vgc2025regibo3-2354531355\"><strong>Game 2 of 3</strong></a>\n|l|\u2606TheOGTom\n|player|p1|\n", "uploadtime": 1746089335, "views": 13, "formatid": "gen9vgc2025regibo3", "rating": null, "private": 0, "password": null}