{"id": "gen9vgc2025regibo3-2353834745", "format": "[Gen 9] VGC 2025 Reg I (Bo3)", "players": ["Fenozi", "4-3 at worlds"], "log": "|j|\u2606Fenozi\n|j|\u26064-3 at worlds\n|html|<table width=\"100%\"><tr><td align=\"left\">Fenozi</td><td align=\"right\">4-3 at worlds</tr><tr><td align=\"left\"><i class=\"fa fa-circle\"></i> <i class=\"fa fa-circle-o\"></i> </td><td align=\"right\"><i class=\"fa fa-circle-o\"></i> <i class=\"fa fa-circle\"></i> </tr></table>\n|uhtml|bestof|<h2><strong>Game 3</strong> of <a href=\"/game-bestof3-gen9vgc2025regibo3-2353831952\">a best-of-3</a></h2>\n|t:|1746007741\n|gametype|doubles\n|player|p1|Fenozi|veteran|1141\n|player|p2|4-3 at worlds|scientist-gen4|1127\n|teamsize|p1|6\n|teamsize|p2|6\n|gen|9\n|tier|[Gen 9] VGC 2025 Reg I (Bo3)\n|rated|\n|rule|Species Clause: Limit one of each Pok\u00e9mon\n|rule|Item Clause: Limit 1 of each item\n|clearpoke\n|poke|p1|Koraidon, L50|\n|poke|p1|Lunala, L50|\n|poke|p1|Chi-Yu, L50|\n|poke|p1|Ursaluna, L50, F|\n|poke|p1|Brute Bonnet, L50|\n|poke|p1|Flutter Mane, L50|\n|poke|p2|Zamazenta-*, L50|\n|poke|p2|Volcarona, L50, F|\n|poke|p2|Comfey, L50, F|\n|poke|p2|Rillaboom, L50, M|\n|poke|p2|Incineroar, L50, M|\n|poke|p2|Calyrex-Shadow, L50|\n|teampreview|4\n|showteam|p1|Koraidon||LifeOrb|OrichalcumPulse|FlareBlitz,FlameCharge,CloseCombat,Protect||||||50|,,,,,Fire]Lunala||PowerHerb|ShadowShield|MoongeistBeam,MeteorBeam,WideGuard,TrickRoom||||||50|,,,,,Water]Chi-Yu||ChoiceScarf|BeadsofRuin|Overheat,HeatWave,DarkPulse,Snarl||||||50|,,,,,Fire]Ursaluna||FlameOrb|Guts|Facade,Earthquake,HeadlongRush,Protect|||F|||50|,,,,,Ghost]Brute Bonnet||CovertCloak|Protosynthesis|SeedBomb,SuckerPunch,Spore,RagePowder||||||50|,,,,,Water]Flutter Mane||FocusSash|Protosynthesis|Moonblast,IcyWind,PowerGem,Protect||||||50|,,,,,Normal\n|showteam|p2|Zamazenta-Crowned||RustedShield|DauntlessShield|WideGuard,IronDefense,BodyPress,Snarl||||||50|,,,,,Dragon]Volcarona||Leftovers|FlameBody|QuiverDance,FieryDance,GigaDrain,Protect|||F|||50|,,,,,Grass]Comfey||MentalHerb|Triage|Taunt,FloralHealing,DrainingKiss,Protect|||F|||50|,,,,,Steel]Rillaboom||AssaultVest|GrassySurge|WoodHammer,FakeOut,Uturn,GrassyGlide|||M|||50|,,,,,Grass]Incineroar||SitrusBerry|Intimidate|KnockOff,FlareBlitz,FakeOut,PartingShot|||M|||50|,,,,,Ghost]Calyrex-Shadow||FocusSash|AsOneSpectrier|AstralBarrage,Psyshock,Encore,Protect||||||50|,,,,,Ghost\n|inactive|Battle timer is ON: inactive players will automatically lose when time's up. (requested by 4-3 at worlds)\n|inactive|Fenozi also wants the timer to be on.\n|inactive|Fenozi has 60 seconds left.\n|inactive|4-3 at worlds has 60 seconds left.\n|inactive|Fenozi has 30 seconds left.\n|inactive|Fenozi has 20 seconds left.\n|inactive|Fenozi has 15 seconds left.\n|inactive|Fenozi has 10 seconds left.\n|\n|t:|1746007825\n|start\n|switch|p1a: Koraidon|Koraidon, L50|100/100\n|switch|p1b: Flutter Mane|Flutter Mane, L50|100/100\n|switch|p2a: Zamazenta|Zamazenta-Crowned, L50|100/100\n|switch|p2b: Incineroar|Incineroar, L50, M|100/100\n|-weather|SunnyDay|[from] ability: Orichalcum Pulse|[of] p1a: Koraidon\n|-activate|p1b: Flutter Mane|ability: Protosynthesis\n|-start|p1b: Flutter Mane|protosynthesisspe\n|-activate|p1a: Koraidon|Orichalcum Pulse|[source]\n|-ability|p2a: Zamazenta|Dauntless Shield|boost\n|-boost|p2a: Zamazenta|def|1\n|-ability|p2b: Incineroar|Intimidate|boost\n|-unboost|p1a: Koraidon|atk|1\n|-unboost|p1b: Flutter Mane|atk|1\n|turn|1\n|inactive|Fenozi has 30 seconds left.\n|inactive|Fenozi has 20 seconds left.\n|inactive|Fenozi has 15 seconds left.\n|inactive|Fenozi has 10 seconds left.\n|\n|t:|1746007875\n|move|p1b: Flutter Mane|Moonblast|p2a: Zamazenta\n|-damage|p2a: Zamazenta|60/100\n|move|p1a: Koraidon|Flare Blitz|p2a: Zamazenta\n|-supereffective|p2a: Zamazenta\n|-damage|p2a: Zamazenta|0 fnt\n|faint|p2a: Zamazenta\n|-damage|p1a: Koraidon|80/100|[from] Recoil\n|-damage|p1a: Koraidon|70/100|[from] item: Life Orb\n|move|p2b: Incineroar|Parting Shot|p1b: Flutter Mane\n|-unboost|p1b: Flutter Mane|atk|1\n|-unboost|p1b: Flutter Mane|spa|1\n|\n|t:|1746007886\n|switch|p2b: Calyrex|Calyrex-Shadow, L50|100/100|[from] Parting Shot\n|-ability|p2b: Calyrex|As One\n|-ability|p2b: Calyrex|Unnerve\n|\n|-weather|SunnyDay|[upkeep]\n|upkeep\n|\n|t:|1746007894\n|switch|p2a: Incineroar|Incineroar, L50, M|100/100\n|-ability|p2a: Incineroar|Intimidate|boost\n|-unboost|p1a: Koraidon|atk|1\n|-unboost|p1b: Flutter Mane|atk|1\n|turn|2\n|inactive|Fenozi has 30 seconds left.\n|\n|t:|1746007920\n|switch|p1a: Brute Bonnet|Brute Bonnet, L50|100/100\n|-activate|p1a: Brute Bonnet|ability: Protosynthesis\n|-start|p1a: Brute Bonnet|protosynthesisdef\n|move|p1b: Flutter Mane|Protect|p1b: Flutter Mane\n|-singleturn|p1b: Flutter Mane|Protect\n|move|p2b: Calyrex|Astral Barrage|p1a: Brute Bonnet|[spread] p1a\n|-activate|p1b: Flutter Mane|move: Protect\n|-resisted|p1a: Brute Bonnet\n|-damage|p1a: Brute Bonnet|79/100\n|move|p2a: Incineroar|Flare Blitz|p1b: Flutter Mane\n|-activate|p1b: Flutter Mane|move: Protect\n|\n|-weather|SunnyDay|[upkeep]\n|upkeep\n|turn|3\n|inactive|Fenozi has 30 seconds left.\n|\n|t:|1746007947\n|move|p1b: Flutter Mane|Icy Wind|p2b: Calyrex|[spread] p2a,p2b\n|-resisted|p2a: Incineroar\n|-damage|p2a: Incineroar|97/100\n|-damage|p2b: Calyrex|90/100\n|-unboost|p2a: Incineroar|spe|1\n|-unboost|p2b: Calyrex|spe|1\n|move|p2b: Calyrex|Astral Barrage|p1a: Brute Bonnet|[spread] p1a,p1b\n|-resisted|p1a: Brute Bonnet\n|-supereffective|p1b: Flutter Mane\n|-damage|p1a: Brute Bonnet|59/100\n|-enditem|p1b: Flutter Mane|Focus Sash\n|-damage|p1b: Flutter Mane|1/100\n|move|p1a: Brute Bonnet|Spore|p2b: Calyrex\n|-status|p2b: Calyrex|slp|[from] move: Spore\n|move|p2a: Incineroar|Flare Blitz|p1a: Brute Bonnet\n|-supereffective|p1a: Brute Bonnet\n|-damage|p1a: Brute Bonnet|0 fnt\n|faint|p1a: Brute Bonnet\n|-end|p1a: Brute Bonnet|Protosynthesis|[silent]\n|-damage|p2a: Incineroar|76/100|[from] Recoil\n|\n|-weather|SunnyDay|[upkeep]\n|upkeep\n|\n|t:|1746007971\n|switch|p1a: Koraidon|Koraidon, L50|70/100\n|-activate|p1a: Koraidon|ability: Orichalcum Pulse\n|turn|4\n|\n|t:|1746007991\n|-terastallize|p1a: Koraidon|Fire\n|-terastallize|p2a: Incineroar|Ghost\n|move|p1b: Flutter Mane|Power Gem|p2a: Incineroar\n|-damage|p2a: Incineroar|61/100\n|move|p1a: Koraidon|Flame Charge|p2b: Calyrex\n|-damage|p2b: Calyrex|0 fnt\n|-boost|p1a: Koraidon|spe|1\n|faint|p2b: Calyrex\n|-damage|p1a: Koraidon|61/100|[from] item: Life Orb\n|move|p2a: Incineroar|Parting Shot|p1a: Koraidon\n|-unboost|p1a: Koraidon|atk|1\n|-unboost|p1a: Koraidon|spa|1\n|\n|t:|1746008004\n|switch|p2a: Volcarona|Volcarona, L50, F|100/100|[from] Parting Shot\n|\n|-weather|SunnyDay|[upkeep]\n|upkeep\n|\n|t:|1746008008\n|switch|p2b: Incineroar|Incineroar, L50, M, tera:Ghost|61/100\n|-ability|p2b: Incineroar|Intimidate|boost\n|-unboost|p1a: Koraidon|atk|1\n|-unboost|p1b: Flutter Mane|atk|1\n|turn|5\n|\n|t:|1746008027\n|move|p1a: Koraidon|Flare Blitz|p2a: Volcarona\n|-damage|p2a: Volcarona|6/100\n|-damage|p1a: Koraidon|27/100|[from] Recoil\n|-damage|p1a: Koraidon|17/100|[from] item: Life Orb\n|move|p1b: Flutter Mane|Power Gem|p2a: Volcarona\n|-supereffective|p2a: Volcarona\n|-damage|p2a: Volcarona|0 fnt\n|faint|p2a: Volcarona\n|move|p2b: Incineroar|Knock Off|p1a: Koraidon\n|-damage|p1a: Koraidon|0 fnt\n|-enditem|p1a: Koraidon|Life Orb|[from] move: Knock Off|[of] p2b: Incineroar\n|faint|p1a: Koraidon\n|\n|-weather|none\n|-end|p1b: Flutter Mane|Protosynthesis\n|upkeep\n|\n|t:|1746008041\n|switch|p1a: Chi-Yu|Chi-Yu, L50|100/100\n|-ability|p1a: Chi-Yu|Beads of Ruin\n|turn|6\n|-message|4-3 at worlds forfeited.\n|\n|win|Fenozi\n|raw|Fenozi's rating: 1141 &rarr; <strong>1165</strong><br />(+24 for winning)\n|raw|4-3 at worlds's rating: 1127 &rarr; <strong>1103</strong><br />(-24 for losing)\n|l|\u26064-3 at worlds\n|player|p2|\n", "uploadtime": 1746008127, "views": 8, "formatid": "gen9vgc2025regibo3", "rating": 1103, "private": 0, "password": null}