{"id": "gen9vgc2025regibo3-2354496026", "format": "[Gen 9] VGC 2025 Reg I (Bo3)", "players": ["Slowjow", "LelloCartello"], "log": "|j|\u2606Slowjow\n|j|\u2606LelloCartello\n|html|<table width=\"100%\"><tr><td align=\"left\">Slowjow</td><td align=\"right\">LelloCartello</tr><tr><td align=\"left\"><i class=\"fa fa-circle-o\"></i> <i class=\"fa fa-circle-o\"></i> </td><td align=\"right\"><i class=\"fa fa-circle-o\"></i> <i class=\"fa fa-circle-o\"></i> </tr></table>\n|uhtml|bestof|<h2><strong>Game 1</strong> of <a href=\"/game-bestof3-gen9vgc2025regibo3-2354496025\">a best-of-3</a></h2>\n|t:|1746081696\n|gametype|doubles\n|player|p1|Slowjow|2|1278\n|player|p2|LelloCartello|steven|1326\n|teamsize|p1|6\n|teamsize|p2|6\n|gen|9\n|tier|[Gen 9] VGC 2025 Reg I (Bo3)\n|rated|\n|rule|Species Clause: Limit one of each Pok\u00e9mon\n|rule|Item Clause: Limit 1 of each item\n|clearpoke\n|poke|p1|Koraidon, L50|\n|poke|p1|Lunala, L50|\n|poke|p1|Grimmsnarl, L50, M|\n|poke|p1|Incineroar, L50, F|\n|poke|p1|Walking Wake, L50|\n|poke|p1|Ursaluna, L50, F|\n|poke|p2|Iron Hands, L50|\n|poke|p2|Miraidon, L50|\n|poke|p2|Grimmsnarl, L50, M|\n|poke|p2|Ditto, L50|\n|poke|p2|Calyrex-Ice, L50|\n|poke|p2|Farigiraf, L50, M|\n|teampreview|4\n|showteam|p1|Koraidon||ClearAmulet|OrichalcumPulse|CollisionCourse,FlareBlitz,FlameCharge,Protect||||||50|,,,,,Fire]Lunala||PowerHerb|ShadowShield|MoongeistBeam,MeteorBeam,WideGuard,TrickRoom||||||50|,,,,,Water]Grimmsnarl||LightClay|Prankster|SpiritBreak,LightScreen,Reflect,ThunderWave|||M|||50|,,,,,Ghost]Incineroar||SitrusBerry|Intimidate|FakeOut,FlareBlitz,KnockOff,PartingShot|||F|||50|,,,,,Water]Walking Wake||LifeOrb|Protosynthesis|HydroSteam,Snarl,DracoMeteor,Protect||||||50|,,,,,Water]Ursaluna||FlameOrb|Guts|Facade,HeadlongRush,Earthquake,Protect|||F|||50|,,,,,Ghost\n|showteam|p2|Iron Hands||AssaultVest|QuarkDrive|DrainPunch,WildCharge,LowKick,FakeOut||||||50|,,,,,Water]Miraidon||ChoiceSpecs|HadronEngine|ElectroDrift,DracoMeteor,DazzlingGleam,VoltSwitch||||||50|,,,,,Fairy]Grimmsnarl||LightClay|Prankster|FoulPlay,ThunderWave,LightScreen,Reflect|||M|||50|,,,,,Ghost]Ditto||FocusSash|Imposter|Transform||||||50|,,,,,Normal]Calyrex-Ice||ClearAmulet|AsOneGlastrier|GlacialLance,HighHorsepower,Protect,TrickRoom||||||50|,,,,,Water]Farigiraf||ElectricSeed|ArmorTail|FoulPlay,PsychicNoise,TrickRoom,HelpingHand|||M|||50|,,,,,Water\n|inactive|Battle timer is ON: inactive players will automatically lose when time's up. (requested by LelloCartello)\n|inactive|LelloCartello has 60 seconds left.\n|\n|t:|1746081737\n|start\n|switch|p1a: Walking Wake|Walking Wake, L50|100/100\n|switch|p1b: Incineroar|Incineroar, L50, F|100/100\n|switch|p2a: Miraidon|Miraidon, L50|100/100\n|switch|p2b: Grimmsnarl|Grimmsnarl, L50, M|100/100\n|-fieldstart|move: Electric Terrain|[from] ability: Hadron Engine|[of] p2a: Miraidon\n|-ability|p1b: Incineroar|Intimidate|boost\n|-unboost|p2a: Miraidon|atk|1\n|-unboost|p2b: Grimmsnarl|atk|1\n|turn|1\n|inactive|Slowjow has 30 seconds left.\n|inactive|LelloCartello has 30 seconds left.\n|\n|t:|1746081768\n|-terastallize|p2a: Miraidon|Fairy\n|move|p1b: Incineroar|Fake Out|p2a: Miraidon\n|-damage|p2a: Miraidon|90/100\n|move|p2b: Grimmsnarl|Light Screen|p2b: Grimmsnarl\n|-sidestart|p2: LelloCartello|move: Light Screen\n|cant|p2a: Miraidon|flinch\n|move|p1a: Walking Wake|Snarl|p2a: Miraidon|[spread] p2a,p2b\n|-resisted|p2a: Miraidon\n|-resisted|p2b: Grimmsnarl\n|-damage|p2a: Miraidon|85/100\n|-damage|p2b: Grimmsnarl|98/100\n|-unboost|p2a: Miraidon|spa|1\n|-unboost|p2b: Grimmsnarl|spa|1\n|-damage|p1a: Walking Wake|91/100|[from] item: Life Orb\n|\n|upkeep\n|turn|2\n|\n|t:|1746081786\n|move|p1a: Walking Wake|Protect|p1a: Walking Wake\n|-singleturn|p1a: Walking Wake|Protect\n|move|p2b: Grimmsnarl|Reflect|p2b: Grimmsnarl\n|-sidestart|p2: LelloCartello|Reflect\n|move|p2a: Miraidon|Volt Switch|p1b: Incineroar\n|-damage|p1b: Incineroar|52/100\n|\n|t:|1746081793\n|switch|p2a: Calyrex|Calyrex-Ice, L50|100/100|[from] Volt Switch\n|-ability|p2a: Calyrex|As One\n|-ability|p2a: Calyrex|Unnerve\n|move|p1b: Incineroar|Parting Shot|p2a: Calyrex\n|-fail|p2a: Calyrex|unboost|[from] item: Clear Amulet|[of] p2a: Calyrex\n|\n|upkeep\n|turn|3\n|inactive|Slowjow has 30 seconds left.\n|inactive|LelloCartello has 30 seconds left.\n|\n|t:|1746081819\n|switch|p2b: Iron Hands|Iron Hands, L50|100/100\n|-activate|p2b: Iron Hands|ability: Quark Drive\n|-start|p2b: Iron Hands|quarkdriveatk\n|move|p1a: Walking Wake|Hydro Steam|p2a: Calyrex\n|-damage|p2a: Calyrex|76/100\n|-damage|p1a: Walking Wake|81/100|[from] item: Life Orb\n|move|p1b: Incineroar|Knock Off|p2a: Calyrex\n|-supereffective|p2a: Calyrex\n|-crit|p2a: Calyrex\n|-damage|p2a: Calyrex|3/100\n|-enditem|p2a: Calyrex|Clear Amulet|[from] move: Knock Off|[of] p1b: Incineroar\n|move|p2a: Calyrex|High Horsepower|p1b: Incineroar\n|-supereffective|p1b: Incineroar\n|-damage|p1b: Incineroar|0 fnt\n|faint|p1b: Incineroar\n|-ability|p2a: Calyrex|Chilling Neigh|boost\n|-boost|p2a: Calyrex|atk|1\n|\n|upkeep\n|\n|t:|1746081840\n|switch|p1b: Lunala|Lunala, L50|100/100\n|turn|4\n|\n|t:|1746081863\n|move|p2b: Iron Hands|Fake Out|p1a: Walking Wake\n|-damage|p1a: Walking Wake|57/100\n|cant|p1a: Walking Wake|flinch\n|move|p1b: Lunala|Meteor Beam||[still]\n|-prepare|p1b: Lunala|Meteor Beam\n|-boost|p1b: Lunala|spa|1\n|-enditem|p1b: Lunala|Power Herb\n|-anim|p1b: Lunala|Meteor Beam|p2a: Calyrex\n|-supereffective|p2a: Calyrex\n|-damage|p2a: Calyrex|0 fnt\n|faint|p2a: Calyrex\n|\n|upkeep\n|\n|t:|1746081882\n|switch|p2a: Grimmsnarl|Grimmsnarl, L50, M|98/100\n|turn|5\n|\n|t:|1746081901\n|move|p1a: Walking Wake|Protect|p1a: Walking Wake\n|-singleturn|p1a: Walking Wake|Protect\n|move|p2a: Grimmsnarl|Thunder Wave|p1b: Lunala\n|-status|p1b: Lunala|par\n|move|p2b: Iron Hands|Low Kick|p1a: Walking Wake\n|-activate|p1a: Walking Wake|move: Protect\n|move|p1b: Lunala|Moongeist Beam|p2b: Iron Hands\n|-damage|p2b: Iron Hands|75/100\n|\n|-fieldend|move: Electric Terrain\n|-end|p2b: Iron Hands|Quark Drive\n|upkeep\n|turn|6\n|\n|t:|1746081921\n|move|p1a: Walking Wake|Draco Meteor|p2b: Iron Hands\n|-damage|p2b: Iron Hands|48/100\n|-unboost|p1a: Walking Wake|spa|2\n|-damage|p1a: Walking Wake|47/100|[from] item: Life Orb\n|move|p2a: Grimmsnarl|Foul Play|p1b: Lunala\n|-supereffective|p1b: Lunala\n|-damage|p1b: Lunala|64/100 par\n|move|p2b: Iron Hands|Low Kick|p1a: Walking Wake\n|-damage|p1a: Walking Wake|0 fnt\n|faint|p1a: Walking Wake\n|-end|p1a: Walking Wake|Protosynthesis|[silent]\n|move|p1b: Lunala|Moongeist Beam|p2b: Iron Hands\n|-damage|p2b: Iron Hands|24/100\n|\n|upkeep\n|\n|t:|1746081937\n|switch|p1a: Ursaluna|Ursaluna, L50, F|100/100\n|turn|7\n|\n|t:|1746081954\n|cant|p1b: Lunala|par\n|move|p2a: Grimmsnarl|Foul Play|p1b: Lunala\n|-supereffective|p1b: Lunala\n|-damage|p1b: Lunala|0 fnt\n|faint|p1b: Lunala\n|move|p2b: Iron Hands|Wild Charge|p1a: Ursaluna\n|-immune|p1a: Ursaluna\n|move|p1a: Ursaluna|Earthquake|p2a: Grimmsnarl|[spread] p2a,p2b\n|-supereffective|p2b: Iron Hands\n|-damage|p2a: Grimmsnarl|70/100\n|-damage|p2b: Iron Hands|0 fnt\n|faint|p2b: Iron Hands\n|-end|p2b: Iron Hands|Quark Drive|[silent]\n|\n|-status|p1a: Ursaluna|brn|[from] item: Flame Orb\n|upkeep\n|\n|t:|1746081969\n|switch|p2b: Miraidon|Miraidon, L50, tera:Fairy|85/100\n|-fieldstart|move: Electric Terrain|[from] ability: Hadron Engine|[of] p2b: Miraidon\n|turn|8\n|\n|t:|1746081977\n|move|p2b: Miraidon|Draco Meteor|p1a: Ursaluna|[miss]\n|-miss|p2b: Miraidon|p1a: Ursaluna\n|move|p2a: Grimmsnarl|Foul Play|p1a: Ursaluna\n|-damage|p1a: Ursaluna|60/100 brn\n|move|p1a: Ursaluna|Facade|p2b: Miraidon\n|-damage|p2b: Miraidon|0 fnt\n|faint|p2b: Miraidon\n|\n|-damage|p1a: Ursaluna|54/100 brn|[from] brn\n|-sideend|p2: LelloCartello|move: Light Screen\n|upkeep\n|turn|9\n|\n|t:|1746081991\n|move|p2a: Grimmsnarl|Foul Play|p1a: Ursaluna\n|-damage|p1a: Ursaluna|12/100 brn\n|move|p1a: Ursaluna|Facade|p2a: Grimmsnarl\n|-damage|p2a: Grimmsnarl|0 fnt\n|faint|p2a: Grimmsnarl\n|\n|win|Slowjow\n|l|\u2606LelloCartello\n|player|p2|\n||LelloCartello is ready for game 2.\n|inactive|Slowjow has 30 seconds to confirm battle start!\n||Slowjow is ready for game 2.\n|uhtml|next|Next: <a href=\"/battle-gen9vgc2025regibo3-2354497520\"><strong>Game 2 of 3</strong></a>\n", "uploadtime": 1746082328, "views": 23, "formatid": "gen9vgc2025regibo3", "rating": null, "private": 0, "password": null}