{"id": "gen9vgc2025regibo3-2354757008", "format": "[Gen 9] VGC 2025 Reg I (Bo3)", "players": ["Eternatususususu", "Ronlogg"], "log": "|j|\u2606Eternatususususu\n|j|\u2606Ronlogg\n|html|<table width=\"100%\"><tr><td align=\"left\">Eternatususususu</td><td align=\"right\">Ronlogg</tr><tr><td align=\"left\"><i class=\"fa fa-circle-o\"></i> <i class=\"fa fa-circle-o\"></i> </td><td align=\"right\"><i class=\"fa fa-circle-o\"></i> <i class=\"fa fa-circle\"></i> </tr></table>\n|uhtml|bestof|<h2><strong>Game 2</strong> of <a href=\"/game-bestof3-gen9vgc2025regibo3-2354753058\">a best-of-3</a></h2>\n|t:|1746117078\n|gametype|doubles\n|player|p1|Eternatususususu|pokekid|1246\n|player|p2|Ronlogg|169|1185\n|teamsize|p1|6\n|teamsize|p2|6\n|gen|9\n|tier|[Gen 9] VGC 2025 Reg I (Bo3)\n|rated|\n|rule|Species Clause: Limit one of each Pok\u00e9mon\n|rule|Item Clause: Limit 1 of each item\n|clearpoke\n|poke|p1|Kyogre, L50|\n|poke|p1|Eternatus, L50|\n|poke|p1|Incineroar, L50, F|\n|poke|p1|Rillaboom, L50, M|\n|poke|p1|Urshifu-*, L50, F|\n|poke|p1|Iron Jugulis, L50|\n|poke|p2|Miraidon, L50|\n|poke|p2|Urshifu-*, L50, M|\n|poke|p2|Pelipper, L50, F|\n|poke|p2|Calyrex-Ice, L50|\n|poke|p2|Iron Hands, L50|\n|poke|p2|Ogerpon-Cornerstone, L50, F|\n|teampreview|4\n|showteam|p1|Kyogre||Leftovers|Drizzle|IceBeam,Protect,OriginPulse,CalmMind||||||50|,,,,,Grass]Eternatus||LifeOrb|Pressure|SludgeBomb,DynamaxCannon,Flamethrower,Protect||||||50|,,,,,Stellar]Incineroar||SafetyGoggles|Intimidate|FakeOut,KnockOff,WillOWisp,PartingShot|||F|||50|,,,,,Ghost]Rillaboom||AssaultVest|GrassySurge|FakeOut,WoodHammer,GrassyGlide,Uturn|||M|||50|,,,,,Fire]Urshifu-Rapid-Strike||ChoiceScarf|UnseenFist|CloseCombat,SurgingStrikes,AquaJet,Uturn|||F|||50|,,,,,Ghost]Iron Jugulis||BoosterEnergy|QuarkDrive|Tailwind,Hurricane,Protect,Snarl||||||50|,,,,,Water\n|showteam|p2|Miraidon||ChoiceSpecs|HadronEngine|ElectroDrift,DracoMeteor,DazzlingGleam,VoltSwitch||||||50|,,,,,Fairy]Urshifu-Rapid-Strike||ChoiceScarf|UnseenFist|SurgingStrikes,CloseCombat,Coaching,Uturn|||M|||50|,,,,,Ghost]Pelipper||FocusSash|Drizzle|Hurricane,WeatherBall,WideGuard,Tailwind|||F|||50|,,,,,Ghost]Calyrex-Ice||ClearAmulet|AsOneGlastrier|GlacialLance,HighHorsepower,TrickRoom,Protect||||||50|,,,,,Fire]Iron Hands||AssaultVest|QuarkDrive|DrainPunch,LowKick,WildCharge,FakeOut||||||50|,,,,,Water]Ogerpon-Cornerstone||CornerstoneMask|Sturdy|IvyCudgel,PowerWhip,FollowMe,SpikyShield|||F|||50|,,,,,Rock\n|\n|t:|1746117114\n|start\n|switch|p1a: Eternatus|Eternatus, L50|100/100\n|switch|p1b: Incineroar|Incineroar, L50, F|100/100\n|switch|p2a: Calyrex|Calyrex-Ice, L50|100/100\n|switch|p2b: Ogerpon|Ogerpon-Cornerstone, L50, F|100/100\n|-ability|p2a: Calyrex|As One\n|-ability|p2a: Calyrex|Unnerve\n|-ability|p1a: Eternatus|Pressure\n|-ability|p1b: Incineroar|Intimidate|boost\n|-fail|p2a: Calyrex|unboost|[from] item: Clear Amulet|[of] p2a: Calyrex\n|-unboost|p2b: Ogerpon|atk|1\n|turn|1\n|\n|t:|1746117138\n|move|p2b: Ogerpon|Spiky Shield|p2b: Ogerpon\n|-singleturn|p2b: Ogerpon|move: Protect\n|move|p2a: Calyrex|Protect|p2a: Calyrex\n|-singleturn|p2a: Calyrex|Protect\n|move|p1b: Incineroar|Fake Out|p2a: Calyrex\n|-activate|p2a: Calyrex|move: Protect\n|move|p1a: Eternatus|Dynamax Cannon|p2b: Ogerpon\n|-activate|p2b: Ogerpon|move: Protect\n|\n|upkeep\n|turn|2\n|\n|t:|1746117151\n|move|p2b: Ogerpon|Follow Me|p2b: Ogerpon\n|-singleturn|p2b: Ogerpon|move: Follow Me\n|move|p1a: Eternatus|Dynamax Cannon|p2b: Ogerpon\n|-damage|p2b: Ogerpon|15/100\n|-damage|p1a: Eternatus|91/100|[from] item: Life Orb\n|move|p1b: Incineroar|Parting Shot|p2b: Ogerpon\n|-unboost|p2b: Ogerpon|atk|1\n|-unboost|p2b: Ogerpon|spa|1\n|\n|t:|1746117159\n|switch|p1b: Kyogre|Kyogre, L50|100/100|[from] Parting Shot\n|-weather|RainDance|[from] ability: Drizzle|[of] p1b: Kyogre\n|move|p2a: Calyrex|Trick Room|p2a: Calyrex\n|-fieldstart|move: Trick Room|[of] p2a: Calyrex\n|\n|-weather|RainDance|[upkeep]\n|upkeep\n|turn|3\n|\n|t:|1746117197\n|switch|p1a: Incineroar|Incineroar, L50, F|100/100\n|-ability|p1a: Incineroar|Intimidate|boost\n|-fail|p2a: Calyrex|unboost|[from] item: Clear Amulet|[of] p2a: Calyrex\n|-unboost|p2b: Ogerpon|atk|1\n|move|p2b: Ogerpon|Follow Me|p2b: Ogerpon\n|-singleturn|p2b: Ogerpon|move: Follow Me\n|move|p2a: Calyrex|Glacial Lance|p1a: Incineroar|[spread] p1a,p1b\n|-resisted|p1a: Incineroar\n|-resisted|p1b: Kyogre\n|-damage|p1a: Incineroar|80/100\n|-damage|p1b: Kyogre|77/100\n|move|p1b: Kyogre|Origin Pulse|p2a: Calyrex|[spread] p2a,p2b\n|-damage|p2a: Calyrex|51/100\n|-damage|p2b: Ogerpon|0 fnt\n|faint|p2b: Ogerpon\n|\n|-weather|RainDance|[upkeep]\n|-heal|p1b: Kyogre|83/100|[from] item: Leftovers\n|upkeep\n|\n|t:|1746117208\n|switch|p2b: Iron Hands|Iron Hands, L50|100/100\n|turn|4\n|\n|t:|1746117225\n|-terastallize|p1b: Kyogre|Grass\n|move|p2b: Iron Hands|Fake Out|p1b: Kyogre\n|-crit|p1b: Kyogre\n|-damage|p1b: Kyogre|60/100\n|move|p1a: Incineroar|Fake Out|p2a: Calyrex\n|-damage|p2a: Calyrex|44/100\n|cant|p2a: Calyrex|flinch\n|cant|p1b: Kyogre|flinch\n|\n|-weather|RainDance|[upkeep]\n|-heal|p1b: Kyogre|67/100|[from] item: Leftovers\n|upkeep\n|turn|5\n|\n|t:|1746117241\n|switch|p1b: Rillaboom|Rillaboom, L50, M|100/100\n|-fieldstart|move: Grassy Terrain|[from] ability: Grassy Surge|[of] p1b: Rillaboom\n|move|p2a: Calyrex|Glacial Lance|p1a: Incineroar|[spread] p1a,p1b\n|-resisted|p1a: Incineroar\n|-crit|p1a: Incineroar\n|-supereffective|p1b: Rillaboom\n|-damage|p1a: Incineroar|47/100\n|-damage|p1b: Rillaboom|0 fnt\n|faint|p1b: Rillaboom\n|-ability|p2a: Calyrex|Chilling Neigh|boost\n|-boost|p2a: Calyrex|atk|1\n|move|p2b: Iron Hands|Low Kick|p1a: Incineroar\n|-supereffective|p1a: Incineroar\n|-damage|p1a: Incineroar|0 fnt\n|faint|p1a: Incineroar\n|\n|-weather|RainDance|[upkeep]\n|-heal|p2a: Calyrex|50/100|[from] Grassy Terrain\n|upkeep\n|\n|t:|1746117254\n|switch|p1a: Eternatus|Eternatus, L50|91/100\n|switch|p1b: Kyogre|Kyogre, L50, tera:Grass|67/100\n|-ability|p1a: Eternatus|Pressure\n|turn|6\n|\n|t:|1746117277\n|move|p1b: Kyogre|Protect|p1b: Kyogre\n|-singleturn|p1b: Kyogre|Protect\n|move|p1a: Eternatus|Protect|p1a: Eternatus\n|-singleturn|p1a: Eternatus|Protect\n|move|p2a: Calyrex|Glacial Lance|p1a: Eternatus|[spread] \n|-activate|p1a: Eternatus|move: Protect\n|-activate|p1b: Kyogre|move: Protect\n|move|p2b: Iron Hands|Low Kick|p1b: Kyogre\n|-activate|p1b: Kyogre|move: Protect\n|\n|-weather|none\n|-heal|p2a: Calyrex|56/100|[from] Grassy Terrain\n|-heal|p1b: Kyogre|73/100|[from] Grassy Terrain\n|-heal|p1b: Kyogre|79/100|[from] item: Leftovers\n|-heal|p1a: Eternatus|97/100|[from] Grassy Terrain\n|-fieldend|move: Trick Room\n|upkeep\n|turn|7\n|\n|t:|1746117290\n|move|p1a: Eternatus|Dynamax Cannon|p2a: Calyrex\n|-damage|p2a: Calyrex|10/100\n|-damage|p1a: Eternatus|87/100|[from] item: Life Orb\n|move|p1b: Kyogre|Origin Pulse|p2b: Iron Hands|[spread] p2a,p2b\n|-damage|p2a: Calyrex|0 fnt\n|-damage|p2b: Iron Hands|77/100\n|faint|p2a: Calyrex\n|move|p2b: Iron Hands|Low Kick|p1b: Kyogre\n|-damage|p1b: Kyogre|24/100\n|\n|-heal|p1a: Eternatus|94/100|[from] Grassy Terrain\n|-heal|p1b: Kyogre|31/100|[from] Grassy Terrain\n|-heal|p1b: Kyogre|37/100|[from] item: Leftovers\n|-heal|p2b: Iron Hands|83/100|[from] Grassy Terrain\n|upkeep\n|\n|t:|1746117297\n|switch|p2a: Miraidon|Miraidon, L50|100/100\n|-fieldstart|move: Electric Terrain|[from] ability: Hadron Engine|[of] p2a: Miraidon\n|-activate|p2b: Iron Hands|ability: Quark Drive\n|-start|p2b: Iron Hands|quarkdriveatk\n|turn|8\n|\n|t:|1746117324\n|-terastallize|p2a: Miraidon|Fairy\n|move|p1a: Eternatus|Protect|p1a: Eternatus\n|-singleturn|p1a: Eternatus|Protect\n|move|p1b: Kyogre|Protect|p1b: Kyogre\n|-singleturn|p1b: Kyogre|Protect\n|move|p2a: Miraidon|Dazzling Gleam|p1b: Kyogre|[spread] \n|-activate|p1a: Eternatus|move: Protect\n|-activate|p1b: Kyogre|move: Protect\n|move|p2b: Iron Hands|Low Kick|p1a: Eternatus\n|-activate|p1a: Eternatus|move: Protect\n|\n|-heal|p1b: Kyogre|43/100|[from] item: Leftovers\n|upkeep\n|turn|9\n|\n|t:|1746117332\n|move|p1a: Eternatus|Sludge Bomb|p2a: Miraidon\n|-supereffective|p2a: Miraidon\n|-damage|p2a: Miraidon|0 fnt\n|faint|p2a: Miraidon\n|-damage|p1a: Eternatus|84/100|[from] item: Life Orb\n|move|p1b: Kyogre|Origin Pulse|p2b: Iron Hands\n|-damage|p2b: Iron Hands|50/100\n|move|p2b: Iron Hands|Low Kick|p1a: Eternatus\n|-resisted|p1a: Eternatus\n|-damage|p1a: Eternatus|49/100\n|\n|-heal|p1b: Kyogre|49/100|[from] item: Leftovers\n|upkeep\n|turn|10\n|\n|t:|1746117349\n|move|p1a: Eternatus|Dynamax Cannon|p2b: Iron Hands\n|-damage|p2b: Iron Hands|14/100\n|-damage|p1a: Eternatus|39/100|[from] item: Life Orb\n|move|p1b: Kyogre|Origin Pulse|p2b: Iron Hands|[miss]\n|-miss|p1b: Kyogre|p2b: Iron Hands\n|move|p2b: Iron Hands|Low Kick|p1a: Eternatus\n|-resisted|p1a: Eternatus\n|-damage|p1a: Eternatus|2/100\n|\n|-heal|p1b: Kyogre|56/100|[from] item: Leftovers\n|upkeep\n|turn|11\n|\n|t:|1746117360\n|move|p1a: Eternatus|Dynamax Cannon|p2b: Iron Hands\n|-damage|p2b: Iron Hands|0 fnt\n|faint|p2b: Iron Hands\n|-end|p2b: Iron Hands|Quark Drive|[silent]\n|-damage|p1a: Eternatus|0 fnt|[from] item: Life Orb\n|faint|p1a: Eternatus\n|\n|win|Eternatususususu\n||Eternatususususu is ready for game 3.\n||Ronlogg is ready for game 3.\n|uhtml|next|Next: <a href=\"/battle-gen9vgc2025regibo3-2354760227\"><strong>Game 3 of 3</strong></a>\n|l|\u2606Eternatususususu\n|player|p1|\n", "uploadtime": 1746117695, "views": 5, "formatid": "gen9vgc2025regibo3", "rating": null, "private": 0, "password": null}