{"id": "gen9vgc2025regibo3-2353935800", "format": "[Gen 9] VGC 2025 Reg I (Bo3)", "players": ["AwsoGlitch", "frog herbert"], "log": "|j|\u2606AwsoGlitch\n|j|\u2606frog herbert\n|html|<table width=\"100%\"><tr><td align=\"left\">AwsoGlitch</td><td align=\"right\">frog herbert</tr><tr><td align=\"left\"><i class=\"fa fa-circle-o\"></i> <i class=\"fa fa-circle-o\"></i> </td><td align=\"right\"><i class=\"fa fa-circle-o\"></i> <i class=\"fa fa-circle-o\"></i> </tr></table>\n|uhtml|bestof|<h2><strong>Game 1</strong> of <a href=\"/game-bestof3-gen9vgc2025regibo3-2353935799\">a best-of-3</a></h2>\n|t:|1746020509\n|gametype|doubles\n|player|p1|AwsoGlitch|riley|1099\n|player|p2|frog herbert|juan|1159\n|teamsize|p1|6\n|teamsize|p2|6\n|gen|9\n|tier|[Gen 9] VGC 2025 Reg I (Bo3)\n|rated|\n|rule|Species Clause: Limit one of each Pok\u00e9mon\n|rule|Item Clause: Limit 1 of each item\n|clearpoke\n|poke|p1|Terapagos, L50, M|\n|poke|p1|Farigiraf, L50, F|\n|poke|p1|Incineroar, L50, M|\n|poke|p1|Calyrex-Ice, L50|\n|poke|p1|Ninetales-Alola, L50, F|\n|poke|p1|Landorus, L50, M|\n|poke|p2|Iron Valiant, L50|\n|poke|p2|Miraidon, L50|\n|poke|p2|Zacian-*, L50|\n|poke|p2|Farigiraf, L50, M|\n|poke|p2|Zapdos-Galar, L50|\n|poke|p2|Iron Moth, L50|\n|teampreview|4\n|showteam|p1|Terapagos||Leftovers|TeraShift|Protect,TeraStarstorm,BugBuzz,DarkPulse|||M|||50|,,,,,Stellar]Farigiraf||MentalHerb|ArmorTail|TrickRoom,Endeavor,Psychic,Protect|||F|||50|,,,,,Steel]Incineroar||SafetyGoggles|Intimidate|FakeOut,PartingShot,FlareBlitz,KnockOff|||M|||50|,,,,,Ghost]Calyrex-Ice||CovertCloak|AsOneGlastrier|Protect,GlacialLance,HighHorsepower,Crunch||||||50|,,,,,Grass]Ninetales-Alola||LightClay|SnowWarning|Protect,AuroraVeil,Blizzard,MistyTerrain|||F|||50|,,,,,Grass]Landorus||LifeOrb|SheerForce|EarthPower,Psychic,SludgeWave,Protect|||M|||50|,,,,,Poison\n|showteam|p2|Iron Valiant||BoosterEnergy|QuarkDrive|WideGuard,Taunt,Coaching,IcyWind||||||50|,,,,,Grass]Miraidon||ChoiceSpecs|HadronEngine|ElectroDrift,DracoMeteor,DazzlingGleam,VoltSwitch||||||50|,,,,,Fairy]Zacian-Crowned||RustedSword|IntrepidSword|Protect,PlayRough,behemothblade,SacredSword||||||50|,,,,,Water]Farigiraf||ElectricSeed|ArmorTail|FoulPlay,LightScreen,Roar,TrickRoom|||M|||50|,,,,,Fairy]Zapdos-Galar||ChoiceScarf|Defiant|ThunderousKick,BraveBird,KnockOff,Uturn||||||50|,,,,,Dark]Iron Moth||PowerHerb|QuarkDrive|Protect,FieryDance,SludgeWave,MeteorBeam||||||50|,,,,,Grass\n|inactive|Battle timer is ON: inactive players will automatically lose when time's up. (requested by AwsoGlitch)\n|inactive|AwsoGlitch has 60 seconds left.\n|inactive|frog herbert has 60 seconds left.\n|\n|t:|1746020558\n|start\n|switch|p1a: Terapagos|Terapagos, L50, M|100/100\n|switch|p1b: Landorus|Landorus, L50, M|100/100\n|switch|p2a: Iron Valiant|Iron Valiant, L50|100/100\n|switch|p2b: Zapdos|Zapdos-Galar, L50|100/100\n|-activate|p1a: Terapagos|ability: Tera Shift\n|detailschange|p1a: Terapagos|Terapagos-Terastal, L50, M\n|-heal|p1a: Terapagos|100/100|[silent]\n|-enditem|p2a: Iron Valiant|Booster Energy\n|-activate|p2a: Iron Valiant|ability: Quark Drive|[fromitem]\n|-start|p2a: Iron Valiant|quarkdrivespe\n|turn|1\n|inactive|frog herbert has 30 seconds left.\n|inactive|frog herbert has 20 seconds left.\n|\n|t:|1746020596\n|move|p1a: Terapagos|Protect|p1a: Terapagos\n|-singleturn|p1a: Terapagos|Protect\n|move|p2a: Iron Valiant|Icy Wind|p1a: Terapagos|[spread] p1b\n|-activate|p1a: Terapagos|move: Protect\n|-supereffective|p1b: Landorus\n|-damage|p1b: Landorus|60/100\n|-unboost|p1b: Landorus|spe|1\n|move|p2b: Zapdos|Knock Off|p1b: Landorus\n|-damage|p1b: Landorus|25/100\n|-enditem|p1b: Landorus|Life Orb|[from] move: Knock Off|[of] p2b: Zapdos\n|move|p1b: Landorus|Psychic|p2b: Zapdos\n|-supereffective|p2b: Zapdos\n|-damage|p2b: Zapdos|11/100\n|\n|upkeep\n|turn|2\n|inactive|AwsoGlitch has 30 seconds left.\n|inactive|AwsoGlitch has 20 seconds left.\n|inactive|AwsoGlitch has 15 seconds left.\n|\n|t:|1746020637\n|switch|p1b: Ninetales|Ninetales-Alola, L50, F|100/100\n|-weather|Snowscape|[from] ability: Snow Warning|[of] p1b: Ninetales\n|move|p2a: Iron Valiant|Icy Wind|p1a: Terapagos|[spread] p1b\n|-miss|p2a: Iron Valiant|p1a: Terapagos\n|-resisted|p1b: Ninetales\n|-damage|p1b: Ninetales|95/100\n|-unboost|p1b: Ninetales|spe|1\n|move|p2b: Zapdos|Knock Off|p1a: Terapagos\n|-activate|p1a: Terapagos|ability: Tera Shell\n|-resisted|p1a: Terapagos\n|-damage|p1a: Terapagos|87/100\n|-enditem|p1a: Terapagos|Leftovers|[from] move: Knock Off|[of] p2b: Zapdos\n|move|p1a: Terapagos|Tera Starstorm|p2a: Iron Valiant\n|-damage|p2a: Iron Valiant|16/100\n|\n|-weather|Snowscape|[upkeep]\n|upkeep\n|turn|3\n|inactive|frog herbert has 30 seconds left.\n|\n|t:|1746020671\n|switch|p2b: Zacian|Zacian-Crowned, L50|100/100\n|-ability|p2b: Zacian|Intrepid Sword|boost\n|-boost|p2b: Zacian|atk|1\n|switch|p1a: Landorus|Landorus, L50, M|25/100\n|move|p2a: Iron Valiant|Taunt|p1b: Ninetales\n|-start|p1b: Ninetales|move: Taunt\n|cant|p1b: Ninetales|move: Taunt|Aurora Veil\n|\n|-weather|Snowscape|[upkeep]\n|upkeep\n|turn|4\n|\n|t:|1746020695\n|move|p1a: Landorus|Protect|p1a: Landorus\n|-singleturn|p1a: Landorus|Protect\n|move|p2a: Iron Valiant|Coaching|p2b: Zacian\n|-boost|p2b: Zacian|atk|1\n|-boost|p2b: Zacian|def|1\n|move|p2b: Zacian|Behemoth Blade|p1a: Landorus\n|-activate|p1a: Landorus|move: Protect\n|move|p1b: Ninetales|Blizzard|p2a: Iron Valiant|[spread] p2a,p2b\n|-resisted|p2b: Zacian\n|-damage|p2a: Iron Valiant|0 fnt\n|-damage|p2b: Zacian|87/100\n|faint|p2a: Iron Valiant\n|-end|p2a: Iron Valiant|Quark Drive|[silent]\n|\n|-weather|Snowscape|[upkeep]\n|upkeep\n|inactive|frog herbert has 30 seconds left.\n|\n|t:|1746020725\n|switch|p2a: Zapdos|Zapdos-Galar, L50|11/100\n|turn|5\n|inactive|AwsoGlitch has 30 seconds left.\n|inactive|AwsoGlitch has 20 seconds left.\n|inactive|AwsoGlitch has 15 seconds left.\n|inactive|AwsoGlitch has 10 seconds left.\n|inactive|AwsoGlitch has 5 seconds left.\n|\n|t:|1746020778\n|switch|p1b: Terapagos|Terapagos-Terastal, L50, M|87/100\n|move|p1a: Landorus|Protect|p1a: Landorus\n|-singleturn|p1a: Landorus|Protect\n|move|p2a: Zapdos|Brave Bird|p1a: Landorus\n|-activate|p1a: Landorus|move: Protect\n|move|p2b: Zacian|Behemoth Blade|p1b: Terapagos\n|-damage|p1b: Terapagos|0 fnt\n|faint|p1b: Terapagos\n|\n|-weather|Snowscape|[upkeep]\n|upkeep\n|inactive|AwsoGlitch has 30 seconds left.\n|\n|t:|1746020809\n|switch|p1b: Calyrex|Calyrex-Ice, L50|100/100\n|-ability|p1b: Calyrex|As One\n|-ability|p1b: Calyrex|Unnerve\n|turn|6\n|\n|t:|1746020826\n|-terastallize|p2b: Zacian|Water\n|-terastallize|p1b: Calyrex|Grass\n|move|p2a: Zapdos|Brave Bird|p1a: Landorus\n|-damage|p1a: Landorus|0 fnt\n|faint|p1a: Landorus\n|-damage|p2a: Zapdos|2/100|[from] Recoil\n|move|p2b: Zacian|Behemoth Blade|p1b: Calyrex\n|-damage|p1b: Calyrex|29/100\n|move|p1b: Calyrex|High Horsepower|p2b: Zacian\n|-damage|p2b: Zacian|60/100\n|\n|-weather|none\n|upkeep\n|inactive|AwsoGlitch has 30 seconds left.\n|inactive|AwsoGlitch has 20 seconds left.\n|inactive|AwsoGlitch has 15 seconds left.\n|\n|t:|1746020866\n|switch|p1a: Ninetales|Ninetales-Alola, L50, F|95/100\n|-weather|Snowscape|[from] ability: Snow Warning|[of] p1a: Ninetales\n|turn|7\n|inactive|AwsoGlitch has 30 seconds left.\n|inactive|AwsoGlitch has 20 seconds left.\n|inactive|AwsoGlitch has 15 seconds left.\n|inactive|AwsoGlitch has 10 seconds left.\n|\n|t:|1746020914\n|move|p1b: Calyrex|Protect|p1b: Calyrex\n|-singleturn|p1b: Calyrex|Protect\n|move|p2a: Zapdos|Brave Bird|p1b: Calyrex\n|-activate|p1b: Calyrex|move: Protect\n|move|p2b: Zacian|Behemoth Blade|p1a: Ninetales\n|-supereffective|p1a: Ninetales\n|-damage|p1a: Ninetales|0 fnt\n|faint|p1a: Ninetales\n|\n|-weather|Snowscape|[upkeep]\n|upkeep\n|turn|8\n|inactive|AwsoGlitch has 30 seconds left.\n|\n|t:|1746020943\n|move|p2a: Zapdos|Brave Bird|p1b: Calyrex\n|-supereffective|p1b: Calyrex\n|-damage|p1b: Calyrex|0 fnt\n|faint|p1b: Calyrex\n|-damage|p2a: Zapdos|0 fnt|[from] Recoil\n|faint|p2a: Zapdos\n|\n|win|frog herbert\n||AwsoGlitch is ready for game 2.\n||frog herbert is ready for game 2.\n|uhtml|next|Next: <a href=\"/battle-gen9vgc2025regibo3-2353940271\"><strong>Game 2 of 3</strong></a>\n|l|\u2606AwsoGlitch\n|player|p1|\n", "uploadtime": 1746021159, "views": 6, "formatid": "gen9vgc2025regibo3", "rating": null, "private": 0, "password": null}