{"id": "gen9vgc2025regibo3-2354026117", "format": "[Gen 9] VGC 2025 Reg I (Bo3)", "players": ["ChoerryVGC", "200dollarteam"], "log": "|j|\u2606ChoerryVGC\n|j|\u2606200dollarteam\n|html|<table width=\"100%\"><tr><td align=\"left\">ChoerryVGC</td><td align=\"right\">200dollarteam</tr><tr><td align=\"left\"><i class=\"fa fa-circle-o\"></i> <i class=\"fa fa-circle-o\"></i> </td><td align=\"right\"><i class=\"fa fa-circle-o\"></i> <i class=\"fa fa-circle\"></i> </tr></table>\n|uhtml|bestof|<h2><strong>Game 2</strong> of <a href=\"/game-bestof3-gen9vgc2025regibo3-2354022865\">a best-of-3</a></h2>\n|t:|1746028547\n|gametype|doubles\n|player|p1|ChoerryVGC|lacey|1286\n|player|p2|200dollarteam|shauntal|1383\n|teamsize|p1|6\n|teamsize|p2|6\n|gen|9\n|tier|[Gen 9] VGC 2025 Reg I (Bo3)\n|rated|\n|rule|Species Clause: Limit one of each Pok\u00e9mon\n|rule|Item Clause: Limit 1 of each item\n|clearpoke\n|poke|p1|Koraidon, L50|\n|poke|p1|Chi-Yu, L50|\n|poke|p1|Calyrex-Shadow, L50|\n|poke|p1|Weezing-Galar, L50, M|\n|poke|p1|Dondozo, L50, F|\n|poke|p1|Tatsugiri-Droopy, L50, M|\n|poke|p2|Zamazenta-*, L50|\n|poke|p2|Miraidon, L50|\n|poke|p2|Farigiraf, L50, M|\n|poke|p2|Iron Bundle, L50|\n|poke|p2|Incineroar, L50, M|\n|poke|p2|Ursaluna, L50, M|\n|teampreview|4\n|showteam|p1|Koraidon||AbilityShield|OrichalcumPulse|CollisionCourse,FlareBlitz,FlameCharge,Protect||||||50|,,,,,Fire]Chi-Yu||ChoiceScarf|BeadsofRuin|Overheat,HeatWave,DarkPulse,Snarl||||||50|,,,,,Ghost]Calyrex-Shadow||FocusSash|AsOneSpectrier|AstralBarrage,Disable,Encore,Protect||||||50|,,,,,Ghost]Weezing-Galar||RockyHelmet|NeutralizingGas|DazzlingGleam,ToxicSpikes,PoisonGas,Protect|||M|||50|,,,,,Water]Dondozo||Leftovers|Unaware|OrderUp,BodyPress,Earthquake,Protect|||F|||50|,,,,,Grass]Tatsugiri-Droopy||SafetyGoggles|Commander|MuddyWater,DracoMeteor,Taunt,Protect|||M|||50|,,,,,Fairy\n|showteam|p2|Zamazenta-Crowned||RustedShield|DauntlessShield|BodyPress,HeavySlam,WideGuard,Protect||||||50|,,,,,Dragon]Miraidon||ChoiceSpecs|HadronEngine|ElectroDrift,DracoMeteor,VoltSwitch,DazzlingGleam||||||50|,,,,,Fairy]Farigiraf||ElectricSeed|ArmorTail|Psychic,FoulPlay,HelpingHand,TrickRoom|||M|||50|,,,,,Water]Iron Bundle||FocusSash|QuarkDrive|IcyWind,FreezeDry,Encore,Protect||||||50|,,,,,Ghost]Incineroar||AssaultVest|Intimidate|KnockOff,FlareBlitz,Uturn,FakeOut|||M|||50|,,,,,Bug]Ursaluna||FlameOrb|Guts|Facade,HeadlongRush,Substitute,Protect|||M|||50|,,,,,Poison\n|inactive|Battle timer is ON: inactive players will automatically lose when time's up. (requested by 200dollarteam)\n|inactive|ChoerryVGC also wants the timer to be on.\n|inactive|200dollarteam has 60 seconds left.\n|inactive|200dollarteam has 30 seconds left.\n|\n|t:|1746028611\n|start\n|switch|p1a: Calyrex|Calyrex-Shadow, L50|100/100\n|switch|p1b: Weezing|Weezing-Galar, L50, M|100/100\n|switch|p2a: Iron Bundle|Iron Bundle, L50|100/100\n|switch|p2b: Miraidon|Miraidon, L50|100/100\n|-ability|p1b: Weezing|Neutralizing Gas\n|-ability|p1a: Calyrex|As One\n|-ability|p1a: Calyrex|Unnerve\n|turn|1\n|\n|t:|1746028636\n|move|p1a: Calyrex|Protect|p1a: Calyrex\n|-singleturn|p1a: Calyrex|Protect\n|move|p2a: Iron Bundle|Icy Wind|p1b: Weezing|[spread] \n|-activate|p1a: Calyrex|move: Protect\n|-miss|p2a: Iron Bundle|p1b: Weezing\n|move|p2b: Miraidon|Volt Switch|p1b: Weezing\n|-damage|p1b: Weezing|46/100\n|\n|t:|1746028645\n|switch|p2b: Incineroar|Incineroar, L50, M|100/100|[from] Volt Switch\n|move|p1b: Weezing|Dazzling Gleam|p2b: Incineroar|[spread] p2a,p2b\n|-damage|p2a: Iron Bundle|65/100\n|-damage|p2b: Incineroar|90/100\n|\n|upkeep\n|turn|2\n|\n|t:|1746028661\n|-terastallize|p1a: Calyrex|Ghost\n|move|p2a: Iron Bundle|Protect|p2a: Iron Bundle\n|-singleturn|p2a: Iron Bundle|Protect\n|move|p1a: Calyrex|Astral Barrage|p2a: Iron Bundle|[spread] p2b\n|-activate|p2a: Iron Bundle|move: Protect\n|-resisted|p2b: Incineroar\n|-damage|p2b: Incineroar|67/100\n|move|p1b: Weezing|Toxic Spikes|p2a: Iron Bundle\n|-sidestart|p2: 200dollarteam|move: Toxic Spikes\n|move|p2b: Incineroar|U-turn|p1a: Calyrex\n|-resisted|p1a: Calyrex\n|-damage|p1a: Calyrex|87/100\n|inactive|200dollarteam has 30 seconds left.\n|inactive|200dollarteam has 20 seconds left.\n|\n|t:|1746028698\n|switch|p2b: Miraidon|Miraidon, L50|100/100|[from] U-turn\n|-status|p2b: Miraidon|psn\n|\n|-damage|p2b: Miraidon|88/100 psn|[from] psn\n|upkeep\n|turn|3\n|\n|t:|1746028710\n|-end|p2a: Iron Bundle|Quark Drive|[silent]\n|switch|p2a: Incineroar|Incineroar, L50, M|67/100\n|-status|p2a: Incineroar|psn\n|move|p1a: Calyrex|Astral Barrage|p2b: Miraidon|[spread] p2a,p2b\n|-resisted|p2a: Incineroar\n|-damage|p2a: Incineroar|44/100 psn\n|-damage|p2b: Miraidon|20/100 psn\n|move|p2b: Miraidon|Electro Drift|p1a: Calyrex\n|-damage|p1a: Calyrex|3/100\n|move|p1b: Weezing|Dazzling Gleam|p2b: Miraidon|[spread] p2a,p2b\n|-supereffective|p2b: Miraidon\n|-damage|p2a: Incineroar|34/100 psn\n|-damage|p2b: Miraidon|0 fnt\n|faint|p2b: Miraidon\n|\n|-damage|p2a: Incineroar|21/100 psn|[from] psn\n|upkeep\n|\n|t:|1746028723\n|switch|p2b: Zamazenta|Zamazenta-Crowned, L50|100/100\n|turn|4\n|\n|t:|1746028745\n|-end|p1b: Weezing|ability: Neutralizing Gas\n|-ability|p2b: Zamazenta|Dauntless Shield|boost\n|-boost|p2b: Zamazenta|def|1\n|-ability|p2a: Incineroar|Intimidate|boost\n|-unboost|p1a: Calyrex|atk|1\n|-unboost|p1b: Weezing|atk|1\n|switch|p1b: Koraidon|Koraidon, L50|100/100\n|-weather|SunnyDay|[from] ability: Orichalcum Pulse|[of] p1b: Koraidon\n|-activate|p1b: Koraidon|Orichalcum Pulse|[source]\n|move|p1a: Calyrex|Protect|p1a: Calyrex\n|-singleturn|p1a: Calyrex|Protect\n|move|p2b: Zamazenta|Heavy Slam|p1b: Koraidon\n|-damage|p1b: Koraidon|80/100\n|move|p2a: Incineroar|U-turn|p1a: Calyrex\n|-activate|p1a: Calyrex|move: Protect\n|\n|-weather|SunnyDay|[upkeep]\n|-damage|p2a: Incineroar|9/100 psn|[from] psn\n|upkeep\n|turn|5\n|\n|t:|1746028764\n|move|p2b: Zamazenta|Protect|p2b: Zamazenta\n|-singleturn|p2b: Zamazenta|Protect\n|move|p1a: Calyrex|Astral Barrage|p2a: Incineroar|[spread] p2a\n|-activate|p2b: Zamazenta|move: Protect\n|-resisted|p2a: Incineroar\n|-damage|p2a: Incineroar|0 fnt\n|faint|p2a: Incineroar\n|-ability|p1a: Calyrex|Grim Neigh|boost\n|-boost|p1a: Calyrex|spa|1\n|move|p1b: Koraidon|Collision Course|p2b: Zamazenta\n|-activate|p2b: Zamazenta|move: Protect\n|\n|-weather|SunnyDay|[upkeep]\n|upkeep\n|\n|t:|1746028769\n|switch|p2a: Iron Bundle|Iron Bundle, L50|65/100\n|-status|p2a: Iron Bundle|psn\n|turn|6\n|\n|t:|1746028792\n|-terastallize|p2a: Iron Bundle|Ghost\n|move|p2b: Zamazenta|Wide Guard|p2b: Zamazenta\n|-singleturn|p2b: Zamazenta|Wide Guard\n|move|p1a: Calyrex|Astral Barrage|p2b: Zamazenta|[spread] \n|-activate|p2a: Iron Bundle|move: Wide Guard\n|-activate|p2b: Zamazenta|move: Wide Guard\n|move|p2a: Iron Bundle|Icy Wind|p1b: Koraidon|[spread] p1a,p1b\n|-supereffective|p1b: Koraidon\n|-damage|p1a: Calyrex|0 fnt\n|-damage|p1b: Koraidon|32/100\n|-unboost|p1b: Koraidon|spe|1\n|faint|p1a: Calyrex\n|move|p1b: Koraidon|Collision Course|p2a: Iron Bundle\n|-immune|p2a: Iron Bundle\n|\n|-weather|SunnyDay|[upkeep]\n|-damage|p2a: Iron Bundle|53/100 psn|[from] psn\n|upkeep\n|\n|t:|1746028796\n|switch|p1a: Chi-Yu|Chi-Yu, L50|100/100\n|-ability|p1a: Chi-Yu|Beads of Ruin\n|turn|7\n|\n|t:|1746028819\n|move|p1a: Chi-Yu|Overheat|p2b: Zamazenta\n|-supereffective|p2b: Zamazenta\n|-damage|p2b: Zamazenta|0 fnt\n|-unboost|p1a: Chi-Yu|spa|2\n|faint|p2b: Zamazenta\n|move|p2a: Iron Bundle|Icy Wind|p1b: Koraidon|[spread] p1a,p1b\n|-resisted|p1a: Chi-Yu\n|-supereffective|p1b: Koraidon\n|-damage|p1a: Chi-Yu|87/100\n|-damage|p1b: Koraidon|0 fnt\n|-unboost|p1a: Chi-Yu|spe|1\n|faint|p1b: Koraidon\n|\n|-weather|SunnyDay|[upkeep]\n|-damage|p2a: Iron Bundle|41/100 psn|[from] psn\n|upkeep\n|-message|200dollarteam forfeited.\n|\n|win|ChoerryVGC\n||200dollarteam is ready for game 3.\n||ChoerryVGC is ready for game 3.\n|uhtml|next|Next: <a href=\"/battle-gen9vgc2025regibo3-2354029305\"><strong>Game 3 of 3</strong></a>\n", "uploadtime": 1746029073, "views": 15, "formatid": "gen9vgc2025regibo3", "rating": null, "private": 0, "password": null}