{"id": "gen9vgc2025regibo3-2354593349", "format": "[Gen 9] VGC 2025 Reg I (Bo3)", "players": ["GuevaraGaming2", "lokkont"], "log": "|j|\u2606GuevaraGaming2\n|j|\u2606lokkont\n|html|<table width=\"100%\"><tr><td align=\"left\">GuevaraGaming2</td><td align=\"right\">lokkont</tr><tr><td align=\"left\"><i class=\"fa fa-circle-o\"></i> <i class=\"fa fa-circle-o\"></i> </td><td align=\"right\"><i class=\"fa fa-circle-o\"></i> <i class=\"fa fa-circle\"></i> </tr></table>\n|uhtml|bestof|<h2><strong>Game 2</strong> of <a href=\"/game-bestof3-gen9vgc2025regibo3-2354591459\">a best-of-3</a></h2>\n|t:|1746100107\n|gametype|doubles\n|player|p1|GuevaraGaming2|brendan-rs|1252\n|player|p2|lokkont|169|1223\n|teamsize|p1|6\n|teamsize|p2|6\n|gen|9\n|tier|[Gen 9] VGC 2025 Reg I (Bo3)\n|rated|\n|rule|Species Clause: Limit one of each Pok\u00e9mon\n|rule|Item Clause: Limit 1 of each item\n|clearpoke\n|poke|p1|Rillaboom, L50, M|\n|poke|p1|Tornadus, L50, M|\n|poke|p1|Zamazenta-*, L50|\n|poke|p1|Incineroar, L50, M|\n|poke|p1|Urshifu-*, L50, F|\n|poke|p1|Lunala, L50|\n|poke|p2|Calyrex-Shadow, L50|\n|poke|p2|Zamazenta-*, L50|\n|poke|p2|Urshifu-*, L50, M|\n|poke|p2|Rillaboom, L50, M|\n|poke|p2|Incineroar, L50, M|\n|poke|p2|Pelipper, L50, M|\n|teampreview|4\n|showteam|p1|Rillaboom||AssaultVest|GrassySurge|GrassyGlide,Uturn,WoodHammer,FakeOut|||M|||50|,,,,,Fire]Tornadus||FocusSash|Prankster|RainDance,Tailwind,Protect,BleakwindStorm|||M|||50|,,,,,Dark]Zamazenta-Crowned||RustedShield|DauntlessShield|BodyPress,HeavySlam,Protect,IronDefense||||||50|,,,,,Dragon]Incineroar||SafetyGoggles|Intimidate|KnockOff,PartingShot,Taunt,FakeOut|||M|||50|,,,,,Ghost]Urshifu-Rapid-Strike||ChoiceScarf|UnseenFist|SurgingStrikes,AquaJet,Uturn,CloseCombat|||F|||50|,,,,,Water]Lunala||Leftovers|ShadowShield|WideGuard,MoongeistBeam,Protect,Moonblast||||||50|,,,,,Fairy\n|showteam|p2|Calyrex-Shadow||LifeOrb|AsOneSpectrier|Protect,AstralBarrage,Substitute,Psychic||||||50|,,,,,Dark]Zamazenta-Crowned||RustedShield|DauntlessShield|HeavySlam,BodyPress,Protect,WideGuard||||||50|,,,,,Dragon]Urshifu-Rapid-Strike||ChoiceScarf|UnseenFist|SurgingStrikes,CloseCombat,AquaJet,Uturn|||M|||50|,,,,,Ghost]Rillaboom||AssaultVest|GrassySurge|FakeOut,GrassyGlide,WoodHammer,Uturn|||M|||50|,,,,,Fire]Incineroar||SafetyGoggles|Intimidate|FakeOut,WillOWisp,KnockOff,PartingShot|||M|||50|,,,,,Bug]Pelipper||FocusSash|Drizzle|WeatherBall,Hurricane,Tailwind,Protect|||M|||50|,,,,,Ghost\n|inactive|Battle timer is ON: inactive players will automatically lose when time's up. (requested by lokkont)\n|\n|t:|1746100136\n|start\n|switch|p1a: Incineroar|Incineroar, L50, M, shiny|100/100\n|switch|p1b: Zamazenta|Zamazenta-Crowned, L50, shiny|100/100\n|switch|p2a: Calyrex|Calyrex-Shadow, L50|100/100\n|switch|p2b: Incineroar|Incineroar, L50, M|100/100\n|-ability|p2a: Calyrex|As One\n|-ability|p2a: Calyrex|Unnerve\n|-ability|p1b: Zamazenta|Dauntless Shield|boost\n|-boost|p1b: Zamazenta|def|1\n|-ability|p1a: Incineroar|Intimidate|boost\n|-unboost|p2a: Calyrex|atk|1\n|-unboost|p2b: Incineroar|atk|1\n|-ability|p2b: Incineroar|Intimidate|boost\n|-unboost|p1a: Incineroar|atk|1\n|-unboost|p1b: Zamazenta|atk|1\n|turn|1\n|inactive|lokkont has 30 seconds left.\n|inactive|lokkont has 20 seconds left.\n|inactive|lokkont has 15 seconds left.\n|inactive|lokkont has 10 seconds left.\n|inactive|lokkont has 5 seconds left.\n|\n|t:|1746100190\n|move|p2b: Incineroar|Fake Out|p1a: Incineroar\n|-damage|p1a: Incineroar|93/100\n|move|p2a: Calyrex|Substitute|p2a: Calyrex\n|-start|p2a: Calyrex|Substitute\n|-damage|p2a: Calyrex|76/100\n|move|p1b: Zamazenta|Iron Defense|p1b: Zamazenta\n|-boost|p1b: Zamazenta|def|2\n|cant|p1a: Incineroar|flinch\n|\n|upkeep\n|turn|2\n|inactive|lokkont has 30 seconds left.\n|inactive|lokkont has 20 seconds left.\n|inactive|lokkont has 15 seconds left.\n|inactive|lokkont has 10 seconds left.\n|\n|t:|1746100239\n|move|p2a: Calyrex|Protect|p2a: Calyrex\n|-singleturn|p2a: Calyrex|Protect\n|move|p1b: Zamazenta|Body Press|p2b: Incineroar\n|-supereffective|p2b: Incineroar\n|-damage|p2b: Incineroar|0 fnt\n|faint|p2b: Incineroar\n|move|p1a: Incineroar|Parting Shot|p2a: Calyrex\n|-activate|p2a: Calyrex|move: Protect\n|\n|upkeep\n|\n|t:|1746100252\n|switch|p2b: Zamazenta|Zamazenta-Crowned, L50|100/100\n|-ability|p2b: Zamazenta|Dauntless Shield|boost\n|-boost|p2b: Zamazenta|def|1\n|turn|3\n|inactive|GuevaraGaming2 has 30 seconds left.\n|\n|t:|1746100280\n|switch|p1a: Tornadus|Tornadus, L50, M, shiny|100/100\n|move|p2a: Calyrex|Astral Barrage|p1b: Zamazenta|[spread] p1a,p1b\n|-damage|p1a: Tornadus|10/100\n|-damage|p1b: Zamazenta|59/100\n|-damage|p2a: Calyrex|66/100|[from] item: Life Orb\n|move|p2b: Zamazenta|Body Press|p1a: Tornadus\n|-resisted|p1a: Tornadus\n|-damage|p1a: Tornadus|0 fnt\n|faint|p1a: Tornadus\n|move|p1b: Zamazenta|Body Press|p2b: Zamazenta\n|-supereffective|p2b: Zamazenta\n|-damage|p2b: Zamazenta|17/100\n|\n|upkeep\n|\n|t:|1746100304\n|switch|p1a: Incineroar|Incineroar, L50, M, shiny|93/100\n|-ability|p1a: Incineroar|Intimidate|boost\n|-immune|p2a: Calyrex\n|-unboost|p2b: Zamazenta|atk|1\n|turn|4\n|\n|t:|1746100326\n|-terastallize|p2a: Calyrex|Dark\n|move|p2b: Zamazenta|Protect|p2b: Zamazenta\n|-singleturn|p2b: Zamazenta|Protect\n|move|p1a: Incineroar|Fake Out|p2b: Zamazenta\n|-activate|p2b: Zamazenta|move: Protect\n|move|p2a: Calyrex|Psychic|p1b: Zamazenta\n|-damage|p1b: Zamazenta|13/100\n|-damage|p2a: Calyrex|57/100|[from] item: Life Orb\n|move|p1b: Zamazenta|Heavy Slam|p2a: Calyrex\n|-end|p2a: Calyrex|Substitute\n|\n|upkeep\n|turn|5\n|\n|t:|1746100350\n|-terastallize|p1a: Incineroar|Ghost\n|move|p1b: Zamazenta|Protect|p1b: Zamazenta\n|-singleturn|p1b: Zamazenta|Protect\n|move|p2a: Calyrex|Psychic|p1b: Zamazenta\n|-activate|p1b: Zamazenta|move: Protect\n|move|p2b: Zamazenta|Body Press|p1a: Incineroar\n|-immune|p1a: Incineroar\n|move|p1a: Incineroar|Parting Shot|p2a: Calyrex\n|-unboost|p2a: Calyrex|atk|1\n|-unboost|p2a: Calyrex|spa|1\n|\n|t:|1746100356\n|switch|p1a: Urshifu|Urshifu-Rapid-Strike, L50, F|100/100|[from] Parting Shot\n|\n|upkeep\n|turn|6\n|\n|t:|1746100373\n|switch|p2a: Rillaboom|Rillaboom, L50, M|100/100\n|-fieldstart|move: Grassy Terrain|[from] ability: Grassy Surge|[of] p2a: Rillaboom\n|move|p1a: Urshifu|Surging Strikes|p2a: Rillaboom\n|-resisted|p2a: Rillaboom\n|-crit|p2a: Rillaboom\n|-damage|p2a: Rillaboom|89/100\n|-resisted|p2a: Rillaboom\n|-crit|p2a: Rillaboom\n|-damage|p2a: Rillaboom|78/100\n|-resisted|p2a: Rillaboom\n|-crit|p2a: Rillaboom\n|-damage|p2a: Rillaboom|66/100\n|-hitcount|p2a: Rillaboom|3\n|move|p2b: Zamazenta|Body Press|p1b: Zamazenta\n|-supereffective|p1b: Zamazenta\n|-damage|p1b: Zamazenta|0 fnt\n|faint|p1b: Zamazenta\n|\n|-heal|p2b: Zamazenta|23/100|[from] Grassy Terrain\n|-heal|p2a: Rillaboom|72/100|[from] Grassy Terrain\n|upkeep\n|\n|t:|1746100375\n|switch|p1b: Incineroar|Incineroar, L50, M, shiny, tera:Ghost|93/100\n|-ability|p1b: Incineroar|Intimidate|boost\n|-unboost|p2a: Rillaboom|atk|1\n|-unboost|p2b: Zamazenta|atk|1\n|turn|7\n|inactive|lokkont has 30 seconds left.\n|\n|t:|1746100403\n|move|p2a: Rillaboom|Fake Out|p1a: Urshifu\n|-damage|p1a: Urshifu|91/100\n|move|p1b: Incineroar|Fake Out|p2a: Rillaboom\n|-crit|p2a: Rillaboom\n|-damage|p2a: Rillaboom|55/100\n|cant|p1a: Urshifu|flinch\n|move|p2b: Zamazenta|Body Press|p1a: Urshifu\n|-damage|p1a: Urshifu|14/100\n|\n|-heal|p1a: Urshifu|20/100|[from] Grassy Terrain\n|-heal|p2b: Zamazenta|29/100|[from] Grassy Terrain\n|-heal|p2a: Rillaboom|61/100|[from] Grassy Terrain\n|-heal|p1b: Incineroar|99/100|[from] Grassy Terrain\n|upkeep\n|turn|8\n|-message|GuevaraGaming2 forfeited.\n|raw|GuevaraGaming2's rating: 1252 &rarr; <strong>1225</strong><br />(-27 for losing)\n|raw|lokkont's rating: 1223 &rarr; <strong>1250</strong><br />(+27 for winning)\n|\n|win|lokkont\n|l|\u2606GuevaraGaming2\n|player|p1|\n", "uploadtime": 1746100433, "views": 16, "formatid": "gen9vgc2025regibo3", "rating": 1225, "private": 0, "password": null}