{"id": "gen9vgc2025regibo3-2354705634", "format": "[Gen 9] VGC 2025 Reg I (Bo3)", "players": ["juacox300", "michael tester"], "log": "|j|\u2606juacox300\n|j|\u2606michael tester\n|html|<table width=\"100%\"><tr><td align=\"left\">juacox300</td><td align=\"right\">michael tester</tr><tr><td align=\"left\"><i class=\"fa fa-circle-o\"></i> <i class=\"fa fa-circle-o\"></i> </td><td align=\"right\"><i class=\"fa fa-circle-o\"></i> <i class=\"fa fa-circle-o\"></i> </tr></table>\n|uhtml|bestof|<h2><strong>Game 1</strong> of <a href=\"/game-bestof3-gen9vgc2025regibo3-2354705633\">a best-of-3</a></h2>\n|t:|1746112478\n|gametype|doubles\n|player|p1|juacox300|unknown|1382\n|player|p2|michael tester|dancer|1436\n|teamsize|p1|6\n|teamsize|p2|6\n|gen|9\n|tier|[Gen 9] VGC 2025 Reg I (Bo3)\n|rated|\n|rule|Species Clause: Limit one of each Pok\u00e9mon\n|rule|Item Clause: Limit 1 of each item\n|clearpoke\n|poke|p1|Miraidon, L50|\n|poke|p1|Iron Hands, L50|\n|poke|p1|Calyrex-Ice, L50|\n|poke|p1|Incineroar, L50, M|\n|poke|p1|Chi-Yu, L50|\n|poke|p1|Alcremie-Salted-Cream, L50, F|\n|poke|p2|Terapagos, L50, M|\n|poke|p2|Rillaboom, L50, M|\n|poke|p2|Incineroar, L50, F|\n|poke|p2|Calyrex-Shadow, L50|\n|poke|p2|Urshifu-*, L50, M|\n|poke|p2|Amoonguss, L50, F|\n|teampreview|4\n|showteam|p1|Miraidon||LifeOrb|HadronEngine|ElectroDrift,DracoMeteor,Protect,DazzlingGleam||||||50|,,,,,Fairy]Iron Hands||AssaultVest|QuarkDrive|WildCharge,LowKick,FakeOut,HeavySlam||||||50|,,,,,Fire]Calyrex-Ice||ClearAmulet|AsOneGlastrier|GlacialLance,HighHorsepower,Protect,TrickRoom||||||50|,,,,,Dragon]Incineroar||RockyHelmet|Intimidate|KnockOff,FlareBlitz,FakeOut,Taunt|||M|||50|,,,,,Poison]Chi-Yu||ChoiceScarf|BeadsofRuin|HeatWave,Snarl,Overheat,DarkPulse||||||50|,,,,,Ghost]Alcremie-Salted-Cream||CovertCloak|AromaVeil|AlluringVoice,Decorate,Protect,Encore|||F|||50|,,,,,Grass\n|showteam|p2|Terapagos||Leftovers|TeraShift|TeraStarstorm,Protect,CalmMind,EarthPower|||M|||50|,,,,,Stellar]Rillaboom||AssaultVest|GrassySurge|FakeOut,GrassyGlide,WoodHammer,Uturn|||M|||50|,,,,,Water]Incineroar||SafetyGoggles|Intimidate|WillOWisp,KnockOff,FakeOut,PartingShot|||F|||50|,,,,,Bug]Calyrex-Shadow||FocusSash|AsOneSpectrier|AstralBarrage,Disable,Encore,Protect||||||50|,,,,,Ghost]Urshifu-Rapid-Strike||ChoiceScarf|UnseenFist|AquaJet,Uturn,CloseCombat,SurgingStrikes|||M|||50|,,,,,Water]Amoonguss||RockyHelmet|Regenerator|PollenPuff,Spore,RagePowder,Protect|||F|||50|,,,,,Water\n|inactive|Battle timer is ON: inactive players will automatically lose when time's up. (requested by juacox300)\n|inactive|michael tester has 60 seconds left.\n|inactive|michael tester has 30 seconds left.\n|inactive|michael tester has 20 seconds left.\n|inactive|michael tester has 15 seconds left.\n|inactive|michael tester has 10 seconds left.\n|\n|t:|1746112667\n|start\n|switch|p1a: Calyrex|Calyrex-Ice, L50|100/100\n|switch|p1b: Elena|Alcremie-Salted-Cream, L50, F|100/100\n|switch|p2a: Rillaboom|Rillaboom, L50, M|100/100\n|switch|p2b: Calyrex|Calyrex-Shadow, L50|100/100\n|-ability|p2b: Calyrex|As One\n|-ability|p2b: Calyrex|Unnerve\n|-ability|p1a: Calyrex|As One\n|-ability|p1a: Calyrex|Unnerve\n|-fieldstart|move: Grassy Terrain|[from] ability: Grassy Surge|[of] p2a: Rillaboom\n|turn|1\n|\n|t:|1746112689\n|move|p1a: Calyrex|Protect|p1a: Calyrex\n|-singleturn|p1a: Calyrex|Protect\n|move|p2a: Rillaboom|Fake Out|p1a: Calyrex\n|-activate|p1a: Calyrex|move: Protect\n|move|p2b: Calyrex|Astral Barrage|p1a: Calyrex|[spread] p1b\n|-activate|p1a: Calyrex|move: Protect\n|-damage|p1b: Elena|60/100\n|move|p1b: Elena|Alluring Voice|p2b: Calyrex\n|-damage|p2b: Calyrex|72/100\n|\n|-heal|p2b: Calyrex|78/100|[from] Grassy Terrain\n|-heal|p1b: Elena|66/100|[from] Grassy Terrain\n|upkeep\n|turn|2\n|\n|t:|1746112707\n|-terastallize|p1a: Calyrex|Dragon\n|move|p2b: Calyrex|Encore|p1a: Calyrex\n|-block|p1a: Calyrex|ability: Aroma Veil|[of] p1b: Elena\n|move|p2a: Rillaboom|U-turn|p1b: Elena\n|-resisted|p1b: Elena\n|-damage|p1b: Elena|54/100\n|\n|t:|1746112713\n|switch|p2a: Terapagos|Terapagos, L50, M|100/100|[from] U-turn\n|-activate|p2a: Terapagos|ability: Tera Shift\n|detailschange|p2a: Terapagos|Terapagos-Terastal, L50, M\n|-heal|p2a: Terapagos|100/100|[silent]\n|move|p1b: Elena|Decorate|p1a: Calyrex\n|-boost|p1a: Calyrex|atk|2\n|-boost|p1a: Calyrex|spa|2\n|move|p1a: Calyrex|Glacial Lance|p2a: Terapagos|[spread] p2a,p2b\n|-activate|p2a: Terapagos|ability: Tera Shell\n|-resisted|p2a: Terapagos\n|-damage|p2a: Terapagos|58/100\n|-damage|p2b: Calyrex|0 fnt\n|faint|p2b: Calyrex\n|-ability|p1a: Calyrex|Chilling Neigh|boost\n|-boost|p1a: Calyrex|atk|1\n|\n|-heal|p2a: Terapagos|64/100|[from] Grassy Terrain\n|-heal|p2a: Terapagos|70/100|[from] item: Leftovers\n|-heal|p1b: Elena|60/100|[from] Grassy Terrain\n|upkeep\n|inactive|michael tester has 30 seconds left.\n|\n|t:|1746112739\n|switch|p2b: Rillaboom|Rillaboom, L50, M|100/100\n|turn|3\n|\n|t:|1746112756\n|move|p1a: Calyrex|Protect|p1a: Calyrex\n|-singleturn|p1a: Calyrex|Protect\n|move|p2b: Rillaboom|Fake Out|p1a: Calyrex\n|-activate|p1a: Calyrex|move: Protect\n|move|p2a: Terapagos|Calm Mind|p2a: Terapagos\n|-boost|p2a: Terapagos|spa|1\n|-boost|p2a: Terapagos|spd|1\n|move|p1b: Elena|Encore|p2b: Rillaboom\n|-start|p2b: Rillaboom|Encore\n|\n|-heal|p2a: Terapagos|77/100|[from] Grassy Terrain\n|-heal|p2a: Terapagos|83/100|[from] item: Leftovers\n|-heal|p1b: Elena|66/100|[from] Grassy Terrain\n|upkeep\n|turn|4\n|\n|t:|1746112765\n|switch|p2b: Urshifu|Urshifu-Rapid-Strike, L50, M|100/100\n|switch|p1b: Chi-Yu|Chi-Yu, L50|100/100\n|-ability|p1b: Chi-Yu|Beads of Ruin\n|move|p2a: Terapagos|Protect|p2a: Terapagos\n|-singleturn|p2a: Terapagos|Protect\n|move|p1a: Calyrex|Glacial Lance|p2b: Urshifu|[spread] p2b\n|-activate|p2a: Terapagos|move: Protect\n|-resisted|p2b: Urshifu\n|-damage|p2b: Urshifu|26/100\n|\n|-heal|p2b: Urshifu|32/100|[from] Grassy Terrain\n|-heal|p2a: Terapagos|89/100|[from] Grassy Terrain\n|-heal|p2a: Terapagos|95/100|[from] item: Leftovers\n|upkeep\n|turn|5\n|inactive|michael tester has 30 seconds left.\n|\n|t:|1746112795\n|-terastallize|p2a: Terapagos|Stellar\n|detailschange|p2a: Terapagos|Terapagos-Stellar, L50, M, tera:Stellar\n|-heal|p2a: Terapagos|97/100|[silent]\n|-ability|p2a: Terapagos|Teraform Zero\n|-fieldend|move: Grassy Terrain\n|move|p2b: Urshifu|Aqua Jet|p1b: Chi-Yu\n|-supereffective|p1b: Chi-Yu\n|-damage|p1b: Chi-Yu|31/100\n|move|p1b: Chi-Yu|Snarl|p2a: Terapagos|[spread] p2a,p2b\n|-resisted|p2b: Urshifu\n|-damage|p2a: Terapagos|83/100\n|-damage|p2b: Urshifu|6/100\n|-unboost|p2a: Terapagos|spa|1\n|-unboost|p2b: Urshifu|spa|1\n|move|p2a: Terapagos|Tera Starstorm|p1a: Calyrex|[spread] p1a,p1b\n|-supereffective|p1a: Calyrex\n|-damage|p1a: Calyrex|38/100\n|-damage|p1b: Chi-Yu|0 fnt\n|faint|p1b: Chi-Yu\n|move|p1a: Calyrex|Glacial Lance|p2b: Urshifu|[spread] p2a,p2b\n|-resisted|p2b: Urshifu\n|-damage|p2a: Terapagos|13/100\n|-damage|p2b: Urshifu|0 fnt\n|faint|p2b: Urshifu\n|-ability|p1a: Calyrex|Chilling Neigh|boost\n|-boost|p1a: Calyrex|atk|1\n|\n|-heal|p2a: Terapagos|20/100|[from] item: Leftovers\n|upkeep\n|\n|t:|1746112813\n|switch|p1b: Elena|Alcremie-Salted-Cream, L50, F|66/100\n|switch|p2b: Rillaboom|Rillaboom, L50, M|100/100\n|-fieldstart|move: Grassy Terrain|[from] ability: Grassy Surge|[of] p2b: Rillaboom\n|turn|6\n|inactive|michael tester has 30 seconds left.\n|inactive|michael tester has 20 seconds left.\n|inactive|michael tester has 15 seconds left.\n|inactive|michael tester has 10 seconds left.\n|inactive|michael tester has 5 seconds left.\n|\n|t:|1746112864\n|switch|p1b: Miraidon|Miraidon, L50|100/100\n|-fieldstart|move: Electric Terrain|[from] ability: Hadron Engine|[of] p1b: Miraidon\n|move|p2a: Terapagos|Protect|p2a: Terapagos\n|-singleturn|p2a: Terapagos|Protect\n|move|p1a: Calyrex|Protect|p1a: Calyrex\n|-singleturn|p1a: Calyrex|Protect\n|move|p2b: Rillaboom|Grassy Glide|p1b: Miraidon\n|-resisted|p1b: Miraidon\n|-damage|p1b: Miraidon|86/100\n|\n|-heal|p2a: Terapagos|26/100|[from] item: Leftovers\n|upkeep\n|turn|7\n|\n|t:|1746112871\n|move|p1b: Miraidon|Electro Drift|p2a: Terapagos\n|-damage|p2a: Terapagos|0 fnt\n|faint|p2a: Terapagos\n|-damage|p1b: Miraidon|76/100|[from] item: Life Orb\n|move|p2b: Rillaboom|Wood Hammer|p1b: Miraidon\n|-resisted|p1b: Miraidon\n|-damage|p1b: Miraidon|45/100\n|-damage|p2b: Rillaboom|92/100|[from] Recoil\n|move|p1a: Calyrex|Glacial Lance|p2b: Rillaboom\n|-supereffective|p2b: Rillaboom\n|-damage|p2b: Rillaboom|0 fnt\n|faint|p2b: Rillaboom\n|\n|win|juacox300\n||juacox300 is ready for game 2.\n||michael tester is ready for game 2.\n|uhtml|next|Next: <a href=\"/battle-gen9vgc2025regibo3-2354710064\"><strong>Game 2 of 3</strong></a>\n|l|\u2606juacox300\n|player|p1|\n", "uploadtime": 1746113079, "views": 34, "formatid": "gen9vgc2025regibo3", "rating": null, "private": 0, "password": null}