{"id": "gen9vgc2025regibo3-2353770227", "format": "[Gen 9] VGC 2025 Reg I (Bo3)", "players": ["Stian27", "anino23"], "log": "|j|\u2606Stian27\n|j|\u2606anino23\n|html|<table width=\"100%\"><tr><td align=\"left\">Stian27</td><td align=\"right\">anino23</tr><tr><td align=\"left\"><i class=\"fa fa-circle-o\"></i> <i class=\"fa fa-circle-o\"></i> </td><td align=\"right\"><i class=\"fa fa-circle-o\"></i> <i class=\"fa fa-circle-o\"></i> </tr></table>\n|uhtml|bestof|<h2><strong>Game 1</strong> of <a href=\"/game-bestof3-gen9vgc2025regibo3-2353770226\">a best-of-3</a></h2>\n|t:|1745997023\n|gametype|doubles\n|player|p1|Stian27|ethan|1133\n|player|p2|anino23|102|1096\n|teamsize|p1|6\n|teamsize|p2|6\n|gen|9\n|tier|[Gen 9] VGC 2025 Reg I (Bo3)\n|rated|\n|rule|Species Clause: Limit one of each Pok\u00e9mon\n|rule|Item Clause: Limit 1 of each item\n|clearpoke\n|poke|p1|Incineroar, L50, F|\n|poke|p1|Rillaboom, L50, M|\n|poke|p1|Lugia, L50|\n|poke|p1|Lunala, L50|\n|poke|p1|Comfey, L50, M|\n|poke|p1|Landorus, L50, M|\n|poke|p2|Zamazenta-*, L50|\n|poke|p2|Calyrex-Shadow, L50|\n|poke|p2|Incineroar, L50, M|\n|poke|p2|Urshifu-*, L50, M|\n|poke|p2|Indeedee-F, L50, F|\n|poke|p2|Iron Hands, L50|\n|teampreview|4\n|showteam|p1|Incineroar||RockyHelmet|Intimidate|FakeOut,KnockOff,FlareBlitz,PartingShot|||F|||50|,,,,,Grass]Rillaboom||AssaultVest|GrassySurge|WoodHammer,HighHorsepower,Uturn,FakeOut|||M|||50|,,,,,Fire]Lugia||Leftovers|Multiscale|Aeroblast,EarthPower,CalmMind,Recover||||||50|,,,,,Fairy]Lunala||PowerHerb|ShadowShield|MoongeistBeam,MeteorBeam,WideGuard,TrickRoom||||||50|,,,,,Water]Comfey||SitrusBerry|Triage|FloralHealing,DrainingKiss,Tailwind,Protect|||M|||50|,,,,,Steel]Landorus||LifeOrb|SheerForce|EarthPower,SludgeBomb,SandsearStorm,Protect|||M|||50|,,,,,Poison\n|showteam|p2|Zamazenta-Crowned||RustedShield|DauntlessShield|BodyPress,WideGuard,behemothbash,Protect||||||50|,,,,,Dragon]Calyrex-Shadow||LifeOrb|AsOneSpectrier|AstralBarrage,Psychic,NastyPlot,Protect||||||50|,,,,,Dark]Incineroar||RockyHelmet|Intimidate|FakeOut,KnockOff,PartingShot,FlareBlitz|||M|||50|,,,,,Grass]Urshifu-Rapid-Strike||ChoiceScarf|UnseenFist|SurgingStrikes,CloseCombat,Uturn,AquaJet|||M|||50|,,,,,Water]Indeedee-F||PsychicSeed|PsychicSurge|FollowMe,TrickRoom,Psychic,Protect|||F|||50|,,,,,Steel]Iron Hands||AssaultVest|QuarkDrive|VoltSwitch,FakeOut,WildCharge,DrainPunch||||||50|,,,,,Grass\n|\n|t:|1745997097\n|start\n|switch|p1a: Lugia|Lugia, L50|100/100\n|switch|p1b: Lunala|Lunala, L50|100/100\n|switch|p2a: Calyrex|Calyrex-Shadow, L50|100/100\n|switch|p2b: Incineroar|Incineroar, L50, M|100/100\n|-ability|p2a: Calyrex|As One\n|-ability|p2a: Calyrex|Unnerve\n|-ability|p2b: Incineroar|Intimidate|boost\n|-unboost|p1a: Lugia|atk|1\n|-unboost|p1b: Lunala|atk|1\n|turn|1\n|\n|t:|1745997121\n|-terastallize|p1a: Lugia|Fairy\n|move|p2b: Incineroar|Fake Out|p1a: Lugia\n|-damage|p1a: Lugia|97/100\n|move|p2a: Calyrex|Nasty Plot|p2a: Calyrex\n|-boost|p2a: Calyrex|spa|2\n|cant|p1a: Lugia|flinch\n|move|p1b: Lunala|Meteor Beam||[still]\n|-prepare|p1b: Lunala|Meteor Beam\n|-boost|p1b: Lunala|spa|1\n|-enditem|p1b: Lunala|Power Herb\n|-anim|p1b: Lunala|Meteor Beam|p2b: Incineroar\n|-supereffective|p2b: Incineroar\n|-damage|p2b: Incineroar|0 fnt\n|faint|p2b: Incineroar\n|\n|-heal|p1a: Lugia|100/100|[from] item: Leftovers\n|upkeep\n|\n|t:|1745997137\n|switch|p2b: Iron Hands|Iron Hands, L50|100/100\n|turn|2\n|\n|t:|1745997178\n|-terastallize|p2b: Iron Hands|Grass\n|move|p2a: Calyrex|Protect|p2a: Calyrex\n|-singleturn|p2a: Calyrex|Protect\n|move|p1a: Lugia|Calm Mind|p1a: Lugia\n|-boost|p1a: Lugia|spa|1\n|-boost|p1a: Lugia|spd|1\n|move|p1b: Lunala|Moongeist Beam|p2b: Iron Hands\n|-damage|p2b: Iron Hands|44/100\n|move|p2b: Iron Hands|Volt Switch|p1b: Lunala\n|-damage|p1b: Lunala|96/100\n|\n|t:|1745997196\n|-end|p2b: Iron Hands|Quark Drive|[silent]\n|switch|p2b: Zamazenta|Zamazenta-Crowned, L50|100/100|[from] Volt Switch\n|-ability|p2b: Zamazenta|Dauntless Shield|boost\n|-boost|p2b: Zamazenta|def|1\n|\n|upkeep\n|turn|3\n|\n|t:|1745997226\n|switch|p1b: Rillaboom|Rillaboom, L50, M|100/100\n|-fieldstart|move: Grassy Terrain|[from] ability: Grassy Surge|[of] p1b: Rillaboom\n|move|p2a: Calyrex|Astral Barrage|p1a: Lugia|[spread] p1a,p1b\n|-damage|p1a: Lugia|72/100\n|-damage|p1b: Rillaboom|0 fnt\n|faint|p1b: Rillaboom\n|-ability|p2a: Calyrex|Grim Neigh|boost\n|-boost|p2a: Calyrex|spa|1\n|-damage|p2a: Calyrex|91/100|[from] item: Life Orb\n|move|p2b: Zamazenta|Behemoth Bash|p1a: Lugia\n|-supereffective|p1a: Lugia\n|-damage|p1a: Lugia|29/100\n|move|p1a: Lugia|Calm Mind|p1a: Lugia\n|-boost|p1a: Lugia|spa|1\n|-boost|p1a: Lugia|spd|1\n|\n|-heal|p2a: Calyrex|96/100|[from] Grassy Terrain\n|-heal|p1a: Lugia|35/100|[from] Grassy Terrain\n|-heal|p1a: Lugia|41/100|[from] item: Leftovers\n|upkeep\n|\n|t:|1745997246\n|switch|p1b: Comfey|Comfey, L50, M|100/100\n|turn|4\n|\n|t:|1745997266\n|move|p2a: Calyrex|Protect|p2a: Calyrex\n|-singleturn|p2a: Calyrex|Protect\n|move|p1b: Comfey|Floral Healing|p1a: Lugia\n|-heal|p1a: Lugia|100/100\n|move|p2b: Zamazenta|Behemoth Bash|p1a: Lugia\n|-supereffective|p1a: Lugia\n|-damage|p1a: Lugia|77/100\n|move|p1a: Lugia|Aeroblast|p2b: Zamazenta\n|-damage|p2b: Zamazenta|38/100\n|\n|-heal|p2a: Calyrex|100/100|[from] Grassy Terrain\n|-heal|p2b: Zamazenta|44/100|[from] Grassy Terrain\n|-heal|p1a: Lugia|84/100|[from] Grassy Terrain\n|-heal|p1a: Lugia|90/100|[from] item: Leftovers\n|upkeep\n|turn|5\n|\n|t:|1745997314\n|move|p1b: Comfey|Protect|p1b: Comfey\n|-singleturn|p1b: Comfey|Protect\n|move|p2a: Calyrex|Astral Barrage|p1a: Lugia|[spread] p1a\n|-activate|p1b: Comfey|move: Protect\n|-damage|p1a: Lugia|41/100\n|-damage|p2a: Calyrex|91/100|[from] item: Life Orb\n|move|p2b: Zamazenta|Behemoth Bash|p1a: Lugia\n|-supereffective|p1a: Lugia\n|-damage|p1a: Lugia|0 fnt\n|faint|p1a: Lugia\n|\n|-heal|p2a: Calyrex|96/100|[from] Grassy Terrain\n|-heal|p2b: Zamazenta|50/100|[from] Grassy Terrain\n|upkeep\n|\n|t:|1745997328\n|switch|p1a: Lunala|Lunala, L50|96/100\n|turn|6\n|\n|t:|1745997383\n|move|p1b: Comfey|Draining Kiss|p2b: Zamazenta\n|-damage|p2b: Zamazenta|37/100\n|move|p1a: Lunala|Wide Guard|p1a: Lunala\n|-singleturn|p1a: Lunala|Wide Guard\n|move|p2a: Calyrex|Astral Barrage|p1b: Comfey|[spread] \n|-activate|p1a: Lunala|move: Wide Guard\n|-activate|p1b: Comfey|move: Wide Guard\n|move|p2b: Zamazenta|Behemoth Bash|p1b: Comfey\n|-supereffective|p1b: Comfey\n|-damage|p1b: Comfey|23/100\n|\n|-heal|p2a: Calyrex|100/100|[from] Grassy Terrain\n|-heal|p2b: Zamazenta|43/100|[from] Grassy Terrain\n|-heal|p1b: Comfey|29/100|[from] Grassy Terrain\n|-heal|p1a: Lunala|100/100|[from] Grassy Terrain\n|upkeep\n|turn|7\n|\n|t:|1745997412\n|move|p1b: Comfey|Draining Kiss|p2a: Calyrex\n|-damage|p2a: Calyrex|86/100\n|-heal|p1b: Comfey|41/100|[from] drain|[of] p2a: Calyrex\n|move|p2a: Calyrex|Astral Barrage|p1a: Lunala|[spread] p1a,p1b\n|-supereffective|p1a: Lunala\n|-damage|p1a: Lunala|0 fnt\n|-damage|p1b: Comfey|0 fnt\n|faint|p1a: Lunala\n|faint|p1b: Comfey\n|-damage|p2a: Calyrex|76/100|[from] item: Life Orb\n|\n|win|anino23\n||anino23 is ready for game 2.\n|inactive|Stian27 has 30 seconds to confirm battle start!\n||Stian27 is ready for game 2.\n|uhtml|next|Next: <a href=\"/battle-gen9vgc2025regibo3-2353772609\"><strong>Game 2 of 3</strong></a>\n", "uploadtime": 1745997702, "views": 7, "formatid": "gen9vgc2025regibo3", "rating": null, "private": 0, "password": null}