{"id": "gen9vgc2025regibo3-2355036881", "format": "[Gen 9] VGC 2025 Reg I (Bo3)", "players": ["AceTrainerJohny", "TurquoiseYoshi"], "log": "|j|\u2606AceTrainerJohny\n|j|\u2606TurquoiseYoshi\n|html|<table width=\"100%\"><tr><td align=\"left\">AceTrainerJohny</td><td align=\"right\">TurquoiseYoshi</tr><tr><td align=\"left\"><i class=\"fa fa-circle-o\"></i> <i class=\"fa fa-circle-o\"></i> </td><td align=\"right\"><i class=\"fa fa-circle-o\"></i> <i class=\"fa fa-circle-o\"></i> </tr></table>\n|uhtml|bestof|<h2><strong>Game 1</strong> of <a href=\"/game-bestof3-gen9vgc2025regibo3-2355036880\">a best-of-3</a></h2>\n|t:|1746144793\n|gametype|doubles\n|player|p1|AceTrainerJohny|acetrainer-gen4dp|1140\n|player|p2|TurquoiseYoshi|rika|1141\n|teamsize|p1|6\n|teamsize|p2|6\n|gen|9\n|tier|[Gen 9] VGC 2025 Reg I (Bo3)\n|rated|\n|rule|Species Clause: Limit one of each Pok\u00e9mon\n|rule|Item Clause: Limit 1 of each item\n|clearpoke\n|poke|p1|Calyrex-Ice, L50|\n|poke|p1|Palkia, L50|\n|poke|p1|Ursaluna, L50, M|\n|poke|p1|Indeedee-F, L50, F|\n|poke|p1|Iron Crown, L50|\n|poke|p1|Chi-Yu, L50|\n|poke|p2|Kyurem-White, L50|\n|poke|p2|Tornadus, L50, M|\n|poke|p2|Calyrex-Shadow, L50|\n|poke|p2|Indeedee-F, L50, F|\n|poke|p2|Dondozo, L50, F|\n|poke|p2|Tatsugiri-Droopy, L50, F|\n|teampreview|4\n|showteam|p1|Calyrex-Ice||ClearAmulet|AsOneGlastrier|Protect,TrickRoom,GlacialLance,HighHorsepower||||||50|,,,,,Fire]Palkia||LustrousOrb|Telepathy|TrickRoom,SpacialRend,HydroPump,Protect||||||50|,,,,,Poison]Ursaluna||FlameOrb|Guts|Protect,Facade,Earthquake,ThroatChop|||M|||50|,,,,,Ghost]Indeedee-F||RockyHelmet|PsychicSurge|FollowMe,TrickRoom,AlluringVoice,HelpingHand|||F|||50|,,,,,Grass]Iron Crown||BoosterEnergy|QuarkDrive|TachyonCutter,ExpandingForce,Protect,CalmMind||||||50|,,,,,Stellar]Chi-Yu||ChoiceScarf|BeadsofRuin|Overheat,Snarl,HeatWave,DarkPulse||||||50|,,,,,Ghost\n|showteam|p2|Kyurem-White||AssaultVest|Turboblaze|FreezeDry,EarthPower,ShadowBall,Blizzard||||||50|,,,,,Ground]Tornadus||CovertCloak|Prankster|BleakwindStorm,Tailwind,Snowscape,Taunt|||M|||50|,,,,,Dark]Calyrex-Shadow||LifeOrb|AsOneSpectrier|AstralBarrage,ExpandingForce,PollenPuff,Protect||||||50|,,,,,Normal]Indeedee-F||RockyHelmet|PsychicSurge|FollowMe,HelpingHand,TrickRoom,AlluringVoice|||F|||50|,,,,,Fairy]Dondozo||Leftovers|Unaware|BodyPress,OrderUp,Earthquake,Protect|||F|||50|,,,,,Grass]Tatsugiri-Droopy||ChoiceScarf|Commander|MuddyWater,DracoMeteor,IcyWind,SleepTalk|||F|||50|,,,,,Stellar\n|inactive|Battle timer is ON: inactive players will automatically lose when time's up. (requested by TurquoiseYoshi)\n|\n|t:|1746144827\n|start\n|switch|p1a: Calyrex|Calyrex-Ice, L50|100/100\n|switch|p1b: Indeedee|Indeedee-F, L50, F|100/100\n|switch|p2a: flameatron|Kyurem-White, L50|100/100\n|switch|p2b: corn|Tornadus, L50, M|100/100\n|-ability|p1a: Calyrex|As One\n|-ability|p1a: Calyrex|Unnerve\n|-ability|p2a: flameatron|Turboblaze\n|-fieldstart|move: Psychic Terrain|[from] ability: Psychic Surge|[of] p1b: Indeedee\n|turn|1\n|\n|t:|1746144849\n|-terastallize|p1a: Calyrex|Fire\n|move|p2b: corn|Bleakwind Storm|p1b: Indeedee|[spread] p1a\n|-miss|p2b: corn|p1b: Indeedee\n|-damage|p1a: Calyrex|76/100\n|move|p2a: flameatron|Blizzard|p1a: Calyrex|[spread] p1a,p1b\n|-resisted|p1a: Calyrex\n|-damage|p1a: Calyrex|56/100\n|-damage|p1b: Indeedee|53/100\n|move|p1a: Calyrex|Glacial Lance|p2a: flameatron|[spread] p2a,p2b\n|-supereffective|p2b: corn\n|-damage|p2a: flameatron|43/100\n|-damage|p2b: corn|0 fnt\n|faint|p2b: corn\n|-ability|p1a: Calyrex|Chilling Neigh|boost\n|-boost|p1a: Calyrex|atk|1\n|move|p1b: Indeedee|Trick Room|p1b: Indeedee\n|-fieldstart|move: Trick Room|[of] p1b: Indeedee\n|\n|upkeep\n|\n|t:|1746144859\n|switch|p2b: big easy|Dondozo, L50, F|100/100\n|turn|2\n|\n|t:|1746144880\n|switch|p2a: flight time|Tatsugiri-Droopy, L50, F|100/100\n|-activate|p2a: flight time|ability: Commander|[of] p2b: big easy\n|-boost|p2b: big easy|atk|2\n|-boost|p2b: big easy|spa|2\n|-boost|p2b: big easy|spe|2\n|-boost|p2b: big easy|def|2\n|-boost|p2b: big easy|spd|2\n|move|p1b: Indeedee|Helping Hand|p1a: Calyrex\n|-singleturn|p1a: Calyrex|Helping Hand|[of] p1b: Indeedee\n|move|p1a: Calyrex|Glacial Lance|p2a: flight time|[spread] p2b\n|-miss|p1a: Calyrex|p2a: flight time\n|-resisted|p2b: big easy\n|-damage|p2b: big easy|88/100\n|move|p2b: big easy|Order Up|p1a: Calyrex\n|-damage|p1a: Calyrex|33/100\n|-boost|p2b: big easy|def|1\n|\n|-heal|p2b: big easy|95/100|[from] item: Leftovers\n|upkeep\n|turn|3\n|\n|t:|1746144903\n|move|p1b: Indeedee|Helping Hand|p1a: Calyrex\n|-singleturn|p1a: Calyrex|Helping Hand|[of] p1b: Indeedee\n|move|p1a: Calyrex|High Horsepower|p2b: big easy\n|-damage|p2b: big easy|82/100\n|move|p2b: big easy|Body Press|p1b: Indeedee\n|-damage|p1b: Indeedee|0 fnt\n|-damage|p2b: big easy|65/100|[from] item: Rocky Helmet|[of] p1b: Indeedee\n|faint|p1b: Indeedee\n|\n|-heal|p2b: big easy|71/100|[from] item: Leftovers\n|upkeep\n|\n|t:|1746144914\n|switch|p1b: Palkia|Palkia, L50, shiny|100/100\n|turn|4\n|\n|t:|1746144926\n|move|p2b: big easy|Protect|p2b: big easy\n|-singleturn|p2b: big easy|Protect\n|move|p1a: Calyrex|High Horsepower|p2b: big easy\n|-activate|p2b: big easy|move: Protect\n|move|p1b: Palkia|Spacial Rend|p2b: big easy\n|-activate|p2b: big easy|move: Protect\n|\n|-heal|p2b: big easy|78/100|[from] item: Leftovers\n|upkeep\n|turn|5\n|\n|t:|1746144936\n|move|p2b: big easy|Order Up|p1b: Palkia\n|-supereffective|p1b: Palkia\n|-damage|p1b: Palkia|32/100\n|-boost|p2b: big easy|def|1\n|move|p1a: Calyrex|Trick Room|p1a: Calyrex\n|-fieldend|move: Trick Room\n|move|p1b: Palkia|Trick Room|p1b: Palkia\n|-fieldstart|move: Trick Room|[of] p1b: Palkia\n|\n|-heal|p2b: big easy|84/100|[from] item: Leftovers\n|-fieldend|move: Psychic Terrain\n|upkeep\n|turn|6\n|\n|t:|1746144947\n|move|p1a: Calyrex|High Horsepower|p2b: big easy\n|-damage|p2b: big easy|76/100\n|move|p1b: Palkia|Spacial Rend|p2b: big easy\n|-damage|p2b: big easy|45/100\n|move|p2b: big easy|Order Up|p1b: Palkia\n|-supereffective|p1b: Palkia\n|-damage|p1b: Palkia|0 fnt\n|faint|p1b: Palkia\n|-boost|p2b: big easy|def|1\n|\n|-heal|p2b: big easy|52/100|[from] item: Leftovers\n|upkeep\n|\n|t:|1746144958\n|switch|p1b: Ursaluna|Ursaluna, L50, M, shiny|100/100\n|turn|7\n|\n|t:|1746144966\n|move|p1b: Ursaluna|Facade|p2b: big easy\n|-damage|p2b: big easy|45/100\n|move|p1a: Calyrex|High Horsepower|p2b: big easy\n|-damage|p2b: big easy|38/100\n|move|p2b: big easy|Body Press|p1a: Calyrex\n|-damage|p1a: Calyrex|0 fnt\n|faint|p1a: Calyrex\n|\n|-heal|p2b: big easy|44/100|[from] item: Leftovers\n|-status|p1b: Ursaluna|brn|[from] item: Flame Orb\n|upkeep\n|turn|8\n|\n|t:|1746144979\n|move|p1b: Ursaluna|Facade|p2b: big easy\n|-damage|p2b: big easy|26/100\n|move|p2b: big easy|Body Press|p1b: Ursaluna\n|-supereffective|p1b: Ursaluna\n|-damage|p1b: Ursaluna|0 fnt\n|faint|p1b: Ursaluna\n|\n|win|TurquoiseYoshi\n||AceTrainerJohny is ready for game 2.\n||TurquoiseYoshi is ready for game 2.\n|uhtml|next|Next: <a href=\"/battle-gen9vgc2025regibo3-2355038534\"><strong>Game 2 of 3</strong></a>\n|l|\u2606AceTrainerJohny\n|player|p1|\n|l|\u2606TurquoiseYoshi\n|player|p2|\n", "uploadtime": 1746144983, "views": 20, "formatid": "gen9vgc2025regibo3", "rating": null, "private": 0, "password": null}