{"id": "gen9vgc2025regibo3-2353804303", "format": "[Gen 9] VGC 2025 Reg I (Bo3)", "players": ["JimmyGhione69", "NiraTheNerd"], "log": "|j|\u2606JimmyGhione69\n|j|\u2606NiraTheNerd\n|html|<table width=\"100%\"><tr><td align=\"left\">JimmyGhione69</td><td align=\"right\">NiraTheNerd</tr><tr><td align=\"left\"><i class=\"fa fa-circle-o\"></i> <i class=\"fa fa-circle-o\"></i> </td><td align=\"right\"><i class=\"fa fa-circle-o\"></i> <i class=\"fa fa-circle-o\"></i> </tr></table>\n|uhtml|bestof|<h2><strong>Game 1</strong> of <a href=\"/game-bestof3-gen9vgc2025regibo3-2353804301\">a best-of-3</a></h2>\n|t:|1746002765\n|gametype|doubles\n|player|p1|JimmyGhione69|birdkeeper-gen4dp|1284\n|player|p2|NiraTheNerd|101|1191\n|teamsize|p1|6\n|teamsize|p2|6\n|gen|9\n|tier|[Gen 9] VGC 2025 Reg I (Bo3)\n|rated|\n|rule|Species Clause: Limit one of each Pok\u00e9mon\n|rule|Item Clause: Limit 1 of each item\n|clearpoke\n|poke|p1|Miraidon, L50|\n|poke|p1|Ho-Oh, L50|\n|poke|p1|Iron Hands, L50|\n|poke|p1|Farigiraf, L50, F|\n|poke|p1|Iron Valiant, L50|\n|poke|p1|Urshifu-*, L50, M|\n|poke|p2|Calyrex-Ice, L50|\n|poke|p2|Regieleki, L50|\n|poke|p2|Landorus, L50, M|\n|poke|p2|Ogerpon-Cornerstone, L50, F|\n|poke|p2|Farigiraf, L50, M|\n|poke|p2|Kyogre, L50|\n|teampreview|4\n|showteam|p1|Miraidon||ChoiceSpecs|HadronEngine|ElectroDrift,VoltSwitch,DracoMeteor,DazzlingGleam||||||50|,,,,,Fairy]Ho-Oh||ClearAmulet|Regenerator|SacredFire,BraveBird,Tailwind,Protect||||||50|,,,,,Grass]Iron Hands||AssaultVest|QuarkDrive|LowKick,DrainPunch,WildCharge,FakeOut||||||50|,,,,,Bug]Farigiraf||ElectricSeed|ArmorTail|FoulPlay,Psychic,TrickRoom,HelpingHand|||F|||50|,,,,,Water]Iron Valiant||FocusSash|QuarkDrive|SpiritBreak,WideGuard,Encore,IcyWind||||||50|,,,,,Ghost]Urshifu-Rapid-Strike||ChoiceScarf|UnseenFist|SurgingStrikes,CloseCombat,Uturn,AquaJet|||M|||50|,,,,,Water\n|showteam|p2|Calyrex-Ice||ClearAmulet|AsOneGlastrier|GlacialLance,Imprison,TrickRoom,Protect||||||50|,,,,,Grass]Regieleki||FocusSash|Transistor|Thunderbolt,Electroweb,VoltSwitch,Protect||||||50|,,,,,Electric]Landorus||LifeOrb|SheerForce|Protect,SludgeBomb,EarthPower,SandsearStorm|||M|||50|,,,,,Poison]Ogerpon-Cornerstone||CornerstoneMask|Sturdy|IvyCudgel,PowerWhip,FollowMe,SpikyShield|||F|||50|,,,,,Rock]Farigiraf||SafetyGoggles|ArmorTail|FoulPlay,HelpingHand,TrickRoom,TwinBeam|||M|||50|,,,,,Water]Kyogre||AssaultVest|Drizzle|WaterSpout,OriginPulse,IceBeam,Thunder||||||50|,,,,,Electric\n|\n|t:|1746002830\n|start\n|switch|p1a: Miraidon|Miraidon, L50|100/100\n|switch|p1b: Iron Valiant|Iron Valiant, L50|100/100\n|switch|p2a: Marco|Landorus, L50, M|100/100\n|switch|p2b: Opergon|Ogerpon-Cornerstone, L50, F|100/100\n|-fieldstart|move: Electric Terrain|[from] ability: Hadron Engine|[of] p1a: Miraidon\n|-activate|p1b: Iron Valiant|ability: Quark Drive\n|-start|p1b: Iron Valiant|quarkdrivespe\n|turn|1\n|\n|t:|1746002862\n|move|p2b: Opergon|Spiky Shield|p2b: Opergon\n|-singleturn|p2b: Opergon|move: Protect\n|move|p2a: Marco|Protect|p2a: Marco\n|-singleturn|p2a: Marco|Protect\n|move|p1b: Iron Valiant|Icy Wind|p2b: Opergon|[spread] \n|-activate|p2a: Marco|move: Protect\n|-activate|p2b: Opergon|move: Protect\n|move|p1a: Miraidon|Volt Switch|p2b: Opergon\n|-activate|p2b: Opergon|move: Protect\n|\n|upkeep\n|turn|2\n|inactive|Battle timer is ON: inactive players will automatically lose when time's up. (requested by JimmyGhione69)\n|\n|t:|1746002901\n|move|p2b: Opergon|Follow Me|p2b: Opergon\n|-singleturn|p2b: Opergon|move: Follow Me\n|move|p1b: Iron Valiant|Icy Wind|p2a: Marco|[spread] p2a,p2b\n|-supereffective|p2a: Marco\n|-supereffective|p2b: Opergon\n|-damage|p2a: Marco|47/100\n|-damage|p2b: Opergon|75/100\n|-unboost|p2a: Marco|spe|1\n|-unboost|p2b: Opergon|spe|1\n|move|p1a: Miraidon|Volt Switch|p2b: Opergon\n|-resisted|p2b: Opergon\n|-damage|p2b: Opergon|11/100\n|\n|t:|1746002908\n|switch|p1a: Farigiraf|Farigiraf, L50, F|100/100|[from] Volt Switch\n|-enditem|p1a: Farigiraf|Electric Seed\n|-boost|p1a: Farigiraf|def|1|[from] item: Electric Seed\n|move|p2a: Marco|Sludge Bomb|p1a: Farigiraf\n|-damage|p1a: Farigiraf|60/100\n|\n|upkeep\n|turn|3\n|inactive|NiraTheNerd has 30 seconds left.\n|inactive|NiraTheNerd has 20 seconds left.\n|\n|t:|1746002944\n|switch|p2b: Whale Lord|Kyogre, L50|100/100\n|-weather|RainDance|[from] ability: Drizzle|[of] p2b: Whale Lord\n|switch|p2a: Garifirag|Farigiraf, L50, M, shiny|100/100\n|move|p1b: Iron Valiant|Icy Wind|p2b: Whale Lord|[spread] p2a,p2b\n|-resisted|p2b: Whale Lord\n|-damage|p2a: Garifirag|90/100\n|-damage|p2b: Whale Lord|98/100\n|-unboost|p2a: Garifirag|spe|1\n|-unboost|p2b: Whale Lord|spe|1\n|move|p1a: Farigiraf|Psychic|p2a: Garifirag\n|-resisted|p2a: Garifirag\n|-damage|p2a: Garifirag|74/100\n|-unboost|p2a: Garifirag|spd|1\n|\n|-weather|RainDance|[upkeep]\n|upkeep\n|turn|4\n|inactive|JimmyGhione69 has 30 seconds left.\n|inactive|NiraTheNerd has 30 seconds left.\n|\n|t:|1746002978\n|-terastallize|p2b: Whale Lord|Electric\n|move|p1b: Iron Valiant|Spirit Break|p2b: Whale Lord\n|-damage|p2b: Whale Lord|61/100\n|-unboost|p2b: Whale Lord|spa|1\n|move|p2b: Whale Lord|Thunder|p1a: Farigiraf\n|-damage|p1a: Farigiraf|19/100\n|move|p2a: Garifirag|Twin Beam|p1b: Iron Valiant\n|-supereffective|p1b: Iron Valiant\n|-damage|p1b: Iron Valiant|32/100\n|-supereffective|p1b: Iron Valiant\n|-damage|p1b: Iron Valiant|0 fnt\n|faint|p1b: Iron Valiant\n|-end|p1b: Iron Valiant|Quark Drive|[silent]\n|-hitcount|p1: Iron Valiant|2\n|move|p1a: Farigiraf|Trick Room|p1a: Farigiraf\n|-fieldstart|move: Trick Room|[of] p1a: Farigiraf\n|\n|-weather|RainDance|[upkeep]\n|upkeep\n|\n|t:|1746002989\n|switch|p1b: Iron Hands|Iron Hands, L50|100/100\n|-activate|p1b: Iron Hands|ability: Quark Drive\n|-start|p1b: Iron Hands|quarkdriveatk\n|turn|5\n|inactive|JimmyGhione69 has 30 seconds left.\n|\n|t:|1746003015\n|switch|p1a: Miraidon|Miraidon, L50|100/100\n|-activate|p1a: Miraidon|ability: Hadron Engine\n|switch|p2b: Opergon|Ogerpon-Cornerstone, L50, F|11/100\n|move|p1b: Iron Hands|Low Kick|p2a: Garifirag\n|-damage|p2a: Garifirag|4/100\n|move|p2a: Garifirag|Foul Play|p1a: Miraidon\n|-damage|p1a: Miraidon|84/100\n|\n|-weather|RainDance|[upkeep]\n|-fieldend|move: Electric Terrain\n|-end|p1b: Iron Hands|Quark Drive\n|upkeep\n|turn|6\n|inactive|JimmyGhione69 has 30 seconds left.\n|inactive|JimmyGhione69 has 20 seconds left.\n|\n|t:|1746003053\n|-end|p1b: Iron Hands|Quark Drive|[silent]\n|switch|p1b: Farigiraf|Farigiraf, L50, F|19/100\n|move|p2b: Opergon|Follow Me|p2b: Opergon\n|-singleturn|p2b: Opergon|move: Follow Me\n|move|p2a: Garifirag|Twin Beam|p1b: Farigiraf\n|-resisted|p1b: Farigiraf\n|-damage|p1b: Farigiraf|11/100\n|-resisted|p1b: Farigiraf\n|-damage|p1b: Farigiraf|2/100\n|-hitcount|p1b: Farigiraf|2\n|move|p1a: Miraidon|Volt Switch|p2b: Opergon\n|-resisted|p2b: Opergon\n|-damage|p2b: Opergon|0 fnt\n|faint|p2b: Opergon\n|\n|t:|1746003056\n|switch|p1a: Iron Hands|Iron Hands, L50|100/100|[from] Volt Switch\n|\n|-weather|RainDance|[upkeep]\n|upkeep\n|\n|t:|1746003067\n|switch|p2b: Marco|Landorus, L50, M|47/100\n|turn|7\n|inactive|NiraTheNerd has 30 seconds left.\n|\n|t:|1746003096\n|switch|p2a: Whale Lord|Kyogre, L50, tera:Electric|61/100\n|switch|p1b: Miraidon|Miraidon, L50|84/100\n|-fieldstart|move: Electric Terrain|[from] ability: Hadron Engine|[of] p1b: Miraidon\n|-activate|p1a: Iron Hands|ability: Quark Drive\n|-start|p1a: Iron Hands|quarkdriveatk\n|-terastallize|p1a: Iron Hands|Bug\n|move|p1a: Iron Hands|Drain Punch|p2a: Whale Lord\n|-damage|p2a: Whale Lord|5/100\n|move|p2b: Marco|Sandsear Storm|p1a: Iron Hands|[spread] p1a,p1b\n|-resisted|p1a: Iron Hands\n|-supereffective|p1b: Miraidon\n|-damage|p1a: Iron Hands|84/100\n|-damage|p1b: Miraidon|0 fnt\n|faint|p1b: Miraidon\n|\n|-weather|none\n|upkeep\n|\n|t:|1746003099\n|switch|p1b: Farigiraf|Farigiraf, L50, F|2/100\n|turn|8\n|inactive|NiraTheNerd has 30 seconds left.\n|\n|t:|1746003125\n|switch|p2a: Garifirag|Farigiraf, L50, M, shiny|4/100\n|move|p2b: Marco|Protect|p2b: Marco\n|-singleturn|p2b: Marco|Protect\n|move|p1a: Iron Hands|Drain Punch|p2a: Garifirag\n|-damage|p2a: Garifirag|0 fnt\n|-heal|p1a: Iron Hands|85/100|[from] drain|[of] p2a: Garifirag\n|faint|p2a: Garifirag\n|move|p1b: Farigiraf|Psychic|p2b: Marco\n|-activate|p2b: Marco|move: Protect\n|\n|-fieldend|move: Trick Room\n|upkeep\n|\n|t:|1746003137\n|switch|p2a: Whale Lord|Kyogre, L50, tera:Electric|5/100\n|-weather|RainDance|[from] ability: Drizzle|[of] p2a: Whale Lord\n|turn|9\n|\n|t:|1746003146\n|move|p1b: Farigiraf|Helping Hand|p1a: Iron Hands\n|-singleturn|p1a: Iron Hands|Helping Hand|[of] p1b: Farigiraf\n|move|p2b: Marco|Sandsear Storm|p1a: Iron Hands|[spread] p1a,p1b\n|-resisted|p1a: Iron Hands\n|-damage|p1a: Iron Hands|69/100\n|-damage|p1b: Farigiraf|0 fnt\n|faint|p1b: Farigiraf\n|move|p2a: Whale Lord|Thunder|p1a: Iron Hands\n|-damage|p1a: Iron Hands|25/100\n|-status|p1a: Iron Hands|par\n|move|p1a: Iron Hands|Drain Punch|p2b: Marco\n|-resisted|p2b: Marco\n|-damage|p2b: Marco|0 fnt\n|-heal|p1a: Iron Hands|43/100 par|[from] drain|[of] p2b: Marco\n|faint|p2b: Marco\n|\n|-weather|RainDance|[upkeep]\n|upkeep\n|turn|10\n|\n|t:|1746003160\n|move|p2a: Whale Lord|Thunder|p1a: Iron Hands\n|-damage|p1a: Iron Hands|2/100 par\n|move|p1a: Iron Hands|Drain Punch|p2a: Whale Lord\n|-damage|p2a: Whale Lord|0 fnt\n|-heal|p1a: Iron Hands|4/100 par|[from] drain|[of] p2a: Whale Lord\n|faint|p2a: Whale Lord\n|\n|win|JimmyGhione69\n||NiraTheNerd is ready for game 2.\n||JimmyGhione69 is ready for game 2.\n|uhtml|next|Next: <a href=\"/battle-gen9vgc2025regibo3-2353806750\"><strong>Game 2 of 3</strong></a>\n|l|\u2606NiraTheNerd\n|player|p2|\n|l|\u2606JimmyGhione69\n|player|p1|\n", "uploadtime": 1746003512, "views": 6, "formatid": "gen9vgc2025regibo3", "rating": null, "private": 0, "password": null}