{"id": "gen9vgc2025regibo3-2353837867", "format": "[Gen 9] VGC 2025 Reg I (Bo3)", "players": ["RochaFrxxy", "ossigt"], "log": "|j|\u2606RochaFrxxy\n|j|\u203dossigt\n|html|<table width=\"100%\"><tr><td align=\"left\">RochaFrxxy</td><td align=\"right\">ossigt</tr><tr><td align=\"left\"><i class=\"fa fa-circle\"></i> <i class=\"fa fa-circle-o\"></i> </td><td align=\"right\"><i class=\"fa fa-circle-o\"></i> <i class=\"fa fa-circle-o\"></i> </tr></table>\n|uhtml|bestof|<h2><strong>Game 2</strong> of <a href=\"/game-bestof3-gen9vgc2025regibo3-2353836829\">a best-of-3</a></h2>\n|t:|1746008227\n|gametype|doubles\n|player|p1|RochaFrxxy|1|1135\n|player|p2|ossigt|hilbert-wonderlauncher|1188\n|teamsize|p1|6\n|teamsize|p2|6\n|gen|9\n|tier|[Gen 9] VGC 2025 Reg I (Bo3)\n|rated|\n|rule|Species Clause: Limit one of each Pok\u00e9mon\n|rule|Item Clause: Limit 1 of each item\n|clearpoke\n|poke|p1|Zamazenta-*, L50|\n|poke|p1|Thundurus, L50, M|\n|poke|p1|Kyogre, L50|\n|poke|p1|Incineroar, L50, M|\n|poke|p1|Chien-Pao, L50|\n|poke|p1|Whimsicott, L50, M|\n|poke|p2|Calyrex-Shadow, L50|\n|poke|p2|Chi-Yu, L50|\n|poke|p2|Miraidon, L50|\n|poke|p2|Weezing-Galar, L50, F|\n|poke|p2|Iron Hands, L50|\n|poke|p2|Ogerpon-Cornerstone, L50, F|\n|teampreview|4\n|showteam|p1|Zamazenta-Crowned||RustedShield|DauntlessShield|IronDefense,BodyPress,Protect,behemothbash||||||50|,,,,,Dragon]Thundurus||CovertCloak|Prankster|EerieImpulse,RainDance,WildboltStorm,ScaryFace|||M|||50|,,,,,Dark]Kyogre||ChoiceScarf|Drizzle|WaterSpout,OriginPulse,IceBeam,Thunder||||||50|,,,,,Water]Incineroar||SitrusBerry|Intimidate|FakeOut,WillOWisp,Taunt,KnockOff|||M|||50|,,,,,Ghost]Chien-Pao||FocusSash|SwordofRuin|IcicleCrash,SuckerPunch,SacredSword,Protect||||||50|,,,,,Ghost]Whimsicott||MentalHerb|Prankster|Encore,Tailwind,ShadowBall,LightScreen|||M|||50|,,,,,Dark\n|showteam|p2|Calyrex-Shadow||FocusSash|AsOneSpectrier|Protect,AstralBarrage,Psychic,Encore||||||50|,,,,,Ghost]Chi-Yu||ChoiceScarf|BeadsofRuin|Snarl,HeatWave,Overheat,DarkPulse||||||50|,,,,,Ghost]Miraidon||ChoiceSpecs|HadronEngine|ElectroDrift,DracoMeteor,DazzlingGleam,VoltSwitch||||||50|,,,,,Fairy]Weezing-Galar||RockyHelmet|NeutralizingGas|Protect,DazzlingGleam,ToxicSpikes,Taunt|||F|||50|,,,,,Water]Iron Hands||AssaultVest|QuarkDrive|HeavySlam,LowKick,WildCharge,FakeOut||||||50|,,,,,Water]Ogerpon-Cornerstone||CornerstoneMask|Sturdy|SpikyShield,IvyCudgel,PowerWhip,FollowMe|||F|||50|,,,,,Rock\n|\n|t:|1746008254\n|start\n|switch|p1a: Kyogre|Kyogre, L50|100/100\n|switch|p1b: Whimsicott|Whimsicott, L50, M|100/100\n|switch|p2a: Chi-Yu|Chi-Yu, L50|100/100\n|switch|p2b: Iron Hands|Iron Hands, L50|100/100\n|-ability|p2a: Chi-Yu|Beads of Ruin\n|-weather|RainDance|[from] ability: Drizzle|[of] p1a: Kyogre\n|turn|1\n|\n|t:|1746008274\n|-terastallize|p2a: Chi-Yu|Ghost\n|move|p2b: Iron Hands|Fake Out|p1b: Whimsicott\n|-damage|p1b: Whimsicott|73/100\n|cant|p1b: Whimsicott|flinch\n|move|p2a: Chi-Yu|Snarl|p1b: Whimsicott|[spread] p1b\n|-miss|p2a: Chi-Yu|p1a: Kyogre\n|-resisted|p1b: Whimsicott\n|-damage|p1b: Whimsicott|49/100\n|-unboost|p1b: Whimsicott|spa|1\n|move|p1a: Kyogre|Water Spout|p2a: Chi-Yu|[spread] p2a,p2b\n|-damage|p2a: Chi-Yu|0 fnt\n|-damage|p2b: Iron Hands|19/100\n|faint|p2a: Chi-Yu\n|\n|-weather|RainDance|[upkeep]\n|upkeep\n|\n|t:|1746008286\n|switch|p2a: Miraidon|Miraidon, L50|100/100\n|-fieldstart|move: Electric Terrain|[from] ability: Hadron Engine|[of] p2a: Miraidon\n|-activate|p2b: Iron Hands|ability: Quark Drive\n|-start|p2b: Iron Hands|quarkdriveatk\n|turn|2\n|n|\u2606ossigt|ossigt\n|\n|t:|1746008312\n|-end|p2b: Iron Hands|Quark Drive|[silent]\n|switch|p2b: Ogerpon|Ogerpon-Cornerstone, L50, F|100/100\n|move|p1a: Kyogre|Water Spout|p2a: Miraidon|[spread] p2a,p2b\n|-resisted|p2a: Miraidon\n|-crit|p2b: Ogerpon\n|-damage|p2a: Miraidon|52/100\n|-ability|p2b: Ogerpon|Sturdy\n|-damage|p2b: Ogerpon|1/100\n|move|p1b: Whimsicott|Shadow Ball|p2a: Miraidon\n|-damage|p2a: Miraidon|40/100\n|move|p2a: Miraidon|Volt Switch|p1a: Kyogre\n|-supereffective|p1a: Kyogre\n|-damage|p1a: Kyogre|0 fnt\n|faint|p1a: Kyogre\n|c|\u2606ossigt|Ok\n|\n|t:|1746008327\n|switch|p2a: Iron Hands|Iron Hands, L50|19/100|[from] Volt Switch\n|-activate|p2a: Iron Hands|ability: Quark Drive\n|-start|p2a: Iron Hands|quarkdriveatk\n|\n|-weather|RainDance|[upkeep]\n|upkeep\n|\n|t:|1746008333\n|switch|p1a: Thundurus|Thundurus, L50, M|100/100\n|turn|3\n|\n|t:|1746008351\n|move|p2a: Iron Hands|Fake Out|p1b: Whimsicott\n|-damage|p1b: Whimsicott|17/100\n|cant|p1b: Whimsicott|flinch\n|move|p2b: Ogerpon|Ivy Cudgel|p1a: Thundurus|[anim] Ivy Cudgel Rock\n|-supereffective|p1a: Thundurus\n|-crit|p1a: Thundurus\n|-damage|p1a: Thundurus|0 fnt\n|faint|p1a: Thundurus\n|\n|-weather|RainDance|[upkeep]\n|upkeep\n|\n|t:|1746008360\n|switch|p1a: Chien-Pao|Chien-Pao, L50|100/100\n|-ability|p1a: Chien-Pao|Sword of Ruin\n|turn|4\n|\n|t:|1746008378\n|move|p2b: Ogerpon|Follow Me|p2b: Ogerpon\n|-singleturn|p2b: Ogerpon|move: Follow Me\n|move|p1a: Chien-Pao|Sacred Sword|p2b: Ogerpon\n|-supereffective|p2b: Ogerpon\n|-damage|p2b: Ogerpon|0 fnt\n|faint|p2b: Ogerpon\n|move|p1b: Whimsicott|Shadow Ball|p2a: Iron Hands\n|-damage|p2a: Iron Hands|11/100\n|move|p2a: Iron Hands|Low Kick|p1a: Chien-Pao\n|-supereffective|p1a: Chien-Pao\n|-enditem|p1a: Chien-Pao|Focus Sash\n|-damage|p1a: Chien-Pao|1/100\n|\n|-weather|RainDance|[upkeep]\n|upkeep\n|\n|t:|1746008381\n|switch|p2b: Miraidon|Miraidon, L50|40/100\n|-activate|p2b: Miraidon|ability: Hadron Engine\n|turn|5\n|\n|t:|1746008400\n|move|p1a: Chien-Pao|Icicle Crash|p2b: Miraidon\n|-supereffective|p2b: Miraidon\n|-damage|p2b: Miraidon|0 fnt\n|faint|p2b: Miraidon\n|move|p1b: Whimsicott|Shadow Ball|p2a: Iron Hands\n|-damage|p2a: Iron Hands|3/100\n|move|p2a: Iron Hands|Low Kick|p1a: Chien-Pao\n|-supereffective|p1a: Chien-Pao\n|-damage|p1a: Chien-Pao|0 fnt\n|faint|p1a: Chien-Pao\n|\n|-weather|none\n|upkeep\n|turn|6\n|\n|t:|1746008411\n|move|p1b: Whimsicott|Shadow Ball|p2a: Iron Hands\n|-damage|p2a: Iron Hands|0 fnt\n|faint|p2a: Iron Hands\n|-end|p2a: Iron Hands|Quark Drive|[silent]\n|\n|win|RochaFrxxy\n|raw|RochaFrxxy's rating: 1135 &rarr; <strong>1164</strong><br />(+29 for winning)\n|raw|ossigt's rating: 1188 &rarr; <strong>1159</strong><br />(-29 for losing)\n", "uploadtime": 1746008415, "views": 8, "formatid": "gen9vgc2025regibo3", "rating": 1159, "private": 0, "password": null}