{"id": "gen9vgc2025regibo3-2354004148", "format": "[Gen 9] VGC 2025 Reg I (Bo3)", "players": ["gundi8", "Samm3"], "log": "|j|\u2606gundi8\n|j|\u2606Samm3\n|html|<table width=\"100%\"><tr><td align=\"left\">gundi8</td><td align=\"right\">Samm3</tr><tr><td align=\"left\"><i class=\"fa fa-circle\"></i> <i class=\"fa fa-circle-o\"></i> </td><td align=\"right\"><i class=\"fa fa-circle-o\"></i> <i class=\"fa fa-circle-o\"></i> </tr></table>\n|uhtml|bestof|<h2><strong>Game 2</strong> of <a href=\"/game-bestof3-gen9vgc2025regibo3-2353999680\">a best-of-3</a></h2>\n|t:|1746026686\n|gametype|doubles\n|player|p1|gundi8|ethan-gen2|1207\n|player|p2|Samm3|swimmerf-gen4|1149\n|teamsize|p1|6\n|teamsize|p2|6\n|gen|9\n|tier|[Gen 9] VGC 2025 Reg I (Bo3)\n|rated|\n|rule|Species Clause: Limit one of each Pok\u00e9mon\n|rule|Item Clause: Limit 1 of each item\n|clearpoke\n|poke|p1|Calyrex-Shadow, L50|\n|poke|p1|Koraidon, L50|\n|poke|p1|Ditto, L50|\n|poke|p1|Brute Bonnet, L50|\n|poke|p1|Whimsicott, L50, M|\n|poke|p1|Chi-Yu, L50|\n|poke|p2|Zacian-*, L50|\n|poke|p2|Kyogre, L50|\n|poke|p2|Rillaboom, L50, M|\n|poke|p2|Incineroar, L50, M|\n|poke|p2|Urshifu-*, L50, M|\n|poke|p2|Tornadus, L50, M|\n|teampreview|4\n|showteam|p1|Calyrex-Shadow||LifeOrb|AsOneSpectrier|AstralBarrage,Psychic,Substitute,Protect||||||50|,,,,,Ghost]Koraidon||ClearAmulet|OrichalcumPulse|CollisionCourse,FlameCharge,FlareBlitz,Protect||||||50|,,,,,Fire]Ditto||FocusSash|Imposter|Transform||||||50|,,,,,Normal]Brute Bonnet||RockyHelmet|Protosynthesis|SeedBomb,SuckerPunch,Spore,RagePowder||||||50|,,,,,Water]Whimsicott||CovertCloak|Prankster|Moonblast,LightScreen,Tailwind,Encore|||M|||50|,,,,,Dark]Chi-Yu||ChoiceScarf|BeadsofRuin|HeatWave,Snarl,Overheat,DarkPulse||||||50|,,,,,Ghost\n|showteam|p2|Zacian-Crowned||RustedSword|IntrepidSword|behemothblade,PlayRough,SacredSword,Protect||||||50|,,,,,Stellar]Kyogre||ChoiceScarf|Drizzle|WaterSpout,Thunder,IceBeam,OriginPulse||||||50|,,,,,Grass]Rillaboom||AssaultVest|GrassySurge|GrassyGlide,HighHorsepower,Uturn,FakeOut|||M|||50|,,,,,Fire]Incineroar||RockyHelmet|Intimidate|KnockOff,WillOWisp,PartingShot,FakeOut|||M|||50|,,,,,Bug]Urshifu-Rapid-Strike||FocusSash|UnseenFist|SurgingStrikes,CloseCombat,Taunt,Detect|||M|||50|,,,,,Water]Tornadus||CovertCloak|Prankster|BleakwindStorm,RainDance,Taunt,Tailwind|||M|||50|,,,,,Dark\n|inactive|Battle timer is ON: inactive players will automatically lose when time's up. (requested by gundi8)\n|inactive|gundi8 has 60 seconds left.\n|\n|t:|1746026732\n|start\n|switch|p1a: Calyrex|Calyrex-Shadow, L50|100/100\n|switch|p1b: Whimsicott|Whimsicott, L50, M|100/100\n|switch|p2a: Willy|Kyogre, L50|100/100\n|switch|p2b: Bang|Tornadus, L50, M, shiny|100/100\n|-ability|p1a: Calyrex|As One\n|-ability|p1a: Calyrex|Unnerve\n|-weather|RainDance|[from] ability: Drizzle|[of] p2a: Willy\n|turn|1\n|\n|t:|1746026751\n|switch|p1a: Koraidon|Koraidon, L50|100/100\n|-weather|SunnyDay|[from] ability: Orichalcum Pulse|[of] p1a: Koraidon\n|-activate|p1a: Koraidon|Orichalcum Pulse|[source]\n|move|p2b: Bang|Tailwind|p2b: Bang\n|-sidestart|p2: Samm3|move: Tailwind\n|move|p1b: Whimsicott|Light Screen|p1b: Whimsicott\n|-sidestart|p1: gundi8|move: Light Screen\n|move|p2a: Willy|Water Spout|p1b: Whimsicott|[spread] p1a,p1b\n|-resisted|p1a: Koraidon\n|-resisted|p1b: Whimsicott\n|-damage|p1a: Koraidon|91/100\n|-damage|p1b: Whimsicott|88/100\n|\n|-weather|SunnyDay|[upkeep]\n|upkeep\n|turn|2\n|inactive|gundi8 has 30 seconds left.\n|inactive|gundi8 has 20 seconds left.\n|\n|t:|1746026788\n|move|p2b: Bang|Rain Dance|p2b: Bang\n|-weather|RainDance\n|move|p1b: Whimsicott|Encore|p2b: Bang\n|-start|p2b: Bang|Encore\n|move|p2a: Willy|Water Spout|p1a: Koraidon|[spread] p1a,p1b\n|-resisted|p1a: Koraidon\n|-resisted|p1b: Whimsicott\n|-damage|p1a: Koraidon|62/100\n|-damage|p1b: Whimsicott|48/100\n|move|p1a: Koraidon|Collision Course|p2a: Willy\n|-damage|p2a: Willy|44/100\n|\n|-weather|RainDance|[upkeep]\n|upkeep\n|turn|3\n|inactive|gundi8 has 30 seconds left.\n|inactive|Samm3 has 30 seconds left.\n|inactive|Samm3 has 20 seconds left.\n|\n|t:|1746026823\n|switch|p2a: Tony|Incineroar, L50, M|100/100\n|-ability|p2a: Tony|Intimidate|boost\n|-fail|p1a: Koraidon|unboost|[from] item: Clear Amulet|[of] p1a: Koraidon\n|-unboost|p1b: Whimsicott|atk|1\n|switch|p2b: Blue|Zacian-Crowned, L50, shiny|100/100\n|-ability|p2b: Blue|Intrepid Sword|boost\n|-boost|p2b: Blue|atk|1\n|move|p1b: Whimsicott|Tailwind|p1b: Whimsicott\n|-sidestart|p1: gundi8|move: Tailwind\n|move|p1a: Koraidon|Collision Course|p2a: Tony\n|-supereffective|p2a: Tony\n|-damage|p2a: Tony|0 fnt\n|-damage|p1a: Koraidon|45/100|[from] item: Rocky Helmet|[of] p2a: Tony\n|faint|p2a: Tony\n|\n|-weather|RainDance|[upkeep]\n|upkeep\n|\n|t:|1746026844\n|switch|p2a: Willy|Kyogre, L50|44/100\n|turn|4\n|\n|t:|1746026867\n|switch|p2b: Bang|Tornadus, L50, M, shiny|100/100\n|move|p1a: Koraidon|Protect|p1a: Koraidon\n|-singleturn|p1a: Koraidon|Protect\n|move|p2a: Willy|Origin Pulse|p1a: Koraidon|[spread] p1b\n|-activate|p1a: Koraidon|move: Protect\n|-resisted|p1b: Whimsicott\n|-damage|p1b: Whimsicott|19/100\n|move|p1b: Whimsicott|Moonblast|p2a: Willy\n|-damage|p2a: Willy|23/100\n|-unboost|p2a: Willy|spa|1\n|\n|-weather|RainDance|[upkeep]\n|-sideend|p2: Samm3|move: Tailwind\n|upkeep\n|turn|5\n|inactive|gundi8 has 30 seconds left.\n|inactive|gundi8 has 20 seconds left.\n|\n|t:|1746026907\n|switch|p2a: Blue|Zacian-Crowned, L50, shiny|100/100\n|move|p1a: Koraidon|Collision Course|p2a: Blue\n|-damage|p2a: Blue|55/100\n|move|p1b: Whimsicott|Moonblast|p2b: Bang\n|-damage|p2b: Bang|67/100\n|move|p2b: Bang|Bleakwind Storm|p1b: Whimsicott|[spread] p1a,p1b\n|-supereffective|p1a: Koraidon\n|-supereffective|p1b: Whimsicott\n|-damage|p1a: Koraidon|0 fnt\n|-damage|p1b: Whimsicott|0 fnt\n|faint|p1a: Koraidon\n|faint|p1b: Whimsicott\n|\n|-weather|RainDance|[upkeep]\n|-sideend|p1: gundi8|move: Light Screen\n|upkeep\n|\n|t:|1746026921\n|switch|p1a: Ditto|Ditto, L50|100/100\n|switch|p1b: Calyrex|Calyrex-Shadow, L50|100/100\n|-ability|p1b: Calyrex|As One\n|-ability|p1b: Calyrex|Unnerve\n|-transform|p1a: Ditto|p2b: Bang|[from] ability: Imposter\n|turn|6\n|inactive|gundi8 has 30 seconds left.\n|\n|t:|1746026955\n|move|p1a: Ditto|Taunt|p2b: Bang\n|-start|p2b: Bang|move: Taunt\n|cant|p2b: Bang|move: Taunt|Tailwind\n|move|p1b: Calyrex|Substitute|p1b: Calyrex\n|-start|p1b: Calyrex|Substitute\n|-damage|p1b: Calyrex|76/100\n|move|p2a: Blue|Behemoth Blade|p1a: Ditto\n|-damage|p1a: Ditto|15/100\n|\n|-weather|none\n|-sideend|p1: gundi8|move: Tailwind\n|upkeep\n|turn|7\n|inactive|Samm3 has 30 seconds left.\n|inactive|Samm3 has 20 seconds left.\n|inactive|Samm3 has 15 seconds left.\n|inactive|gundi8 has 30 seconds left.\n|inactive|Samm3 has 10 seconds left.\n|\n|t:|1746027008\n|-terastallize|p1b: Calyrex|Ghost\n|-terastallize|p2b: Bang|Dark\n|move|p1b: Calyrex|Astral Barrage|p2b: Bang|[spread] p2a,p2b\n|-resisted|p2b: Bang\n|-damage|p2a: Blue|0 fnt\n|-damage|p2b: Bang|0 fnt\n|faint|p2a: Blue\n|faint|p2b: Bang\n|-ability|p1b: Calyrex|Grim Neigh|boost\n|-boost|p1b: Calyrex|spa|2\n|-damage|p1b: Calyrex|66/100|[from] item: Life Orb\n|move|p1a: Ditto|Bleakwind Storm|p2: Blue|[notarget]\n|-fail|p1a: Ditto\n|\n|upkeep\n|\n|t:|1746027025\n|switch|p2b: Willy|Kyogre, L50|23/100\n|-weather|RainDance|[from] ability: Drizzle|[of] p2b: Willy\n|turn|8\n|c|\u2606Samm3|Gg\n|c|\u2606Samm3|Wo\n|c|\u2606Samm3|Wp\n|-message|Samm3 forfeited.\n|\n|win|gundi8\n|raw|gundi8's rating: 1207 &rarr; <strong>1228</strong><br />(+21 for winning)\n|raw|Samm3's rating: 1149 &rarr; <strong>1128</strong><br />(-21 for losing)\n|l|\u2606Samm3\n|player|p2|\n", "uploadtime": 1746027048, "views": 9, "formatid": "gen9vgc2025regibo3", "rating": 1128, "private": 0, "password": null}