{"id": "gen9vgc2025regibo3-2354457783", "format": "[Gen 9] VGC 2025 Reg I (Bo3)", "players": ["Soratami", "1. versuch"], "log": "|j|\u2606Soratami\n|j|\u26061. versuch\n|html|<table width=\"100%\"><tr><td align=\"left\">Soratami</td><td align=\"right\">1. versuch</tr><tr><td align=\"left\"><i class=\"fa fa-circle\"></i> <i class=\"fa fa-circle-o\"></i> </td><td align=\"right\"><i class=\"fa fa-circle-o\"></i> <i class=\"fa fa-circle-o\"></i> </tr></table>\n|uhtml|bestof|<h2><strong>Game 2</strong> of <a href=\"/game-bestof3-gen9vgc2025regibo3-2354456141\">a best-of-3</a></h2>\n|t:|1746074594\n|gametype|doubles\n|player|p1|Soratami|ethan|1162\n|player|p2|1. versuch|waiter-gen4dp|1107\n|teamsize|p1|6\n|teamsize|p2|6\n|gen|9\n|tier|[Gen 9] VGC 2025 Reg I (Bo3)\n|rated|\n|rule|Species Clause: Limit one of each Pok\u00e9mon\n|rule|Item Clause: Limit 1 of each item\n|clearpoke\n|poke|p1|Koraidon, L50|\n|poke|p1|Calyrex-Shadow, L50|\n|poke|p1|Chi-Yu, L50|\n|poke|p1|Venusaur, L50, F|\n|poke|p1|Indeedee-F, L50, F|\n|poke|p1|Walking Wake, L50|\n|poke|p2|Rillaboom, L50, M|\n|poke|p2|Koraidon, L50|\n|poke|p2|Walking Wake, L50|\n|poke|p2|Calyrex-Shadow, L50|\n|poke|p2|Murkrow, L50, M|\n|poke|p2|Raging Bolt, L50|\n|teampreview|4\n|showteam|p1|Koraidon||LoadedDice|OrichalcumPulse|CloseCombat,FlareBlitz,ScaleShot,Protect||||||50|,,,,,Fire]Calyrex-Shadow||FocusSash|AsOneSpectrier|AstralBarrage,Disable,ExpandingForce,Protect||||||50|,,,,,Ghost]Chi-Yu||ChoiceScarf|BeadsofRuin|HeatWave,DarkPulse,Overheat,Snarl||||||50|,,,,,Fire]Venusaur||SitrusBerry|Chlorophyll|HelpingHand,SleepPowder,SolarBeam,Protect|||F|||50|,,,,,Water]Indeedee-F||RockyHelmet|PsychicSurge|FollowMe,Imprison,TrickRoom,ShadowBall|||F|||50|,,,,,Water]Walking Wake||ChoiceSpecs|Protosynthesis|DracoMeteor,HydroSteam,Flamethrower,FlipTurn||||||50|,,,,,Water\n|showteam|p2|Rillaboom||ExpertBelt|GrassySurge|Protect,HighHorsepower,FakeOut,GrassyGlide|||M|||50|,,,,,Ground]Koraidon||ClearAmulet|OrichalcumPulse|FlameCharge,CloseCombat,FlareBlitz,Protect||||||50|,,,,,Fire]Walking Wake||ChoiceSpecs|Protosynthesis|Flamethrower,DracoMeteor,HydroSteam,WeatherBall||||||50|,,,,,Fire]Calyrex-Shadow||LifeOrb|AsOneSpectrier|AstralBarrage,SolarBeam,Protect,NastyPlot||||||50|,,,,,Normal]Murkrow||Eviolite|Prankster|FoulPlay,Tailwind,Protect,ThunderWave|||M|||50|,,,,,Ghost]Raging Bolt||AssaultVest|Protosynthesis|VoltSwitch,Thunderclap,DracoMeteor,Electroweb||||||50|,,,,,Electric\n|inactive|Battle timer is ON: inactive players will automatically lose when time's up. (requested by Soratami)\n|inactive|1. versuch also wants the timer to be on.\n|\n|t:|1746074623\n|start\n|switch|p1a: Koraidon|Koraidon, L50|100/100\n|switch|p1b: Venusaur|Venusaur, L50, F|100/100\n|switch|p2a: Raging Bolt|Raging Bolt, L50|100/100\n|switch|p2b: Calyrex|Calyrex-Shadow, L50|100/100\n|-ability|p2b: Calyrex|As One\n|-ability|p2b: Calyrex|Unnerve\n|-weather|SunnyDay|[from] ability: Orichalcum Pulse|[of] p1a: Koraidon\n|-activate|p2a: Raging Bolt|ability: Protosynthesis\n|-start|p2a: Raging Bolt|protosynthesisspa\n|-activate|p1a: Koraidon|Orichalcum Pulse|[source]\n|turn|1\n|inactive|Soratami has 30 seconds left.\n|inactive|1. versuch has 30 seconds left.\n|\n|t:|1746074662\n|-terastallize|p2a: Raging Bolt|Electric\n|move|p2b: Calyrex|Protect|p2b: Calyrex\n|-singleturn|p2b: Calyrex|Protect\n|move|p1a: Koraidon|Protect|p1a: Koraidon\n|-singleturn|p1a: Koraidon|Protect\n|move|p1b: Venusaur|Sleep Powder|p2a: Raging Bolt\n|-status|p2a: Raging Bolt|slp|[from] move: Sleep Powder\n|cant|p2a: Raging Bolt|slp\n|\n|-weather|SunnyDay|[upkeep]\n|upkeep\n|turn|2\n|\n|t:|1746074678\n|cant|p2a: Raging Bolt|slp\n|move|p1b: Venusaur|Sleep Powder|p2b: Calyrex\n|-status|p2b: Calyrex|slp|[from] move: Sleep Powder\n|cant|p2b: Calyrex|slp\n|move|p1a: Koraidon|Scale Shot|p2a: Raging Bolt\n|-damage|p2a: Raging Bolt|85/100 slp\n|-damage|p2a: Raging Bolt|70/100 slp\n|-damage|p2a: Raging Bolt|54/100 slp\n|-damage|p2a: Raging Bolt|37/100 slp\n|-hitcount|p2a: Raging Bolt|4\n|-unboost|p1a: Koraidon|def|1\n|-boost|p1a: Koraidon|spe|1\n|\n|-weather|SunnyDay|[upkeep]\n|upkeep\n|turn|3\n|\n|t:|1746074699\n|cant|p2a: Raging Bolt|slp\n|move|p1a: Koraidon|Scale Shot|p2b: Calyrex\n|-damage|p2b: Calyrex|78/100 slp\n|-damage|p2b: Calyrex|55/100 slp\n|-damage|p2b: Calyrex|31/100 slp\n|-damage|p2b: Calyrex|4/100 slp\n|-hitcount|p2b: Calyrex|4\n|-unboost|p1a: Koraidon|def|1\n|-boost|p1a: Koraidon|spe|1\n|move|p1b: Venusaur|Solar Beam||[still]\n|-prepare|p1b: Venusaur|Solar Beam\n|-anim|p1b: Venusaur|Solar Beam|p2a: Raging Bolt\n|-damage|p2a: Raging Bolt|13/100 slp\n|-curestatus|p2b: Calyrex|slp|[msg]\n|move|p2b: Calyrex|Astral Barrage|p1a: Koraidon|[spread] p1a,p1b\n|-damage|p1a: Koraidon|35/100\n|-damage|p1b: Venusaur|42/100\n|-damage|p2b: Calyrex|0 fnt|[from] item: Life Orb\n|faint|p2b: Calyrex\n|-enditem|p1b: Venusaur|Sitrus Berry|[eat]\n|-heal|p1b: Venusaur|67/100|[from] item: Sitrus Berry\n|\n|-weather|SunnyDay|[upkeep]\n|upkeep\n|inactive|1. versuch has 30 seconds left.\n|\n|t:|1746074724\n|switch|p2b: Koraidon|Koraidon, L50|100/100\n|-activate|p2b: Koraidon|ability: Orichalcum Pulse\n|turn|4\n|\n|t:|1746074742\n|-curestatus|p2a: Raging Bolt|slp|[msg]\n|move|p2a: Raging Bolt|Thunderclap|p1a: Koraidon\n|-resisted|p1a: Koraidon\n|-damage|p1a: Koraidon|2/100\n|move|p1a: Koraidon|Scale Shot|p2a: Raging Bolt|[miss]\n|-miss|p1a: Koraidon|p2a: Raging Bolt\n|move|p1b: Venusaur|Sleep Powder|p2b: Koraidon\n|-status|p2b: Koraidon|slp|[from] move: Sleep Powder\n|cant|p2b: Koraidon|slp\n|\n|-weather|SunnyDay|[upkeep]\n|upkeep\n|turn|5\n|\n|t:|1746074762\n|move|p1a: Koraidon|Protect|p1a: Koraidon\n|-singleturn|p1a: Koraidon|Protect\n|move|p2a: Raging Bolt|Thunderclap||[still]\n|-fail|p2a: Raging Bolt\n|move|p1b: Venusaur|Solar Beam||[still]\n|-prepare|p1b: Venusaur|Solar Beam\n|-anim|p1b: Venusaur|Solar Beam|p2a: Raging Bolt\n|-damage|p2a: Raging Bolt|0 fnt\n|faint|p2a: Raging Bolt\n|-end|p2a: Raging Bolt|Protosynthesis|[silent]\n|-curestatus|p2b: Koraidon|slp|[msg]\n|move|p2b: Koraidon|Flame Charge|p1b: Venusaur\n|-supereffective|p1b: Venusaur\n|-damage|p1b: Venusaur|0 fnt\n|-boost|p2b: Koraidon|spe|1\n|faint|p1b: Venusaur\n|\n|-weather|none\n|upkeep\n|\n|t:|1746074781\n|switch|p1b: Indeedee|Indeedee-F, L50, F|100/100\n|switch|p2a: Walking Wake|Walking Wake, L50|100/100\n|-fieldstart|move: Psychic Terrain|[from] ability: Psychic Surge|[of] p1b: Indeedee\n|turn|6\n|inactive|Soratami has 30 seconds left.\n|\n|t:|1746074814\n|move|p1b: Indeedee|Follow Me|p1b: Indeedee\n|-singleturn|p1b: Indeedee|move: Follow Me\n|move|p1a: Koraidon|Scale Shot|p2b: Koraidon\n|-supereffective|p2b: Koraidon\n|-damage|p2b: Koraidon|79/100\n|-supereffective|p2b: Koraidon\n|-damage|p2b: Koraidon|55/100\n|-supereffective|p2b: Koraidon\n|-damage|p2b: Koraidon|34/100\n|-supereffective|p2b: Koraidon\n|-damage|p2b: Koraidon|13/100\n|-supereffective|p2b: Koraidon\n|-damage|p2b: Koraidon|0 fnt\n|faint|p2b: Koraidon\n|-hitcount|p2: Koraidon|5\n|-unboost|p1a: Koraidon|def|1\n|-boost|p1a: Koraidon|spe|1\n|move|p2a: Walking Wake|Flamethrower|p1b: Indeedee\n|-damage|p1b: Indeedee|63/100\n|\n|upkeep\n|turn|7\n|-message|1. versuch forfeited.\n|\n|win|Soratami\n|raw|Soratami's rating: 1162 &rarr; <strong>1183</strong><br />(+21 for winning)\n|raw|1. versuch's rating: 1107 &rarr; <strong>1086</strong><br />(-21 for losing)\n|l|\u26061. versuch\n|player|p2|\n|l|\u2606Soratami\n|player|p1|\n", "uploadtime": 1746075221, "views": 7, "formatid": "gen9vgc2025regibo3", "rating": 1086, "private": 0, "password": null}