{"id": "gen9vgc2025regibo3-2354568403", "format": "[Gen 9] VGC 2025 Reg I (Bo3)", "players": ["Chef Crabracadabra", "rostas_mark3"], "log": "|j|\u2606Chef Crabracadabra\n|j|\u2606rostas_mark3\n|html|<table width=\"100%\"><tr><td align=\"left\">Chef Crabracadabra</td><td align=\"right\">rostas_mark3</tr><tr><td align=\"left\"><i class=\"fa fa-circle-o\"></i> <i class=\"fa fa-circle-o\"></i> </td><td align=\"right\"><i class=\"fa fa-circle-o\"></i> <i class=\"fa fa-circle-o\"></i> </tr></table>\n|uhtml|bestof|<h2><strong>Game 1</strong> of <a href=\"/game-bestof3-gen9vgc2025regibo3-2354568402\">a best-of-3</a></h2>\n|t:|1746095973\n|gametype|doubles\n|player|p1|Chef Crabracadabra|dawn|1218\n|player|p2|rostas_mark3|101|1206\n|teamsize|p1|6\n|teamsize|p2|6\n|gen|9\n|tier|[Gen 9] VGC 2025 Reg I (Bo3)\n|rated|\n|rule|Species Clause: Limit one of each Pok\u00e9mon\n|rule|Item Clause: Limit 1 of each item\n|clearpoke\n|poke|p1|Calyrex-Shadow, L50|\n|poke|p1|Terapagos, L50, M|\n|poke|p1|Incineroar, L50, M|\n|poke|p1|Rillaboom, L50, M|\n|poke|p1|Amoonguss, L50, M|\n|poke|p1|Urshifu-*, L50, F|\n|poke|p2|Calyrex-Shadow, L50|\n|poke|p2|Zamazenta-*, L50|\n|poke|p2|Tornadus, L50, M|\n|poke|p2|Chien-Pao, L50|\n|poke|p2|Urshifu-*, L50, M|\n|poke|p2|Rillaboom, L50, F|\n|teampreview|4\n|showteam|p1|Calyrex-Shadow||FocusSash|AsOneSpectrier|AstralBarrage,WillOWisp,Disable,Protect||||||50|,,,,,Ghost]Terapagos||Leftovers|TeraShift|TeraStarstorm,EarthPower,CalmMind,Protect|||M|||50|,,,,,Stellar]Incineroar||SafetyGoggles|Intimidate|WillOWisp,KnockOff,FakeOut,PartingShot|||M|||50|,,,,,Bug]Rillaboom||AssaultVest|GrassySurge|FakeOut,WoodHammer,Uturn,GrassyGlide|||M|||50|,,,,,Grass]Amoonguss||RockyHelmet|Regenerator|Protect,Spore,RagePowder,SludgeBomb|||M|||50|,,,,,Water]Urshifu-Rapid-Strike||ChoiceScarf|UnseenFist|RockTomb,SurgingStrikes,Uturn,CloseCombat|||F|||50|,,,,,Water\n|showteam|p2|Calyrex-Shadow||FocusSash|AsOneSpectrier|AstralBarrage,Psychic,Encore,Protect||||||50|,,,,,Dark]Zamazenta-Crowned||RustedShield|DauntlessShield|BodyPress,HeavySlam,WideGuard,Protect||||||50|,,,,,Dragon]Tornadus||RockyHelmet|Prankster|Tailwind,BleakwindStorm,RainDance,Protect|||M|||50|,,,,,Dark]Chien-Pao||LifeOrb|SwordofRuin|IceSpinner,SuckerPunch,Crunch,Protect||||||50|,,,,,Stellar]Urshifu-Rapid-Strike||MysticWater|UnseenFist|SurgingStrikes,AquaJet,Taunt,Detect|||M|||50|,,,,,Water]Rillaboom||AssaultVest|GrassySurge|WoodHammer,GrassyGlide,Uturn,FakeOut|||F|||50|,,,,,Fire\n|inactive|Battle timer is ON: inactive players will automatically lose when time's up. (requested by rostas_mark3)\n|inactive|Chef Crabracadabra has 60 seconds left.\n|inactive|Chef Crabracadabra has 30 seconds left.\n|inactive|Chef Crabracadabra has 20 seconds left.\n|\n|t:|1746096048\n|start\n|switch|p1a: Incineroar|Incineroar, L50, M|100/100\n|switch|p1b: Terapagos|Terapagos, L50, M|100/100\n|switch|p2a: Calyrex|Calyrex-Shadow, L50|100/100\n|switch|p2b: Zamazenta|Zamazenta-Crowned, L50|100/100\n|-activate|p1b: Terapagos|ability: Tera Shift\n|detailschange|p1b: Terapagos|Terapagos-Terastal, L50, M\n|-heal|p1b: Terapagos|100/100|[silent]\n|-ability|p2a: Calyrex|As One\n|-ability|p2a: Calyrex|Unnerve\n|-ability|p2b: Zamazenta|Dauntless Shield|boost\n|-boost|p2b: Zamazenta|def|1\n|-ability|p1a: Incineroar|Intimidate|boost\n|-unboost|p2a: Calyrex|atk|1\n|-unboost|p2b: Zamazenta|atk|1\n|turn|1\n|inactive|Chef Crabracadabra has 30 seconds left.\n|inactive|Chef Crabracadabra has 20 seconds left.\n|inactive|Chef Crabracadabra has 15 seconds left.\n|\n|t:|1746096093\n|switch|p1a: Amoonguss|Amoonguss, L50, M|100/100\n|move|p2a: Calyrex|Protect|p2a: Calyrex\n|-singleturn|p2a: Calyrex|Protect\n|move|p2b: Zamazenta|Protect|p2b: Zamazenta\n|-singleturn|p2b: Zamazenta|Protect\n|move|p1b: Terapagos|Earth Power|p2a: Calyrex\n|-activate|p2a: Calyrex|move: Protect\n|\n|upkeep\n|turn|2\n|inactive|Chef Crabracadabra has 30 seconds left.\n|\n|t:|1746096125\n|switch|p1b: Calyrex|Calyrex-Shadow, L50|100/100\n|-ability|p1b: Calyrex|As One\n|-ability|p1b: Calyrex|Unnerve\n|-terastallize|p1a: Amoonguss|Water\n|move|p2a: Calyrex|Psychic|p1b: Calyrex\n|-resisted|p1b: Calyrex\n|-damage|p1b: Calyrex|73/100\n|move|p2b: Zamazenta|Body Press|p1b: Calyrex\n|-immune|p1b: Calyrex\n|move|p1a: Amoonguss|Spore|p2b: Zamazenta\n|-status|p2b: Zamazenta|slp|[from] move: Spore\n|\n|upkeep\n|turn|3\n|inactive|rostas_mark3 has 30 seconds left.\n|inactive|rostas_mark3 has 20 seconds left.\n|\n|t:|1746096163\n|cant|p2b: Zamazenta|slp\n|move|p1b: Calyrex|Astral Barrage|p2b: Zamazenta|[spread] p2a,p2b\n|-supereffective|p2a: Calyrex\n|-enditem|p2a: Calyrex|Focus Sash\n|-damage|p2a: Calyrex|1/100\n|-damage|p2b: Zamazenta|61/100 slp\n|move|p2a: Calyrex|Astral Barrage|p1a: Amoonguss|[spread] p1a,p1b\n|-supereffective|p1b: Calyrex\n|-damage|p1a: Amoonguss|58/100\n|-damage|p1b: Calyrex|0 fnt\n|faint|p1b: Calyrex\n|-ability|p2a: Calyrex|Grim Neigh|boost\n|-boost|p2a: Calyrex|spa|1\n|move|p1a: Amoonguss|Spore|p2a: Calyrex\n|-status|p2a: Calyrex|slp|[from] move: Spore\n|\n|upkeep\n|\n|t:|1746096176\n|switch|p1b: Terapagos|Terapagos-Terastal, L50, M|100/100\n|turn|4\n|\n|t:|1746096196\n|cant|p2a: Calyrex|slp\n|cant|p2b: Zamazenta|slp\n|move|p1b: Terapagos|Calm Mind|p1b: Terapagos\n|-boost|p1b: Terapagos|spa|1\n|-boost|p1b: Terapagos|spd|1\n|move|p1a: Amoonguss|Sludge Bomb|p2a: Calyrex\n|-resisted|p2a: Calyrex\n|-damage|p2a: Calyrex|0 fnt\n|faint|p2a: Calyrex\n|\n|upkeep\n|\n|t:|1746096205\n|switch|p2a: Urshifu|Urshifu-Rapid-Strike, L50, M|100/100\n|turn|5\n|inactive|Chef Crabracadabra has 30 seconds left.\n|\n|t:|1746096232\n|switch|p1a: Incineroar|Incineroar, L50, M|100/100\n|-ability|p1a: Incineroar|Intimidate|boost\n|-unboost|p2a: Urshifu|atk|1\n|-unboost|p2b: Zamazenta|atk|1\n|cant|p2b: Zamazenta|slp\n|move|p2a: Urshifu|Surging Strikes|p1b: Terapagos\n|-activate|p1b: Terapagos|ability: Tera Shell\n|-resisted|p1b: Terapagos\n|-crit|p1b: Terapagos\n|-damage|p1b: Terapagos|91/100\n|-resisted|p1b: Terapagos\n|-crit|p1b: Terapagos\n|-damage|p1b: Terapagos|82/100\n|-resisted|p1b: Terapagos\n|-crit|p1b: Terapagos\n|-damage|p1b: Terapagos|72/100\n|-hitcount|p1b: Terapagos|3\n|move|p1b: Terapagos|Earth Power|p2b: Zamazenta\n|-supereffective|p2b: Zamazenta\n|-damage|p2b: Zamazenta|12/100 slp\n|\n|-heal|p1b: Terapagos|79/100|[from] item: Leftovers\n|upkeep\n|turn|6\n|inactive|Chef Crabracadabra has 30 seconds left.\n|inactive|Chef Crabracadabra has 20 seconds left.\n|inactive|Chef Crabracadabra has 15 seconds left.\n|inactive|Chef Crabracadabra has 10 seconds left.\n|\n|t:|1746096277\n|switch|p1b: Amoonguss|Amoonguss, L50, M, tera:Water|91/100\n|-curestatus|p2b: Zamazenta|slp|[msg]\n|move|p2b: Zamazenta|Protect|p2b: Zamazenta\n|-singleturn|p2b: Zamazenta|Protect\n|move|p2a: Urshifu|Detect|p2a: Urshifu\n|-singleturn|p2a: Urshifu|Protect\n|move|p1a: Incineroar|Fake Out|p2a: Urshifu\n|-activate|p2a: Urshifu|move: Protect\n|\n|upkeep\n|turn|7\n|inactive|rostas_mark3 has 30 seconds left.\n|\n|t:|1746096304\n|move|p1b: Amoonguss|Rage Powder|p1b: Amoonguss\n|-singleturn|p1b: Amoonguss|move: Rage Powder\n|move|p2b: Zamazenta|Body Press|p1b: Amoonguss\n|-damage|p1b: Amoonguss|40/100\n|-damage|p2b: Zamazenta|0 fnt|[from] item: Rocky Helmet|[of] p1b: Amoonguss\n|faint|p2b: Zamazenta\n|move|p2a: Urshifu|Taunt|p1b: Amoonguss\n|-start|p1b: Amoonguss|move: Taunt\n|move|p1a: Incineroar|Will-O-Wisp|p2a: Urshifu\n|-status|p2a: Urshifu|brn\n|\n|-damage|p2a: Urshifu|95/100 brn|[from] brn\n|upkeep\n|\n|t:|1746096316\n|switch|p2b: Chien-Pao|Chien-Pao, L50|100/100\n|-ability|p2b: Chien-Pao|Sword of Ruin\n|turn|8\n|inactive|Chef Crabracadabra has 30 seconds left.\n|\n|t:|1746096350\n|switch|p1b: Terapagos|Terapagos-Terastal, L50, M|79/100\n|move|p2b: Chien-Pao|Sucker Punch||[still]\n|-fail|p2b: Chien-Pao\n|move|p2a: Urshifu|Surging Strikes|p1a: Incineroar\n|-supereffective|p1a: Incineroar\n|-crit|p1a: Incineroar\n|-damage|p1a: Incineroar|74/100\n|-supereffective|p1a: Incineroar\n|-crit|p1a: Incineroar\n|-damage|p1a: Incineroar|45/100\n|-supereffective|p1a: Incineroar\n|-crit|p1a: Incineroar\n|-damage|p1a: Incineroar|17/100\n|-hitcount|p1a: Incineroar|3\n|move|p1a: Incineroar|Will-O-Wisp|p2b: Chien-Pao\n|-status|p2b: Chien-Pao|brn\n|\n|-heal|p1b: Terapagos|85/100|[from] item: Leftovers\n|-damage|p2b: Chien-Pao|95/100 brn|[from] brn\n|-damage|p2a: Urshifu|89/100 brn|[from] brn\n|upkeep\n|turn|9\n|inactive|rostas_mark3 has 30 seconds left.\n|inactive|rostas_mark3 has 20 seconds left.\n|inactive|rostas_mark3 has 15 seconds left.\n|inactive|rostas_mark3 has 10 seconds left.\n|\n|t:|1746096396\n|switch|p1a: Amoonguss|Amoonguss, L50, M, tera:Water|73/100\n|-terastallize|p2a: Urshifu|Water\n|move|p2b: Chien-Pao|Crunch|p1a: Amoonguss\n|-damage|p1a: Amoonguss|42/100\n|-damage|p2b: Chien-Pao|79/100 brn|[from] item: Rocky Helmet|[of] p1a: Amoonguss\n|-damage|p2b: Chien-Pao|69/100 brn|[from] item: Life Orb\n|move|p2a: Urshifu|Surging Strikes|p1b: Terapagos\n|-crit|p1b: Terapagos\n|-damage|p1b: Terapagos|70/100\n|-crit|p1b: Terapagos\n|-damage|p1b: Terapagos|54/100\n|-crit|p1b: Terapagos\n|-damage|p1b: Terapagos|36/100\n|-hitcount|p1b: Terapagos|3\n|move|p1b: Terapagos|Tera Starstorm|p2a: Urshifu\n|-damage|p2a: Urshifu|16/100 brn\n|\n|-heal|p1b: Terapagos|43/100|[from] item: Leftovers\n|-damage|p2b: Chien-Pao|63/100 brn|[from] brn\n|-damage|p2a: Urshifu|11/100 brn|[from] brn\n|upkeep\n|turn|10\n|inactive|rostas_mark3 has 30 seconds left.\n|inactive|rostas_mark3 has 20 seconds left.\n|\n|t:|1746096434\n|move|p1a: Amoonguss|Rage Powder|p1a: Amoonguss\n|-singleturn|p1a: Amoonguss|move: Rage Powder\n|move|p2b: Chien-Pao|Crunch|p1a: Amoonguss\n|-damage|p1a: Amoonguss|13/100\n|-damage|p2b: Chien-Pao|47/100 brn|[from] item: Rocky Helmet|[of] p1a: Amoonguss\n|-damage|p2b: Chien-Pao|37/100 brn|[from] item: Life Orb\n|move|p2a: Urshifu|Surging Strikes|p1a: Amoonguss\n|-resisted|p1a: Amoonguss\n|-crit|p1a: Amoonguss\n|-damage|p1a: Amoonguss|4/100\n|-damage|p2a: Urshifu|0 fnt|[from] item: Rocky Helmet|[of] p1a: Amoonguss\n|faint|p2a: Urshifu\n|-hitcount|p1a: Amoonguss|1\n|move|p1b: Terapagos|Tera Starstorm|p2b: Chien-Pao\n|-damage|p2b: Chien-Pao|0 fnt\n|faint|p2b: Chien-Pao\n|\n|win|Chef Crabracadabra\n||Chef Crabracadabra is ready for game 2.\n|inactive|rostas_mark3 has 30 seconds to confirm battle start!\n||rostas_mark3 is ready for game 2.\n|uhtml|next|Next: <a href=\"/battle-gen9vgc2025regibo3-2354571064\"><strong>Game 2 of 3</strong></a>\n|l|\u2606Chef Crabracadabra\n|player|p1|\n|l|\u2606rostas_mark3\n|player|p2|\n|j|\u2606rostas_mark3\n|player|p2|rostas_mark3|101|\n", "uploadtime": 1746096940, "views": 10, "formatid": "gen9vgc2025regibo3", "rating": null, "private": 0, "password": null}