{"id": "gen9vgc2025regibo3-2354616134", "format": "[Gen 9] VGC 2025 Reg I (Bo3)", "players": ["urstepslowbro", "AndSB"], "log": "|j|\u2606urstepslowbro\n|j|\u2606AndSB\n|html|<table width=\"100%\"><tr><td align=\"left\">urstepslowbro</td><td align=\"right\">AndSB</tr><tr><td align=\"left\"><i class=\"fa fa-circle-o\"></i> <i class=\"fa fa-circle-o\"></i> </td><td align=\"right\"><i class=\"fa fa-circle-o\"></i> <i class=\"fa fa-circle-o\"></i> </tr></table>\n|uhtml|bestof|<h2><strong>Game 1</strong> of <a href=\"/game-bestof3-gen9vgc2025regibo3-2354616133\">a best-of-3</a></h2>\n|t:|1746103236\n|gametype|doubles\n|player|p1|urstepslowbro|acerola-masters|1119\n|player|p2|AndSB|169|1146\n|teamsize|p1|6\n|teamsize|p2|6\n|gen|9\n|tier|[Gen 9] VGC 2025 Reg I (Bo3)\n|rated|\n|rule|Species Clause: Limit one of each Pok\u00e9mon\n|rule|Item Clause: Limit 1 of each item\n|clearpoke\n|poke|p1|Koraidon, L50|\n|poke|p1|Calyrex-Shadow, L50|\n|poke|p1|Chi-Yu, L50|\n|poke|p1|Weezing-Galar, L50, M|\n|poke|p1|Dondozo, L50, M|\n|poke|p1|Tatsugiri-Droopy, L50, F|\n|poke|p2|Sneasler, L50, F|\n|poke|p2|Calyrex-Shadow, L50|\n|poke|p2|Dondozo, L50, M|\n|poke|p2|Tatsugiri-Droopy, L50, M|\n|poke|p2|Chi-Yu, L50|\n|poke|p2|Miraidon, L50|\n|teampreview|4\n|showteam|p1|Koraidon||AbilityShield|OrichalcumPulse|CollisionCourse,DragonClaw,FlareBlitz,Protect||||||50|,,,,,Fire]Calyrex-Shadow||FocusSash|AsOneSpectrier|AstralBarrage,Psychic,Encore,Protect||||||50|,,,,,Ghost]Chi-Yu||ChoiceScarf|BeadsofRuin|DarkPulse,Snarl,HeatWave,Overheat||||||50|,,,,,Ghost]Weezing-Galar||CovertCloak|NeutralizingGas|ToxicSpikes,StrangeSteam,Taunt,Protect|||M|||50|,,,,,Dark]Dondozo||Leftovers|Unaware|WaveCrash,OrderUp,BodyPress,Protect|||M|||50|,,,,,Grass]Tatsugiri-Droopy||SafetyGoggles|Commander|MuddyWater,DracoMeteor,HelpingHand,Protect|||F|||50|,,,,,Ghost\n|showteam|p2|Sneasler||ElectricSeed|Unburden|CloseCombat,DireClaw,ToxicSpikes,FakeOut|||F|||50|,,,,,Dark]Calyrex-Shadow||LifeOrb|AsOneSpectrier|AstralBarrage,Psychic,Encore,Protect||||||50|,,,,,Dark]Dondozo||Leftovers|Unaware|Earthquake,BodyPress,OrderUp,Protect|||M|||50|,,,,,Grass]Tatsugiri-Droopy||FocusSash|Commander|DracoMeteor,MuddyWater,HelpingHand,Protect|||M|||50|,,,,,Stellar]Chi-Yu||ChoiceScarf|BeadsofRuin|Overheat,HeatWave,ScaryFace,Snarl||||||50|,,,,,Ghost]Miraidon||AssaultVest|HadronEngine|ElectroDrift,DracoMeteor,DazzlingGleam,VoltSwitch||||||50|,,,,,Fairy\n|inactive|Battle timer is ON: inactive players will automatically lose when time's up. (requested by urstepslowbro)\n|\n|t:|1746103306\n|start\n|switch|p1a: Weezing|Weezing-Galar, L50, M|100/100\n|switch|p1b: Calyrex|Calyrex-Shadow, L50|100/100\n|switch|p2a: Tatsugiri|Tatsugiri-Droopy, L50, M|100/100\n|switch|p2b: Calyrex|Calyrex-Shadow, L50|100/100\n|-ability|p1a: Weezing|Neutralizing Gas\n|-ability|p2b: Calyrex|As One\n|-ability|p2b: Calyrex|Unnerve\n|-ability|p1b: Calyrex|As One\n|-ability|p1b: Calyrex|Unnerve\n|turn|1\n|inactive|urstepslowbro has 30 seconds left.\n|inactive|urstepslowbro has 20 seconds left.\n|inactive|urstepslowbro has 15 seconds left.\n|\n|t:|1746103349\n|-terastallize|p2b: Calyrex|Dark\n|move|p1b: Calyrex|Protect|p1b: Calyrex\n|-singleturn|p1b: Calyrex|Protect\n|move|p2b: Calyrex|Astral Barrage|p1b: Calyrex|[spread] p1a\n|-activate|p1b: Calyrex|move: Protect\n|-damage|p1a: Weezing|34/100\n|-damage|p2b: Calyrex|91/100|[from] item: Life Orb\n|move|p2a: Tatsugiri|Muddy Water|p1a: Weezing|[spread] p1a\n|-activate|p1b: Calyrex|move: Protect\n|-damage|p1a: Weezing|0 fnt\n|faint|p1a: Weezing\n|-end|p1a: Weezing|ability: Neutralizing Gas\n|\n|upkeep\n|\n|t:|1746103355\n|switch|p1a: Dondozo|Dondozo, L50, M|100/100\n|turn|2\n|\n|t:|1746103370\n|switch|p1b: Tatsugiri|Tatsugiri-Droopy, L50, F, shiny|100/100\n|-activate|p1b: Tatsugiri|ability: Commander|[of] p1a: Dondozo\n|-boost|p1a: Dondozo|atk|2\n|-boost|p1a: Dondozo|spa|2\n|-boost|p1a: Dondozo|spe|2\n|-boost|p1a: Dondozo|def|2\n|-boost|p1a: Dondozo|spd|2\n|move|p2b: Calyrex|Astral Barrage|p1b: Tatsugiri|[spread] p1a\n|-miss|p2b: Calyrex|p1b: Tatsugiri\n|-damage|p1a: Dondozo|72/100\n|-damage|p2b: Calyrex|81/100|[from] item: Life Orb\n|move|p2a: Tatsugiri|Muddy Water|p1b: Tatsugiri|[spread] p1a\n|-miss|p2a: Tatsugiri|p1b: Tatsugiri\n|-resisted|p1a: Dondozo\n|-damage|p1a: Dondozo|63/100\n|move|p1a: Dondozo|Body Press|p2b: Calyrex\n|-supereffective|p2b: Calyrex\n|-damage|p2b: Calyrex|0 fnt\n|faint|p2b: Calyrex\n|\n|-heal|p1a: Dondozo|70/100|[from] item: Leftovers\n|upkeep\n|inactive|AndSB has 30 seconds left.\n|\n|t:|1746103397\n|switch|p2b: Miraidon|Miraidon, L50|100/100\n|-fieldstart|move: Electric Terrain|[from] ability: Hadron Engine|[of] p2b: Miraidon\n|turn|3\n|\n|t:|1746103405\n|-terastallize|p1a: Dondozo|Grass\n|move|p2a: Tatsugiri|Helping Hand|p2b: Miraidon\n|-singleturn|p2b: Miraidon|Helping Hand|[of] p2a: Tatsugiri\n|move|p2b: Miraidon|Electro Drift|p1a: Dondozo\n|-resisted|p1a: Dondozo\n|-damage|p1a: Dondozo|39/100\n|move|p1a: Dondozo|Order Up|p2b: Miraidon\n|-supereffective|p2b: Miraidon\n|-damage|p2b: Miraidon|32/100\n|-boost|p1a: Dondozo|def|1\n|\n|-heal|p1a: Dondozo|45/100|[from] item: Leftovers\n|upkeep\n|turn|4\n|\n|t:|1746103427\n|move|p2a: Tatsugiri|Helping Hand|p2b: Miraidon\n|-singleturn|p2b: Miraidon|Helping Hand|[of] p2a: Tatsugiri\n|move|p1a: Dondozo|Protect|p1a: Dondozo\n|-singleturn|p1a: Dondozo|Protect\n|move|p2b: Miraidon|Draco Meteor|p1a: Dondozo\n|-activate|p1a: Dondozo|move: Protect\n|\n|-heal|p1a: Dondozo|52/100|[from] item: Leftovers\n|upkeep\n|turn|5\n|inactive|urstepslowbro has 30 seconds left.\n|\n|t:|1746103455\n|move|p2a: Tatsugiri|Helping Hand|p2b: Miraidon\n|-singleturn|p2b: Miraidon|Helping Hand|[of] p2a: Tatsugiri\n|move|p2b: Miraidon|Draco Meteor|p1a: Dondozo\n|-damage|p1a: Dondozo|0 fnt\n|-unboost|p2b: Miraidon|spa|2\n|faint|p1a: Dondozo\n|\n|upkeep\n|\n|t:|1746103461\n|switch|p1a: Calyrex|Calyrex-Shadow, L50|100/100\n|-ability|p1a: Calyrex|As One\n|-ability|p1a: Calyrex|Unnerve\n|turn|6\n|inactive|AndSB has 30 seconds left.\n|\n|t:|1746103486\n|move|p1a: Calyrex|Astral Barrage|p2b: Miraidon|[spread] p2a,p2b\n|-damage|p2a: Tatsugiri|33/100\n|-damage|p2b: Miraidon|0 fnt\n|faint|p2b: Miraidon\n|-ability|p1a: Calyrex|Grim Neigh|boost\n|-boost|p1a: Calyrex|spa|1\n|move|p2a: Tatsugiri|Muddy Water|p1b: Tatsugiri|[spread] p1a\n|-miss|p2a: Tatsugiri|p1b: Tatsugiri\n|-damage|p1a: Calyrex|65/100\n|move|p1b: Tatsugiri|Muddy Water|p2a: Tatsugiri\n|-resisted|p2a: Tatsugiri\n|-damage|p2a: Tatsugiri|21/100\n|-unboost|p2a: Tatsugiri|accuracy|1\n|\n|upkeep\n|\n|t:|1746103498\n|switch|p2b: Sneasler|Sneasler, L50, F|100/100\n|-enditem|p2b: Sneasler|Electric Seed\n|-boost|p2b: Sneasler|def|1|[from] item: Electric Seed\n|turn|7\n|\n|t:|1746103509\n|move|p2a: Tatsugiri|Helping Hand|p2b: Sneasler\n|-singleturn|p2b: Sneasler|Helping Hand|[of] p2a: Tatsugiri\n|move|p1b: Tatsugiri|Helping Hand|p1a: Calyrex\n|-singleturn|p1a: Calyrex|Helping Hand|[of] p1b: Tatsugiri\n|move|p2b: Sneasler|Dire Claw|p1a: Calyrex\n|-resisted|p1a: Calyrex\n|-damage|p1a: Calyrex|24/100\n|move|p1a: Calyrex|Astral Barrage|p2b: Sneasler|[spread] p2a,p2b\n|-damage|p2a: Tatsugiri|0 fnt\n|-damage|p2b: Sneasler|0 fnt\n|faint|p2a: Tatsugiri\n|faint|p2b: Sneasler\n|\n|win|urstepslowbro\n||AndSB is ready for game 2.\n|inactive|urstepslowbro has 30 seconds to confirm battle start!\n||urstepslowbro is ready for game 2.\n|uhtml|next|Next: <a href=\"/battle-gen9vgc2025regibo3-2354618442\"><strong>Game 2 of 3</strong></a>\n|l|\u2606AndSB\n|player|p2|\n", "uploadtime": 1746103510, "views": 8, "formatid": "gen9vgc2025regibo3", "rating": null, "private": 0, "password": null}