{"id": "gen9vgc2025regibo3-2353929605", "format": "[Gen 9] VGC 2025 Reg I (Bo3)", "players": ["adn46r1", "Jun local"], "log": "|j|\u2606adn46r1\n|j|\u2606Jun local\n|html|<table width=\"100%\"><tr><td align=\"left\">adn46r1</td><td align=\"right\">Jun local</tr><tr><td align=\"left\"><i class=\"fa fa-circle\"></i> <i class=\"fa fa-circle-o\"></i> </td><td align=\"right\"><i class=\"fa fa-circle-o\"></i> <i class=\"fa fa-circle\"></i> </tr></table>\n|uhtml|bestof|<h2><strong>Game 3</strong> of <a href=\"/game-bestof3-gen9vgc2025regibo3-2353924878\">a best-of-3</a></h2>\n|t:|1746019891\n|gametype|doubles\n|player|p1|adn46r1|101|1159\n|player|p2|Jun local|burglar|1069\n|teamsize|p1|6\n|teamsize|p2|6\n|gen|9\n|tier|[Gen 9] VGC 2025 Reg I (Bo3)\n|rated|\n|rule|Species Clause: Limit one of each Pok\u00e9mon\n|rule|Item Clause: Limit 1 of each item\n|clearpoke\n|poke|p1|Zacian-*, L50|\n|poke|p1|Urshifu-*, L50, M|\n|poke|p1|Tornadus, L50, M|\n|poke|p1|Incineroar, L50, F|\n|poke|p1|Rillaboom, L50, F|\n|poke|p1|Kyogre, L50|\n|poke|p2|Kyogre, L50|\n|poke|p2|Calyrex-Ice, L50|\n|poke|p2|Regieleki, L50|\n|poke|p2|Landorus, L50, M|\n|poke|p2|Ogerpon-Cornerstone, L50, F|\n|poke|p2|Rillaboom, L50, M|\n|teampreview|4\n|showteam|p1|Zacian-Crowned||RustedSword|IntrepidSword|behemothblade,Protect,PlayRough,SacredSword||||||50|,,,,,Fairy]Urshifu||FocusSash|UnseenFist|WickedBlow,SuckerPunch,CloseCombat,Detect|||M|||50|,,,,,Dark]Tornadus||CovertCloak|Prankster|Tailwind,Hurricane,IcyWind,Taunt|||M|||50|,,,,,Dark]Incineroar||SafetyGoggles|Intimidate|FakeOut,KnockOff,PartingShot,FlareBlitz|||F|||50|,,,,,Water]Rillaboom||AssaultVest|GrassySurge|FakeOut,GrassyGlide,WoodHammer,Uturn|||F|||50|,,,,,Fire]Kyogre||MysticWater|Drizzle|OriginPulse,IceBeam,WaterSpout,Protect||||||50|,,,,,Grass\n|showteam|p2|Kyogre||MysticWater|Drizzle|WaterSpout,OriginPulse,HydroPump,Protect||||||50|,,,,,Grass]Calyrex-Ice||ClearAmulet|AsOneGlastrier|GlacialLance,TrickRoom,Imprison,Protect||||||50|,,,,,Water]Regieleki||FocusSash|Transistor|Thunderbolt,Electroweb,VoltSwitch,Protect||||||50|,,,,,Electric]Landorus||LifeOrb|SheerForce|EarthPower,SandsearStorm,SludgeBomb,Protect|||M|||50|,,,,,Water]Ogerpon-Cornerstone||CornerstoneMask|Sturdy|IvyCudgel,FollowMe,SpikyShield,Encore|||F|||50|,,,,,Rock]Rillaboom||AssaultVest|GrassySurge|GrassyGlide,WoodHammer,FakeOut,Uturn|||M|||50|,,,,,Fire\n|inactive|Battle timer is ON: inactive players will automatically lose when time's up. (requested by adn46r1)\n|\n|t:|1746019922\n|start\n|switch|p1a: Urshifu|Urshifu, L50, M|100/100\n|switch|p1b: Kyogre|Kyogre, L50|100/100\n|switch|p2a: Calyrex|Calyrex-Ice, L50|100/100\n|switch|p2b: Regieleki|Regieleki, L50|100/100\n|-ability|p2a: Calyrex|As One\n|-ability|p2a: Calyrex|Unnerve\n|-weather|RainDance|[from] ability: Drizzle|[of] p1b: Kyogre\n|turn|1\n|\n|t:|1746019938\n|-terastallize|p2a: Calyrex|Water\n|move|p1b: Kyogre|Protect|p1b: Kyogre\n|-singleturn|p1b: Kyogre|Protect\n|move|p2b: Regieleki|Electroweb|p1a: Urshifu|[spread] p1a\n|-activate|p1b: Kyogre|move: Protect\n|-damage|p1a: Urshifu|61/100\n|-unboost|p1a: Urshifu|spe|1\n|move|p1a: Urshifu|Wicked Blow|p2a: Calyrex\n|-crit|p2a: Calyrex\n|-damage|p2a: Calyrex|63/100\n|move|p2a: Calyrex|Glacial Lance|p1b: Kyogre|[spread] p1a\n|-activate|p1b: Kyogre|move: Protect\n|-damage|p1a: Urshifu|3/100\n|\n|-weather|RainDance|[upkeep]\n|upkeep\n|turn|2\n|inactive|Jun local has 30 seconds left.\n|\n|t:|1746019963\n|-terastallize|p1b: Kyogre|Grass\n|move|p1a: Urshifu|Sucker Punch|p2a: Calyrex\n|-crit|p2a: Calyrex\n|-damage|p2a: Calyrex|25/100\n|move|p2b: Regieleki|Electroweb|p1b: Kyogre|[spread] p1b\n|-miss|p2b: Regieleki|p1a: Urshifu\n|-resisted|p1b: Kyogre\n|-damage|p1b: Kyogre|90/100\n|-unboost|p1b: Kyogre|spe|1\n|move|p1b: Kyogre|Water Spout|p2a: Calyrex|[spread] p2a,p2b\n|-resisted|p2a: Calyrex\n|-damage|p2a: Calyrex|0 fnt\n|-enditem|p2b: Regieleki|Focus Sash\n|-damage|p2b: Regieleki|1/100\n|faint|p2a: Calyrex\n|\n|-weather|RainDance|[upkeep]\n|upkeep\n|\n|t:|1746019986\n|switch|p2a: Kyogre|Kyogre, L50|100/100\n|turn|3\n|\n|t:|1746019992\n|move|p1b: Kyogre|Protect|p1b: Kyogre\n|-singleturn|p1b: Kyogre|Protect\n|move|p1a: Urshifu|Sucker Punch|p2b: Regieleki\n|-damage|p2b: Regieleki|0 fnt\n|faint|p2b: Regieleki\n|move|p2a: Kyogre|Water Spout|p1b: Kyogre|[spread] p1a\n|-activate|p1b: Kyogre|move: Protect\n|-damage|p1a: Urshifu|0 fnt\n|faint|p1a: Urshifu\n|\n|-weather|RainDance|[upkeep]\n|upkeep\n|\n|t:|1746020005\n|switch|p2b: Rillaboom|Rillaboom, L50, M|100/100\n|switch|p1a: Rillaboom|Rillaboom, L50, F|100/100\n|-fieldstart|move: Grassy Terrain|[from] ability: Grassy Surge|[of] p1a: Rillaboom\n|turn|4\n|\n|t:|1746020015\n|move|p1a: Rillaboom|Fake Out|p2a: Kyogre\n|-damage|p2a: Kyogre|87/100\n|cant|p2a: Kyogre|flinch\n|move|p2b: Rillaboom|U-turn|p1a: Rillaboom\n|-supereffective|p1a: Rillaboom\n|-damage|p1a: Rillaboom|54/100\n|move|p1b: Kyogre|Ice Beam|p2b: Rillaboom\n|-supereffective|p2b: Rillaboom\n|-damage|p2b: Rillaboom|54/100\n|\n|-weather|RainDance|[upkeep]\n|-heal|p2a: Kyogre|93/100|[from] Grassy Terrain\n|-heal|p1a: Rillaboom|60/100|[from] Grassy Terrain\n|-heal|p2b: Rillaboom|60/100|[from] Grassy Terrain\n|-heal|p1b: Kyogre|96/100|[from] Grassy Terrain\n|upkeep\n|turn|5\n|\n|t:|1746020033\n|move|p1a: Rillaboom|Grassy Glide|p2a: Kyogre\n|-supereffective|p2a: Kyogre\n|-damage|p2a: Kyogre|16/100\n|move|p2a: Kyogre|Water Spout|p1a: Rillaboom|[spread] p1a,p1b\n|-resisted|p1a: Rillaboom\n|-resisted|p1b: Kyogre\n|-damage|p1a: Rillaboom|52/100\n|-damage|p1b: Kyogre|89/100\n|move|p2b: Rillaboom|U-turn|p1a: Rillaboom\n|-supereffective|p1a: Rillaboom\n|-damage|p1a: Rillaboom|8/100\n|move|p1b: Kyogre|Water Spout|p2a: Kyogre|[spread] p2a,p2b\n|-resisted|p2a: Kyogre\n|-resisted|p2b: Rillaboom\n|-damage|p2a: Kyogre|0 fnt\n|-damage|p2b: Rillaboom|27/100\n|faint|p2a: Kyogre\n|\n|-weather|none\n|-heal|p2b: Rillaboom|33/100|[from] Grassy Terrain\n|-heal|p1a: Rillaboom|14/100|[from] Grassy Terrain\n|-heal|p1b: Kyogre|95/100|[from] Grassy Terrain\n|upkeep\n|turn|6\n|-message|Jun local forfeited.\n|\n|win|adn46r1\n|raw|adn46r1's rating: 1159 &rarr; <strong>1178</strong><br />(+19 for winning)\n|raw|Jun local's rating: 1069 &rarr; <strong>1054</strong><br />(-15 for losing)\n|l|\u2606adn46r1\n|player|p1|\n", "uploadtime": 1746020063, "views": 6, "formatid": "gen9vgc2025regibo3", "rating": 1054, "private": 0, "password": null}