{"id": "gen9vgc2025regibo3-2354604321", "format": "[Gen 9] VGC 2025 Reg I (Bo3)", "players": ["Drogaplut003", "susmongus123"], "log": "|j|\u2606Drogaplut003\n|j|\u2606susmongus123\n|html|<table width=\"100%\"><tr><td align=\"left\">Drogaplut003</td><td align=\"right\">susmongus123</tr><tr><td align=\"left\"><i class=\"fa fa-circle-o\"></i> <i class=\"fa fa-circle-o\"></i> </td><td align=\"right\"><i class=\"fa fa-circle-o\"></i> <i class=\"fa fa-circle\"></i> </tr></table>\n|uhtml|bestof|<h2><strong>Game 2</strong> of <a href=\"/game-bestof3-gen9vgc2025regibo3-2354602664\">a best-of-3</a></h2>\n|t:|1746101674\n|gametype|doubles\n|player|p1|Drogaplut003|clown|1137\n|player|p2|susmongus123|101|1081\n|teamsize|p1|6\n|teamsize|p2|6\n|gen|9\n|tier|[Gen 9] VGC 2025 Reg I (Bo3)\n|rated|\n|rule|Species Clause: Limit one of each Pok\u00e9mon\n|rule|Item Clause: Limit 1 of each item\n|clearpoke\n|poke|p1|Koraidon, L50|\n|poke|p1|Reshiram, L50|\n|poke|p1|Tornadus, L50, M|\n|poke|p1|Flutter Mane, L50|\n|poke|p1|Rillaboom, L50, M|\n|poke|p1|Ditto, L50|\n|poke|p2|Zamazenta-*, L50|\n|poke|p2|Calyrex-Shadow, L50|\n|poke|p2|Incineroar, L50, M|\n|poke|p2|Latias, L50, F|\n|poke|p2|Urshifu-*, L50, M|\n|poke|p2|Amoonguss, L50, M|\n|teampreview|4\n|showteam|p1|Koraidon||LifeOrb|OrichalcumPulse|FlareBlitz,FlameCharge,CloseCombat,Protect||||||50|,,,,,Fire]Reshiram||ChoiceSpecs|Turboblaze|BlueFlare,HeatWave,DracoMeteor,EarthPower||||||50|,,,,,Fire]Tornadus||FocusSash|Prankster|Tailwind,Taunt,BleakwindStorm,SunnyDay|||M|||50|,,,,,Ghost]Flutter Mane||FairyFeather|Protosynthesis|ShadowBall,IcyWind,Moonblast,Protect||||||50|,,,,,Normal]Rillaboom||AssaultVest|GrassySurge|FakeOut,Uturn,GrassyGlide,WoodHammer|||M|||50|,,,,,Poison]Ditto||ChoiceScarf|Imposter|Transform||||||50|,,,,,Ghost\n|showteam|p2|Zamazenta-Crowned||RustedShield|DauntlessShield|BodyPress,IronDefense,WideGuard,HeavySlam||||||50|,,,,,Grass]Calyrex-Shadow||LifeOrb|AsOneSpectrier|AstralBarrage,NastyPlot,Protect,Psyshock||||||50|,,,,,Fairy]Incineroar||SafetyGoggles|Intimidate|FakeOut,FlareBlitz,KnockOff,Protect|||M|||50|,,,,,Ghost]Latias||CovertCloak|Levitate|DracoMeteor,LightScreen,IcyWind,Protect|||F|||50|,,,,,Fairy]Urshifu-Rapid-Strike||FocusSash|UnseenFist|Detect,SurgingStrikes,CloseCombat,AquaJet|||M|||50|,,,,,Water]Amoonguss||RockyHelmet|Regenerator|Spore,RagePowder,Protect,SludgeBomb|||M|||50|,,,,,Water\n|\n|t:|1746101694\n|start\n|switch|p1a: Tornadus|Tornadus, L50, M|100/100\n|switch|p1b: Reshiram|Reshiram, L50|100/100\n|switch|p2a: Incineroar|Incineroar, L50, M|100/100\n|switch|p2b: Urshifu|Urshifu-Rapid-Strike, L50, M|100/100\n|-ability|p1b: Reshiram|Turboblaze\n|-ability|p2a: Incineroar|Intimidate|boost\n|-unboost|p1a: Tornadus|atk|1\n|-unboost|p1b: Reshiram|atk|1\n|turn|1\n|inactive|Battle timer is ON: inactive players will automatically lose when time's up. (requested by susmongus123)\n|\n|t:|1746101719\n|-terastallize|p1a: Tornadus|Ghost\n|move|p2a: Incineroar|Fake Out|p1a: Tornadus\n|-immune|p1a: Tornadus\n|move|p1a: Tornadus|Tailwind|p1a: Tornadus\n|-sidestart|p1: Drogaplut003|move: Tailwind\n|move|p1b: Reshiram|Draco Meteor|p2a: Incineroar\n|-damage|p2a: Incineroar|0 fnt\n|-unboost|p1b: Reshiram|spa|2\n|faint|p2a: Incineroar\n|move|p2b: Urshifu|Surging Strikes|p1b: Reshiram\n|-crit|p1b: Reshiram\n|-damage|p1b: Reshiram|80/100\n|-crit|p1b: Reshiram\n|-damage|p1b: Reshiram|59/100\n|-crit|p1b: Reshiram\n|-damage|p1b: Reshiram|40/100\n|-hitcount|p1b: Reshiram|3\n|\n|upkeep\n|\n|t:|1746101744\n|switch|p2a: Calyrex|Calyrex-Shadow, L50|100/100\n|-ability|p2a: Calyrex|As One\n|-ability|p2a: Calyrex|Unnerve\n|turn|2\n|\n|t:|1746101753\n|move|p1a: Tornadus|Taunt|p2a: Calyrex\n|-start|p2a: Calyrex|move: Taunt\n|move|p1b: Reshiram|Draco Meteor|p2b: Urshifu\n|-damage|p2b: Urshifu|23/100\n|-unboost|p1b: Reshiram|spa|2\n|cant|p2a: Calyrex|move: Taunt|Nasty Plot\n|move|p2b: Urshifu|Surging Strikes|p1b: Reshiram\n|-crit|p1b: Reshiram\n|-damage|p1b: Reshiram|19/100\n|-crit|p1b: Reshiram\n|-damage|p1b: Reshiram|0 fnt\n|faint|p1b: Reshiram\n|-hitcount|p1: Reshiram|2\n|\n|upkeep\n|\n|t:|1746101763\n|switch|p1b: Ditto|Ditto, L50|100/100\n|-transform|p1b: Ditto|p2a: Calyrex|[from] ability: Imposter\n|-ability|p1b: Ditto|As One\n|-ability|p1b: Ditto|Unnerve\n|turn|3\n|\n|t:|1746101783\n|switch|p2a: Zamazenta|Zamazenta-Crowned, L50|100/100\n|-ability|p2a: Zamazenta|Dauntless Shield|boost\n|-boost|p2a: Zamazenta|def|1\n|move|p1b: Ditto|Astral Barrage|p2b: Urshifu|[spread] p2a,p2b\n|-damage|p2a: Zamazenta|58/100\n|-damage|p2b: Urshifu|0 fnt\n|faint|p2b: Urshifu\n|-ability|p1b: Ditto|Grim Neigh|boost\n|-boost|p1b: Ditto|spa|1\n|move|p1a: Tornadus|Bleakwind Storm|p2a: Zamazenta\n|-damage|p2a: Zamazenta|11/100\n|\n|upkeep\n|\n|t:|1746101796\n|switch|p2b: Calyrex|Calyrex-Shadow, L50|100/100\n|-ability|p2b: Calyrex|As One\n|-ability|p2b: Calyrex|Unnerve\n|turn|4\n|\n|t:|1746101810\n|switch|p1b: Koraidon|Koraidon, L50|100/100\n|-weather|SunnyDay|[from] ability: Orichalcum Pulse|[of] p1b: Koraidon\n|-activate|p1b: Koraidon|Orichalcum Pulse|[source]\n|move|p2a: Zamazenta|Wide Guard|p2a: Zamazenta\n|-singleturn|p2a: Zamazenta|Wide Guard\n|move|p1a: Tornadus|Taunt|p2a: Zamazenta\n|-start|p2a: Zamazenta|move: Taunt\n|move|p2b: Calyrex|Astral Barrage|p1b: Koraidon|[spread] p1a,p1b\n|-supereffective|p1a: Tornadus\n|-enditem|p1a: Tornadus|Focus Sash\n|-damage|p1a: Tornadus|1/100\n|-damage|p1b: Koraidon|39/100\n|-damage|p2b: Calyrex|91/100|[from] item: Life Orb\n|\n|-weather|SunnyDay|[upkeep]\n|-sideend|p1: Drogaplut003|move: Tailwind\n|upkeep\n|turn|5\n|inactive|susmongus123 has 30 seconds left.\n|\n|t:|1746101836\n|move|p1a: Tornadus|Tailwind|p1a: Tornadus\n|-sidestart|p1: Drogaplut003|move: Tailwind\n|move|p1b: Koraidon|Flare Blitz|p2b: Calyrex\n|-damage|p2b: Calyrex|0 fnt\n|faint|p2b: Calyrex\n|-damage|p1b: Koraidon|11/100|[from] Recoil\n|-damage|p1b: Koraidon|2/100|[from] item: Life Orb\n|move|p2a: Zamazenta|Body Press|p1b: Koraidon\n|-crit|p1b: Koraidon\n|-damage|p1b: Koraidon|0 fnt\n|faint|p1b: Koraidon\n|\n|-weather|SunnyDay|[upkeep]\n|upkeep\n|\n|t:|1746101845\n|switch|p1b: Ditto|Ditto, L50|100/100\n|-transform|p1b: Ditto|p2a: Zamazenta|[from] ability: Imposter\n|-ability|p1b: Ditto|Dauntless Shield|boost\n|-boost|p1b: Ditto|def|1\n|turn|6\n|\n|t:|1746101855\n|move|p1b: Ditto|Body Press|p2a: Zamazenta\n|-supereffective|p2a: Zamazenta\n|-damage|p2a: Zamazenta|0 fnt\n|faint|p2a: Zamazenta\n|\n|win|Drogaplut003\n||Drogaplut003 is ready for game 3.\n|l|\u2606Drogaplut003\n|player|p1|\n|inactive|susmongus123 has 30 seconds to confirm battle start!\n|inactive|susmongus123 has 20 seconds to confirm battle start!\n|inactive|susmongus123 has 10 seconds to confirm battle start!\n|l|\u2606susmongus123\n|player|p2|\n||susmongus123 is ready for game 3.\n|uhtml|next|Next: <a href=\"/battle-gen9vgc2025regibo3-2354605888\"><strong>Game 3 of 3</strong></a>\n", "uploadtime": 1746102184, "views": 7, "formatid": "gen9vgc2025regibo3", "rating": null, "private": 0, "password": null}