{"id": "gen9vgc2025regibo3-2354321554", "format": "[Gen 9] VGC 2025 Reg I (Bo3)", "players": ["RegGsBiggestHater", "Ales n Dragons"], "log": "|j|\u2606RegGsBiggestHater\n|j|\u2606Ales n Dragons\n|html|<table width=\"100%\"><tr><td align=\"left\">RegGsBiggestHater</td><td align=\"right\">Ales n Dragons</tr><tr><td align=\"left\"><i class=\"fa fa-circle\"></i> <i class=\"fa fa-circle-o\"></i> </td><td align=\"right\"><i class=\"fa fa-circle-o\"></i> <i class=\"fa fa-circle\"></i> </tr></table>\n|uhtml|bestof|<h2><strong>Game 3</strong> of <a href=\"/game-bestof3-gen9vgc2025regibo3-2354315508\">a best-of-3</a></h2>\n|t:|1746057105\n|gametype|doubles\n|player|p1|RegGsBiggestHater|byron|1000\n|player|p2|Ales n Dragons|veteran-gen4|1066\n|teamsize|p1|6\n|teamsize|p2|6\n|gen|9\n|tier|[Gen 9] VGC 2025 Reg I (Bo3)\n|rated|\n|rule|Species Clause: Limit one of each Pok\u00e9mon\n|rule|Item Clause: Limit 1 of each item\n|clearpoke\n|poke|p1|Miraidon, L50|\n|poke|p1|Ho-Oh, L50|\n|poke|p1|Iron Hands, L50|\n|poke|p1|Farigiraf, L50, M|\n|poke|p1|Iron Treads, L50|\n|poke|p1|Urshifu-*, L50, F|\n|poke|p2|Ho-Oh, L50|\n|poke|p2|Groudon, L50|\n|poke|p2|Chi-Yu, L50|\n|poke|p2|Rillaboom, L50, M|\n|poke|p2|Flutter Mane, L50|\n|poke|p2|Brute Bonnet, L50|\n|teampreview|4\n|showteam|p1|Miraidon||ChoiceSpecs|HadronEngine|ElectroDrift,DazzlingGleam,VoltSwitch,DracoMeteor||||||50|,,,,,Fairy]Ho-Oh||CovertCloak|Regenerator|SacredFire,Tailwind,Protect,BraveBird||||||50|,,,,,Grass]Iron Hands||AssaultVest|QuarkDrive|FakeOut,LowKick,DrainPunch,WildCharge||||||50|,,,,,Bug]Farigiraf||ElectricSeed|ArmorTail|TrickRoom,FoulPlay,HelpingHand,Psychic|||M|||50|,,,,,Water]Iron Treads||ChoiceBand|QuarkDrive|Earthquake,IronHead,HighHorsepower,KnockOff||||||50|,,,,,Ghost]Urshifu-Rapid-Strike||ChoiceScarf|UnseenFist|SurgingStrikes,CloseCombat,AquaJet,Uturn|||F|||50|,,,,,Water\n|showteam|p2|Ho-Oh||ClearAmulet|Regenerator|SacredFire,BraveBird,Protect,Tailwind||||||50|,,,,,Fire]Groudon||AssaultVest|Drought|HeatCrash,ThunderPunch,PrecipiceBlades,HeavySlam||||||50|,,,,,Fire]Chi-Yu||ChoiceScarf|BeadsofRuin|Snarl,DarkPulse,HeatWave,Overheat||||||50|,,,,,Ghost]Rillaboom||MiracleSeed|GrassySurge|FakeOut,Taunt,GrassyGlide,Protect|||M|||50|,,,,,Fire]Flutter Mane||BoosterEnergy|Protosynthesis|IcyWind,ShadowBall,Moonblast,Protect||||||50|,,,,,Fairy]Brute Bonnet||CovertCloak|Protosynthesis|Spore,SeedBomb,RagePowder,SuckerPunch||||||50|,,,,,Grass\n|\n|t:|1746057160\n|start\n|switch|p1a: Iron Treads|Iron Treads, L50|100/100\n|switch|p1b: Ho-Oh|Ho-Oh, L50, shiny|100/100\n|switch|p2a: Groudon|Groudon, L50|100/100\n|switch|p2b: Ho-Oh|Ho-Oh, L50|100/100\n|-weather|SunnyDay|[from] ability: Drought|[of] p2a: Groudon\n|turn|1\n|\n|t:|1746057191\n|-terastallize|p1a: Iron Treads|Ghost\n|move|p1a: Iron Treads|Knock Off|p2a: Groudon\n|-damage|p2a: Groudon|72/100\n|-enditem|p2a: Groudon|Assault Vest|[from] move: Knock Off|[of] p1a: Iron Treads\n|move|p1b: Ho-Oh|Tailwind|p1b: Ho-Oh\n|-sidestart|p1: RegGsBiggestHater|move: Tailwind\n|move|p2b: Ho-Oh|Tailwind|p2b: Ho-Oh\n|-sidestart|p2: Ales n Dragons|move: Tailwind\n|move|p2a: Groudon|Precipice Blades|p1b: Ho-Oh|[spread] \n|-immune|p1b: Ho-Oh\n|-miss|p2a: Groudon|p1a: Iron Treads\n|\n|-weather|SunnyDay|[upkeep]\n|upkeep\n|turn|2\n|\n|t:|1746057263\n|switch|p2a: Rillaboom|Rillaboom, L50, M|100/100\n|-fieldstart|move: Grassy Terrain|[from] ability: Grassy Surge|[of] p2a: Rillaboom\n|move|p1a: Iron Treads|Knock Off|p2b: Ho-Oh\n|-damage|p2b: Ho-Oh|60/100\n|-enditem|p2b: Ho-Oh|Clear Amulet|[from] move: Knock Off|[of] p1a: Iron Treads\n|move|p1b: Ho-Oh|Brave Bird|p2a: Rillaboom\n|-supereffective|p2a: Rillaboom\n|-damage|p2a: Rillaboom|0 fnt\n|faint|p2a: Rillaboom\n|-damage|p1b: Ho-Oh|69/100|[from] Recoil\n|move|p2b: Ho-Oh|Sacred Fire|p1a: Iron Treads\n|-damage|p1a: Iron Treads|29/100\n|\n|-weather|SunnyDay|[upkeep]\n|-heal|p1a: Iron Treads|35/100|[from] Grassy Terrain\n|upkeep\n|\n|t:|1746057278\n|switch|p2a: Flutter Mane|Flutter Mane, L50|100/100\n|-activate|p2a: Flutter Mane|ability: Protosynthesis\n|-start|p2a: Flutter Mane|protosynthesisspe\n|turn|3\n|\n|t:|1746057309\n|move|p2a: Flutter Mane|Protect|p2a: Flutter Mane\n|-singleturn|p2a: Flutter Mane|Protect\n|move|p1a: Iron Treads|Knock Off|p2a: Flutter Mane\n|-activate|p2a: Flutter Mane|move: Protect\n|move|p1b: Ho-Oh|Brave Bird|p2b: Ho-Oh\n|-damage|p2b: Ho-Oh|0 fnt\n|faint|p2b: Ho-Oh\n|-damage|p1b: Ho-Oh|49/100|[from] Recoil\n|\n|-weather|SunnyDay|[upkeep]\n|-heal|p1a: Iron Treads|41/100|[from] Grassy Terrain\n|upkeep\n|\n|t:|1746057320\n|switch|p2b: Groudon|Groudon, L50|72/100\n|turn|4\n|\n|t:|1746057331\n|move|p2a: Flutter Mane|Shadow Ball|p1a: Iron Treads\n|-supereffective|p1a: Iron Treads\n|-damage|p1a: Iron Treads|0 fnt\n|faint|p1a: Iron Treads\n|-end|p1a: Iron Treads|Quark Drive|[silent]\n|move|p1b: Ho-Oh|Brave Bird|p2b: Groudon\n|-damage|p2b: Groudon|29/100\n|-damage|p1b: Ho-Oh|35/100|[from] Recoil\n|move|p2b: Groudon|Thunder Punch|p1b: Ho-Oh\n|-supereffective|p1b: Ho-Oh\n|-damage|p1b: Ho-Oh|0 fnt\n|faint|p1b: Ho-Oh\n|\n|-weather|SunnyDay|[upkeep]\n|-heal|p2b: Groudon|35/100|[from] Grassy Terrain\n|-sideend|p1: RegGsBiggestHater|move: Tailwind\n|-sideend|p2: Ales n Dragons|move: Tailwind\n|upkeep\n|\n|t:|1746057340\n|switch|p1a: Miraidon|Miraidon, L50|100/100\n|switch|p1b: Iron Hands|Iron Hands, L50|100/100\n|-fieldstart|move: Electric Terrain|[from] ability: Hadron Engine|[of] p1a: Miraidon\n|-activate|p1b: Iron Hands|ability: Quark Drive\n|-start|p1b: Iron Hands|quarkdriveatk\n|turn|5\n|\n|t:|1746057423\n|-terastallize|p2a: Flutter Mane|Fairy\n|move|p1b: Iron Hands|Fake Out|p2b: Groudon\n|-damage|p2b: Groudon|22/100\n|move|p2a: Flutter Mane|Moonblast|p1a: Miraidon\n|-supereffective|p1a: Miraidon\n|-damage|p1a: Miraidon|4/100\n|move|p1a: Miraidon|Dazzling Gleam|p2a: Flutter Mane|[spread] p2a,p2b\n|-damage|p2a: Flutter Mane|65/100\n|-damage|p2b: Groudon|0 fnt\n|faint|p2b: Groudon\n|\n|-weather|none\n|-end|p2a: Flutter Mane|Protosynthesis\n|upkeep\n|-enditem|p2a: Flutter Mane|Booster Energy\n|-activate|p2a: Flutter Mane|ability: Protosynthesis|[fromitem]\n|-start|p2a: Flutter Mane|protosynthesisspe\n|turn|6\n|inactive|Battle timer is ON: inactive players will automatically lose when time's up. (requested by RegGsBiggestHater)\n|\n|t:|1746057477\n|move|p2a: Flutter Mane|Icy Wind|p1b: Iron Hands|[spread] p1a,p1b\n|-supereffective|p1a: Miraidon\n|-damage|p1a: Miraidon|0 fnt\n|-damage|p1b: Iron Hands|94/100\n|-unboost|p1b: Iron Hands|spe|1\n|faint|p1a: Miraidon\n|move|p1b: Iron Hands|Wild Charge|p2a: Flutter Mane\n|-damage|p2a: Flutter Mane|0 fnt\n|faint|p2a: Flutter Mane\n|-end|p2a: Flutter Mane|Protosynthesis|[silent]\n|-damage|p1b: Iron Hands|83/100|[from] Recoil\n|\n|win|RegGsBiggestHater\n|raw|RegGsBiggestHater's rating: 1000 &rarr; <strong>1048</strong><br />(+48 for winning)\n|raw|Ales n Dragons's rating: 1066 &rarr; <strong>1042</strong><br />(-24 for losing)\n|l|\u2606Ales n Dragons\n|player|p2|\n", "uploadtime": 1746057522, "views": 11, "formatid": "gen9vgc2025regibo3", "rating": 1042, "private": 0, "password": null}