{"id": "gen9vgc2025regibo3-2353946508", "format": "[Gen 9] VGC 2025 Reg I (Bo3)", "players": ["tg100", "Piti-49"], "log": "|j|\u2606tg100\n|j|\u2606Piti-49\n|html|<table width=\"100%\"><tr><td align=\"left\">tg100</td><td align=\"right\">Piti-49</tr><tr><td align=\"left\"><i class=\"fa fa-circle\"></i> <i class=\"fa fa-circle-o\"></i> </td><td align=\"right\"><i class=\"fa fa-circle-o\"></i> <i class=\"fa fa-circle\"></i> </tr></table>\n|uhtml|bestof|<h2><strong>Game 3</strong> of <a href=\"/game-bestof3-gen9vgc2025regibo3-2353941796\">a best-of-3</a></h2>\n|t:|1746021551\n|gametype|doubles\n|player|p1|tg100|169|1071\n|player|p2|Piti-49|101|1157\n|teamsize|p1|6\n|teamsize|p2|6\n|gen|9\n|tier|[Gen 9] VGC 2025 Reg I (Bo3)\n|rated|\n|rule|Species Clause: Limit one of each Pok\u00e9mon\n|rule|Item Clause: Limit 1 of each item\n|clearpoke\n|poke|p1|Chi-Yu, L50|\n|poke|p1|Flutter Mane, L50|\n|poke|p1|Koraidon, L50|\n|poke|p1|Lunala, L50|\n|poke|p1|Landorus-Therian, L50, M|\n|poke|p1|Kingambit, L50, M|\n|poke|p2|Miraidon, L50|\n|poke|p2|Raichu-Alola, L50, F|\n|poke|p2|Kyogre, L50|\n|poke|p2|Wo-Chien, L50|\n|poke|p2|Iron Valiant, L50|\n|poke|p2|Perrserker, L50, F|\n|teampreview|4\n|showteam|p1|Chi-Yu||ChoiceScarf|BeadsofRuin|HeatWave,DarkPulse,Overheat,Snarl||||||50|,,,,,Ghost]Flutter Mane||FocusSash|Protosynthesis|Moonblast,ShadowBall,IcyWind,Protect||||||50|,,,,,Fairy]Koraidon||ClearAmulet|OrichalcumPulse|CollisionCourse,FlareBlitz,FlameCharge,Protect||||||50|,,,,,Fire]Lunala||PowerHerb|ShadowShield|MoongeistBeam,MeteorBeam,WideGuard,TrickRoom||||||50|,,,,,Fairy]Landorus-Therian||ChoiceBand|Intimidate|Earthquake,StompingTantrum,RockSlide,Uturn|||M|||50|,,,,,Fairy]Kingambit||AssaultVest|Defiant|KowtowCleave,SuckerPunch,IronHead,TeraBlast|||M|||50|,,,,,Fairy\n|showteam|p2|Miraidon||ChoiceSpecs|HadronEngine|VoltSwitch,ElectroDrift,DracoMeteor,DazzlingGleam||||||50|,,,,,Fairy]Raichu-Alola||ElectricSeed|SurgeSurfer|SkillSwap,Nuzzle,HelpingHand,FakeOut|||F|||50|,,,,,Normal]Kyogre||MysticWater|Drizzle|Protect,CalmMind,WaterSpout,IceBeam||||||50|,,,,,Grass]Wo-Chien||RockyHelmet|TabletsofRuin|PollenPuff,Ruination,Protect,LeechSeed||||||50|,,,,,Poison]Iron Valiant||FocusSash|QuarkDrive|CloseCombat,WideGuard,Protect,SpiritBreak||||||50|,,,,,Ghost]Perrserker||AssaultVest|SteelySpirit|IronHead,FakeOut,KnockOff,Uturn|||F|||50|,,,,,Dragon\n|inactive|Battle timer is ON: inactive players will automatically lose when time's up. (requested by Piti-49)\n|\n|t:|1746021583\n|start\n|switch|p1a: Landorus|Landorus-Therian, L50, M|100/100\n|switch|p1b: Chi-Yu|Chi-Yu, L50|100/100\n|switch|p2a: Gambling rat|Raichu-Alola, L50, F, shiny|100/100\n|switch|p2b: Miraidon|Miraidon, L50|100/100\n|-ability|p1b: Chi-Yu|Beads of Ruin\n|-fieldstart|move: Electric Terrain|[from] ability: Hadron Engine|[of] p2b: Miraidon\n|-enditem|p2a: Gambling rat|Electric Seed\n|-boost|p2a: Gambling rat|def|1|[from] item: Electric Seed\n|-ability|p1a: Landorus|Intimidate|boost\n|-unboost|p2a: Gambling rat|atk|1\n|-unboost|p2b: Miraidon|atk|1\n|turn|1\n|\n|t:|1746021604\n|switch|p1b: Lunala|Lunala, L50|100/100\n|-terastallize|p2b: Miraidon|Fairy\n|move|p2a: Gambling rat|Fake Out|p1b: Lunala\n|-immune|p1b: Lunala\n|move|p2b: Miraidon|Dazzling Gleam|p1a: Landorus|[spread] p1a,p1b\n|-damage|p1a: Landorus|23/100\n|-damage|p1b: Lunala|79/100\n|move|p1a: Landorus|Earthquake|p2a: Gambling rat|[spread] p1b,p2a,p2b\n|-supereffective|p2a: Gambling rat\n|-damage|p1b: Lunala|32/100\n|-damage|p2a: Gambling rat|0 fnt\n|-damage|p2b: Miraidon|32/100\n|faint|p2a: Gambling rat\n|\n|upkeep\n|\n|t:|1746021619\n|switch|p2a: Iron Valiant|Iron Valiant, L50|100/100\n|-activate|p2a: Iron Valiant|ability: Quark Drive\n|-start|p2a: Iron Valiant|quarkdrivespe\n|turn|2\n|\n|t:|1746021631\n|switch|p2b: Kyogre|Kyogre, L50|100/100\n|-weather|RainDance|[from] ability: Drizzle|[of] p2b: Kyogre\n|move|p2a: Iron Valiant|Wide Guard|p2a: Iron Valiant\n|-singleturn|p2a: Iron Valiant|Wide Guard\n|move|p1a: Landorus|Earthquake|p2b: Kyogre|[spread] p1b\n|-activate|p2a: Iron Valiant|move: Wide Guard\n|-activate|p2b: Kyogre|move: Wide Guard\n|-damage|p1b: Lunala|0 fnt\n|faint|p1b: Lunala\n|\n|-weather|RainDance|[upkeep]\n|upkeep\n|\n|t:|1746021634\n|switch|p1b: Koraidon|Koraidon, L50|100/100\n|-weather|SunnyDay|[from] ability: Orichalcum Pulse|[of] p1b: Koraidon\n|-activate|p1b: Koraidon|Orichalcum Pulse|[source]\n|turn|3\n|inactive|Piti-49 has 30 seconds left.\n|\n|t:|1746021669\n|switch|p1a: Chi-Yu|Chi-Yu, L50|100/100\n|-ability|p1a: Chi-Yu|Beads of Ruin\n|move|p2a: Iron Valiant|Spirit Break|p1a: Chi-Yu\n|-damage|p1a: Chi-Yu|44/100\n|-unboost|p1a: Chi-Yu|spa|1\n|move|p1b: Koraidon|Flare Blitz|p2a: Iron Valiant\n|-enditem|p2a: Iron Valiant|Focus Sash\n|-damage|p2a: Iron Valiant|1/100\n|-damage|p1b: Koraidon|77/100|[from] Recoil\n|move|p2b: Kyogre|Ice Beam|p1b: Koraidon\n|-supereffective|p1b: Koraidon\n|-damage|p1b: Koraidon|0 fnt\n|faint|p1b: Koraidon\n|\n|-weather|SunnyDay|[upkeep]\n|upkeep\n|\n|t:|1746021673\n|switch|p1b: Landorus|Landorus-Therian, L50, M|23/100\n|-ability|p1b: Landorus|Intimidate|boost\n|-unboost|p2a: Iron Valiant|atk|1\n|-unboost|p2b: Kyogre|atk|1\n|turn|4\n|inactive|Piti-49 has 30 seconds left.\n|\n|t:|1746021703\n|move|p2a: Iron Valiant|Spirit Break|p1a: Chi-Yu\n|-damage|p1a: Chi-Yu|8/100\n|-unboost|p1a: Chi-Yu|spa|1\n|move|p1a: Chi-Yu|Heat Wave|p2b: Kyogre|[spread] p2a,p2b\n|-resisted|p2b: Kyogre\n|-damage|p2a: Iron Valiant|0 fnt\n|-damage|p2b: Kyogre|88/100\n|faint|p2a: Iron Valiant\n|-end|p2a: Iron Valiant|Quark Drive|[silent]\n|move|p1b: Landorus|Stomping Tantrum|p2b: Kyogre\n|-damage|p2b: Kyogre|27/100\n|move|p2b: Kyogre|Ice Beam|p1b: Landorus\n|-supereffective|p1b: Landorus\n|-damage|p1b: Landorus|0 fnt\n|faint|p1b: Landorus\n|\n|-weather|SunnyDay|[upkeep]\n|upkeep\n|\n|t:|1746021711\n|switch|p2a: Miraidon|Miraidon, L50, tera:Fairy|32/100\n|-activate|p2a: Miraidon|ability: Hadron Engine\n|turn|5\n|\n|t:|1746021724\n|move|p1a: Chi-Yu|Heat Wave|p2a: Miraidon|[spread] p2a,p2b\n|-resisted|p2b: Kyogre\n|-damage|p2a: Miraidon|0 fnt\n|-damage|p2b: Kyogre|14/100\n|faint|p2a: Miraidon\n|move|p2b: Kyogre|Water Spout|p1a: Chi-Yu\n|-supereffective|p1a: Chi-Yu\n|-damage|p1a: Chi-Yu|0 fnt\n|faint|p1a: Chi-Yu\n|\n|win|Piti-49\n|raw|tg100's rating: 1071 &rarr; <strong>1055</strong><br />(-16 for losing)\n|raw|Piti-49's rating: 1157 &rarr; <strong>1176</strong><br />(+19 for winning)\n|l|\u2606Piti-49\n|player|p2|\n|l|\u2606tg100\n|player|p1|\n", "uploadtime": 1746021987, "views": 6, "formatid": "gen9vgc2025regibo3", "rating": 1055, "private": 0, "password": null}