{"id": "gen9vgc2025regibo3-2354956610", "format": "[Gen 9] VGC 2025 Reg I (Bo3)", "players": ["WithoutHands", "TheMochiMan"], "log": "|j|\u2606WithoutHands\n|j|\u2606TheMochiMan\n|html|<table width=\"100%\"><tr><td align=\"left\">WithoutHands</td><td align=\"right\">TheMochiMan</tr><tr><td align=\"left\"><i class=\"fa fa-circle-o\"></i> <i class=\"fa fa-circle-o\"></i> </td><td align=\"right\"><i class=\"fa fa-circle-o\"></i> <i class=\"fa fa-circle\"></i> </tr></table>\n|uhtml|bestof|<h2><strong>Game 2</strong> of <a href=\"/game-bestof3-gen9vgc2025regibo3-2354953018\">a best-of-3</a></h2>\n|t:|1746135579\n|gametype|doubles\n|player|p1|WithoutHands|169|1384\n|player|p2|TheMochiMan|worker|1322\n|teamsize|p1|6\n|teamsize|p2|6\n|gen|9\n|tier|[Gen 9] VGC 2025 Reg I (Bo3)\n|rated|\n|rule|Species Clause: Limit one of each Pok\u00e9mon\n|rule|Item Clause: Limit 1 of each item\n|clearpoke\n|poke|p1|Calyrex-Shadow, L50|\n|poke|p1|Zamazenta-*, L50|\n|poke|p1|Amoonguss, L50, M|\n|poke|p1|Chien-Pao, L50|\n|poke|p1|Urshifu-*, L50, M|\n|poke|p1|Pelipper, L50, M|\n|poke|p2|Eternatus, L50|\n|poke|p2|Ho-Oh, L50|\n|poke|p2|Rillaboom, L50, M|\n|poke|p2|Urshifu-*, L50, M|\n|poke|p2|Grimmsnarl, L50, M|\n|poke|p2|Ting-Lu, L50|\n|teampreview|4\n|showteam|p1|Calyrex-Shadow||LifeOrb|AsOneSpectrier|Protect,Imprison,Psychic,AstralBarrage||||||50|,,,,,Water]Zamazenta-Crowned||RustedShield|DauntlessShield|BodyPress,behemothbash,WideGuard,Protect||||||50|,,,,,Dragon]Amoonguss||RockyHelmet|Regenerator|Spore,SludgeBomb,RagePowder,Protect|||M|||50|,,,,,Water]Chien-Pao||FocusSash|SwordofRuin|IceSpinner,SuckerPunch,ThroatChop,Protect||||||50|,,,,,Stellar]Urshifu-Rapid-Strike||MysticWater|UnseenFist|SurgingStrikes,CloseCombat,AquaJet,Detect|||M|||50|,,,,,Grass]Pelipper||CovertCloak|Drizzle|WeatherBall,Hurricane,WideGuard,Tailwind|||M|||50|,,,,,Grass\n|showteam|p2|Eternatus||Leftovers|Pressure|Protect,Flamethrower,Toxic,CosmicPower||||||50|,,,,,Dark]Ho-Oh||ClearAmulet|Regenerator|Protect,SacredFire,BraveBird,Recover||||||50|,,,,,Grass]Rillaboom||AssaultVest|GrassySurge|WoodHammer,GrassyGlide,Uturn,FakeOut|||M|||50|,,,,,Fire]Urshifu-Rapid-Strike||ChoiceScarf|UnseenFist|SurgingStrikes,CloseCombat,Coaching,Uturn|||M|||50|,,,,,Water]Grimmsnarl||LightClay|Prankster|FoulPlay,Reflect,LightScreen,FakeOut|||M|||50|,,,,,Ghost]Ting-Lu||RockyHelmet|VesselofRuin|Protect,Ruination,StealthRock,Taunt||||||50|,,,,,Poison\n|inactive|Battle timer is ON: inactive players will automatically lose when time's up. (requested by WithoutHands)\n|inactive|WithoutHands has 60 seconds left.\n|\n|t:|1746135616\n|start\n|switch|p1a: Calyrex|Calyrex-Shadow, L50|100/100\n|switch|p1b: Zamazenta|Zamazenta-Crowned, L50|100/100\n|switch|p2a: Urshifu|Urshifu-Rapid-Strike, L50, M|100/100\n|switch|p2b: Eternatus|Eternatus, L50|100/100\n|-ability|p1a: Calyrex|As One\n|-ability|p1a: Calyrex|Unnerve\n|-ability|p1b: Zamazenta|Dauntless Shield|boost\n|-boost|p1b: Zamazenta|def|1\n|-ability|p2b: Eternatus|Pressure\n|turn|1\n|\n|t:|1746135635\n|switch|p2b: Ho-Oh|Ho-Oh, L50|100/100\n|-terastallize|p1a: Calyrex|Water\n|move|p2a: Urshifu|Surging Strikes|p1a: Calyrex\n|-resisted|p1a: Calyrex\n|-crit|p1a: Calyrex\n|-damage|p1a: Calyrex|88/100\n|-resisted|p1a: Calyrex\n|-crit|p1a: Calyrex\n|-damage|p1a: Calyrex|76/100\n|-resisted|p1a: Calyrex\n|-crit|p1a: Calyrex\n|-damage|p1a: Calyrex|63/100\n|-hitcount|p1a: Calyrex|3\n|move|p1a: Calyrex|Psychic|p2b: Ho-Oh\n|-damage|p2b: Ho-Oh|59/100\n|-damage|p1a: Calyrex|53/100|[from] item: Life Orb\n|move|p1b: Zamazenta|Body Press|p2a: Urshifu\n|-damage|p2a: Urshifu|25/100\n|\n|upkeep\n|turn|2\n|inactive|WithoutHands has 30 seconds left.\n|inactive|TheMochiMan has 30 seconds left.\n|inactive|WithoutHands has 20 seconds left.\n|inactive|WithoutHands has 15 seconds left.\n|\n|t:|1746135675\n|switch|p1a: Amoonguss|Amoonguss, L50, M|100/100\n|switch|p2b: Grimmsnarl|Grimmsnarl, L50, M|100/100\n|move|p2a: Urshifu|Surging Strikes|p1b: Zamazenta\n|-crit|p1b: Zamazenta\n|-damage|p1b: Zamazenta|88/100\n|-crit|p1b: Zamazenta\n|-damage|p1b: Zamazenta|74/100\n|-crit|p1b: Zamazenta\n|-damage|p1b: Zamazenta|61/100\n|-hitcount|p1b: Zamazenta|3\n|move|p1b: Zamazenta|Body Press|p2b: Grimmsnarl\n|-damage|p2b: Grimmsnarl|38/100\n|\n|upkeep\n|turn|3\n|inactive|TheMochiMan has 30 seconds left.\n|inactive|TheMochiMan has 20 seconds left.\n|inactive|TheMochiMan has 15 seconds left.\n|inactive|TheMochiMan has 10 seconds left.\n|\n|t:|1746135724\n|switch|p2a: Eternatus|Eternatus, L50|100/100\n|-ability|p2a: Eternatus|Pressure\n|move|p2b: Grimmsnarl|Light Screen|p2b: Grimmsnarl\n|-sidestart|p2: TheMochiMan|move: Light Screen\n|move|p1b: Zamazenta|Body Press|p2a: Eternatus\n|-resisted|p2a: Eternatus\n|-damage|p2a: Eternatus|80/100\n|move|p1a: Amoonguss|Spore|p2b: Grimmsnarl\n|-status|p2b: Grimmsnarl|slp|[from] move: Spore\n|\n|-heal|p2a: Eternatus|87/100|[from] item: Leftovers\n|upkeep\n|turn|4\n|inactive|WithoutHands has 30 seconds left.\n|\n|t:|1746135751\n|switch|p1b: Calyrex|Calyrex-Shadow, L50, tera:Water|53/100\n|-ability|p1b: Calyrex|As One\n|-ability|p1b: Calyrex|Unnerve\n|cant|p2b: Grimmsnarl|slp\n|move|p2a: Eternatus|Cosmic Power|p2a: Eternatus\n|-boost|p2a: Eternatus|def|1\n|-boost|p2a: Eternatus|spd|1\n|move|p1a: Amoonguss|Spore|p2a: Eternatus\n|-status|p2a: Eternatus|slp|[from] move: Spore\n|\n|-heal|p2a: Eternatus|93/100 slp|[from] item: Leftovers\n|upkeep\n|turn|5\n|\n|t:|1746135765\n|switch|p2b: Ho-Oh|Ho-Oh, L50|92/100\n|move|p1b: Calyrex|Astral Barrage|p2a: Eternatus|[spread] p2a,p2b\n|-damage|p2a: Eternatus|74/100 slp\n|-damage|p2b: Ho-Oh|68/100\n|-damage|p1b: Calyrex|44/100|[from] item: Life Orb\n|cant|p2a: Eternatus|slp\n|move|p1a: Amoonguss|Sludge Bomb|p2b: Ho-Oh\n|-damage|p2b: Ho-Oh|58/100\n|\n|-heal|p2a: Eternatus|80/100 slp|[from] item: Leftovers\n|upkeep\n|turn|6\n|\n|t:|1746135779\n|move|p1a: Amoonguss|Rage Powder|p1a: Amoonguss\n|-singleturn|p1a: Amoonguss|move: Rage Powder\n|move|p1b: Calyrex|Psychic|p2a: Eternatus\n|-supereffective|p2a: Eternatus\n|-damage|p2a: Eternatus|38/100 slp\n|-damage|p1b: Calyrex|34/100|[from] item: Life Orb\n|cant|p2a: Eternatus|slp\n|move|p2b: Ho-Oh|Recover|p2b: Ho-Oh\n|-heal|p2b: Ho-Oh|100/100\n|\n|-heal|p2a: Eternatus|45/100 slp|[from] item: Leftovers\n|upkeep\n|turn|7\n|\n|t:|1746135801\n|move|p1b: Calyrex|Protect|p1b: Calyrex\n|-singleturn|p1b: Calyrex|Protect\n|-curestatus|p2a: Eternatus|slp|[msg]\n|move|p2a: Eternatus|Protect|p2a: Eternatus\n|-singleturn|p2a: Eternatus|Protect\n|move|p2b: Ho-Oh|Brave Bird|p1b: Calyrex\n|-activate|p1b: Calyrex|move: Protect\n|move|p1a: Amoonguss|Spore|p2b: Ho-Oh\n|-status|p2b: Ho-Oh|slp|[from] move: Spore\n|\n|-heal|p2a: Eternatus|51/100|[from] item: Leftovers\n|upkeep\n|turn|8\n|\n|t:|1746135819\n|-terastallize|p2a: Eternatus|Dark\n|move|p1a: Amoonguss|Rage Powder|p1a: Amoonguss\n|-singleturn|p1a: Amoonguss|move: Rage Powder\n|move|p1b: Calyrex|Psychic|p2a: Eternatus\n|-immune|p2a: Eternatus\n|move|p2a: Eternatus|Cosmic Power|p2a: Eternatus\n|-boost|p2a: Eternatus|def|1\n|-boost|p2a: Eternatus|spd|1\n|cant|p2b: Ho-Oh|slp\n|\n|-heal|p2a: Eternatus|57/100|[from] item: Leftovers\n|upkeep\n|turn|9\n|\n|t:|1746135840\n|switch|p1b: Zamazenta|Zamazenta-Crowned, L50|61/100\n|move|p2a: Eternatus|Protect|p2a: Eternatus\n|-singleturn|p2a: Eternatus|Protect\n|cant|p2b: Ho-Oh|slp\n|move|p1a: Amoonguss|Spore|p2a: Eternatus\n|-activate|p2a: Eternatus|move: Protect\n|\n|-heal|p2a: Eternatus|63/100|[from] item: Leftovers\n|upkeep\n|turn|10\n|\n|t:|1746135853\n|move|p1a: Amoonguss|Rage Powder|p1a: Amoonguss\n|-singleturn|p1a: Amoonguss|move: Rage Powder\n|move|p1b: Zamazenta|Body Press|p2a: Eternatus\n|-supereffective|p2a: Eternatus\n|-damage|p2a: Eternatus|33/100\n|move|p2a: Eternatus|Flamethrower|p1a: Amoonguss\n|-supereffective|p1a: Amoonguss\n|-damage|p1a: Amoonguss|45/100\n|-status|p1a: Amoonguss|brn\n|-curestatus|p2b: Ho-Oh|slp|[msg]\n|move|p2b: Ho-Oh|Sacred Fire|p1a: Amoonguss\n|-supereffective|p1a: Amoonguss\n|-damage|p1a: Amoonguss|0 fnt\n|faint|p1a: Amoonguss\n|\n|-heal|p2a: Eternatus|39/100|[from] item: Leftovers\n|-sideend|p2: TheMochiMan|move: Light Screen\n|upkeep\n|\n|t:|1746135862\n|switch|p1a: Urshifu|Urshifu-Rapid-Strike, L50, M|100/100\n|turn|11\n|inactive|TheMochiMan has 30 seconds left.\n|\n|t:|1746135895\n|move|p1b: Zamazenta|Body Press|p2a: Eternatus\n|-supereffective|p2a: Eternatus\n|-damage|p2a: Eternatus|12/100\n|move|p2a: Eternatus|Flamethrower|p1b: Zamazenta\n|-supereffective|p1b: Zamazenta\n|-damage|p1b: Zamazenta|23/100\n|move|p1a: Urshifu|Surging Strikes|p2b: Ho-Oh\n|-supereffective|p2b: Ho-Oh\n|-crit|p2b: Ho-Oh\n|-damage|p2b: Ho-Oh|59/100\n|-supereffective|p2b: Ho-Oh\n|-crit|p2b: Ho-Oh\n|-damage|p2b: Ho-Oh|21/100\n|-supereffective|p2b: Ho-Oh\n|-crit|p2b: Ho-Oh\n|-damage|p2b: Ho-Oh|0 fnt\n|faint|p2b: Ho-Oh\n|-hitcount|p2: Ho-Oh|3\n|\n|-heal|p2a: Eternatus|18/100|[from] item: Leftovers\n|upkeep\n|\n|t:|1746135913\n|switch|p2b: Urshifu|Urshifu-Rapid-Strike, L50, M|25/100\n|turn|12\n|\n|t:|1746135926\n|move|p2b: Urshifu|Surging Strikes|p1b: Zamazenta\n|-crit|p1b: Zamazenta\n|-damage|p1b: Zamazenta|10/100\n|-crit|p1b: Zamazenta\n|-damage|p1b: Zamazenta|0 fnt\n|faint|p1b: Zamazenta\n|-hitcount|p1: Zamazenta|2\n|move|p2a: Eternatus|Toxic|p1a: Urshifu\n|-status|p1a: Urshifu|tox\n|move|p1a: Urshifu|Surging Strikes|p2a: Eternatus\n|-crit|p2a: Eternatus\n|-damage|p2a: Eternatus|2/100\n|-crit|p2a: Eternatus\n|-damage|p2a: Eternatus|0 fnt\n|faint|p2a: Eternatus\n|-hitcount|p2: Eternatus|2\n|\n|-damage|p1a: Urshifu|94/100 tox|[from] psn\n|upkeep\n|\n|t:|1746135930\n|switch|p1b: Calyrex|Calyrex-Shadow, L50, tera:Water|34/100\n|switch|p2a: Grimmsnarl|Grimmsnarl, L50, M|38/100 slp\n|-ability|p1b: Calyrex|As One\n|-ability|p1b: Calyrex|Unnerve\n|turn|13\n|\n|t:|1746135935\n|move|p2b: Urshifu|Surging Strikes|p1b: Calyrex\n|-resisted|p1b: Calyrex\n|-crit|p1b: Calyrex\n|-damage|p1b: Calyrex|22/100\n|-resisted|p1b: Calyrex\n|-crit|p1b: Calyrex\n|-damage|p1b: Calyrex|9/100\n|-resisted|p1b: Calyrex\n|-crit|p1b: Calyrex\n|-damage|p1b: Calyrex|0 fnt\n|faint|p1b: Calyrex\n|-hitcount|p1: Calyrex|3\n|move|p1a: Urshifu|Surging Strikes|p2a: Grimmsnarl\n|-crit|p2a: Grimmsnarl\n|-damage|p2a: Grimmsnarl|16/100 slp\n|-crit|p2a: Grimmsnarl\n|-damage|p2a: Grimmsnarl|0 fnt\n|faint|p2a: Grimmsnarl\n|-hitcount|p2: Grimmsnarl|2\n|\n|-damage|p1a: Urshifu|82/100 tox|[from] psn\n|upkeep\n|turn|14\n|\n|t:|1746135943\n|move|p2b: Urshifu|Surging Strikes|p1a: Urshifu\n|-resisted|p1a: Urshifu\n|-crit|p1a: Urshifu\n|-damage|p1a: Urshifu|72/100 tox\n|-resisted|p1a: Urshifu\n|-crit|p1a: Urshifu\n|-damage|p1a: Urshifu|61/100 tox\n|-resisted|p1a: Urshifu\n|-crit|p1a: Urshifu\n|-damage|p1a: Urshifu|50/100 tox\n|-hitcount|p1a: Urshifu|3\n|move|p1a: Urshifu|Close Combat|p2b: Urshifu\n|-damage|p2b: Urshifu|0 fnt\n|-unboost|p1a: Urshifu|def|1\n|-unboost|p1a: Urshifu|spd|1\n|faint|p2b: Urshifu\n|\n|win|WithoutHands\n||WithoutHands is ready for game 3.\n||TheMochiMan is ready for game 3.\n|uhtml|next|Next: <a href=\"/battle-gen9vgc2025regibo3-2354959906\"><strong>Game 3 of 3</strong></a>\n|l|\u2606TheMochiMan\n|player|p2|\n", "uploadtime": 1746136194, "views": 7, "formatid": "gen9vgc2025regibo3", "rating": null, "private": 0, "password": null}