{"id": "gen9vgc2025regibo3-2353657672", "format": "[Gen 9] VGC 2025 Reg I (Bo3)", "players": ["kufh dsfv yrc6yff", "Igles"], "log": "|j|\u2606kufh dsfv yrc6yff\n|j|\u2606Igles\n|html|<table width=\"100%\"><tr><td align=\"left\">kufh dsfv yrc6yff</td><td align=\"right\">Igles</tr><tr><td align=\"left\"><i class=\"fa fa-circle\"></i> <i class=\"fa fa-circle-o\"></i> </td><td align=\"right\"><i class=\"fa fa-circle-o\"></i> <i class=\"fa fa-circle\"></i> </tr></table>\n|uhtml|bestof|<h2><strong>Game 3</strong> of <a href=\"/game-bestof3-gen9vgc2025regibo3-2353653596\">a best-of-3</a></h2>\n|t:|1745979925\n|gametype|doubles\n|player|p1|kufh dsfv yrc6yff|musician|1014\n|player|p2|Igles|unknownf|1108\n|teamsize|p1|6\n|teamsize|p2|6\n|gen|9\n|tier|[Gen 9] VGC 2025 Reg I (Bo3)\n|rated|\n|rule|Species Clause: Limit one of each Pok\u00e9mon\n|rule|Item Clause: Limit 1 of each item\n|clearpoke\n|poke|p1|Koraidon, L50|\n|poke|p1|Terapagos, L50, M|\n|poke|p1|Rillaboom, L50, M|\n|poke|p1|Heatran, L50, F|\n|poke|p1|Incineroar, L50, M|\n|poke|p1|Ogerpon-Cornerstone, L50, F|\n|poke|p2|Armarouge, L50, M|\n|poke|p2|Indeedee-F, L50, F|\n|poke|p2|Amoonguss, L50, F|\n|poke|p2|Farigiraf, L50, M|\n|poke|p2|Ursaluna-Bloodmoon, L50, M|\n|poke|p2|Conkeldurr, L50, M|\n|teampreview|4\n|showteam|p1|Koraidon||AbilityShield|OrichalcumPulse|CollisionCourse,DracoMeteor,Flamethrower,FlameCharge||||||50|,,,,,Fighting]Terapagos||Leftovers|TeraShift|Protect,TeraStarstorm,CalmMind,Substitute|||M|||50|,,,,,Stellar]Rillaboom||AssaultVest|GrassySurge|FakeOut,WoodHammer,GrassyGlide,Uturn|||M|||50|,,,,,Grass]Heatran||SitrusBerry|FlashFire|MagmaStorm,HeavySlam,TeraBlast,Protect|||F|||50|,,,,,Fairy]Incineroar||RockyHelmet|Intimidate|FakeOut,KnockOff,PartingShot,WillOWisp|||M|||50|,,,,,Ghost]Ogerpon-Cornerstone||CornerstoneMask|Sturdy|IvyCudgel,PowerWhip,FollowMe,SpikyShield|||F|||50|,,,,,Rock\n|showteam|p2|Armarouge||ChoiceSpecs|FlashFire|AuraSphere,ArmorCannon,ExpandingForce,HeatWave|||M|||50|,,,,,Normal]Indeedee-F||PsychicSeed|PsychicSurge|FollowMe,Protect,Psyshock,HelpingHand|||F|||50|,,,,,Steel]Amoonguss||RockyHelmet|Regenerator|PollenPuff,RagePowder,Protect,Spore|||F|||50|,,,,,Water]Farigiraf||ThroatSpray|ArmorTail|ExpandingForce,HyperVoice,TrickRoom,Protect|||M|||50|,,,,,Normal]Ursaluna-Bloodmoon||AssaultVest|MindsEye|Snarl,EarthPower,HyperVoice,BloodMoon|||M|||50|,,,,,Normal]Conkeldurr||FlameOrb|Guts|Facade,KnockOff,BrickBreak,WideGuard|||M|||50|,,,,,Fighting\n|inactive|Battle timer is ON: inactive players will automatically lose when time's up. (requested by Igles)\n|\n|t:|1745979946\n|start\n|switch|p1a: Terapagos|Terapagos, L50, M|100/100\n|switch|p1b: Ogerpon|Ogerpon-Cornerstone, L50, F|100/100\n|switch|p2a: Farigiraf|Farigiraf, L50, M|100/100\n|switch|p2b: Amoonguss|Amoonguss, L50, F|100/100\n|-activate|p1a: Terapagos|ability: Tera Shift\n|detailschange|p1a: Terapagos|Terapagos-Terastal, L50, M\n|-heal|p1a: Terapagos|100/100|[silent]\n|turn|1\n|inactive|Igles has 30 seconds left.\n|\n|t:|1745979973\n|move|p1b: Ogerpon|Ivy Cudgel|p2b: Amoonguss|[anim] Ivy Cudgel Rock\n|-damage|p2b: Amoonguss|45/100\n|move|p1a: Terapagos|Calm Mind|p1a: Terapagos\n|-boost|p1a: Terapagos|spa|1\n|-boost|p1a: Terapagos|spd|1\n|move|p2b: Amoonguss|Spore|p1a: Terapagos\n|-status|p1a: Terapagos|slp|[from] move: Spore\n|move|p2a: Farigiraf|Trick Room|p2a: Farigiraf\n|-fieldstart|move: Trick Room|[of] p2a: Farigiraf\n|\n|upkeep\n|turn|2\n|\n|t:|1745979995\n|switch|p2b: Nice Cat|Indeedee-F, L50, F|100/100\n|-fieldstart|move: Psychic Terrain|[from] ability: Psychic Surge|[of] p2b: Nice Cat\n|-enditem|p2b: Nice Cat|Psychic Seed\n|-boost|p2b: Nice Cat|spd|1|[from] item: Psychic Seed\n|-terastallize|p1a: Terapagos|Stellar\n|detailschange|p1a: Terapagos|Terapagos-Stellar, L50, M, tera:Stellar\n|-heal|p1a: Terapagos|100/100 slp|[silent]\n|-ability|p1a: Terapagos|Teraform Zero\n|-fieldend|move: Psychic Terrain\n|move|p2a: Farigiraf|Hyper Voice|p1b: Ogerpon|[spread] p1a,p1b\n|-resisted|p1b: Ogerpon\n|-damage|p1a: Terapagos|88/100 slp\n|-damage|p1b: Ogerpon|83/100\n|-enditem|p2a: Farigiraf|Throat Spray\n|-boost|p2a: Farigiraf|spa|1|[from] item: Throat Spray\n|cant|p1a: Terapagos|slp\n|move|p1b: Ogerpon|Ivy Cudgel|p2b: Nice Cat|[anim] Ivy Cudgel Rock\n|-crit|p2b: Nice Cat\n|-damage|p2b: Nice Cat|0 fnt\n|faint|p2b: Nice Cat\n|\n|-heal|p1a: Terapagos|94/100 slp|[from] item: Leftovers\n|upkeep\n|\n|t:|1745980005\n|switch|p2b: Conkeldurr|Conkeldurr, L50, M|100/100\n|turn|3\n|\n|t:|1745980030\n|-terastallize|p2b: Conkeldurr|Fighting\n|cant|p1a: Terapagos|slp\n|move|p2b: Conkeldurr|Wide Guard|p2b: Conkeldurr\n|-singleturn|p2b: Conkeldurr|Wide Guard\n|move|p2a: Farigiraf|Hyper Voice|p1a: Terapagos|[spread] p1a,p1b\n|-resisted|p1b: Ogerpon\n|-damage|p1a: Terapagos|75/100 slp\n|-damage|p1b: Ogerpon|57/100\n|move|p1b: Ogerpon|Ivy Cudgel|p2b: Conkeldurr|[anim] Ivy Cudgel Rock\n|-resisted|p2b: Conkeldurr\n|-damage|p2b: Conkeldurr|73/100\n|\n|-heal|p1a: Terapagos|81/100 slp|[from] item: Leftovers\n|-status|p2b: Conkeldurr|brn|[from] item: Flame Orb\n|upkeep\n|turn|4\n|\n|t:|1745980049\n|cant|p1a: Terapagos|slp\n|move|p2b: Conkeldurr|Brick Break|p1a: Terapagos\n|-supereffective|p1a: Terapagos\n|-damage|p1a: Terapagos|0 fnt\n|faint|p1a: Terapagos\n|move|p2a: Farigiraf|Hyper Voice|p1b: Ogerpon\n|-resisted|p1b: Ogerpon\n|-damage|p1b: Ogerpon|22/100\n|move|p1b: Ogerpon|Ivy Cudgel|p2b: Conkeldurr|[anim] Ivy Cudgel Rock\n|-resisted|p2b: Conkeldurr\n|-damage|p2b: Conkeldurr|47/100 brn\n|\n|-damage|p2b: Conkeldurr|41/100 brn|[from] brn\n|upkeep\n|\n|t:|1745980062\n|switch|p1a: Incineroar|Incineroar, L50, M|100/100\n|-ability|p1a: Incineroar|Intimidate|boost\n|-unboost|p2a: Farigiraf|atk|1\n|-unboost|p2b: Conkeldurr|atk|1\n|turn|5\n|\n|t:|1745980086\n|switch|p2b: Amoonguss|Amoonguss, L50, F|78/100\n|move|p2a: Farigiraf|Protect|p2a: Farigiraf\n|-singleturn|p2a: Farigiraf|Protect\n|move|p1a: Incineroar|Knock Off|p2b: Amoonguss\n|-damage|p2b: Amoonguss|46/100\n|-damage|p1a: Incineroar|84/100|[from] item: Rocky Helmet|[of] p2b: Amoonguss\n|-enditem|p2b: Amoonguss|Rocky Helmet|[from] move: Knock Off|[of] p1a: Incineroar\n|move|p1b: Ogerpon|Ivy Cudgel|p2a: Farigiraf|[anim] Ivy Cudgel Rock\n|-activate|p2a: Farigiraf|move: Protect\n|\n|-fieldend|move: Trick Room\n|upkeep\n|turn|6\n|\n|t:|1745980107\n|move|p2b: Amoonguss|Rage Powder|p2b: Amoonguss\n|-singleturn|p2b: Amoonguss|move: Rage Powder\n|move|p1b: Ogerpon|Ivy Cudgel|p2a: Farigiraf|[anim] Ivy Cudgel Rock\n|-damage|p2a: Farigiraf|40/100\n|move|p1a: Incineroar|Knock Off|p2b: Amoonguss\n|-damage|p2b: Amoonguss|22/100\n|move|p2a: Farigiraf|Trick Room|p2a: Farigiraf\n|-fieldstart|move: Trick Room|[of] p2a: Farigiraf\n|\n|upkeep\n|turn|7\n|\n|t:|1745980122\n|move|p2b: Amoonguss|Spore|p1a: Incineroar\n|-status|p1a: Incineroar|slp|[from] move: Spore\n|move|p2a: Farigiraf|Hyper Voice|p1b: Ogerpon|[spread] p1a,p1b\n|-crit|p1a: Incineroar\n|-resisted|p1b: Ogerpon\n|-damage|p1a: Incineroar|35/100 slp\n|-damage|p1b: Ogerpon|0 fnt\n|faint|p1b: Ogerpon\n|cant|p1a: Incineroar|slp\n|\n|upkeep\n|\n|t:|1745980131\n|switch|p1b: Koraidon|Koraidon, L50|100/100\n|-weather|SunnyDay|[from] ability: Orichalcum Pulse|[of] p1b: Koraidon\n|-activate|p1b: Koraidon|Orichalcum Pulse|[source]\n|turn|8\n|\n|t:|1745980154\n|move|p2b: Amoonguss|Spore|p1b: Koraidon\n|-status|p1b: Koraidon|slp|[from] move: Spore\n|move|p2a: Farigiraf|Hyper Voice|p1b: Koraidon|[spread] p1a,p1b\n|-damage|p1a: Incineroar|6/100 slp\n|-damage|p1b: Koraidon|52/100 slp\n|cant|p1a: Incineroar|slp\n|cant|p1b: Koraidon|slp\n|\n|-weather|SunnyDay|[upkeep]\n|upkeep\n|turn|9\n|\n|t:|1745980170\n|move|p2b: Amoonguss|Pollen Puff|p2a: Farigiraf\n|-heal|p2a: Farigiraf|89/100\n|move|p2a: Farigiraf|Hyper Voice|p1b: Koraidon|[spread] p1a,p1b\n|-damage|p1a: Incineroar|0 fnt\n|-damage|p1b: Koraidon|0 fnt\n|faint|p1a: Incineroar\n|faint|p1b: Koraidon\n|\n|win|Igles\n|raw|kufh dsfv yrc6yff's rating: 1014 &rarr; <strong>1005</strong><br />(-9 for losing)\n|raw|Igles's rating: 1108 &rarr; <strong>1126</strong><br />(+18 for winning)\n|l|\u2606kufh dsfv yrc6yff\n|player|p1|\n", "uploadtime": 1745980186, "views": 6, "formatid": "gen9vgc2025regibo3", "rating": 1005, "private": 0, "password": null}