{"id": "gen9vgc2025regibo3-2354965745", "format": "[Gen 9] VGC 2025 Reg I (Bo3)", "players": ["TheEvanTran", "swerve88"], "log": "|j|\u2606TheEvanTran\n|j|\u2606swerve88\n|html|<table width=\"100%\"><tr><td align=\"left\">TheEvanTran</td><td align=\"right\">swerve88</tr><tr><td align=\"left\"><i class=\"fa fa-circle-o\"></i> <i class=\"fa fa-circle-o\"></i> </td><td align=\"right\"><i class=\"fa fa-circle-o\"></i> <i class=\"fa fa-circle-o\"></i> </tr></table>\n|uhtml|bestof|<h2><strong>Game 1</strong> of <a href=\"/game-bestof3-gen9vgc2025regibo3-2354965744\">a best-of-3</a></h2>\n|t:|1746136576\n|gametype|doubles\n|player|p1|TheEvanTran|265|\n|player|p2|swerve88|266|\n|teamsize|p1|6\n|teamsize|p2|6\n|gen|9\n|tier|[Gen 9] VGC 2025 Reg I (Bo3)\n|rule|Species Clause: Limit one of each Pok\u00e9mon\n|rule|Item Clause: Limit 1 of each item\n|clearpoke\n|poke|p1|Indeedee-F, L50, F|\n|poke|p1|Armarouge, L50, M|\n|poke|p1|Drifblim, L50, M|\n|poke|p1|Hydreigon, L50, F|\n|poke|p1|Toxtricity, L50, F|\n|poke|p1|Kommo-o, L50, F|\n|poke|p2|Politoed, L50, F|\n|poke|p2|Basculegion, L50, M|\n|poke|p2|Archaludon, L50, M|\n|poke|p2|Smeargle, L50, M|\n|poke|p2|Salamence, L50, F|\n|poke|p2|Electrode-Hisui, L50|\n|teampreview|4\n|showteam|p1|Indeedee-F||MentalHerb|PsychicSurge|TrickRoom,HelpingHand,FollowMe,DazzlingGleam|||F|||50|,,,,,Fairy]Armarouge||LifeOrb|FlashFire|ExpandingForce,ArmorCannon,AuraSphere,Protect|||M|||50|,,,,,Grass]Drifblim||PsychicSeed|Unburden|WillOWisp,StrengthSap,Acrobatics,Tailwind|||M|||50|,,,,,Grass]Hydreigon||AssaultVest|Levitate|DracoMeteor,DarkPulse,EarthPower,Snarl|||F|||50|,,,,,Ghost]Toxtricity||ChoiceSpecs|PunkRock|Overdrive,SludgeBomb,Boomburst,VoltSwitch|||F|||50|,,,,,Normal]Kommo-o||Leftovers|Soundproof|IronDefense,BodyPress,Protect,FlashCannon|||F|||50|,,,,,Fairy\n|showteam|p2|Politoed||Leftovers|Drizzle|WeatherBall,MuddyWater,EarthPower,IcyWind|||F|||50|,,,,,Grass]Basculegion||MysticWater|SwiftSwim|LastRespects,WaveCrash,FlipTurn,AquaJet|||M|||50|,,,,,Water]Archaludon||AssaultVest|Stamina|BodyPress,ElectroShot,DragonPulse,FlashCannon|||M|||50|,,,,,Fairy]Smeargle||FocusSash|Moody|RainDance,Spore,FakeOut,FollowMe|||M|||50|,,,,,Ghost]Salamence||LifeOrb|Intimidate|DracoMeteor,Tailwind,Hurricane,Protect|||F|||50|,,,,,Steel]Electrode-Hisui||LoadedDice|Aftermath|RainDance,BulletSeed,Electroweb,Taunt||||||50|,,,,,Electric\n|j| sheldon20\n|\n|t:|1746136627\n|start\n|switch|p1a: Indeedee|Indeedee-F, L50, F|100/100\n|switch|p1b: Armarouge|Armarouge, L50, M|100/100\n|switch|p2a: Basculegion|Basculegion, L50, M|100/100\n|switch|p2b: Smeargle|Smeargle, L50, M, shiny|100/100\n|-fieldstart|move: Psychic Terrain|[from] ability: Psychic Surge|[of] p1a: Indeedee\n|turn|1\n|\n|t:|1746136678\n|-terastallize|p1b: Armarouge|Grass\n|move|p2a: Basculegion|Aqua Jet|p1b: Armarouge\n|-activate|p1b: Armarouge|move: Psychic Terrain\n|move|p2b: Smeargle|Spore|p1a: Indeedee\n|-status|p1a: Indeedee|slp|[from] move: Spore\n|move|p1b: Armarouge|Expanding Force|p2a: Basculegion|[spread] p2a,p2b\n|-damage|p2a: Basculegion|9/100\n|-enditem|p2b: Smeargle|Focus Sash\n|-damage|p2b: Smeargle|1/100\n|-damage|p1b: Armarouge|91/100|[from] item: Life Orb\n|cant|p1a: Indeedee|slp\n|\n|-ability|p2b: Smeargle|Moody|boost\n|-boost|p2b: Smeargle|spe|2\n|-unboost|p2b: Smeargle|spd|1\n|upkeep\n|turn|2\n|\n|t:|1746136718\n|-terastallize|p2a: Basculegion|Water\n|move|p2b: Smeargle|Rain Dance|p2b: Smeargle\n|-weather|RainDance\n|move|p2a: Basculegion|Wave Crash|p1b: Armarouge\n|-resisted|p1b: Armarouge\n|-damage|p1b: Armarouge|24/100\n|-damage|p2a: Basculegion|0 fnt|[from] Recoil\n|faint|p2a: Basculegion\n|-curestatus|p1a: Indeedee|slp|[msg]\n|move|p1a: Indeedee|Dazzling Gleam|p2b: Smeargle\n|-damage|p2b: Smeargle|0 fnt\n|faint|p2b: Smeargle\n|move|p1b: Armarouge|Expanding Force|p2: Basculegion|[notarget]\n|-fail|p1b: Armarouge\n|\n|-weather|RainDance|[upkeep]\n|upkeep\n|\n|t:|1746136731\n|switch|p2a: Politoed|Politoed, L50, F, shiny|100/100\n|switch|p2b: Archaludon|Archaludon, L50, M|100/100\n|turn|3\n|\n|t:|1746136789\n|move|p1a: Indeedee|Follow Me|p1a: Indeedee\n|-singleturn|p1a: Indeedee|move: Follow Me\n|move|p2b: Archaludon|Electro Shot||[still]\n|-prepare|p2b: Archaludon|Electro Shot\n|-boost|p2b: Archaludon|spa|1\n|-anim|p2b: Archaludon|Electro Shot|p1a: Indeedee\n|-damage|p1a: Indeedee|58/100\n|move|p2a: Politoed|Icy Wind|p1a: Indeedee|[spread] p1a,p1b\n|-supereffective|p1b: Armarouge\n|-damage|p1a: Indeedee|50/100\n|-damage|p1b: Armarouge|0 fnt\n|-unboost|p1a: Indeedee|spe|1\n|faint|p1b: Armarouge\n|\n|-weather|RainDance|[upkeep]\n|upkeep\n|\n|t:|1746136804\n|switch|p1b: Hydreigon|Hydreigon, L50, F|100/100\n|turn|4\n|\n|t:|1746136814\n|move|p1a: Indeedee|Helping Hand|p1b: Hydreigon\n|-singleturn|p1b: Hydreigon|Helping Hand|[of] p1a: Indeedee\n|move|p1b: Hydreigon|Earth Power|p2b: Archaludon\n|-supereffective|p2b: Archaludon\n|-damage|p2b: Archaludon|35/100\n|-ability|p2b: Archaludon|Stamina|boost\n|-boost|p2b: Archaludon|def|1\n|move|p2b: Archaludon|Dragon Pulse|p1b: Hydreigon\n|-supereffective|p1b: Hydreigon\n|-damage|p1b: Hydreigon|16/100\n|move|p2a: Politoed|Icy Wind|p1b: Hydreigon|[spread] p1a,p1b\n|-supereffective|p1b: Hydreigon\n|-damage|p1a: Indeedee|43/100\n|-damage|p1b: Hydreigon|1/100\n|-unboost|p1a: Indeedee|spe|1\n|-unboost|p1b: Hydreigon|spe|1\n|\n|-weather|RainDance|[upkeep]\n|upkeep\n|turn|5\n|\n|t:|1746136842\n|move|p1a: Indeedee|Follow Me|p1a: Indeedee\n|-singleturn|p1a: Indeedee|move: Follow Me\n|move|p2b: Archaludon|Electro Shot||[still]\n|-prepare|p2b: Archaludon|Electro Shot\n|-boost|p2b: Archaludon|spa|1\n|-anim|p2b: Archaludon|Electro Shot|p1a: Indeedee\n|-damage|p1a: Indeedee|0 fnt\n|faint|p1a: Indeedee\n|move|p2a: Politoed|Icy Wind|p1b: Hydreigon\n|-supereffective|p1b: Hydreigon\n|-damage|p1b: Hydreigon|0 fnt\n|faint|p1b: Hydreigon\n|\n|-weather|RainDance|[upkeep]\n|-fieldend|move: Psychic Terrain\n|upkeep\n|\n|t:|1746136855\n|switch|p1b: Kommo-o|Kommo-o, L50, F|100/100\n|turn|6\n|\n|t:|1746136882\n|move|p2b: Archaludon|Dragon Pulse|p1b: Kommo-o\n|-supereffective|p1b: Kommo-o\n|-damage|p1b: Kommo-o|0 fnt\n|faint|p1b: Kommo-o\n|\n|win|swerve88\n||TheEvanTran is ready for game 2.\n||swerve88 is ready for game 2.\n|uhtml|next|Next: <a href=\"/battle-gen9vgc2025regibo3-2354968531\"><strong>Game 2 of 3</strong></a>\n", "uploadtime": 1746137249, "views": 5, "formatid": "gen9vgc2025regibo3", "rating": null, "private": 0, "password": null}