{"id": "gen9vgc2025regibo3-2354217026", "format": "[Gen 9] VGC 2025 Reg I (Bo3)", "players": ["the rial rondo", "plaidhaxx"], "log": "|j|\u2606the rial rondo\n|j|\u2606plaidhaxx\n|html|<table width=\"100%\"><tr><td align=\"left\">the rial rondo</td><td align=\"right\">plaidhaxx</tr><tr><td align=\"left\"><i class=\"fa fa-circle\"></i> <i class=\"fa fa-circle-o\"></i> </td><td align=\"right\"><i class=\"fa fa-circle-o\"></i> <i class=\"fa fa-circle\"></i> </tr></table>\n|uhtml|bestof|<h2><strong>Game 3</strong> of <a href=\"/game-bestof3-gen9vgc2025regibo3-2354212971\">a best-of-3</a></h2>\n|t:|1746045657\n|gametype|doubles\n|player|p1|the rial rondo|policeman-gen4|\n|player|p2|plaidhaxx|volkner|\n|teamsize|p1|6\n|teamsize|p2|6\n|gen|9\n|tier|[Gen 9] VGC 2025 Reg I (Bo3)\n|rule|Species Clause: Limit one of each Pok\u00e9mon\n|rule|Item Clause: Limit 1 of each item\n|clearpoke\n|poke|p1|Calyrex-Shadow, L50|\n|poke|p1|Koraidon, L50|\n|poke|p1|Raging Bolt, L50|\n|poke|p1|Chi-Yu, L50|\n|poke|p1|Brute Bonnet, L50|\n|poke|p1|Whimsicott, L50, M|\n|poke|p2|Miraidon, L50|\n|poke|p2|Lunala, L50|\n|poke|p2|Whimsicott, L50, F|\n|poke|p2|Chi-Yu, L50|\n|poke|p2|Urshifu-*, L50, M|\n|poke|p2|Iron Hands, L50|\n|teampreview|4\n|showteam|p1|Calyrex-Shadow||LifeOrb|AsOneSpectrier|AstralBarrage,Psychic,Disable,Protect||||||50|,,,,,Dark]Koraidon||ClearAmulet|OrichalcumPulse|CollisionCourse,FlareBlitz,FlameCharge,Protect||||||50|,,,,,Fire]Raging Bolt||AssaultVest|Protosynthesis|Electroweb,Thunderclap,VoltSwitch,DracoMeteor||||||50|,,,,,Electric]Chi-Yu||ChoiceScarf|BeadsofRuin|Snarl,Overheat,HeatWave,DarkPulse||||||50|,,,,,Ghost]Brute Bonnet||RockyHelmet|Protosynthesis|SeedBomb,SuckerPunch,Spore,RagePowder||||||50|,,,,,Water]Whimsicott||CovertCloak|Prankster|LightScreen,Tailwind,Moonblast,Encore|||M|||50|,,,,,Dark\n|showteam|p2|Miraidon||ChoiceSpecs|HadronEngine|ElectroDrift,VoltSwitch,DracoMeteor,DazzlingGleam||||||50|,,,,,Fairy]Lunala||ElectricSeed|ShadowShield|MoongeistBeam,Psyshock,TrickRoom,WideGuard||||||50|,,,,,Water]Whimsicott||CovertCloak|Prankster|Moonblast,Tailwind,Encore,LightScreen|||F|||50|,,,,,Dark]Chi-Yu||ChoiceScarf|BeadsofRuin|HeatWave,DarkPulse,Overheat,Snarl||||||50|,,,,,Ghost]Urshifu-Rapid-Strike||FocusSash|UnseenFist|SurgingStrikes,CloseCombat,AquaJet,Detect|||M|||50|,,,,,Stellar]Iron Hands||AssaultVest|QuarkDrive|DrainPunch,LowKick,HeavySlam,FakeOut||||||50|,,,,,Water\n|inactive|Battle timer is ON: inactive players will automatically lose when time's up. (requested by plaidhaxx)\n|\n|t:|1746045670\n|start\n|switch|p1a: Koraidon|Koraidon, L50|100/100\n|switch|p1b: Chi-Yu|Chi-Yu, L50|100/100\n|switch|p2a: Miraidon|Miraidon, L50|100/100\n|switch|p2b: Whimsicott|Whimsicott, L50, F|100/100\n|-ability|p1b: Chi-Yu|Beads of Ruin\n|-weather|SunnyDay|[from] ability: Orichalcum Pulse|[of] p1a: Koraidon\n|-activate|p1a: Koraidon|Orichalcum Pulse|[source]\n|-fieldstart|move: Electric Terrain|[from] ability: Hadron Engine|[of] p2a: Miraidon\n|turn|1\n|\n|t:|1746045682\n|switch|p1b: Whimsicott|Whimsicott, L50, M|100/100\n|move|p1a: Koraidon|Protect|p1a: Koraidon\n|-singleturn|p1a: Koraidon|Protect\n|move|p2b: Whimsicott|Tailwind|p2b: Whimsicott\n|-sidestart|p2: plaidhaxx|move: Tailwind\n|move|p2a: Miraidon|Draco Meteor|p1a: Koraidon\n|-activate|p1a: Koraidon|move: Protect\n|\n|-weather|SunnyDay|[upkeep]\n|upkeep\n|turn|2\n|inactive|the rial rondo has 30 seconds left.\n|\n|t:|1746045709\n|switch|p1a: Chi-Yu|Chi-Yu, L50|100/100\n|-ability|p1a: Chi-Yu|Beads of Ruin\n|move|p2b: Whimsicott|Light Screen|p2b: Whimsicott\n|-sidestart|p2: plaidhaxx|move: Light Screen\n|move|p1b: Whimsicott|Tailwind|p1b: Whimsicott\n|-sidestart|p1: the rial rondo|move: Tailwind\n|move|p2a: Miraidon|Draco Meteor|p1a: Chi-Yu\n|-damage|p1a: Chi-Yu|0 fnt\n|-unboost|p2a: Miraidon|spa|2\n|faint|p1a: Chi-Yu\n|\n|-weather|SunnyDay|[upkeep]\n|upkeep\n|\n|t:|1746045721\n|switch|p1a: Calyrex|Calyrex-Shadow, L50|100/100\n|-ability|p1a: Calyrex|As One\n|-ability|p1a: Calyrex|Unnerve\n|turn|3\n|\n|t:|1746045742\n|switch|p2b: Lunala|Lunala, L50|100/100\n|-enditem|p2b: Lunala|Electric Seed\n|-boost|p2b: Lunala|def|1|[from] item: Electric Seed\n|switch|p2a: Chi-Yu|Chi-Yu, L50|100/100\n|-ability|p2a: Chi-Yu|Beads of Ruin\n|-terastallize|p1b: Whimsicott|Dark\n|move|p1b: Whimsicott|Light Screen|p1b: Whimsicott\n|-sidestart|p1: the rial rondo|move: Light Screen\n|move|p1a: Calyrex|Astral Barrage|p2a: Chi-Yu|[spread] p2a,p2b\n|-resisted|p2a: Chi-Yu\n|-supereffective|p2b: Lunala\n|-damage|p2a: Chi-Yu|73/100\n|-damage|p2b: Lunala|18/100\n|-damage|p1a: Calyrex|91/100|[from] item: Life Orb\n|\n|-weather|SunnyDay|[upkeep]\n|upkeep\n|turn|4\n|inactive|the rial rondo has 30 seconds left.\n|inactive|plaidhaxx has 30 seconds left.\n|\n|t:|1746045776\n|switch|p2b: Whimsicott|Whimsicott, L50, F|100/100\n|move|p1a: Calyrex|Protect|p1a: Calyrex\n|-singleturn|p1a: Calyrex|Protect\n|move|p2a: Chi-Yu|Snarl|p1a: Calyrex|[spread] p1b\n|-activate|p1a: Calyrex|move: Protect\n|-resisted|p1b: Whimsicott\n|-damage|p1b: Whimsicott|88/100\n|move|p1b: Whimsicott|Moonblast|p2b: Whimsicott\n|-damage|p2b: Whimsicott|74/100\n|\n|-weather|SunnyDay|[upkeep]\n|-sideend|p2: plaidhaxx|move: Tailwind\n|upkeep\n|turn|5\n|inactive|the rial rondo has 30 seconds left.\n|inactive|the rial rondo has 20 seconds left.\n|\n|t:|1746045815\n|switch|p1a: Koraidon|Koraidon, L50|100/100\n|-activate|p1a: Koraidon|ability: Orichalcum Pulse\n|switch|p2a: Miraidon|Miraidon, L50|100/100\n|-activate|p2a: Miraidon|ability: Hadron Engine\n|move|p2b: Whimsicott|Tailwind|p2b: Whimsicott\n|-sidestart|p2: plaidhaxx|move: Tailwind\n|move|p1b: Whimsicott|Moonblast|p2a: Miraidon\n|-supereffective|p2a: Miraidon\n|-damage|p2a: Miraidon|75/100\n|\n|-weather|none\n|-sideend|p1: the rial rondo|move: Tailwind\n|-fieldend|move: Electric Terrain\n|upkeep\n|turn|6\n|inactive|the rial rondo has 30 seconds left.\n|inactive|plaidhaxx has 30 seconds left.\n|inactive|plaidhaxx has 20 seconds left.\n|inactive|plaidhaxx has 15 seconds left.\n|inactive|plaidhaxx has 10 seconds left.\n|\n|t:|1746045865\n|-terastallize|p2b: Whimsicott|Dark\n|move|p1b: Whimsicott|Tailwind|p1b: Whimsicott\n|-sidestart|p1: the rial rondo|move: Tailwind\n|move|p1a: Koraidon|Flare Blitz|p2b: Whimsicott\n|-damage|p2b: Whimsicott|30/100\n|-damage|p1a: Koraidon|88/100|[from] Recoil\n|move|p2b: Whimsicott|Moonblast|p1a: Koraidon\n|-supereffective|p1a: Koraidon\n|-damage|p1a: Koraidon|20/100\n|move|p2a: Miraidon|Volt Switch|p1b: Whimsicott\n|-damage|p1b: Whimsicott|43/100\n|\n|t:|1746045885\n|switch|p2a: Chi-Yu|Chi-Yu, L50|73/100|[from] Volt Switch\n|-ability|p2a: Chi-Yu|Beads of Ruin\n|\n|-sideend|p2: plaidhaxx|move: Light Screen\n|upkeep\n|turn|7\n|\n|t:|1746045904\n|move|p1a: Koraidon|Protect|p1a: Koraidon\n|-singleturn|p1a: Koraidon|Protect\n|move|p2a: Chi-Yu|Snarl|p1a: Koraidon|[spread] p1b\n|-activate|p1a: Koraidon|move: Protect\n|-resisted|p1b: Whimsicott\n|-damage|p1b: Whimsicott|30/100\n|move|p1b: Whimsicott|Moonblast|p2b: Whimsicott\n|-supereffective|p2b: Whimsicott\n|-damage|p2b: Whimsicott|0 fnt\n|faint|p2b: Whimsicott\n|\n|-sideend|p1: the rial rondo|move: Light Screen\n|upkeep\n|\n|t:|1746045917\n|switch|p2b: Lunala|Lunala, L50|18/100\n|turn|8\n|\n|t:|1746045927\n|move|p2a: Chi-Yu|Snarl|p1b: Whimsicott|[spread] p1a,p1b\n|-resisted|p1a: Koraidon\n|-resisted|p1b: Whimsicott\n|-damage|p1a: Koraidon|6/100\n|-damage|p1b: Whimsicott|12/100\n|move|p1a: Koraidon|Collision Course|p2a: Chi-Yu\n|-supereffective|p2a: Chi-Yu\n|-damage|p2a: Chi-Yu|0 fnt\n|faint|p2a: Chi-Yu\n|move|p1b: Whimsicott|Moonblast|p2b: Lunala\n|-damage|p2b: Lunala|0 fnt\n|faint|p2b: Lunala\n|\n|-sideend|p2: plaidhaxx|move: Tailwind\n|upkeep\n|\n|t:|1746045936\n|switch|p2b: Miraidon|Miraidon, L50|75/100\n|-fieldstart|move: Electric Terrain|[from] ability: Hadron Engine|[of] p2b: Miraidon\n|turn|9\n|\n|t:|1746045943\n|move|p1a: Koraidon|Collision Course|p2b: Miraidon\n|-damage|p2b: Miraidon|36/100\n|move|p1b: Whimsicott|Moonblast|p2b: Miraidon\n|-supereffective|p2b: Miraidon\n|-damage|p2b: Miraidon|0 fnt\n|faint|p2b: Miraidon\n|\n|win|the rial rondo\n|c|\u2606the rial rondo|ggs!\n", "uploadtime": 1746045944, "views": 11, "formatid": "gen9vgc2025regibo3", "rating": null, "private": 0, "password": null}