{"id": "gen9vgc2025regibo3-2355102423", "format": "[Gen 9] VGC 2025 Reg I (Bo3)", "players": ["a_wood_is_good", "Its last min"], "log": "|j|\u2606a_wood_is_good\n|j|\u2606Its last min\n|html|<table width=\"100%\"><tr><td align=\"left\">a_wood_is_good</td><td align=\"right\">Its last min</tr><tr><td align=\"left\"><i class=\"fa fa-circle-o\"></i> <i class=\"fa fa-circle-o\"></i> </td><td align=\"right\"><i class=\"fa fa-circle-o\"></i> <i class=\"fa fa-circle-o\"></i> </tr></table>\n|uhtml|bestof|<h2><strong>Game 1</strong> of <a href=\"/game-bestof3-gen9vgc2025regibo3-2355102421\">a best-of-3</a></h2>\n|t:|1746152757\n|gametype|doubles\n|player|p1|a_wood_is_good|acetrainer-gen4dp|1081\n|player|p2|Its last min|2|1288\n|teamsize|p1|6\n|teamsize|p2|6\n|gen|9\n|tier|[Gen 9] VGC 2025 Reg I (Bo3)\n|rated|\n|rule|Species Clause: Limit one of each Pok\u00e9mon\n|rule|Item Clause: Limit 1 of each item\n|clearpoke\n|poke|p1|Calyrex-Shadow, L50|\n|poke|p1|Zacian-*, L50|\n|poke|p1|Incineroar, L50, M|\n|poke|p1|Urshifu-*, L50, M|\n|poke|p1|Tornadus, L50, M|\n|poke|p1|Ogerpon, L50, F|\n|poke|p2|Rillaboom, L50, F|\n|poke|p2|Amoonguss, L50, M|\n|poke|p2|Calyrex-Shadow, L50|\n|poke|p2|Terapagos, L50, M|\n|poke|p2|Incineroar, L50, F|\n|poke|p2|Ogerpon-Cornerstone, L50, F|\n|teampreview|4\n|showteam|p1|Calyrex-Shadow||LifeOrb|AsOneSpectrier|Protect,NastyPlot,AstralBarrage,Psychic||||||50|,,,,,Normal]Zacian-Crowned||RustedSword|IntrepidSword|Protect,Howl,PlayRough,behemothblade||||||50|,,,,,Fairy]Incineroar||SafetyGoggles|Intimidate|FakeOut,PartingShot,KnockOff,Taunt|||M|||50|,,,,,Ghost]Urshifu-Rapid-Strike||ChoiceScarf|UnseenFist|SurgingStrikes,CloseCombat,AquaJet,Coaching|||M|||50|,,,,,Water]Tornadus||CovertCloak|Prankster|Protect,RainDance,Tailwind,BleakwindStorm|||M|||50|,,,,,Dark]Ogerpon||FocusSash|Defiant|SpikyShield,FollowMe,IvyCudgel,KnockOff|||F|||50|,,,,,Grass\n|showteam|p2|Rillaboom||AssaultVest|GrassySurge|FakeOut,WoodHammer,Uturn,GrassyGlide|||F|||50|,,,,,Fire]Amoonguss||RockyHelmet|Regenerator|Protect,Spore,RagePowder,SludgeBomb|||M|||50|,,,,,Water]Calyrex-Shadow||FocusSash|AsOneSpectrier|Protect,Disable,AstralBarrage,WillOWisp||||||50|,,,,,Ghost]Terapagos||Leftovers|TeraShift|Protect,CalmMind,TeraStarstorm,EarthPower|||M|||50|,,,,,Stellar]Incineroar||SafetyGoggles|Intimidate|FakeOut,KnockOff,PartingShot,FlareBlitz|||F|||50|,,,,,Water]Ogerpon-Cornerstone||CornerstoneMask|Sturdy|KnockOff,IvyCudgel,FollowMe,SpikyShield|||F|||50|,,,,,Rock\n|\n|t:|1746152844\n|start\n|switch|p1a: Incineroar|Incineroar, L50, M|100/100\n|switch|p1b: Ogerpon|Ogerpon, L50, F|100/100\n|switch|p2a: Calyrex|Calyrex-Shadow, L50|100/100\n|switch|p2b: Rillaboom|Rillaboom, L50, F|100/100\n|-ability|p2a: Calyrex|As One\n|-ability|p2a: Calyrex|Unnerve\n|-fieldstart|move: Grassy Terrain|[from] ability: Grassy Surge|[of] p2b: Rillaboom\n|-ability|p1a: Incineroar|Intimidate|boost\n|-unboost|p2a: Calyrex|atk|1\n|-unboost|p2b: Rillaboom|atk|1\n|turn|1\n|inactive|Battle timer is ON: inactive players will automatically lose when time's up. (requested by Its last min)\n|\n|t:|1746152903\n|-terastallize|p2a: Calyrex|Ghost\n|move|p1b: Ogerpon|Spiky Shield|p1b: Ogerpon\n|-singleturn|p1b: Ogerpon|move: Protect\n|move|p2b: Rillaboom|Fake Out|p1a: Incineroar\n|-damage|p1a: Incineroar|92/100\n|move|p2a: Calyrex|Astral Barrage|p1a: Incineroar|[spread] p1a\n|-activate|p1b: Ogerpon|move: Protect\n|-resisted|p1a: Incineroar\n|-crit|p1a: Incineroar\n|-damage|p1a: Incineroar|41/100\n|cant|p1a: Incineroar|flinch\n|\n|-heal|p1a: Incineroar|47/100|[from] Grassy Terrain\n|upkeep\n|turn|2\n|inactive|a_wood_is_good has 30 seconds left.\n|inactive|a_wood_is_good has 20 seconds left.\n|inactive|a_wood_is_good has 15 seconds left.\n|\n|t:|1746152947\n|-terastallize|p1b: Ogerpon|Grass\n|detailschange|p1b: Ogerpon|Ogerpon-Teal-Tera, L50, F, tera:Grass\n|-ability|p1b: Ogerpon|Embody Aspect (Teal)|boost\n|-boost|p1b: Ogerpon|spe|1\n|move|p2b: Rillaboom|Grassy Glide|p1b: Ogerpon\n|-resisted|p1b: Ogerpon\n|-damage|p1b: Ogerpon|86/100\n|move|p1b: Ogerpon|Knock Off|p2a: Calyrex\n|-supereffective|p2a: Calyrex\n|-damage|p2a: Calyrex|26/100\n|-enditem|p2a: Calyrex|Focus Sash|[from] move: Knock Off|[of] p1b: Ogerpon\n|move|p2a: Calyrex|Astral Barrage|p1b: Ogerpon|[spread] p1a,p1b\n|-resisted|p1a: Incineroar\n|-damage|p1a: Incineroar|14/100\n|-damage|p1b: Ogerpon|0 fnt\n|faint|p1b: Ogerpon\n|-ability|p2a: Calyrex|Grim Neigh|boost\n|-boost|p2a: Calyrex|spa|1\n|move|p1a: Incineroar|Parting Shot|p2b: Rillaboom\n|-unboost|p2b: Rillaboom|atk|1\n|-unboost|p2b: Rillaboom|spa|1\n|\n|t:|1746152972\n|switch|p1a: Calyrex|Calyrex-Shadow, L50|100/100|[from] Parting Shot\n|-ability|p1a: Calyrex|As One\n|-ability|p1a: Calyrex|Unnerve\n|\n|-heal|p2a: Calyrex|32/100|[from] Grassy Terrain\n|upkeep\n|\n|t:|1746152986\n|switch|p1b: Incineroar|Incineroar, L50, M|14/100\n|-ability|p1b: Incineroar|Intimidate|boost\n|-unboost|p2a: Calyrex|atk|1\n|-unboost|p2b: Rillaboom|atk|1\n|turn|3\n|inactive|a_wood_is_good has 30 seconds left.\n|\n|t:|1746153012\n|switch|p2b: Incineroar|Incineroar, L50, F|100/100\n|-ability|p2b: Incineroar|Intimidate|boost\n|-unboost|p1a: Calyrex|atk|1\n|-unboost|p1b: Incineroar|atk|1\n|move|p1a: Calyrex|Astral Barrage|p2b: Incineroar|[spread] p2a,p2b\n|-supereffective|p2a: Calyrex\n|-resisted|p2b: Incineroar\n|-damage|p2a: Calyrex|0 fnt\n|-damage|p2b: Incineroar|72/100\n|faint|p2a: Calyrex\n|-ability|p1a: Calyrex|Grim Neigh|boost\n|-boost|p1a: Calyrex|spa|1\n|-damage|p1a: Calyrex|91/100|[from] item: Life Orb\n|move|p1b: Incineroar|Parting Shot|p2b: Incineroar\n|-unboost|p2b: Incineroar|atk|1\n|-unboost|p2b: Incineroar|spa|1\n|\n|t:|1746153026\n|switch|p1b: Zacian|Zacian-Crowned, L50|100/100|[from] Parting Shot\n|-ability|p1b: Zacian|Intrepid Sword|boost\n|-boost|p1b: Zacian|atk|1\n|\n|-heal|p1a: Calyrex|97/100|[from] Grassy Terrain\n|-heal|p2b: Incineroar|78/100|[from] Grassy Terrain\n|upkeep\n|inactive|Its last min has 30 seconds left.\n|\n|t:|1746153054\n|switch|p2a: Rillaboom|Rillaboom, L50, F|100/100\n|turn|4\n|inactive|a_wood_is_good has 30 seconds left.\n|inactive|a_wood_is_good has 20 seconds left.\n|inactive|a_wood_is_good has 15 seconds left.\n|\n|t:|1746153097\n|switch|p1a: Incineroar|Incineroar, L50, M|14/100\n|-ability|p1a: Incineroar|Intimidate|boost\n|-unboost|p2a: Rillaboom|atk|1\n|-unboost|p2b: Incineroar|atk|1\n|move|p1b: Zacian|Howl|p1b: Zacian|[spread] p1a,p1b\n|-boost|p1a: Incineroar|atk|1\n|-boost|p1b: Zacian|atk|1\n|move|p2a: Rillaboom|U-turn|p2b: Incineroar\n|-damage|p2b: Incineroar|66/100\n|\n|t:|1746153103\n|switch|p2a: Terapagos|Terapagos, L50, M|100/100|[from] U-turn\n|-activate|p2a: Terapagos|ability: Tera Shift\n|detailschange|p2a: Terapagos|Terapagos-Terastal, L50, M\n|-heal|p2a: Terapagos|100/100|[silent]\n|move|p2b: Incineroar|Parting Shot|p2a: Terapagos\n|-unboost|p2a: Terapagos|atk|1\n|-unboost|p2a: Terapagos|spa|1\n|\n|t:|1746153105\n|switch|p2b: Rillaboom|Rillaboom, L50, F|100/100|[from] Parting Shot\n|\n|-heal|p1a: Incineroar|20/100|[from] Grassy Terrain\n|upkeep\n|turn|5\n|inactive|a_wood_is_good has 30 seconds left.\n|inactive|a_wood_is_good has 20 seconds left.\n|inactive|a_wood_is_good has 15 seconds left.\n|inactive|a_wood_is_good has 10 seconds left.\n|inactive|a_wood_is_good has 5 seconds left.\n|\n|t:|1746153158\n|switch|p2a: Incineroar|Incineroar, L50, F|66/100\n|-ability|p2a: Incineroar|Intimidate|boost\n|-unboost|p1a: Incineroar|atk|1\n|-unboost|p1b: Zacian|atk|1\n|move|p1a: Incineroar|Fake Out|p2a: Incineroar\n|-damage|p2a: Incineroar|55/100\n|move|p1b: Zacian|Howl|p1b: Zacian|[spread] p1a,p1b\n|-boost|p1a: Incineroar|atk|1\n|-boost|p1b: Zacian|atk|1\n|move|p2b: Rillaboom|Wood Hammer|p1a: Incineroar\n|-resisted|p1a: Incineroar\n|-damage|p1a: Incineroar|0 fnt\n|faint|p1a: Incineroar\n|-damage|p2b: Rillaboom|94/100|[from] Recoil\n|\n|-heal|p2b: Rillaboom|99/100|[from] Grassy Terrain\n|-heal|p2a: Incineroar|61/100|[from] Grassy Terrain\n|-fieldend|move: Grassy Terrain\n|upkeep\n|\n|t:|1746153169\n|switch|p1a: Calyrex|Calyrex-Shadow, L50|97/100\n|-ability|p1a: Calyrex|As One\n|-ability|p1a: Calyrex|Unnerve\n|turn|6\n|inactive|a_wood_is_good has 30 seconds left.\n|\n|t:|1746153199\n|switch|p2a: Terapagos|Terapagos-Terastal, L50, M|100/100\n|move|p1a: Calyrex|Nasty Plot|p1a: Calyrex\n|-boost|p1a: Calyrex|spa|2\n|move|p1b: Zacian|Play Rough|p2a: Terapagos\n|-activate|p2a: Terapagos|ability: Tera Shell\n|-resisted|p2a: Terapagos\n|-crit|p2a: Terapagos\n|-damage|p2a: Terapagos|46/100\n|move|p2b: Rillaboom|Wood Hammer|p1a: Calyrex\n|-damage|p1a: Calyrex|25/100\n|-damage|p2b: Rillaboom|79/100|[from] Recoil\n|\n|-heal|p2a: Terapagos|52/100|[from] item: Leftovers\n|upkeep\n|turn|7\n|inactive|a_wood_is_good has 30 seconds left.\n|inactive|a_wood_is_good has 20 seconds left.\n|inactive|a_wood_is_good has 15 seconds left.\n|\n|t:|1746153244\n|switch|p2b: Incineroar|Incineroar, L50, F|61/100\n|-ability|p2b: Incineroar|Intimidate|boost\n|-unboost|p1a: Calyrex|atk|1\n|-unboost|p1b: Zacian|atk|1\n|move|p2a: Terapagos|Protect|p2a: Terapagos\n|-singleturn|p2a: Terapagos|Protect\n|move|p1a: Calyrex|Astral Barrage|p2a: Terapagos|[spread] p2b\n|-activate|p2a: Terapagos|move: Protect\n|-resisted|p2b: Incineroar\n|-damage|p2b: Incineroar|6/100\n|-damage|p1a: Calyrex|16/100|[from] item: Life Orb\n|move|p1b: Zacian|Behemoth Blade|p2a: Terapagos\n|-activate|p2a: Terapagos|move: Protect\n|\n|-heal|p2a: Terapagos|58/100|[from] item: Leftovers\n|upkeep\n|turn|8\n|inactive|a_wood_is_good has 30 seconds left.\n|inactive|Its last min has 30 seconds left.\n|inactive|a_wood_is_good has 20 seconds left.\n|inactive|a_wood_is_good has 15 seconds left.\n|inactive|a_wood_is_good has 10 seconds left.\n|inactive|a_wood_is_good has 5 seconds left.\n|\n|t:|1746153294\n|switch|p2a: Rillaboom|Rillaboom, L50, F|79/100\n|-fieldstart|move: Grassy Terrain|[from] ability: Grassy Surge|[of] p2a: Rillaboom\n|move|p2b: Incineroar|Fake Out|p1b: Zacian\n|-resisted|p1b: Zacian\n|-crit|p1b: Zacian\n|-damage|p1b: Zacian|94/100\n|move|p1a: Calyrex|Astral Barrage|p2a: Rillaboom|[spread] p2a,p2b\n|-resisted|p2b: Incineroar\n|-damage|p2a: Rillaboom|0 fnt\n|-damage|p2b: Incineroar|0 fnt\n|faint|p2a: Rillaboom\n|faint|p2b: Incineroar\n|-ability|p1a: Calyrex|Grim Neigh|boost\n|-boost|p1a: Calyrex|spa|2\n|-damage|p1a: Calyrex|6/100|[from] item: Life Orb\n|cant|p1b: Zacian|flinch\n|\n|-heal|p1a: Calyrex|12/100|[from] Grassy Terrain\n|-heal|p1b: Zacian|99/100|[from] Grassy Terrain\n|upkeep\n|-message|Its last min forfeited.\n|\n|win|a_wood_is_good\n||Its last min is ready for game 2.\n||a_wood_is_good is ready for game 2.\n|uhtml|next|Next: <a href=\"/battle-gen9vgc2025regibo3-2355106811\"><strong>Game 2 of 3</strong></a>\n", "uploadtime": 1746154231, "views": 8, "formatid": "gen9vgc2025regibo3", "rating": null, "private": 0, "password": null}