{"id": "gen9vgc2025regibo3-2354398095", "format": "[Gen 9] VGC 2025 Reg I (Bo3)", "players": ["McDubbieEnthusiast", "blackstorm games"], "log": "|j|\u2606McDubbieEnthusiast\n|j|\u2606blackstorm games\n|html|<table width=\"100%\"><tr><td align=\"left\">McDubbieEnthusiast</td><td align=\"right\">blackstorm games</tr><tr><td align=\"left\"><i class=\"fa fa-circle\"></i> <i class=\"fa fa-circle-o\"></i> </td><td align=\"right\"><i class=\"fa fa-circle-o\"></i> <i class=\"fa fa-circle-o\"></i> </tr></table>\n|uhtml|bestof|<h2><strong>Game 2</strong> of <a href=\"/game-bestof3-gen9vgc2025regibo3-2354394967\">a best-of-3</a></h2>\n|t:|1746066445\n|gametype|doubles\n|player|p1|McDubbieEnthusiast|kimonogirl|1187\n|player|p2|blackstorm games|1|1224\n|teamsize|p1|6\n|teamsize|p2|6\n|gen|9\n|tier|[Gen 9] VGC 2025 Reg I (Bo3)\n|rated|\n|rule|Species Clause: Limit one of each Pok\u00e9mon\n|rule|Item Clause: Limit 1 of each item\n|clearpoke\n|poke|p1|Calyrex-Shadow, L50|\n|poke|p1|Terapagos, L50, M|\n|poke|p1|Incineroar, L50, F|\n|poke|p1|Rillaboom, L50, M|\n|poke|p1|Ogerpon-Cornerstone, L50, F|\n|poke|p1|Flutter Mane, L50|\n|poke|p2|Miraidon, L50|\n|poke|p2|Farigiraf, L50, M|\n|poke|p2|Ogerpon-Hearthflame, L50, F|\n|poke|p2|Iron Hands, L50|\n|poke|p2|Landorus, L50, M|\n|poke|p2|Calyrex-Ice, L50|\n|teampreview|4\n|showteam|p1|Calyrex-Shadow||LifeOrb|AsOneSpectrier|AstralBarrage,Psychic,NastyPlot,Protect||||||50|,,,,,Normal]Terapagos||Leftovers|TeraShift|TeraStarstorm,EarthPower,CalmMind,Protect|||M|||50|,,,,,Stellar]Incineroar||RockyHelmet|Intimidate|FakeOut,FlareBlitz,WillOWisp,PartingShot|||F|||50|,,,,,Bug]Rillaboom||AssaultVest|GrassySurge|FakeOut,GrassyGlide,WoodHammer,Uturn|||M|||50|,,,,,Grass]Ogerpon-Cornerstone||CornerstoneMask|Sturdy|IvyCudgel,KnockOff,FollowMe,SpikyShield|||F|||50|,,,,,Rock]Flutter Mane||BoosterEnergy|Protosynthesis|Moonblast,IcyWind,ThunderWave,Taunt||||||50|,,,,,Stellar\n|showteam|p2|Miraidon||ChoiceSpecs|HadronEngine|ElectroDrift,DazzlingGleam,DracoMeteor,VoltSwitch||||||50|,,,,,Fairy]Farigiraf||ElectricSeed|ArmorTail|PsychicNoise,FoulPlay,TrickRoom,HelpingHand|||M|||50|,,,,,Water]Ogerpon-Hearthflame||HearthflameMask|MoldBreaker|IvyCudgel,HornLeech,FollowMe,SpikyShield|||F|||50|,,,,,Fire]Iron Hands||AssaultVest|QuarkDrive|DrainPunch,WildCharge,LowKick,FakeOut||||||50|,,,,,Bug]Landorus||LifeOrb|SheerForce|EarthPower,SludgeBomb,SandsearStorm,Protect|||M|||50|,,,,,Water]Calyrex-Ice||ClearAmulet|AsOneGlastrier|GlacialLance,TrickRoom,Imprison,Protect||||||50|,,,,,Water\n|inactive|Battle timer is ON: inactive players will automatically lose when time's up. (requested by McDubbieEnthusiast)\n|\n|t:|1746066479\n|start\n|switch|p1a: Calyrex|Calyrex-Shadow, L50|100/100\n|switch|p1b: Terapagos|Terapagos, L50, M|100/100\n|switch|p2a: Calyrex|Calyrex-Ice, L50|100/100\n|switch|p2b: Iron Hands|Iron Hands, L50|100/100\n|-activate|p1b: Terapagos|ability: Tera Shift\n|detailschange|p1b: Terapagos|Terapagos-Terastal, L50, M\n|-heal|p1b: Terapagos|100/100|[silent]\n|-ability|p1a: Calyrex|As One\n|-ability|p1a: Calyrex|Unnerve\n|-ability|p2a: Calyrex|As One\n|-ability|p2a: Calyrex|Unnerve\n|turn|1\n|inactive|McDubbieEnthusiast has 30 seconds left.\n|inactive|McDubbieEnthusiast has 20 seconds left.\n|\n|t:|1746066515\n|switch|p1b: Incineroar|Incineroar, L50, F, shiny|100/100\n|-ability|p1b: Incineroar|Intimidate|boost\n|-fail|p2a: Calyrex|unboost|[from] item: Clear Amulet|[of] p2a: Calyrex\n|-unboost|p2b: Iron Hands|atk|1\n|-terastallize|p2a: Calyrex|Water\n|move|p2b: Iron Hands|Fake Out|p1b: Incineroar\n|-damage|p1b: Incineroar|93/100\n|-damage|p2b: Iron Hands|84/100|[from] item: Rocky Helmet|[of] p1b: Incineroar\n|move|p1a: Calyrex|Psychic|p2b: Iron Hands\n|-supereffective|p2b: Iron Hands\n|-damage|p2b: Iron Hands|11/100\n|-damage|p1a: Calyrex|91/100|[from] item: Life Orb\n|move|p2a: Calyrex|Trick Room|p2a: Calyrex\n|-fieldstart|move: Trick Room|[of] p2a: Calyrex\n|\n|upkeep\n|turn|2\n|inactive|McDubbieEnthusiast has 30 seconds left.\n|inactive|McDubbieEnthusiast has 20 seconds left.\n|inactive|McDubbieEnthusiast has 15 seconds left.\n|inactive|McDubbieEnthusiast has 10 seconds left.\n|\n|t:|1746066563\n|-terastallize|p1b: Incineroar|Bug\n|move|p2a: Calyrex|Protect|p2a: Calyrex\n|-singleturn|p2a: Calyrex|Protect\n|move|p1a: Calyrex|Protect|p1a: Calyrex\n|-singleturn|p1a: Calyrex|Protect\n|move|p2b: Iron Hands|Drain Punch|p1b: Incineroar\n|-resisted|p1b: Incineroar\n|-damage|p1b: Incineroar|83/100\n|-heal|p2b: Iron Hands|16/100|[from] drain|[of] p1b: Incineroar\n|-damage|p2b: Iron Hands|0 fnt|[from] item: Rocky Helmet|[of] p1b: Incineroar\n|faint|p2b: Iron Hands\n|-end|p2b: Iron Hands|Quark Drive|[silent]\n|move|p1b: Incineroar|Will-O-Wisp|p2a: Calyrex\n|-activate|p2a: Calyrex|move: Protect\n|\n|upkeep\n|\n|t:|1746066577\n|switch|p2b: Ogerpon|Ogerpon-Hearthflame, L50, F|100/100\n|-ability|p2b: Ogerpon|Mold Breaker\n|turn|3\n|inactive|McDubbieEnthusiast has 30 seconds left.\n|\n|t:|1746066606\n|move|p2b: Ogerpon|Follow Me|p2b: Ogerpon\n|-singleturn|p2b: Ogerpon|move: Follow Me\n|move|p1b: Incineroar|Flare Blitz|p2b: Ogerpon\n|-damage|p2b: Ogerpon|57/100\n|-damage|p1b: Incineroar|70/100|[from] Recoil\n|move|p2a: Calyrex|Glacial Lance|p1b: Incineroar|[spread] p1a,p1b\n|-damage|p1a: Calyrex|29/100\n|-damage|p1b: Incineroar|29/100\n|move|p1a: Calyrex|Astral Barrage|p2b: Ogerpon|[spread] p2a,p2b\n|-crit|p2a: Calyrex\n|-damage|p2a: Calyrex|28/100\n|-damage|p2b: Ogerpon|0 fnt\n|faint|p2b: Ogerpon\n|-ability|p1a: Calyrex|Grim Neigh|boost\n|-boost|p1a: Calyrex|spa|1\n|-damage|p1a: Calyrex|19/100|[from] item: Life Orb\n|\n|upkeep\n|\n|t:|1746066621\n|switch|p2b: Miraidon|Miraidon, L50|100/100\n|-fieldstart|move: Electric Terrain|[from] ability: Hadron Engine|[of] p2b: Miraidon\n|turn|4\n|inactive|McDubbieEnthusiast has 30 seconds left.\n|\n|t:|1746066648\n|move|p1a: Calyrex|Protect|p1a: Calyrex\n|-singleturn|p1a: Calyrex|Protect\n|move|p1b: Incineroar|Parting Shot|p2b: Miraidon\n|-unboost|p2b: Miraidon|atk|1\n|-unboost|p2b: Miraidon|spa|1\n|\n|t:|1746066653\n|switch|p1b: Terapagos|Terapagos-Terastal, L50, M|100/100|[from] Parting Shot\n|move|p2a: Calyrex|Glacial Lance|p1a: Calyrex|[spread] p1b\n|-activate|p1a: Calyrex|move: Protect\n|-activate|p1b: Terapagos|ability: Tera Shell\n|-resisted|p1b: Terapagos\n|-damage|p1b: Terapagos|81/100\n|move|p2b: Miraidon|Electro Drift|p1a: Calyrex\n|-activate|p1a: Calyrex|move: Protect\n|\n|-heal|p1b: Terapagos|87/100|[from] item: Leftovers\n|upkeep\n|turn|5\n|inactive|McDubbieEnthusiast has 30 seconds left.\n|\n|t:|1746066678\n|switch|p1a: Incineroar|Incineroar, L50, F, shiny, tera:Bug|29/100\n|-ability|p1a: Incineroar|Intimidate|boost\n|-fail|p2a: Calyrex|unboost|[from] item: Clear Amulet|[of] p2a: Calyrex\n|-unboost|p2b: Miraidon|atk|1\n|move|p1b: Terapagos|Protect|p1b: Terapagos\n|-singleturn|p1b: Terapagos|Protect\n|move|p2a: Calyrex|Glacial Lance|p1a: Incineroar|[spread] p1a\n|-activate|p1b: Terapagos|move: Protect\n|-damage|p1a: Incineroar|0 fnt\n|faint|p1a: Incineroar\n|-ability|p2a: Calyrex|Chilling Neigh|boost\n|-boost|p2a: Calyrex|atk|1\n|move|p2b: Miraidon|Electro Drift|p1b: Terapagos\n|-activate|p1b: Terapagos|move: Protect\n|\n|-heal|p1b: Terapagos|94/100|[from] item: Leftovers\n|-fieldend|move: Trick Room\n|upkeep\n|\n|t:|1746066696\n|switch|p1a: Calyrex|Calyrex-Shadow, L50|19/100\n|-ability|p1a: Calyrex|As One\n|-ability|p1a: Calyrex|Unnerve\n|turn|6\n|\n|t:|1746066708\n|switch|p1b: Rillaboom|Rillaboom, L50, M, shiny|100/100\n|-fieldstart|move: Grassy Terrain|[from] ability: Grassy Surge|[of] p1b: Rillaboom\n|move|p2a: Calyrex|Protect|p2a: Calyrex\n|-singleturn|p2a: Calyrex|Protect\n|move|p1a: Calyrex|Astral Barrage|p2a: Calyrex|[spread] p2b\n|-activate|p2a: Calyrex|move: Protect\n|-damage|p2b: Miraidon|44/100\n|-damage|p1a: Calyrex|9/100|[from] item: Life Orb\n|move|p2b: Miraidon|Electro Drift|p1a: Calyrex\n|-damage|p1a: Calyrex|0 fnt\n|faint|p1a: Calyrex\n|\n|-heal|p2b: Miraidon|50/100|[from] Grassy Terrain\n|-heal|p2a: Calyrex|34/100|[from] Grassy Terrain\n|upkeep\n|\n|t:|1746066717\n|switch|p1a: Terapagos|Terapagos-Terastal, L50, M|94/100\n|turn|7\n|-message|blackstorm games forfeited.\n|\n|win|McDubbieEnthusiast\n|raw|McDubbieEnthusiast's rating: 1187 &rarr; <strong>1215</strong><br />(+28 for winning)\n|raw|blackstorm games's rating: 1224 &rarr; <strong>1196</strong><br />(-28 for losing)\n|l|\u2606blackstorm games\n|player|p2|\n|j|\u2606blackstorm games\n|player|p2|blackstorm games|1|\n", "uploadtime": 1746066727, "views": 12, "formatid": "gen9vgc2025regibo3", "rating": 1196, "private": 0, "password": null}