{"id": "gen9vgc2025regibo3-2354094860", "format": "[Gen 9] VGC 2025 Reg I (Bo3)", "players": ["jaggermanjansen", "thetestingpokemonz"], "log": "|j|\u2606jaggermanjansen\n|j|\u2606thetestingpokemonz\n|html|<table width=\"100%\"><tr><td align=\"left\">jaggermanjansen</td><td align=\"right\">thetestingpokemonz</tr><tr><td align=\"left\"><i class=\"fa fa-circle-o\"></i> <i class=\"fa fa-circle-o\"></i> </td><td align=\"right\"><i class=\"fa fa-circle-o\"></i> <i class=\"fa fa-circle\"></i> </tr></table>\n|uhtml|bestof|<h2><strong>Game 2</strong> of <a href=\"/game-bestof3-gen9vgc2025regibo3-2354092508\">a best-of-3</a></h2>\n|t:|1746034391\n|gametype|doubles\n|player|p1|jaggermanjansen|101|1198\n|player|p2|thetestingpokemonz|lucas|1198\n|teamsize|p1|6\n|teamsize|p2|6\n|gen|9\n|tier|[Gen 9] VGC 2025 Reg I (Bo3)\n|rated|\n|rule|Species Clause: Limit one of each Pok\u00e9mon\n|rule|Item Clause: Limit 1 of each item\n|clearpoke\n|poke|p1|Raichu-Alola, L50, F|\n|poke|p1|Miraidon, L50|\n|poke|p1|Ninetales-Alola, L50, M|\n|poke|p1|Kyogre, L50|\n|poke|p1|Iron Bundle, L50|\n|poke|p1|Moltres, L50|\n|poke|p2|Miraidon, L50|\n|poke|p2|Calyrex-Ice, L50|\n|poke|p2|Ursaluna-Bloodmoon, L50, M|\n|poke|p2|Ogerpon-Cornerstone, L50, F|\n|poke|p2|Farigiraf, L50, F|\n|poke|p2|Incineroar, L50, F|\n|teampreview|4\n|showteam|p1|Raichu-Alola||FocusSash|SurgeSurfer|FakeOut,Nuzzle,SkillSwap,Endeavor|||F|||50|,,,,,Ghost]Miraidon||ElectricSeed|HadronEngine|ElectroDrift,DragonPulse,CalmMind,Protect||||||50|,,,,,Steel]Ninetales-Alola||LightClay|SnowWarning|Blizzard,FoulPlay,AuroraVeil,Protect|||M|||50|,,,,,Dark]Kyogre||MysticWater|Drizzle|WaterSpout,IceBeam,OriginPulse,Protect||||||50|,,,,,Grass]Iron Bundle||BoosterEnergy|QuarkDrive|Blizzard,IcyWind,Encore,Protect||||||50|,,,,,Ice]Moltres||RockyHelmet|FlameBody|Hurricane,WeatherBall,Tailwind,Protect||||||50|,,,,,Grass\n|showteam|p2|Miraidon||ChoiceSpecs|HadronEngine|VoltSwitch,ElectroDrift,DragonPulse,Discharge||||||50|,,,,,Electric]Calyrex-Ice||ClearAmulet|AsOneGlastrier|GlacialLance,HighHorsepower,TrickRoom,Protect||||||50|,,,,,Fire]Ursaluna-Bloodmoon||LifeOrb|MindsEye|BloodMoon,HyperVoice,EarthPower,Protect|||M|||50|,,,,,Normal]Ogerpon-Cornerstone||CornerstoneMask|Sturdy|IvyCudgel,FollowMe,WoodHammer,SpikyShield|||F|||50|,,,,,Rock]Farigiraf||ElectricSeed|ArmorTail|TwinBeam,HelpingHand,TrickRoom,Protect|||F|||50|,,,,,Electric]Incineroar||RockyHelmet|Intimidate|FakeOut,WillOWisp,KnockOff,PartingShot|||F|||50|,,,,,Ghost\n|inactive|Battle timer is ON: inactive players will automatically lose when time's up. (requested by thetestingpokemonz)\n|\n|t:|1746034471\n|start\n|switch|p1a: Iron Bundle|Iron Bundle, L50|100/100\n|switch|p1b: Ninetales|Ninetales-Alola, L50, M|100/100\n|switch|p2a: Ice Horse|Calyrex-Ice, L50|100/100\n|switch|p2b: Whats up bro|Incineroar, L50, F|100/100\n|-ability|p2a: Ice Horse|As One\n|-ability|p2a: Ice Horse|Unnerve\n|-weather|Snowscape|[from] ability: Snow Warning|[of] p1b: Ninetales\n|-ability|p2b: Whats up bro|Intimidate|boost\n|-unboost|p1a: Iron Bundle|atk|1\n|-unboost|p1b: Ninetales|atk|1\n|-enditem|p1a: Iron Bundle|Booster Energy\n|-activate|p1a: Iron Bundle|ability: Quark Drive|[fromitem]\n|-start|p1a: Iron Bundle|quarkdrivespe\n|turn|1\n|inactive|jaggermanjansen has 30 seconds left.\n|\n|t:|1746034500\n|move|p1b: Ninetales|Protect|p1b: Ninetales\n|-singleturn|p1b: Ninetales|Protect\n|move|p2b: Whats up bro|Fake Out|p1b: Ninetales\n|-activate|p1b: Ninetales|move: Protect\n|move|p1a: Iron Bundle|Encore|p2b: Whats up bro\n|-start|p2b: Whats up bro|Encore\n|move|p2a: Ice Horse|Trick Room|p2a: Ice Horse\n|-fieldstart|move: Trick Room|[of] p2a: Ice Horse\n|\n|-weather|Snowscape|[upkeep]\n|upkeep\n|turn|2\n|\n|t:|1746034521\n|switch|p2b: Teddy|Ursaluna-Bloodmoon, L50, M|100/100\n|move|p2a: Ice Horse|Glacial Lance|p1b: Ninetales|[spread] p1a,p1b\n|-resisted|p1a: Iron Bundle\n|-crit|p1a: Iron Bundle\n|-resisted|p1b: Ninetales\n|-damage|p1a: Iron Bundle|85/100\n|-damage|p1b: Ninetales|75/100\n|move|p1b: Ninetales|Aurora Veil|p1b: Ninetales\n|-sidestart|p1: jaggermanjansen|move: Aurora Veil\n|move|p1a: Iron Bundle|Blizzard|p2b: Teddy|[spread] p2a,p2b\n|-resisted|p2a: Ice Horse\n|-supereffective|p2b: Teddy\n|-damage|p2a: Ice Horse|88/100\n|-damage|p2b: Teddy|26/100\n|\n|-weather|Snowscape|[upkeep]\n|upkeep\n|turn|3\n|inactive|thetestingpokemonz has 30 seconds left.\n|\n|t:|1746034562\n|-terastallize|p2b: Teddy|Normal\n|move|p2b: Teddy|Blood Moon|p1a: Iron Bundle\n|-damage|p1a: Iron Bundle|0 fnt\n|faint|p1a: Iron Bundle\n|-end|p1a: Iron Bundle|Quark Drive|[silent]\n|-damage|p2b: Teddy|16/100|[from] item: Life Orb\n|move|p2a: Ice Horse|Glacial Lance|p1b: Ninetales\n|-resisted|p1b: Ninetales\n|-damage|p1b: Ninetales|51/100\n|move|p1b: Ninetales|Blizzard|p2a: Ice Horse|[spread] p2a,p2b\n|-resisted|p2a: Ice Horse\n|-damage|p2a: Ice Horse|79/100\n|-damage|p2b: Teddy|0 fnt\n|faint|p2b: Teddy\n|\n|-weather|Snowscape|[upkeep]\n|upkeep\n|\n|t:|1746034580\n|switch|p2b: Whats up bro|Incineroar, L50, F|100/100\n|switch|p1a: Kyogre|Kyogre, L50|100/100\n|-ability|p2b: Whats up bro|Intimidate|boost\n|-unboost|p1a: Kyogre|atk|1\n|-unboost|p1b: Ninetales|atk|1\n|-weather|RainDance|[from] ability: Drizzle|[of] p1a: Kyogre\n|turn|4\n|\n|t:|1746034589\n|move|p1a: Kyogre|Protect|p1a: Kyogre\n|-singleturn|p1a: Kyogre|Protect\n|move|p1b: Ninetales|Protect|p1b: Ninetales\n|-singleturn|p1b: Ninetales|Protect\n|move|p2a: Ice Horse|Glacial Lance|p1b: Ninetales|[spread] \n|-activate|p1a: Kyogre|move: Protect\n|-activate|p1b: Ninetales|move: Protect\n|move|p2b: Whats up bro|Knock Off|p1a: Kyogre\n|-activate|p1a: Kyogre|move: Protect\n|\n|-weather|RainDance|[upkeep]\n|upkeep\n|turn|5\n|\n|t:|1746034607\n|move|p2a: Ice Horse|Glacial Lance|p1a: Kyogre|[spread] p1a,p1b\n|-resisted|p1a: Kyogre\n|-resisted|p1b: Ninetales\n|-damage|p1a: Kyogre|78/100\n|-damage|p1b: Ninetales|23/100\n|move|p2b: Whats up bro|Knock Off|p1a: Kyogre\n|-damage|p1a: Kyogre|47/100\n|-enditem|p1a: Kyogre|Mystic Water|[from] move: Knock Off|[of] p2b: Whats up bro\n|move|p1a: Kyogre|Origin Pulse|p2a: Ice Horse|[spread] p2a,p2b\n|-supereffective|p2b: Whats up bro\n|-damage|p2a: Ice Horse|22/100\n|-damage|p2b: Whats up bro|0 fnt\n|faint|p2b: Whats up bro\n|move|p1b: Ninetales|Foul Play|p2a: Ice Horse\n|-supereffective|p2a: Ice Horse\n|-damage|p2a: Ice Horse|0 fnt\n|faint|p2a: Ice Horse\n|\n|-weather|RainDance|[upkeep]\n|-fieldend|move: Trick Room\n|upkeep\n|\n|t:|1746034617\n|switch|p2b: Mr Don|Miraidon, L50|100/100\n|-fieldstart|move: Electric Terrain|[from] ability: Hadron Engine|[of] p2b: Mr Don\n|turn|6\n|\n|t:|1746034626\n|-terastallize|p1a: Kyogre|Grass\n|move|p2b: Mr Don|Discharge|p1b: Ninetales|[spread] p1a,p1b\n|-resisted|p1a: Kyogre\n|-damage|p1a: Kyogre|29/100\n|-damage|p1b: Ninetales|0 fnt\n|-status|p1a: Kyogre|par\n|faint|p1b: Ninetales\n|move|p1a: Kyogre|Ice Beam|p2b: Mr Don\n|-supereffective|p2b: Mr Don\n|-damage|p2b: Mr Don|32/100\n|\n|-weather|RainDance|[upkeep]\n|upkeep\n|\n|t:|1746034629\n|switch|p1b: Miraidon|Miraidon, L50|100/100\n|-activate|p1b: Miraidon|ability: Hadron Engine\n|-enditem|p1b: Miraidon|Electric Seed\n|-boost|p1b: Miraidon|def|1|[from] item: Electric Seed\n|turn|7\n|\n|t:|1746034635\n|move|p2b: Mr Don|Discharge|p1b: Miraidon|[spread] p1a,p1b\n|-resisted|p1a: Kyogre\n|-resisted|p1b: Miraidon\n|-damage|p1a: Kyogre|10/100 par\n|-damage|p1b: Miraidon|90/100\n|move|p1b: Miraidon|Dragon Pulse|p2b: Mr Don\n|-supereffective|p2b: Mr Don\n|-damage|p2b: Mr Don|0 fnt\n|faint|p2b: Mr Don\n|\n|win|jaggermanjansen\n||jaggermanjansen is ready for game 3.\n|inactive|thetestingpokemonz has 30 seconds to confirm battle start!\n|inactive|thetestingpokemonz has 20 seconds to confirm battle start!\n|inactive|thetestingpokemonz has 10 seconds to confirm battle start!\n|uhtml|next|Next: <a href=\"/battle-gen9vgc2025regibo3-2354098223\"><strong>Game 3 of 3</strong></a>\n|l|\u2606jaggermanjansen\n|player|p1|\n", "uploadtime": 1746034934, "views": 9, "formatid": "gen9vgc2025regibo3", "rating": null, "private": 0, "password": null}