{"id": "gen9vgc2025regibo3-2353655753", "format": "[Gen 9] VGC 2025 Reg I (Bo3)", "players": ["weeeggggggeeeee", "McCainiacCombo"], "log": "|j|\u2606weeeggggggeeeee\n|j|\u2606McCainiacCombo\n|html|<table width=\"100%\"><tr><td align=\"left\">weeeggggggeeeee</td><td align=\"right\">McCainiacCombo</tr><tr><td align=\"left\"><i class=\"fa fa-circle-o\"></i> <i class=\"fa fa-circle-o\"></i> </td><td align=\"right\"><i class=\"fa fa-circle-o\"></i> <i class=\"fa fa-circle\"></i> </tr></table>\n|uhtml|bestof|<h2><strong>Game 2</strong> of <a href=\"/game-bestof3-gen9vgc2025regibo3-2353652151\">a best-of-3</a></h2>\n|t:|1745979685\n|gametype|doubles\n|player|p1|weeeggggggeeeee|byron|1054\n|player|p2|McCainiacCombo|101|1162\n|teamsize|p1|6\n|teamsize|p2|6\n|gen|9\n|tier|[Gen 9] VGC 2025 Reg I (Bo3)\n|rated|\n|rule|Species Clause: Limit one of each Pok\u00e9mon\n|rule|Item Clause: Limit 1 of each item\n|clearpoke\n|poke|p1|Regigigas, L50|\n|poke|p1|Tornadus, L50, M|\n|poke|p1|Zamazenta-*, L50|\n|poke|p1|Weezing-Galar, L50, F|\n|poke|p1|Calyrex-Shadow, L50|\n|poke|p1|Spiritomb, L50, F|\n|poke|p2|Koraidon, L50|\n|poke|p2|Flutter Mane, L50|\n|poke|p2|Lunala, L50|\n|poke|p2|Indeedee-F, L50, F|\n|poke|p2|Ogerpon-Hearthflame, L50, F|\n|poke|p2|Ting-Lu, L50|\n|teampreview|4\n|showteam|p1|Regigigas||ClearAmulet|SlowStart|BodySlam,KnockOff,BodyPress,WideGuard||||||50|,,,,,Ghost]Tornadus||AbilityShield|Prankster|BleakwindStorm,Protect,Tailwind,Taunt|||M|||50|,,,,,Ghost]Zamazenta-Crowned||RustedShield|DauntlessShield|BodyPress,behemothbash,IronDefense,Protect||||||50|,,,,,Dragon]Weezing-Galar||RockyHelmet|NeutralizingGas|Protect,ClearSmog,DazzlingGleam,SludgeBomb|||F|||50|,,,,,Grass]Calyrex-Shadow||ColburBerry|AsOneSpectrier|AstralBarrage,Psychic,NastyPlot,Protect||||||50|,,,,,Normal]Spiritomb||BlackGlasses|Infiltrator|TrickRoom,WillOWisp,FoulPlay,Snarl|||F|||50|,,,,,Poison\n|showteam|p2|Koraidon||ClearAmulet|OrichalcumPulse|Protect,FlareBlitz,FlameCharge,CloseCombat||||||50|,,,,,Fire]Flutter Mane||BoosterEnergy|Protosynthesis|Moonblast,ShadowBall,IcyWind,Protect||||||50|,,,,,Fairy]Lunala||PowerHerb|ShadowShield|WideGuard,MeteorBeam,MoongeistBeam,ExpandingForce||||||50|,,,,,Water]Indeedee-F||PsychicSeed|PsychicSurge|FollowMe,TrickRoom,HelpingHand,DazzlingGleam|||F|||50|,,,,,Fairy]Ogerpon-Hearthflame||HearthflameMask|MoldBreaker|IvyCudgel,WoodHammer,FollowMe,SpikyShield|||F|||50|,,,,,Fire]Ting-Lu||AssaultVest|VesselofRuin|Ruination,ThroatChop,StompingTantrum,HeavySlam||||||50|,,,,,Poison\n|inactive|Battle timer is ON: inactive players will automatically lose when time's up. (requested by McCainiacCombo)\n|inactive|McCainiacCombo has 60 seconds left.\n|\n|t:|1745979743\n|start\n|switch|p1a: Weezing|Weezing-Galar, L50, F|100/100\n|switch|p1b: Tornadus|Tornadus, L50, M|100/100\n|switch|p2a: Ting-Lu|Ting-Lu, L50|100/100\n|switch|p2b: Ogerpon|Ogerpon-Hearthflame, L50, F|100/100\n|-ability|p1a: Weezing|Neutralizing Gas\n|-block|p1b: Tornadus|item: Ability Shield\n|turn|1\n|inactive|weeeggggggeeeee has 30 seconds left.\n|inactive|McCainiacCombo has 30 seconds left.\n|\n|t:|1745979770\n|move|p2b: Ogerpon|Spiky Shield|p2b: Ogerpon\n|-singleturn|p2b: Ogerpon|move: Protect\n|move|p1a: Weezing|Protect|p1a: Weezing\n|-singleturn|p1a: Weezing|Protect\n|move|p1b: Tornadus|Taunt|p2b: Ogerpon\n|-activate|p2b: Ogerpon|move: Protect\n|move|p2a: Ting-Lu|Heavy Slam|p1a: Weezing\n|-activate|p1a: Weezing|move: Protect\n|\n|upkeep\n|turn|2\n|inactive|McCainiacCombo has 30 seconds left.\n|\n|t:|1745979798\n|move|p2b: Ogerpon|Ivy Cudgel|p1a: Weezing|[anim] Ivy Cudgel Fire\n|-damage|p1a: Weezing|64/100\n|move|p1b: Tornadus|Bleakwind Storm|p2b: Ogerpon|[spread] p2a,p2b\n|-supereffective|p2b: Ogerpon\n|-damage|p2a: Ting-Lu|84/100\n|-damage|p2b: Ogerpon|28/100\n|-unboost|p2a: Ting-Lu|spe|1\n|move|p1a: Weezing|Sludge Bomb|p2b: Ogerpon\n|-supereffective|p2b: Ogerpon\n|-damage|p2b: Ogerpon|0 fnt\n|faint|p2b: Ogerpon\n|move|p2a: Ting-Lu|Heavy Slam|p1a: Weezing\n|-supereffective|p1a: Weezing\n|-damage|p1a: Weezing|6/100\n|-damage|p2a: Ting-Lu|67/100|[from] item: Rocky Helmet|[of] p1a: Weezing\n|\n|upkeep\n|\n|t:|1745979813\n|switch|p2b: Flutter Mane|Flutter Mane, L50|100/100\n|turn|3\n|\n|t:|1745979833\n|move|p1a: Weezing|Protect|p1a: Weezing\n|-singleturn|p1a: Weezing|Protect\n|move|p1b: Tornadus|Tailwind|p1b: Tornadus\n|-sidestart|p1: weeeggggggeeeee|move: Tailwind\n|move|p2b: Flutter Mane|Icy Wind|p1b: Tornadus|[spread] p1b\n|-activate|p1a: Weezing|move: Protect\n|-supereffective|p1b: Tornadus\n|-damage|p1b: Tornadus|74/100\n|-unboost|p1b: Tornadus|spe|1\n|move|p2a: Ting-Lu|Heavy Slam|p1b: Tornadus\n|-damage|p1b: Tornadus|34/100\n|\n|upkeep\n|turn|4\n|\n|t:|1745979848\n|move|p1b: Tornadus|Protect|p1b: Tornadus\n|-singleturn|p1b: Tornadus|Protect\n|move|p2b: Flutter Mane|Protect|p2b: Flutter Mane\n|-singleturn|p2b: Flutter Mane|Protect\n|move|p1a: Weezing|Dazzling Gleam|p2b: Flutter Mane|[spread] p2a\n|-activate|p2b: Flutter Mane|move: Protect\n|-supereffective|p2a: Ting-Lu\n|-damage|p2a: Ting-Lu|52/100\n|move|p2a: Ting-Lu|Heavy Slam|p1a: Weezing\n|-supereffective|p1a: Weezing\n|-damage|p1a: Weezing|0 fnt\n|-damage|p2a: Ting-Lu|35/100|[from] item: Rocky Helmet|[of] p1a: Weezing\n|faint|p1a: Weezing\n|-end|p1a: Weezing|ability: Neutralizing Gas\n|-ability|p2a: Ting-Lu|Vessel of Ruin\n|-enditem|p2b: Flutter Mane|Booster Energy\n|-activate|p2b: Flutter Mane|ability: Protosynthesis|[fromitem]\n|-start|p2b: Flutter Mane|protosynthesisspe\n|\n|upkeep\n|\n|t:|1745979873\n|switch|p1a: Calyrex|Calyrex-Shadow, L50|100/100\n|-ability|p1a: Calyrex|As One\n|-ability|p1a: Calyrex|Unnerve\n|turn|5\n|inactive|McCainiacCombo has 30 seconds left.\n|\n|t:|1745979905\n|move|p1a: Calyrex|Astral Barrage|p2a: Ting-Lu|[spread] p2a,p2b\n|-resisted|p2a: Ting-Lu\n|-supereffective|p2b: Flutter Mane\n|-damage|p2a: Ting-Lu|26/100\n|-damage|p2b: Flutter Mane|35/100\n|move|p2b: Flutter Mane|Moonblast|p1a: Calyrex\n|-damage|p1a: Calyrex|68/100\n|move|p1b: Tornadus|Bleakwind Storm|p2a: Ting-Lu|[spread] p2a,p2b\n|-damage|p2a: Ting-Lu|14/100\n|-damage|p2b: Flutter Mane|14/100\n|-unboost|p2a: Ting-Lu|spe|1\n|move|p2a: Ting-Lu|Throat Chop|p1a: Calyrex\n|-supereffective|p1a: Calyrex\n|-enditem|p1a: Calyrex|Colbur Berry|[eat]\n|-enditem|p1a: Calyrex|Colbur Berry|[weaken]\n|-damage|p1a: Calyrex|0 fnt\n|faint|p1a: Calyrex\n|\n|upkeep\n|\n|t:|1745979923\n|switch|p1a: Zamazenta|Zamazenta-Crowned, L50|100/100\n|-ability|p1a: Zamazenta|Dauntless Shield|boost\n|-boost|p1a: Zamazenta|def|1\n|turn|6\n|\n|t:|1745979936\n|move|p2b: Flutter Mane|Protect|p2b: Flutter Mane\n|-singleturn|p2b: Flutter Mane|Protect\n|move|p1a: Zamazenta|Iron Defense|p1a: Zamazenta\n|-boost|p1a: Zamazenta|def|2\n|move|p1b: Tornadus|Bleakwind Storm|p2a: Ting-Lu|[spread] p2a\n|-activate|p2b: Flutter Mane|move: Protect\n|-damage|p2a: Ting-Lu|0 fnt\n|faint|p2a: Ting-Lu\n|\n|-sideend|p1: weeeggggggeeeee|move: Tailwind\n|upkeep\n|\n|t:|1745979948\n|switch|p2a: Koraidon|Koraidon, L50|100/100\n|-weather|SunnyDay|[from] ability: Orichalcum Pulse|[of] p2a: Koraidon\n|-activate|p2a: Koraidon|Orichalcum Pulse|[source]\n|turn|7\n|inactive|McCainiacCombo has 30 seconds left.\n|\n|t:|1745979976\n|-terastallize|p2a: Koraidon|Fire\n|move|p1b: Tornadus|Tailwind|p1b: Tornadus\n|-sidestart|p1: weeeggggggeeeee|move: Tailwind\n|move|p1a: Zamazenta|Behemoth Bash|p2b: Flutter Mane\n|-supereffective|p2b: Flutter Mane\n|-damage|p2b: Flutter Mane|0 fnt\n|faint|p2b: Flutter Mane\n|-end|p2b: Flutter Mane|Protosynthesis|[silent]\n|move|p2a: Koraidon|Flare Blitz|p1a: Zamazenta\n|-supereffective|p1a: Zamazenta\n|-damage|p1a: Zamazenta|33/100\n|-damage|p2a: Koraidon|78/100|[from] Recoil\n|\n|-weather|SunnyDay|[upkeep]\n|upkeep\n|turn|8\n|\n|t:|1745979995\n|move|p1a: Zamazenta|Body Press|p2a: Koraidon\n|-damage|p2a: Koraidon|0 fnt\n|faint|p2a: Koraidon\n|\n|win|weeeggggggeeeee\n||McCainiacCombo is ready for game 3.\n|inactive|weeeggggggeeeee has 30 seconds to confirm battle start!\n||weeeggggggeeeee is ready for game 3.\n|uhtml|next|Next: <a href=\"/battle-gen9vgc2025regibo3-2353658337\"><strong>Game 3 of 3</strong></a>\n|l|\u2606McCainiacCombo\n|player|p2|\n|l|\u2606weeeggggggeeeee\n|player|p1|\n", "uploadtime": 1745980371, "views": 6, "formatid": "gen9vgc2025regibo3", "rating": null, "private": 0, "password": null}