{"id": "gen9vgc2025regibo3-2353821212", "format": "[Gen 9] VGC 2025 Reg I (Bo3)", "players": ["Ribbicus", "XNZu"], "log": "|j|\u2606Ribbicus\n|j|\u2606XNZu\n|html|<table width=\"100%\"><tr><td align=\"left\">Ribbicus</td><td align=\"right\">XNZu</tr><tr><td align=\"left\"><i class=\"fa fa-circle-o\"></i> <i class=\"fa fa-circle-o\"></i> </td><td align=\"right\"><i class=\"fa fa-circle-o\"></i> <i class=\"fa fa-circle-o\"></i> </tr></table>\n|uhtml|bestof|<h2><strong>Game 1</strong> of <a href=\"/game-bestof3-gen9vgc2025regibo3-2353821211\">a best-of-3</a></h2>\n|t:|1746005584\n|gametype|doubles\n|player|p1|Ribbicus|pokemaniac|1096\n|player|p2|XNZu|1|1033\n|teamsize|p1|6\n|teamsize|p2|6\n|gen|9\n|tier|[Gen 9] VGC 2025 Reg I (Bo3)\n|rated|\n|rule|Species Clause: Limit one of each Pok\u00e9mon\n|rule|Item Clause: Limit 1 of each item\n|clearpoke\n|poke|p1|Drifblim, L50, F|\n|poke|p1|Indeedee, L50, M|\n|poke|p1|Incineroar, L50, F|\n|poke|p1|Kyogre, L50|\n|poke|p1|Calyrex-Shadow, L50|\n|poke|p1|Rillaboom, L50, F|\n|poke|p2|Miraidon, L50|\n|poke|p2|Ho-Oh, L50|\n|poke|p2|Farigiraf, L50, F|\n|poke|p2|Iron Hands, L50|\n|poke|p2|Urshifu-*, L50, F|\n|poke|p2|Rillaboom, L50, M|\n|teampreview|4\n|showteam|p1|Drifblim||PsychicSeed|Unburden|Tailwind,IcyWind,ShadowBall,Protect|||F|||50|,,,,,Normal]Indeedee||LifeOrb|PsychicSurge|DazzlingGleam,ShadowBall,ExpandingForce,Protect|||M|||50|,,,,,Fairy]Incineroar||SafetyGoggles|Intimidate|FakeOut,KnockOff,PartingShot,FlareBlitz|||F|||50|,,,,,Fire]Kyogre||Leftovers|Drizzle|OriginPulse,IceBeam,WaterSpout,Protect||||||50|,,,,,Grass]Calyrex-Shadow||FocusSash|AsOneSpectrier|Disable,Encore,AstralBarrage,Protect||||||50|,,,,,Psychic]Rillaboom||AssaultVest|GrassySurge|WoodHammer,GrassyGlide,Uturn,FakeOut|||F|||50|,,,,,Fire\n|showteam|p2|Miraidon||ChoiceSpecs|HadronEngine|ElectroDrift,DracoMeteor,VoltSwitch,DazzlingGleam||||||50|,,,,,Fairy]Ho-Oh||RockyHelmet|Regenerator|SacredFire,BraveBird,Tailwind,Protect||||||50|,,,,,Water]Farigiraf||ElectricSeed|ArmorTail|FoulPlay,Psychic,TrickRoom,HelpingHand|||F|||50|,,,,,Fairy]Iron Hands||SafetyGoggles|QuarkDrive|FakeOut,LowKick,DrainPunch,HeavySlam||||||50|,,,,,Water]Urshifu-Rapid-Strike||ChoiceScarf|UnseenFist|AquaJet,SurgingStrikes,CloseCombat,Uturn|||F|||50|,,,,,Water]Rillaboom||AssaultVest|GrassySurge|WoodHammer,GrassyGlide,Uturn,FakeOut|||M|||50|,,,,,Fire\n|inactive|Battle timer is ON: inactive players will automatically lose when time's up. (requested by XNZu)\n|inactive|Ribbicus also wants the timer to be on.\n|inactive|Ribbicus has 60 seconds left.\n|inactive|Ribbicus has 30 seconds left.\n|\n|t:|1746005652\n|start\n|switch|p1a: Drifblim|Drifblim, L50, F|100/100\n|switch|p1b: Calyrex|Calyrex-Shadow, L50|100/100\n|switch|p2a: Miraidon|Miraidon, L50|100/100\n|switch|p2b: Ho-Oh|Ho-Oh, L50|100/100\n|-ability|p1b: Calyrex|As One\n|-ability|p1b: Calyrex|Unnerve\n|-fieldstart|move: Electric Terrain|[from] ability: Hadron Engine|[of] p2a: Miraidon\n|turn|1\n|\n|t:|1746005674\n|move|p1b: Calyrex|Protect|p1b: Calyrex\n|-singleturn|p1b: Calyrex|Protect\n|move|p1a: Drifblim|Protect|p1a: Drifblim\n|-singleturn|p1a: Drifblim|Protect\n|move|p2a: Miraidon|Volt Switch|p1a: Drifblim\n|-activate|p1a: Drifblim|move: Protect\n|move|p2b: Ho-Oh|Tailwind|p2b: Ho-Oh\n|-sidestart|p2: XNZu|move: Tailwind\n|\n|upkeep\n|turn|2\n|inactive|Ribbicus has 30 seconds left.\n|\n|t:|1746005707\n|switch|p2b: Rillaboom|Rillaboom, L50, M|100/100\n|-fieldstart|move: Grassy Terrain|[from] ability: Grassy Surge|[of] p2b: Rillaboom\n|switch|p1b: Indeedee|Indeedee, L50, M|100/100\n|-fieldstart|move: Psychic Terrain|[from] ability: Psychic Surge|[of] p1b: Indeedee\n|-enditem|p1a: Drifblim|Psychic Seed\n|-boost|p1a: Drifblim|spd|1|[from] item: Psychic Seed\n|move|p2a: Miraidon|Volt Switch|p1a: Drifblim\n|-supereffective|p1a: Drifblim\n|-damage|p1a: Drifblim|39/100\n|\n|t:|1746005719\n|switch|p2a: Iron Hands|Iron Hands, L50|100/100|[from] Volt Switch\n|move|p1a: Drifblim|Tailwind|p1a: Drifblim\n|-sidestart|p1: Ribbicus|move: Tailwind\n|\n|upkeep\n|turn|3\n|inactive|Ribbicus has 30 seconds left.\n|\n|t:|1746005751\n|move|p1a: Drifblim|Icy Wind|p2a: Iron Hands|[spread] p2a,p2b\n|-supereffective|p2b: Rillaboom\n|-damage|p2a: Iron Hands|94/100\n|-damage|p2b: Rillaboom|88/100\n|-unboost|p2a: Iron Hands|spe|1\n|-unboost|p2b: Rillaboom|spe|1\n|move|p1b: Indeedee|Expanding Force|p2b: Rillaboom|[spread] p2a,p2b\n|-supereffective|p2a: Iron Hands\n|-damage|p2a: Iron Hands|0 fnt\n|-damage|p2b: Rillaboom|44/100\n|faint|p2a: Iron Hands\n|-end|p2a: Iron Hands|Quark Drive|[silent]\n|-damage|p1b: Indeedee|91/100|[from] item: Life Orb\n|move|p2b: Rillaboom|Wood Hammer|p1b: Indeedee\n|-damage|p1b: Indeedee|0 fnt\n|faint|p1b: Indeedee\n|-damage|p2b: Rillaboom|24/100|[from] Recoil\n|\n|upkeep\n|\n|t:|1746005767\n|switch|p1b: Calyrex|Calyrex-Shadow, L50|100/100\n|switch|p2a: Miraidon|Miraidon, L50|100/100\n|-ability|p1b: Calyrex|As One\n|-ability|p1b: Calyrex|Unnerve\n|-fieldstart|move: Electric Terrain|[from] ability: Hadron Engine|[of] p2a: Miraidon\n|turn|4\n|\n|t:|1746005792\n|move|p1a: Drifblim|Icy Wind|p2a: Miraidon|[spread] p2a,p2b\n|-supereffective|p2a: Miraidon\n|-supereffective|p2b: Rillaboom\n|-damage|p2a: Miraidon|85/100\n|-damage|p2b: Rillaboom|12/100\n|-unboost|p2a: Miraidon|spe|1\n|-unboost|p2b: Rillaboom|spe|1\n|move|p1b: Calyrex|Astral Barrage|p2b: Rillaboom|[spread] p2a,p2b\n|-damage|p2a: Miraidon|45/100\n|-damage|p2b: Rillaboom|0 fnt\n|faint|p2b: Rillaboom\n|-ability|p1b: Calyrex|Grim Neigh|boost\n|-boost|p1b: Calyrex|spa|1\n|move|p2a: Miraidon|Volt Switch|p1a: Drifblim\n|-supereffective|p1a: Drifblim\n|-damage|p1a: Drifblim|0 fnt\n|faint|p1a: Drifblim\n|\n|t:|1746005805\n|switch|p2a: Ho-Oh|Ho-Oh, L50|100/100|[from] Volt Switch\n|\n|-sideend|p2: XNZu|move: Tailwind\n|upkeep\n|\n|t:|1746005808\n|switch|p2b: Miraidon|Miraidon, L50|45/100\n|switch|p1a: Kyogre|Kyogre, L50|100/100\n|-weather|RainDance|[from] ability: Drizzle|[of] p1a: Kyogre\n|-activate|p2b: Miraidon|ability: Hadron Engine\n|turn|5\n|\n|t:|1746005822\n|move|p1b: Calyrex|Astral Barrage|p2b: Miraidon|[spread] p2a,p2b\n|-crit|p2b: Miraidon\n|-damage|p2a: Ho-Oh|55/100\n|-damage|p2b: Miraidon|0 fnt\n|faint|p2b: Miraidon\n|-ability|p1b: Calyrex|Grim Neigh|boost\n|-boost|p1b: Calyrex|spa|1\n|move|p1a: Kyogre|Water Spout|p2a: Ho-Oh\n|-supereffective|p2a: Ho-Oh\n|-damage|p2a: Ho-Oh|0 fnt\n|faint|p2a: Ho-Oh\n|\n|win|Ribbicus\n||XNZu is ready for game 2.\n||Ribbicus is ready for game 2.\n|uhtml|next|Next: <a href=\"/battle-gen9vgc2025regibo3-2353822769\"><strong>Game 2 of 3</strong></a>\n|l|\u2606XNZu\n|player|p2|\n|l|\u2606Ribbicus\n|player|p1|\n", "uploadtime": 1746006134, "views": 6, "formatid": "gen9vgc2025regibo3", "rating": null, "private": 0, "password": null}