{"id": "gen9vgc2025regibo3-2353898693", "format": "[Gen 9] VGC 2025 Reg I (Bo3)", "players": ["omegaruby35", "J0nko_"], "log": "|j|\u2606omegaruby35\n|j|\u2606J0nko_\n|html|<table width=\"100%\"><tr><td align=\"left\">omegaruby35</td><td align=\"right\">J0nko_</tr><tr><td align=\"left\"><i class=\"fa fa-circle-o\"></i> <i class=\"fa fa-circle-o\"></i> </td><td align=\"right\"><i class=\"fa fa-circle-o\"></i> <i class=\"fa fa-circle-o\"></i> </tr></table>\n|uhtml|bestof|<h2><strong>Game 1</strong> of <a href=\"/game-bestof3-gen9vgc2025regibo3-2353898692\">a best-of-3</a></h2>\n|t:|1746016527\n|gametype|doubles\n|player|p1|omegaruby35|roxie|1086\n|player|p2|J0nko_|elesa|1152\n|teamsize|p1|6\n|teamsize|p2|6\n|gen|9\n|tier|[Gen 9] VGC 2025 Reg I (Bo3)\n|rated|\n|rule|Species Clause: Limit one of each Pok\u00e9mon\n|rule|Item Clause: Limit 1 of each item\n|clearpoke\n|poke|p1|Necrozma-Dawn-Wings, L50|\n|poke|p1|Indeedee-F, L50, F|\n|poke|p1|Koraidon, L50|\n|poke|p1|Porygon2, L50|\n|poke|p1|Ogerpon-Cornerstone, L50, F|\n|poke|p1|Gouging Fire, L50|\n|poke|p2|Kyogre, L50|\n|poke|p2|Calyrex-Shadow, L50|\n|poke|p2|Urshifu-*, L50, M|\n|poke|p2|Incineroar, L50, M|\n|poke|p2|Rillaboom, L50, M|\n|poke|p2|Roaring Moon, L50|\n|teampreview|4\n|showteam|p1|Necrozma-Dawn-Wings||PowerHerb|PrismArmor|MeteorBeam,MoongeistBeam,ExpandingForce,Protect||||||50|,,,,,Dark]Indeedee-F||PsychicSeed|PsychicSurge|TrickRoom,FollowMe,ShadowBall,HelpingHand|||F|||50|,,,,,Fairy]Koraidon||ClearAmulet|OrichalcumPulse|CollisionCourse,FlareBlitz,FlameCharge,Protect||||||50|,,,,,Fire]Porygon2||Eviolite|Download|TeraBlast,IceBeam,TrickRoom,Recover||||||50|,,,,,Ghost]Ogerpon-Cornerstone||CornerstoneMask|Sturdy|IvyCudgel,PowerWhip,FollowMe,SpikyShield|||F|||50|,,,,,Rock]Gouging Fire||AssaultVest|Protosynthesis|Snarl,FlareBlitz,BreakingSwipe,HeatCrash||||||50|,,,,,Fairy\n|showteam|p2|Kyogre||Leftovers|Drizzle|WaterSpout,IceBeam,OriginPulse,Protect||||||50|,,,,,Grass]Calyrex-Shadow||FocusSash|AsOneSpectrier|AstralBarrage,Disable,Encore,Protect||||||50|,,,,,Dark]Urshifu-Rapid-Strike||ChoiceScarf|UnseenFist|IceSpinner,SurgingStrikes,CloseCombat,Uturn|||M|||50|,,,,,Ghost]Incineroar||SafetyGoggles|Intimidate|KnockOff,PartingShot,FakeOut,HelpingHand|||M|||50|,,,,,Bug]Rillaboom||AssaultVest|GrassySurge|GrassyGlide,WoodHammer,Uturn,FakeOut|||M|||50|,,,,,Steel]Roaring Moon||BoosterEnergy|Protosynthesis|Acrobatics,Tailwind,Protect,KnockOff||||||50|,,,,,Flying\n|inactive|Battle timer is ON: inactive players will automatically lose when time's up. (requested by J0nko_)\n|inactive|omegaruby35 has 60 seconds left.\n|inactive|J0nko_ has 60 seconds left.\n|inactive|J0nko_ has 30 seconds left.\n|\n|t:|1746016595\n|start\n|switch|p1a: Gouging Fire|Gouging Fire, L50|100/100\n|switch|p1b: Ogerpon|Ogerpon-Cornerstone, L50, F|100/100\n|switch|p2a: Calyrex|Calyrex-Shadow, L50|100/100\n|switch|p2b: Kyogre|Kyogre, L50|100/100\n|-ability|p2a: Calyrex|As One\n|-ability|p2a: Calyrex|Unnerve\n|-weather|RainDance|[from] ability: Drizzle|[of] p2b: Kyogre\n|turn|1\n|\n|t:|1746016617\n|switch|p1b: Koraidon|Koraidon, L50|100/100\n|-weather|SunnyDay|[from] ability: Orichalcum Pulse|[of] p1b: Koraidon\n|-activate|p1a: Gouging Fire|ability: Protosynthesis\n|-start|p1a: Gouging Fire|protosynthesisspe\n|-activate|p1b: Koraidon|Orichalcum Pulse|[source]\n|move|p1a: Gouging Fire|Snarl|p2a: Calyrex|[spread] p2a,p2b\n|-supereffective|p2a: Calyrex\n|-damage|p2a: Calyrex|73/100\n|-damage|p2b: Kyogre|96/100\n|-unboost|p2a: Calyrex|spa|1\n|-unboost|p2b: Kyogre|spa|1\n|move|p2a: Calyrex|Astral Barrage|p1b: Koraidon|[spread] p1a,p1b\n|-damage|p1a: Gouging Fire|78/100\n|-damage|p1b: Koraidon|66/100\n|move|p2b: Kyogre|Water Spout|p1a: Gouging Fire|[spread] p1a,p1b\n|-resisted|p1b: Koraidon\n|-damage|p1a: Gouging Fire|66/100\n|-damage|p1b: Koraidon|57/100\n|\n|-weather|SunnyDay|[upkeep]\n|-heal|p2b: Kyogre|100/100|[from] item: Leftovers\n|upkeep\n|turn|2\n|\n|t:|1746016636\n|switch|p1b: Ogerpon|Ogerpon-Cornerstone, L50, F|100/100\n|switch|p2b: Rillaboom|Rillaboom, L50, M|100/100\n|-fieldstart|move: Grassy Terrain|[from] ability: Grassy Surge|[of] p2b: Rillaboom\n|move|p2a: Calyrex|Protect|p2a: Calyrex\n|-singleturn|p2a: Calyrex|Protect\n|move|p1a: Gouging Fire|Heat Crash|p2a: Calyrex\n|-activate|p2a: Calyrex|move: Protect\n|\n|-weather|SunnyDay|[upkeep]\n|-heal|p1a: Gouging Fire|72/100|[from] Grassy Terrain\n|-heal|p2a: Calyrex|79/100|[from] Grassy Terrain\n|upkeep\n|turn|3\n|\n|t:|1746016657\n|switch|p2a: Kyogre|Kyogre, L50|100/100\n|-weather|RainDance|[from] ability: Drizzle|[of] p2a: Kyogre\n|-end|p1a: Gouging Fire|Protosynthesis\n|switch|p1b: Indeedee|Indeedee-F, L50, F|100/100\n|-fieldstart|move: Psychic Terrain|[from] ability: Psychic Surge|[of] p1b: Indeedee\n|-enditem|p1b: Indeedee|Psychic Seed\n|-boost|p1b: Indeedee|spd|1|[from] item: Psychic Seed\n|switch|p2b: Urshifu|Urshifu-Rapid-Strike, L50, M|100/100\n|move|p1a: Gouging Fire|Heat Crash|p2b: Urshifu\n|-resisted|p2b: Urshifu\n|-damage|p2b: Urshifu|87/100\n|\n|-weather|RainDance|[upkeep]\n|upkeep\n|turn|4\n|inactive|omegaruby35 has 30 seconds left.\n|inactive|J0nko_ has 30 seconds left.\n|inactive|omegaruby35 has 20 seconds left.\n|\n|t:|1746016695\n|switch|p1b: Koraidon|Koraidon, L50|57/100\n|-weather|SunnyDay|[from] ability: Orichalcum Pulse|[of] p1b: Koraidon\n|-activate|p1a: Gouging Fire|ability: Protosynthesis\n|-start|p1a: Gouging Fire|protosynthesisspe\n|-activate|p1b: Koraidon|Orichalcum Pulse|[source]\n|move|p1a: Gouging Fire|Breaking Swipe|p2b: Urshifu|[spread] p2a,p2b\n|-damage|p2a: Kyogre|86/100\n|-damage|p2b: Urshifu|66/100\n|-unboost|p2a: Kyogre|atk|1\n|-unboost|p2b: Urshifu|atk|1\n|move|p2b: Urshifu|U-turn|p1b: Koraidon\n|-resisted|p1b: Koraidon\n|-damage|p1b: Koraidon|49/100\n|\n|t:|1746016709\n|switch|p2b: Calyrex|Calyrex-Shadow, L50|79/100|[from] U-turn\n|-ability|p2b: Calyrex|As One\n|-ability|p2b: Calyrex|Unnerve\n|move|p2a: Kyogre|Ice Beam|p1a: Gouging Fire\n|-damage|p1a: Gouging Fire|49/100\n|\n|-weather|SunnyDay|[upkeep]\n|-heal|p2a: Kyogre|92/100|[from] item: Leftovers\n|upkeep\n|turn|5\n|inactive|omegaruby35 has 30 seconds left.\n|inactive|J0nko_ has 30 seconds left.\n|\n|t:|1746016739\n|move|p2b: Calyrex|Protect|p2b: Calyrex\n|-singleturn|p2b: Calyrex|Protect\n|move|p1a: Gouging Fire|Flare Blitz|p2b: Calyrex\n|-activate|p2b: Calyrex|move: Protect\n|move|p1b: Koraidon|Collision Course|p2a: Kyogre\n|-damage|p2a: Kyogre|35/100\n|move|p2a: Kyogre|Ice Beam|p1b: Koraidon\n|-supereffective|p1b: Koraidon\n|-damage|p1b: Koraidon|0 fnt\n|faint|p1b: Koraidon\n|\n|-weather|SunnyDay|[upkeep]\n|-heal|p2a: Kyogre|41/100|[from] item: Leftovers\n|upkeep\n|\n|t:|1746016753\n|switch|p1b: Ogerpon|Ogerpon-Cornerstone, L50, F|100/100\n|turn|6\n|\n|t:|1746016769\n|switch|p2b: Urshifu|Urshifu-Rapid-Strike, L50, M|66/100\n|switch|p2a: Rillaboom|Rillaboom, L50, M|100/100\n|-fieldstart|move: Grassy Terrain|[from] ability: Grassy Surge|[of] p2a: Rillaboom\n|move|p1a: Gouging Fire|Heat Crash|p2a: Rillaboom\n|-supereffective|p2a: Rillaboom\n|-damage|p2a: Rillaboom|0 fnt\n|faint|p2a: Rillaboom\n|move|p1b: Ogerpon|Ivy Cudgel|p2b: Urshifu|[anim] Ivy Cudgel Rock\n|-resisted|p2b: Urshifu\n|-damage|p2b: Urshifu|33/100\n|\n|-weather|SunnyDay|[upkeep]\n|-heal|p1a: Gouging Fire|55/100|[from] Grassy Terrain\n|-heal|p2b: Urshifu|39/100|[from] Grassy Terrain\n|upkeep\n|\n|t:|1746016781\n|switch|p2a: Kyogre|Kyogre, L50|41/100\n|-weather|RainDance|[from] ability: Drizzle|[of] p2a: Kyogre\n|-end|p1a: Gouging Fire|Protosynthesis\n|turn|7\n|inactive|J0nko_ has 30 seconds left.\n|\n|t:|1746016811\n|switch|p1b: Indeedee|Indeedee-F, L50, F|100/100\n|-fieldstart|move: Psychic Terrain|[from] ability: Psychic Surge|[of] p1b: Indeedee\n|move|p2b: Urshifu|Surging Strikes|p1b: Indeedee\n|-crit|p1b: Indeedee\n|-damage|p1b: Indeedee|65/100\n|-crit|p1b: Indeedee\n|-damage|p1b: Indeedee|33/100\n|-crit|p1b: Indeedee\n|-damage|p1b: Indeedee|0 fnt\n|faint|p1b: Indeedee\n|-hitcount|p1: Indeedee|3\n|move|p1a: Gouging Fire|Breaking Swipe|p2b: Urshifu|[spread] p2a,p2b\n|-damage|p2a: Kyogre|26/100\n|-damage|p2b: Urshifu|18/100\n|-unboost|p2a: Kyogre|atk|1\n|-unboost|p2b: Urshifu|atk|1\n|move|p2a: Kyogre|Ice Beam|p1a: Gouging Fire\n|-damage|p1a: Gouging Fire|34/100\n|\n|-weather|RainDance|[upkeep]\n|-heal|p2a: Kyogre|33/100|[from] item: Leftovers\n|upkeep\n|\n|t:|1746016817\n|switch|p1b: Ogerpon|Ogerpon-Cornerstone, L50, F|100/100\n|turn|8\n|-message|omegaruby35 forfeited.\n|\n|win|J0nko_\n|l|\u2606omegaruby35\n|player|p1|\n||J0nko_ is ready for game 2.\n||omegaruby35 is ready for game 2.\n|uhtml|next|Next: <a href=\"/battle-gen9vgc2025regibo3-2353901180\"><strong>Game 2 of 3</strong></a>\n|l|\u2606J0nko_\n|player|p2|\n", "uploadtime": 1746017155, "views": 13, "formatid": "gen9vgc2025regibo3", "rating": null, "private": 0, "password": null}