{"id": "gen9vgc2025regibo3-2354978060", "format": "[Gen 9] VGC 2025 Reg I (Bo3)", "players": ["KrisBTots", "frankino98"], "log": "|j|\u2606KrisBTots\n|j|\u2606frankino98\n|html|<table width=\"100%\"><tr><td align=\"left\">KrisBTots</td><td align=\"right\">frankino98</tr><tr><td align=\"left\"><i class=\"fa fa-circle-o\"></i> <i class=\"fa fa-circle-o\"></i> </td><td align=\"right\"><i class=\"fa fa-circle-o\"></i> <i class=\"fa fa-circle-o\"></i> </tr></table>\n|uhtml|bestof|<h2><strong>Game 1</strong> of <a href=\"/game-bestof3-gen9vgc2025regibo3-2354978059\">a best-of-3</a></h2>\n|t:|1746137942\n|gametype|doubles\n|player|p1|KrisBTots|101|1093\n|player|p2|frankino98|170|1186\n|teamsize|p1|6\n|teamsize|p2|6\n|gen|9\n|tier|[Gen 9] VGC 2025 Reg I (Bo3)\n|rated|\n|rule|Species Clause: Limit one of each Pok\u00e9mon\n|rule|Item Clause: Limit 1 of each item\n|clearpoke\n|poke|p1|Calyrex-Ice, L50|\n|poke|p1|Kyogre, L50|\n|poke|p1|Urshifu-*, L50, M|\n|poke|p1|Sinistcha, L50|\n|poke|p1|Mienshao, L50, F|\n|poke|p1|Ursaluna-Bloodmoon, L50, M|\n|poke|p2|Kyogre, L50|\n|poke|p2|Zacian-*, L50|\n|poke|p2|Tornadus, L50, M|\n|poke|p2|Urshifu-*, L50, M|\n|poke|p2|Amoonguss, L50, F|\n|poke|p2|Chien-Pao, L50|\n|teampreview|4\n|showteam|p1|Calyrex-Ice||ClearAmulet|AsOneGlastrier|GlacialLance,HeavySlam,TrickRoom,Protect||||||50|,,,,,Fire]Kyogre||SitrusBerry|Drizzle|WaterSpout,IceBeam,Thunder,Protect||||||50|,,,,,Water]Urshifu||ChoiceScarf|UnseenFist|WickedBlow,CloseCombat,Detect,SuckerPunch|||M|||50|,,,,,Stellar]Sinistcha||RockyHelmet|Hospitality|MatchaGotcha,RagePowder,StrengthSap,TrickRoom||||||50|,,,,,Water]Mienshao||FocusSash|InnerFocus|CloseCombat,FakeOut,KnockOff,WideGuard|||F|||50|,,,,,Fighting]Ursaluna-Bloodmoon||LifeOrb|MindsEye|HyperVoice,BloodMoon,EarthPower,Protect|||M|||50|,,,,,Normal\n|showteam|p2|Kyogre||AssaultVest|Drizzle|WaterSpout,OriginPulse,Thunder,IceBeam||||||50|,,,,,Electric]Zacian-Crowned||RustedSword|IntrepidSword|Protect,behemothblade,PlayRough,Substitute||||||50|,,,,,Normal]Tornadus||CovertCloak|Prankster|Protect,Tailwind,BleakwindStorm,RainDance|||M|||50|,,,,,Dark]Urshifu-Rapid-Strike||ChoiceScarf|UnseenFist|SurgingStrikes,CloseCombat,Coaching,Uturn|||M|||50|,,,,,Water]Amoonguss||RockyHelmet|Regenerator|Protect,RagePowder,Spore,PollenPuff|||F|||50|,,,,,Water]Chien-Pao||FocusSash|SwordofRuin|Protect,IceSpinner,ThroatChop,SuckerPunch||||||50|,,,,,Stellar\n|inactive|Battle timer is ON: inactive players will automatically lose when time's up. (requested by KrisBTots)\n|inactive|KrisBTots has 60 seconds left.\n|inactive|frankino98 has 60 seconds left.\n|\n|t:|1746137997\n|start\n|switch|p1a: Urshifu|Urshifu, L50, M|100/100\n|switch|p1b: Mienshao|Mienshao, L50, F|100/100\n|switch|p2a: Amoonguss|Amoonguss, L50, F|100/100\n|switch|p2b: Urshifu|Urshifu-Rapid-Strike, L50, M|100/100\n|turn|1\n|inactive|KrisBTots has 30 seconds left.\n|inactive|frankino98 has 30 seconds left.\n|inactive|KrisBTots has 20 seconds left.\n|\n|t:|1746138032\n|move|p1b: Mienshao|Fake Out|p2a: Amoonguss\n|-damage|p2a: Amoonguss|88/100\n|-damage|p1b: Mienshao|84/100|[from] item: Rocky Helmet|[of] p2a: Amoonguss\n|cant|p2a: Amoonguss|flinch\n|move|p1a: Urshifu|Sucker Punch|p2b: Urshifu\n|-resisted|p2b: Urshifu\n|-damage|p2b: Urshifu|80/100\n|move|p2b: Urshifu|Surging Strikes|p1a: Urshifu\n|-crit|p1a: Urshifu\n|-damage|p1a: Urshifu|77/100\n|-crit|p1a: Urshifu\n|-damage|p1a: Urshifu|54/100\n|-crit|p1a: Urshifu\n|-damage|p1a: Urshifu|32/100\n|-hitcount|p1a: Urshifu|3\n|\n|upkeep\n|turn|2\n|inactive|KrisBTots has 30 seconds left.\n|\n|t:|1746138058\n|switch|p1a: Kyogre|Kyogre, L50|100/100\n|-weather|RainDance|[from] ability: Drizzle|[of] p1a: Kyogre\n|move|p2a: Amoonguss|Rage Powder|p2a: Amoonguss\n|-singleturn|p2a: Amoonguss|move: Rage Powder\n|move|p2b: Urshifu|Surging Strikes|p1b: Mienshao\n|-crit|p1b: Mienshao\n|-damage|p1b: Mienshao|26/100\n|-crit|p1b: Mienshao\n|-damage|p1b: Mienshao|0 fnt\n|faint|p1b: Mienshao\n|-hitcount|p1: Mienshao|2\n|\n|-weather|RainDance|[upkeep]\n|upkeep\n|\n|t:|1746138072\n|switch|p1b: Urshifu|Urshifu, L50, M|32/100\n|turn|3\n|\n|t:|1746138089\n|-terastallize|p1a: Kyogre|Water\n|move|p1b: Urshifu|Wicked Blow|p2a: Amoonguss\n|-crit|p2a: Amoonguss\n|-damage|p2a: Amoonguss|31/100\n|-damage|p1b: Urshifu|16/100|[from] item: Rocky Helmet|[of] p2a: Amoonguss\n|move|p2b: Urshifu|Surging Strikes|p1b: Urshifu\n|-crit|p1b: Urshifu\n|-damage|p1b: Urshifu|0 fnt\n|faint|p1b: Urshifu\n|-hitcount|p1: Urshifu|1\n|move|p1a: Kyogre|Water Spout|p2a: Amoonguss|[spread] p2a,p2b\n|-resisted|p2a: Amoonguss\n|-resisted|p2b: Urshifu\n|-damage|p2a: Amoonguss|0 fnt\n|-damage|p2b: Urshifu|0 fnt\n|faint|p2a: Amoonguss\n|faint|p2b: Urshifu\n|\n|-weather|RainDance|[upkeep]\n|upkeep\n|\n|t:|1746138106\n|switch|p2b: Kyogre|Kyogre, L50|100/100\n|switch|p1b: Calyrex|Calyrex-Ice, L50|100/100\n|switch|p2a: Zacian|Zacian-Crowned, L50|100/100\n|-ability|p1b: Calyrex|As One\n|-ability|p1b: Calyrex|Unnerve\n|-ability|p2a: Zacian|Intrepid Sword|boost\n|-boost|p2a: Zacian|atk|1\n|turn|4\n|\n|t:|1746138131\n|-terastallize|p2b: Kyogre|Electric\n|move|p1b: Calyrex|Protect|p1b: Calyrex\n|-singleturn|p1b: Calyrex|Protect\n|move|p2a: Zacian|Play Rough|p1b: Calyrex\n|-activate|p1b: Calyrex|move: Protect\n|move|p2b: Kyogre|Thunder|p1a: Kyogre\n|-supereffective|p1a: Kyogre\n|-damage|p1a: Kyogre|25/100\n|-status|p1a: Kyogre|par\n|-enditem|p1a: Kyogre|Sitrus Berry|[eat]\n|-heal|p1a: Kyogre|50/100 par|[from] item: Sitrus Berry\n|move|p1a: Kyogre|Thunder|p2b: Kyogre\n|-resisted|p2b: Kyogre\n|-damage|p2b: Kyogre|91/100\n|\n|-weather|RainDance|[upkeep]\n|upkeep\n|turn|5\n|inactive|KrisBTots has 30 seconds left.\n|\n|t:|1746138159\n|move|p1a: Kyogre|Protect|p1a: Kyogre\n|-singleturn|p1a: Kyogre|Protect\n|move|p2a: Zacian|Play Rough|p1b: Calyrex\n|-damage|p1b: Calyrex|49/100\n|move|p2b: Kyogre|Thunder|p1a: Kyogre\n|-activate|p1a: Kyogre|move: Protect\n|move|p1b: Calyrex|Trick Room|p1b: Calyrex\n|-fieldstart|move: Trick Room|[of] p1b: Calyrex\n|\n|-weather|RainDance|[upkeep]\n|upkeep\n|turn|6\n|\n|t:|1746138181\n|move|p1a: Kyogre|Water Spout|p2b: Kyogre|[spread] p2a,p2b\n|-damage|p2a: Zacian|41/100\n|-damage|p2b: Kyogre|62/100\n|move|p1b: Calyrex|Glacial Lance|p2a: Zacian|[spread] p2a,p2b\n|-resisted|p2a: Zacian\n|-crit|p2b: Kyogre\n|-damage|p2a: Zacian|17/100\n|-damage|p2b: Kyogre|0 fnt\n|faint|p2b: Kyogre\n|-ability|p1b: Calyrex|Chilling Neigh|boost\n|-boost|p1b: Calyrex|atk|1\n|move|p2a: Zacian|Play Rough|p1a: Kyogre\n|-damage|p1a: Kyogre|0 fnt\n|faint|p1a: Kyogre\n|\n|-weather|none\n|upkeep\n|turn|7\n|-message|frankino98 forfeited.\n|\n|win|KrisBTots\n|l|\u2606frankino98\n|player|p2|\n||KrisBTots is ready for game 2.\n||frankino98 is ready for game 2.\n|uhtml|next|Next: <a href=\"/battle-gen9vgc2025regibo3-2354980329\"><strong>Game 2 of 3</strong></a>\n", "uploadtime": 1746138473, "views": 4, "formatid": "gen9vgc2025regibo3", "rating": null, "private": 0, "password": null}