{"id": "gen9vgc2025regibo3-2355075243", "format": "[Gen 9] VGC 2025 Reg I (Bo3)", "players": ["Super\u2665Lucy", "Jakz"], "log": "|j|\u2606Super\u2665Lucy\n|j|\u2606Jakz\n|html|<table width=\"100%\"><tr><td align=\"left\">Super\u2665Lucy</td><td align=\"right\">Jakz</tr><tr><td align=\"left\"><i class=\"fa fa-circle\"></i> <i class=\"fa fa-circle-o\"></i> </td><td align=\"right\"><i class=\"fa fa-circle-o\"></i> <i class=\"fa fa-circle\"></i> </tr></table>\n|uhtml|bestof|<h2><strong>Game 3</strong> of <a href=\"/game-bestof3-gen9vgc2025regibo3-2355067630\">a best-of-3</a></h2>\n|t:|1746149373\n|gametype|doubles\n|player|p1|Super\u2665Lucy|2|\n|player|p2|Jakz|skier|\n|teamsize|p1|6\n|teamsize|p2|6\n|gen|9\n|tier|[Gen 9] VGC 2025 Reg I (Bo3)\n|rule|Species Clause: Limit one of each Pok\u00e9mon\n|rule|Item Clause: Limit 1 of each item\n|clearpoke\n|poke|p1|Koraidon, L50|\n|poke|p1|Calyrex-Shadow, L50|\n|poke|p1|Weezing-Galar, L50, F|\n|poke|p1|Shiftry, L50, M|\n|poke|p1|Incineroar, L50, M|\n|poke|p1|Raging Bolt, L50|\n|poke|p2|Zamazenta-*, L50|\n|poke|p2|Kyogre, L50|\n|poke|p2|Amoonguss, L50, F|\n|poke|p2|Chien-Pao, L50|\n|poke|p2|Urshifu-*, L50, F|\n|poke|p2|Tornadus, L50, M|\n|teampreview|4\n|showteam|p1|Koraidon||AbilityShield|OrichalcumPulse|FlameCharge,FlareBlitz,CollisionCourse,Protect||||||50|,,,,,Fire]Calyrex-Shadow||LifeOrb|AsOneSpectrier|AstralBarrage,Hex,PollenPuff,Protect||||||50|,,,,,Dark]Weezing-Galar||MentalHerb|NeutralizingGas|StrangeSteam,WillOWisp,PoisonGas,Protect|||F|||50|,,,,,Water]Shiftry||FocusSash|Chlorophyll|Tailwind,FakeOut,KnockOff,Endeavor|||M|||50|,,,,,Ghost]Incineroar||RockyHelmet|Intimidate|Taunt,KnockOff,PartingShot,FakeOut|||M|||50|,,,,,Bug]Raging Bolt||AssaultVest|Protosynthesis|DracoMeteor,Thunderbolt,Thunderclap,Snarl||||||50|,,,,,Electric\n|showteam|p2|Zamazenta-Crowned||RustedShield|DauntlessShield|BodyPress,behemothbash,WideGuard,Protect||||||50|,,,,,Dragon]Kyogre||MysticWater|Drizzle|WaterSpout,OriginPulse,IceBeam,Protect||||||50|,,,,,Grass]Amoonguss||RockyHelmet|Regenerator|Spore,RagePowder,PollenPuff,Protect|||F|||50|,,,,,Water]Chien-Pao||FocusSash|SwordofRuin|IceSpinner,SuckerPunch,ThroatChop,Protect||||||50|,,,,,Ghost]Urshifu-Rapid-Strike||ChoiceScarf|UnseenFist|SurgingStrikes,CloseCombat,Uturn,Coaching|||F|||50|,,,,,Ghost]Tornadus||CovertCloak|Prankster|BleakwindStorm,Tailwind,Taunt,RainDance|||M|||50|,,,,,Steel\n|j| byebyebirdie1\n|\n|t:|1746149420\n|start\n|switch|p1a: Weezing|Weezing-Galar, L50, F|100/100\n|switch|p1b: Koraidon|Koraidon, L50|100/100\n|switch|p2a: Zamazenta|Zamazenta-Crowned, L50|100/100\n|switch|p2b: Chien-Pao|Chien-Pao, L50|100/100\n|-ability|p1a: Weezing|Neutralizing Gas\n|-block|p1b: Koraidon|item: Ability Shield\n|-weather|SunnyDay|[from] ability: Orichalcum Pulse|[of] p1b: Koraidon\n|-activate|p1b: Koraidon|Orichalcum Pulse|[source]\n|turn|1\n|\n|t:|1746149474\n|-terastallize|p1b: Koraidon|Fire\n|-terastallize|p2a: Zamazenta|Dragon\n|move|p1b: Koraidon|Flame Charge|p2b: Chien-Pao\n|-supereffective|p2b: Chien-Pao\n|-enditem|p2b: Chien-Pao|Focus Sash\n|-damage|p2b: Chien-Pao|1/100\n|-boost|p1b: Koraidon|spe|1\n|move|p2b: Chien-Pao|Ice Spinner|p1a: Weezing\n|-damage|p1a: Weezing|69/100\n|move|p2a: Zamazenta|Body Press|p1a: Weezing\n|-resisted|p1a: Weezing\n|-damage|p1a: Weezing|59/100\n|move|p1a: Weezing|Will-O-Wisp|p2a: Zamazenta\n|-status|p2a: Zamazenta|brn\n|\n|-weather|SunnyDay|[upkeep]\n|-damage|p2a: Zamazenta|95/100 brn|[from] brn\n|upkeep\n|turn|2\n|\n|t:|1746149509\n|move|p2b: Chien-Pao|Sucker Punch|p1b: Koraidon\n|-damage|p1b: Koraidon|69/100\n|move|p1b: Koraidon|Flame Charge|p2b: Chien-Pao\n|-supereffective|p2b: Chien-Pao\n|-damage|p2b: Chien-Pao|0 fnt\n|-boost|p1b: Koraidon|spe|1\n|faint|p2b: Chien-Pao\n|move|p2a: Zamazenta|Body Press|p1b: Koraidon\n|-damage|p1b: Koraidon|48/100\n|move|p1a: Weezing|Strange Steam|p2a: Zamazenta\n|-supereffective|p2a: Zamazenta\n|-damage|p2a: Zamazenta|47/100 brn\n|\n|-weather|SunnyDay|[upkeep]\n|-damage|p2a: Zamazenta|41/100 brn|[from] brn\n|upkeep\n|\n|t:|1746149525\n|switch|p2b: Tornadus|Tornadus, L50, M|100/100\n|turn|3\n|\n|t:|1746149544\n|move|p1b: Koraidon|Flare Blitz|p2b: Tornadus\n|-damage|p2b: Tornadus|0 fnt\n|faint|p2b: Tornadus\n|-damage|p1b: Koraidon|14/100|[from] Recoil\n|move|p2a: Zamazenta|Behemoth Bash|p1a: Weezing\n|-supereffective|p1a: Weezing\n|-damage|p1a: Weezing|27/100\n|move|p1a: Weezing|Strange Steam|p2a: Zamazenta\n|-supereffective|p2a: Zamazenta\n|-damage|p2a: Zamazenta|0 fnt\n|faint|p2a: Zamazenta\n|\n|-weather|SunnyDay|[upkeep]\n|upkeep\n|\n|t:|1746149556\n|switch|p2a: Kyogre|Kyogre, L50|100/100\n|turn|4\n|\n|t:|1746149563\n|move|p1b: Koraidon|Collision Course|p2a: Kyogre\n|-damage|p2a: Kyogre|35/100\n|move|p2a: Kyogre|Origin Pulse|p1a: Weezing|[spread] p1a,p1b\n|-crit|p1a: Weezing\n|-supereffective|p1b: Koraidon\n|-damage|p1a: Weezing|0 fnt\n|-damage|p1b: Koraidon|0 fnt\n|faint|p1a: Weezing\n|-end|p1a: Weezing|ability: Neutralizing Gas\n|-weather|RainDance|[from] ability: Drizzle|[of] p2a: Kyogre\n|faint|p1b: Koraidon\n|\n|-weather|RainDance|[upkeep]\n|upkeep\n|\n|t:|1746149571\n|switch|p1b: Shiftry|Shiftry, L50, M|100/100\n|switch|p1a: Calyrex|Calyrex-Shadow, L50|100/100\n|-ability|p1a: Calyrex|As One\n|-ability|p1a: Calyrex|Unnerve\n|turn|5\n|\n|t:|1746149584\n|move|p2a: Kyogre|Protect|p2a: Kyogre\n|-singleturn|p2a: Kyogre|Protect\n|move|p1b: Shiftry|Fake Out|p2a: Kyogre\n|-activate|p2a: Kyogre|move: Protect\n|move|p1a: Calyrex|Astral Barrage|p2a: Kyogre\n|-activate|p2a: Kyogre|move: Protect\n|\n|-weather|RainDance|[upkeep]\n|upkeep\n|turn|6\n|\n|t:|1746149596\n|move|p1a: Calyrex|Protect|p1a: Calyrex\n|-singleturn|p1a: Calyrex|Protect\n|move|p1b: Shiftry|Knock Off|p2a: Kyogre\n|-damage|p2a: Kyogre|0 fnt\n|-enditem|p2a: Kyogre|Mystic Water|[from] move: Knock Off|[of] p1b: Shiftry\n|faint|p2a: Kyogre\n|\n|win|Super\u2665Lucy\n", "uploadtime": 1746149603, "views": 3, "formatid": "gen9vgc2025regibo3", "rating": null, "private": 0, "password": null}