{"id": "gen9vgc2025regibo3-2353983842", "format": "[Gen 9] VGC 2025 Reg I (Bo3)", "players": ["direclawexperience", "matrod"], "log": "|j|\u2606direclawexperience\n|j|\u2606matrod\n|html|<table width=\"100%\"><tr><td align=\"left\">direclawexperience</td><td align=\"right\">matrod</tr><tr><td align=\"left\"><i class=\"fa fa-circle\"></i> <i class=\"fa fa-circle-o\"></i> </td><td align=\"right\"><i class=\"fa fa-circle-o\"></i> <i class=\"fa fa-circle\"></i> </tr></table>\n|uhtml|bestof|<h2><strong>Game 3</strong> of <a href=\"/game-bestof3-gen9vgc2025regibo3-2353977222\">a best-of-3</a></h2>\n|t:|1746024902\n|gametype|doubles\n|player|p1|direclawexperience|benga|1260\n|player|p2|matrod|steven|1267\n|teamsize|p1|6\n|teamsize|p2|6\n|gen|9\n|tier|[Gen 9] VGC 2025 Reg I (Bo3)\n|rated|\n|rule|Species Clause: Limit one of each Pok\u00e9mon\n|rule|Item Clause: Limit 1 of each item\n|clearpoke\n|poke|p1|Zamazenta-*, L50|\n|poke|p1|Raging Bolt, L50|\n|poke|p1|Flutter Mane, L50|\n|poke|p1|Volcarona, L50, M|\n|poke|p1|Urshifu-*, L50, M|\n|poke|p1|Terapagos, L50, M|\n|poke|p2|Koraidon, L50|\n|poke|p2|Calyrex-Shadow, L50|\n|poke|p2|Grimmsnarl, L50, M|\n|poke|p2|Brute Bonnet, L50|\n|poke|p2|Rillaboom, L50, F|\n|poke|p2|Weezing, L50, F|\n|teampreview|4\n|showteam|p1|Zamazenta-Crowned||RustedShield|DauntlessShield|BodyPress,IronDefense,HeavySlam,Protect||||||50|,,,,,Dragon]Raging Bolt||AssaultVest|Protosynthesis|Electroweb,Snarl,Thunderclap,DracoMeteor||||||50|,,,,,Fairy]Flutter Mane||BoosterEnergy|Protosynthesis|Moonblast,Hex,ThunderWave,Taunt||||||50|,,,,,Stellar]Volcarona||RockyHelmet|FlameBody|Overheat,RagePowder,WillOWisp,Tailwind|||M|||50|,,,,,Water]Urshifu||ChoiceBand|UnseenFist|WickedBlow,Uturn,CloseCombat,SuckerPunch|||M|||50|,,,,,Ghost]Terapagos||PowerHerb|TeraShift|TeraStarstorm,MeteorBeam,Substitute,Protect|||M|||50|,,,,,Stellar\n|showteam|p2|Koraidon||AbilityShield|OrichalcumPulse|CollisionCourse,FlareBlitz,FlameCharge,Protect||||||50|,,,,,Fire]Calyrex-Shadow||Leftovers|AsOneSpectrier|AstralBarrage,DrainingKiss,CalmMind,Protect||||||50|,,,,,Fairy]Grimmsnarl||LightClay|Prankster|Reflect,LightScreen,SpiritBreak,PartingShot|||M|||50|,,,,,Ghost]Brute Bonnet||CovertCloak|Protosynthesis|PollenPuff,SuckerPunch,Spore,RagePowder||||||50|,,,,,Fire]Rillaboom||AssaultVest|GrassySurge|FakeOut,WoodHammer,GrassyGlide,Uturn|||F|||50|,,,,,Fire]Weezing||FocusSash|NeutralizingGas|WillOWisp,ToxicSpikes,PoisonGas,Protect|||F|||50|,,,,,Normal\n|inactive|Battle timer is ON: inactive players will automatically lose when time's up. (requested by direclawexperience)\n|inactive|direclawexperience has 60 seconds left.\n|inactive|matrod has 60 seconds left.\n|inactive|matrod has 30 seconds left.\n|inactive|matrod has 20 seconds left.\n|\n|t:|1746024975\n|start\n|switch|p1a: Flutter Mane|Flutter Mane, L50|100/100\n|switch|p1b: Urshifu|Urshifu, L50, M|100/100\n|switch|p2a: Koraidon|Koraidon, L50|100/100\n|switch|p2b: Rillaboom|Rillaboom, L50, F|100/100\n|-weather|SunnyDay|[from] ability: Orichalcum Pulse|[of] p2a: Koraidon\n|-activate|p1a: Flutter Mane|ability: Protosynthesis\n|-start|p1a: Flutter Mane|protosynthesisspe\n|-activate|p2a: Koraidon|Orichalcum Pulse|[source]\n|-fieldstart|move: Grassy Terrain|[from] ability: Grassy Surge|[of] p2b: Rillaboom\n|turn|1\n|inactive|matrod has 30 seconds left.\n|inactive|direclawexperience has 30 seconds left.\n|inactive|matrod has 20 seconds left.\n|inactive|matrod has 15 seconds left.\n|inactive|matrod has 10 seconds left.\n|inactive|matrod has 5 seconds left.\n|\n|t:|1746025030\n|switch|p1b: Volcarona|Volcarona, L50, M|100/100\n|-terastallize|p2a: Koraidon|Fire\n|move|p1a: Flutter Mane|Thunder Wave|p2a: Koraidon\n|-status|p2a: Koraidon|par\n|move|p2b: Rillaboom|Wood Hammer|p1a: Flutter Mane\n|-damage|p1a: Flutter Mane|0 fnt\n|faint|p1a: Flutter Mane\n|-end|p1a: Flutter Mane|Protosynthesis|[silent]\n|-damage|p2b: Rillaboom|74/100|[from] Recoil\n|move|p2a: Koraidon|Collision Course|p1b: Volcarona\n|-resisted|p1b: Volcarona\n|-damage|p1b: Volcarona|66/100\n|-damage|p2a: Koraidon|84/100 par|[from] item: Rocky Helmet|[of] p1b: Volcarona\n|\n|-weather|SunnyDay|[upkeep]\n|-heal|p1b: Volcarona|72/100|[from] Grassy Terrain\n|-heal|p2b: Rillaboom|80/100|[from] Grassy Terrain\n|-heal|p2a: Koraidon|90/100 par|[from] Grassy Terrain\n|upkeep\n|\n|t:|1746025048\n|switch|p1a: Urshifu|Urshifu, L50, M|100/100\n|turn|2\n|\n|t:|1746025071\n|move|p1a: Urshifu|Wicked Blow|p2a: Koraidon\n|-crit|p2a: Koraidon\n|-damage|p2a: Koraidon|7/100 par\n|move|p1b: Volcarona|Tailwind|p1b: Volcarona\n|-sidestart|p1: direclawexperience|move: Tailwind\n|move|p2b: Rillaboom|Wood Hammer|p1a: Urshifu\n|-damage|p1a: Urshifu|16/100\n|-damage|p2b: Rillaboom|55/100|[from] Recoil\n|move|p2a: Koraidon|Flare Blitz|p1b: Volcarona\n|-damage|p1b: Volcarona|0 fnt\n|-damage|p2a: Koraidon|0 fnt|[from] item: Rocky Helmet|[of] p1b: Volcarona\n|faint|p1b: Volcarona\n|faint|p2a: Koraidon\n|\n|-weather|SunnyDay|[upkeep]\n|-heal|p1a: Urshifu|23/100|[from] Grassy Terrain\n|-heal|p2b: Rillaboom|61/100|[from] Grassy Terrain\n|upkeep\n|\n|t:|1746025095\n|switch|p2a: Brute Bonnet|Brute Bonnet, L50, shiny|100/100\n|switch|p1b: Zamazenta|Zamazenta-Crowned, L50|100/100\n|-ability|p1b: Zamazenta|Dauntless Shield|boost\n|-boost|p1b: Zamazenta|def|1\n|-activate|p2a: Brute Bonnet|ability: Protosynthesis\n|-start|p2a: Brute Bonnet|protosynthesisdef\n|turn|3\n|\n|t:|1746025118\n|move|p2b: Rillaboom|Grassy Glide|p1a: Urshifu\n|-damage|p1a: Urshifu|0 fnt\n|faint|p1a: Urshifu\n|move|p1b: Zamazenta|Iron Defense|p1b: Zamazenta\n|-boost|p1b: Zamazenta|def|2\n|move|p2a: Brute Bonnet|Spore|p1b: Zamazenta\n|-status|p1b: Zamazenta|slp|[from] move: Spore\n|\n|-weather|SunnyDay|[upkeep]\n|-heal|p2b: Rillaboom|68/100|[from] Grassy Terrain\n|upkeep\n|turn|4\n|inactive|matrod has 30 seconds left.\n|inactive|matrod has 20 seconds left.\n|\n|t:|1746025157\n|-end|p2a: Brute Bonnet|Protosynthesis|[silent]\n|switch|p2a: Calyrex|Calyrex-Shadow, L50|100/100\n|-ability|p2a: Calyrex|As One\n|-ability|p2a: Calyrex|Unnerve\n|cant|p1b: Zamazenta|slp\n|move|p2b: Rillaboom|Wood Hammer|p1b: Zamazenta\n|-resisted|p1b: Zamazenta\n|-crit|p1b: Zamazenta\n|-damage|p1b: Zamazenta|70/100 slp\n|-damage|p2b: Rillaboom|57/100|[from] Recoil\n|\n|-weather|SunnyDay|[upkeep]\n|-heal|p1b: Zamazenta|76/100 slp|[from] Grassy Terrain\n|-heal|p2b: Rillaboom|63/100|[from] Grassy Terrain\n|upkeep\n|turn|5\n|\n|t:|1746025167\n|cant|p1b: Zamazenta|slp\n|move|p2a: Calyrex|Astral Barrage|p1b: Zamazenta\n|-damage|p1b: Zamazenta|31/100 slp\n|move|p2b: Rillaboom|Wood Hammer|p1b: Zamazenta\n|-resisted|p1b: Zamazenta\n|-damage|p1b: Zamazenta|22/100 slp\n|-damage|p2b: Rillaboom|60/100|[from] Recoil\n|\n|-weather|none\n|-heal|p1b: Zamazenta|28/100 slp|[from] Grassy Terrain\n|-heal|p2b: Rillaboom|66/100|[from] Grassy Terrain\n|-sideend|p1: direclawexperience|move: Tailwind\n|-fieldend|move: Grassy Terrain\n|upkeep\n|turn|6\n|-message|direclawexperience forfeited.\n|\n|win|matrod\n|raw|direclawexperience's rating: 1260 &rarr; <strong>1236</strong><br />(-24 for losing)\n|raw|matrod's rating: 1267 &rarr; <strong>1291</strong><br />(+24 for winning)\n|l|\u2606direclawexperience\n|player|p1|\n|l|\u2606matrod\n|player|p2|\n", "uploadtime": 1746025442, "views": 12, "formatid": "gen9vgc2025regibo3", "rating": 1236, "private": 0, "password": null}