{"id": "gen9vgc2025regibo3-2355069752", "format": "[Gen 9] VGC 2025 Reg I (Bo3)", "players": ["jibbles gible", "Owain330"], "log": "|j|\u2606jibbles gible\n|j|\u2606Owain330\n|html|<table width=\"100%\"><tr><td align=\"left\">jibbles gible</td><td align=\"right\">Owain330</tr><tr><td align=\"left\"><i class=\"fa fa-circle-o\"></i> <i class=\"fa fa-circle-o\"></i> </td><td align=\"right\"><i class=\"fa fa-circle-o\"></i> <i class=\"fa fa-circle-o\"></i> </tr></table>\n|uhtml|bestof|<h2><strong>Game 1</strong> of <a href=\"/game-bestof3-gen9vgc2025regibo3-2355069751\">a best-of-3</a></h2>\n|t:|1746148707\n|gametype|doubles\n|player|p1|jibbles gible|266|\n|player|p2|Owain330|brendan-masters|\n|teamsize|p1|6\n|teamsize|p2|6\n|gen|9\n|tier|[Gen 9] VGC 2025 Reg I (Bo3)\n|rule|Species Clause: Limit one of each Pok\u00e9mon\n|rule|Item Clause: Limit 1 of each item\n|clearpoke\n|poke|p1|Calyrex-Ice, L50|\n|poke|p1|Miraidon, L50|\n|poke|p1|Flutter Mane, L50|\n|poke|p1|Chi-Yu, L50|\n|poke|p1|Farigiraf, L50, F|\n|poke|p1|Urshifu-*, L50, M|\n|poke|p2|Miraidon, L50|\n|poke|p2|Iron Valiant, L50|\n|poke|p2|Urshifu-*, L50, F|\n|poke|p2|Incineroar, L50, M|\n|poke|p2|Kyogre, L50|\n|poke|p2|Whimsicott, L50, F|\n|teampreview|4\n|showteam|p1|Calyrex-Ice||ClearAmulet|AsOneGlastrier|GlacialLance,HighHorsepower,TrickRoom,Protect||||||50|,,,,,Fairy]Miraidon||ChoiceSpecs|HadronEngine|ElectroDrift,DracoMeteor,VoltSwitch,DazzlingGleam||||||50|,,,,,Fairy]Flutter Mane||BoosterEnergy|Protosynthesis|Moonblast,ShadowBall,IcyWind,Protect||||||50|,,,,,Normal]Chi-Yu||ChoiceScarf|BeadsofRuin|Flamethrower,DarkPulse,Snarl,Overheat||||||50|,,,,,Ghost]Farigiraf||ElectricSeed|ArmorTail|FoulPlay,PsychicNoise,TrickRoom,HelpingHand|||F|||50|,,,,,Water]Urshifu||FocusSash|UnseenFist|WickedBlow,SuckerPunch,CloseCombat,Protect|||M|||50|,,,,,Dark\n|showteam|p2|Miraidon||LifeOrb|HadronEngine|ElectroDrift,VoltSwitch,DazzlingGleam,Protect||||||50|,,,,,Fairy]Iron Valiant||FocusSash|QuarkDrive|WideGuard,ShadowSneak,SpiritBreak,IcyWind||||||50|,,,,,Ghost]Urshifu-Rapid-Strike||ChoiceBand|UnseenFist|SurgingStrikes,CloseCombat,Uturn,PoisonJab|||F|||50|,,,,,Ghost]Incineroar||SafetyGoggles|Intimidate|FakeOut,KnockOff,PartingShot,WillOWisp|||M|||50|,,,,,Ghost]Kyogre||ChoiceSpecs|Drizzle|WaterSpout,Thunder,IceBeam,OriginPulse||||||50|,,,,,Grass]Whimsicott||CovertCloak|Prankster|Tailwind,Taunt,DazzlingGleam,HelpingHand|||F|||50|,,,,,Steel\n|inactive|Battle timer is ON: inactive players will automatically lose when time's up. (requested by jibbles gible)\n|inactive|jibbles gible has 60 seconds left.\n|inactive|Owain330 has 60 seconds left.\n|inactive|jibbles gible has 30 seconds left.\n|inactive|jibbles gible has 20 seconds left.\n|\n|t:|1746148781\n|start\n|switch|p1a: Chi 3|Miraidon, L50|100/100\n|switch|p1b: \u4f60\u771f\u4e0d\u77e5\u9053\u6211\u662f\u8c01|Urshifu, L50, M|100/100\n|switch|p2a: Fishy|Kyogre, L50|100/100\n|switch|p2b: Sussy|Whimsicott, L50, F|100/100\n|-fieldstart|move: Electric Terrain|[from] ability: Hadron Engine|[of] p1a: Chi 3\n|-weather|RainDance|[from] ability: Drizzle|[of] p2a: Fishy\n|turn|1\n|inactive|jibbles gible has 30 seconds left.\n|inactive|Owain330 has 30 seconds left.\n|inactive|Owain330 has 20 seconds left.\n|inactive|Owain330 has 15 seconds left.\n|\n|t:|1746148824\n|-terastallize|p2a: Fishy|Grass\n|move|p1b: \u4f60\u771f\u4e0d\u77e5\u9053\u6211\u662f\u8c01|Sucker Punch|p2a: Fishy\n|-damage|p2a: Fishy|62/100\n|move|p2b: Sussy|Tailwind|p2b: Sussy\n|-sidestart|p2: Owain330|move: Tailwind\n|move|p2a: Fishy|Origin Pulse|p1b: \u4f60\u771f\u4e0d\u77e5\u9053\u6211\u662f\u8c01|[spread] p1a\n|-miss|p2a: Fishy|p1b: \u4f60\u771f\u4e0d\u77e5\u9053\u6211\u662f\u8c01\n|-resisted|p1a: Chi 3\n|-damage|p1a: Chi 3|43/100\n|move|p1a: Chi 3|Volt Switch|p2a: Fishy\n|-resisted|p2a: Fishy\n|-damage|p2a: Fishy|26/100\n|\n|t:|1746148835\n|switch|p1a: Great Neck|Farigiraf, L50, F|100/100|[from] Volt Switch\n|-enditem|p1a: Great Neck|Electric Seed\n|-boost|p1a: Great Neck|def|1|[from] item: Electric Seed\n|\n|-weather|RainDance|[upkeep]\n|upkeep\n|turn|2\n|\n|t:|1746148846\n|-terastallize|p1a: Great Neck|Water\n|move|p1b: \u4f60\u771f\u4e0d\u77e5\u9053\u6211\u662f\u8c01|Protect|p1b: \u4f60\u771f\u4e0d\u77e5\u9053\u6211\u662f\u8c01\n|-singleturn|p1b: \u4f60\u771f\u4e0d\u77e5\u9053\u6211\u662f\u8c01|Protect\n|move|p2a: Fishy|Origin Pulse|p1a: Great Neck|[spread] p1a\n|-activate|p1b: \u4f60\u771f\u4e0d\u77e5\u9053\u6211\u662f\u8c01|move: Protect\n|-resisted|p1a: Great Neck\n|-damage|p1a: Great Neck|46/100\n|move|p2b: Sussy|Dazzling Gleam|p1a: Great Neck|[spread] p1a\n|-activate|p1b: \u4f60\u771f\u4e0d\u77e5\u9053\u6211\u662f\u8c01|move: Protect\n|-damage|p1a: Great Neck|31/100\n|move|p1a: Great Neck|Trick Room|p1a: Great Neck\n|-fieldstart|move: Trick Room|[of] p1a: Great Neck\n|\n|-weather|RainDance|[upkeep]\n|upkeep\n|turn|3\n|\n|t:|1746148868\n|move|p1a: Great Neck|Psychic Noise|p2b: Sussy\n|-damage|p2b: Sussy|63/100\n|move|p1b: \u4f60\u771f\u4e0d\u77e5\u9053\u6211\u662f\u8c01|Wicked Blow|p2a: Fishy\n|-crit|p2a: Fishy\n|-damage|p2a: Fishy|0 fnt\n|faint|p2a: Fishy\n|move|p2b: Sussy|Dazzling Gleam|p1a: Great Neck|[spread] p1a,p1b\n|-supereffective|p1b: \u4f60\u771f\u4e0d\u77e5\u9053\u6211\u662f\u8c01\n|-damage|p1a: Great Neck|15/100\n|-enditem|p1b: \u4f60\u771f\u4e0d\u77e5\u9053\u6211\u662f\u8c01|Focus Sash\n|-damage|p1b: \u4f60\u771f\u4e0d\u77e5\u9053\u6211\u662f\u8c01|1/100\n|\n|-weather|RainDance|[upkeep]\n|upkeep\n|\n|t:|1746148892\n|switch|p2a: Questionable|Miraidon, L50|100/100\n|-activate|p2a: Questionable|ability: Hadron Engine\n|turn|4\n|\n|t:|1746148911\n|switch|p2a: Suspect|Urshifu-Rapid-Strike, L50, F|100/100\n|move|p1a: Great Neck|Psychic Noise|p2a: Suspect\n|-supereffective|p2a: Suspect\n|-damage|p2a: Suspect|22/100\n|-start|p2a: Suspect|move: Heal Block\n|move|p1b: \u4f60\u771f\u4e0d\u77e5\u9053\u6211\u662f\u8c01|Wicked Blow|p2a: Suspect\n|-resisted|p2a: Suspect\n|-crit|p2a: Suspect\n|-damage|p2a: Suspect|0 fnt\n|faint|p2a: Suspect\n|move|p2b: Sussy|Dazzling Gleam|p1b: \u4f60\u771f\u4e0d\u77e5\u9053\u6211\u662f\u8c01|[spread] p1a,p1b\n|-supereffective|p1b: \u4f60\u771f\u4e0d\u77e5\u9053\u6211\u662f\u8c01\n|-damage|p1a: Great Neck|0 fnt\n|-damage|p1b: \u4f60\u771f\u4e0d\u77e5\u9053\u6211\u662f\u8c01|0 fnt\n|faint|p1a: Great Neck\n|faint|p1b: \u4f60\u771f\u4e0d\u77e5\u9053\u6211\u662f\u8c01\n|\n|-weather|RainDance|[upkeep]\n|-sideend|p2: Owain330|move: Tailwind\n|upkeep\n|\n|t:|1746148926\n|switch|p1a: Chi 3|Miraidon, L50|43/100\n|switch|p1b: Honse|Calyrex-Ice, L50|100/100\n|switch|p2a: Questionable|Miraidon, L50|100/100\n|-ability|p1b: Honse|As One\n|-ability|p1b: Honse|Unnerve\n|-activate|p2a: Questionable|ability: Hadron Engine\n|-activate|p1a: Chi 3|ability: Hadron Engine\n|turn|5\n|inactive|jibbles gible has 30 seconds left.\n|inactive|Owain330 has 30 seconds left.\n|\n|t:|1746148953\n|move|p2a: Questionable|Protect|p2a: Questionable\n|-singleturn|p2a: Questionable|Protect\n|move|p2b: Sussy|Tailwind|p2b: Sussy\n|-sidestart|p2: Owain330|move: Tailwind\n|move|p1b: Honse|Glacial Lance|p2b: Sussy|[spread] p2b\n|-activate|p2a: Questionable|move: Protect\n|-supereffective|p2b: Sussy\n|-damage|p2b: Sussy|0 fnt\n|faint|p2b: Sussy\n|-ability|p1b: Honse|Chilling Neigh|boost\n|-boost|p1b: Honse|atk|1\n|move|p1a: Chi 3|Dazzling Gleam|p2a: Questionable\n|-activate|p2a: Questionable|move: Protect\n|\n|-weather|none\n|-fieldend|move: Electric Terrain\n|upkeep\n|turn|6\n|\n|t:|1746148969\n|move|p2a: Questionable|Protect||[still]\n|-fail|p2a: Questionable\n|move|p1b: Honse|Glacial Lance|p2a: Questionable\n|-supereffective|p2a: Questionable\n|-damage|p2a: Questionable|0 fnt\n|faint|p2a: Questionable\n|\n|win|jibbles gible\n||jibbles gible is ready for game 2.\n|inactive|Owain330 has 30 seconds to confirm battle start!\n||Owain330 is ready for game 2.\n|uhtml|next|Next: <a href=\"/battle-gen9vgc2025regibo3-2355072081\"><strong>Game 2 of 3</strong></a>\n", "uploadtime": 1746149320, "views": 3, "formatid": "gen9vgc2025regibo3", "rating": null, "private": 0, "password": null}