{"id": "gen9vgc2025regibo3-2354446248", "format": "[Gen 9] VGC 2025 Reg I (Bo3)", "players": ["Jakobtc", "AetryxGameing"], "log": "|j|\u2606Jakobtc\n|j|\u2606AetryxGameing\n|html|<table width=\"100%\"><tr><td align=\"left\">Jakobtc</td><td align=\"right\">AetryxGameing</tr><tr><td align=\"left\"><i class=\"fa fa-circle-o\"></i> <i class=\"fa fa-circle-o\"></i> </td><td align=\"right\"><i class=\"fa fa-circle-o\"></i> <i class=\"fa fa-circle-o\"></i> </tr></table>\n|uhtml|bestof|<h2><strong>Game 1</strong> of <a href=\"/game-bestof3-gen9vgc2025regibo3-2354446247\">a best-of-3</a></h2>\n|t:|1746072832\n|gametype|doubles\n|player|p1|Jakobtc|riley|\n|player|p2|AetryxGameing|101|\n|teamsize|p1|6\n|teamsize|p2|6\n|gen|9\n|tier|[Gen 9] VGC 2025 Reg I (Bo3)\n|rule|Species Clause: Limit one of each Pok\u00e9mon\n|rule|Item Clause: Limit 1 of each item\n|clearpoke\n|poke|p1|Calyrex-Shadow, L50|\n|poke|p1|Zacian-*, L50|\n|poke|p1|Incineroar, L50, M|\n|poke|p1|Rillaboom, L50, M|\n|poke|p1|Urshifu-*, L50, M|\n|poke|p1|Tornadus, L50, M|\n|poke|p2|Koraidon, L50|\n|poke|p2|Lunala, L50|\n|poke|p2|Indeedee-F, L50, F|\n|poke|p2|Flutter Mane, L50|\n|poke|p2|Chi-Yu, L50|\n|poke|p2|Ogerpon-Cornerstone, L50, F|\n|teampreview|4\n|showteam|p1|Calyrex-Shadow||FocusSash|AsOneSpectrier|AstralBarrage,Psychic,Taunt,Protect||||||50|,,,,,Stellar]Zacian-Crowned||RustedSword|IntrepidSword|behemothblade,PlayRough,SacredSword,Protect||||||50|,,,,,Water]Incineroar||SafetyGoggles|Intimidate|FakeOut,KnockOff,HelpingHand,PartingShot|||M|||50|,,,,,Bug]Rillaboom||AssaultVest|GrassySurge|FakeOut,GrassyGlide,WoodHammer,Uturn|||M|||50|,,,,,Fire]Urshifu-Rapid-Strike||ChoiceScarf|UnseenFist|SurgingStrikes,CloseCombat,AquaJet,Uturn|||M|||50|,,,,,Water]Tornadus||CovertCloak|Prankster|BleakwindStorm,Tailwind,RainDance,Protect|||M|||50|,,,,,Dark\n|showteam|p2|Koraidon||ClearAmulet|OrichalcumPulse|CloseCombat,FlareBlitz,FlameCharge,Protect||||||50|,,,,,Fire]Lunala||PowerHerb|ShadowShield|MoongeistBeam,ExpandingForce,MeteorBeam,WideGuard||||||50|,,,,,Fairy]Indeedee-F||RockyHelmet|PsychicSurge|Psychic,FollowMe,HelpingHand,TrickRoom|||F|||50|,,,,,Fairy]Flutter Mane||FocusSash|Protosynthesis|Moonblast,IcyWind,Taunt,Protect||||||50|,,,,,Normal]Chi-Yu||ChoiceScarf|BeadsofRuin|DarkPulse,Snarl,HeatWave,Overheat||||||50|,,,,,Ghost]Ogerpon-Cornerstone||CornerstoneMask|Sturdy|IvyCudgel,PowerWhip,FollowMe,SpikyShield|||F|||50|,,,,,Rock\n|\n|t:|1746072903\n|start\n|switch|p1a: Urshifu|Urshifu-Rapid-Strike, L50, M|100/100\n|switch|p1b: My Cat|Incineroar, L50, M|100/100\n|switch|p2a: Lunala|Lunala, L50|100/100\n|switch|p2b: Indeedee|Indeedee-F, L50, F|100/100\n|-fieldstart|move: Psychic Terrain|[from] ability: Psychic Surge|[of] p2b: Indeedee\n|-ability|p1b: My Cat|Intimidate|boost\n|-unboost|p2a: Lunala|atk|1\n|-unboost|p2b: Indeedee|atk|1\n|turn|1\n|\n|t:|1746072941\n|-terastallize|p2b: Indeedee|Fairy\n|move|p2b: Indeedee|Follow Me|p2b: Indeedee\n|-singleturn|p2b: Indeedee|move: Follow Me\n|move|p1a: Urshifu|U-turn|p2b: Indeedee\n|-resisted|p2b: Indeedee\n|-damage|p2b: Indeedee|86/100\n|-damage|p1a: Urshifu|84/100|[from] item: Rocky Helmet|[of] p2b: Indeedee\n|\n|t:|1746072956\n|switch|p1a: Severus|Calyrex-Shadow, L50|100/100|[from] U-turn\n|-ability|p1a: Severus|As One\n|-ability|p1a: Severus|Unnerve\n|move|p2a: Lunala|Expanding Force|p1b: My Cat|[spread] p1a\n|-immune|p1b: My Cat\n|-resisted|p1a: Severus\n|-crit|p1a: Severus\n|-damage|p1a: Severus|49/100\n|move|p1b: My Cat|Parting Shot|p2b: Indeedee\n|-unboost|p2b: Indeedee|atk|1\n|-unboost|p2b: Indeedee|spa|1\n|\n|t:|1746072975\n|switch|p1b: Urshifu|Urshifu-Rapid-Strike, L50, M|84/100|[from] Parting Shot\n|\n|upkeep\n|turn|2\n|\n|t:|1746072994\n|switch|p1b: My Cat|Incineroar, L50, M|100/100\n|-ability|p1b: My Cat|Intimidate|boost\n|-unboost|p2a: Lunala|atk|1\n|-unboost|p2b: Indeedee|atk|1\n|move|p2a: Lunala|Wide Guard|p2a: Lunala\n|-singleturn|p2a: Lunala|Wide Guard\n|move|p1a: Severus|Psychic|p2b: Indeedee\n|-damage|p2b: Indeedee|12/100\n|move|p2b: Indeedee|Trick Room|p2b: Indeedee\n|-fieldstart|move: Trick Room|[of] p2b: Indeedee\n|\n|upkeep\n|turn|3\n|\n|t:|1746073031\n|switch|p1a: Tornadus|Tornadus, L50, M|100/100\n|move|p1b: My Cat|Knock Off|p2a: Lunala\n|-supereffective|p2a: Lunala\n|-damage|p2a: Lunala|41/100\n|-enditem|p2a: Lunala|Power Herb|[from] move: Knock Off|[of] p1b: My Cat\n|move|p2b: Indeedee|Psychic|p1a: Tornadus\n|-crit|p1a: Tornadus\n|-damage|p1a: Tornadus|30/100\n|move|p2a: Lunala|Meteor Beam||[still]\n|-prepare|p2a: Lunala|Meteor Beam\n|-boost|p2a: Lunala|spa|1\n|\n|upkeep\n|turn|4\n|\n|t:|1746073048\n|move|p1a: Tornadus|Protect|p1a: Tornadus\n|-singleturn|p1a: Tornadus|Protect\n|move|p2b: Indeedee|Follow Me|p2b: Indeedee\n|-singleturn|p2b: Indeedee|move: Follow Me\n|move|p1b: My Cat|Parting Shot|p2b: Indeedee\n|-unboost|p2b: Indeedee|atk|1\n|-unboost|p2b: Indeedee|spa|1\n|\n|t:|1746073055\n|switch|p1b: Urshifu|Urshifu-Rapid-Strike, L50, M|84/100|[from] Parting Shot\n|move|p2a: Lunala|Meteor Beam|p1b: Urshifu|[from] lockedmove\n|-resisted|p1b: Urshifu\n|-damage|p1b: Urshifu|34/100\n|\n|upkeep\n|turn|5\n|\n|t:|1746073079\n|switch|p1b: My Cat|Incineroar, L50, M|100/100\n|-ability|p1b: My Cat|Intimidate|boost\n|-unboost|p2a: Lunala|atk|1\n|-unboost|p2b: Indeedee|atk|1\n|-terastallize|p1a: Tornadus|Dark\n|move|p2b: Indeedee|Follow Me|p2b: Indeedee\n|-singleturn|p2b: Indeedee|move: Follow Me\n|move|p2a: Lunala|Expanding Force|p1b: My Cat|[spread] \n|-immune|p1a: Tornadus\n|-immune|p1b: My Cat\n|move|p1a: Tornadus|Bleakwind Storm|p2b: Indeedee|[spread] p2a,p2b\n|-damage|p2a: Lunala|17/100\n|-damage|p2b: Indeedee|0 fnt\n|-unboost|p2a: Lunala|spe|1\n|faint|p2b: Indeedee\n|\n|-fieldend|move: Psychic Terrain\n|upkeep\n|\n|t:|1746073084\n|switch|p2b: Ogerpon|Ogerpon-Cornerstone, L50, F|100/100\n|turn|6\n|\n|t:|1746073116\n|move|p1a: Tornadus|Protect|p1a: Tornadus\n|-singleturn|p1a: Tornadus|Protect\n|move|p1b: My Cat|Knock Off|p2a: Lunala\n|-supereffective|p2a: Lunala\n|-damage|p2a: Lunala|0 fnt\n|faint|p2a: Lunala\n|move|p2b: Ogerpon|Ivy Cudgel|p1b: My Cat|[anim] Ivy Cudgel Rock\n|-supereffective|p1b: My Cat\n|-damage|p1b: My Cat|7/100\n|\n|-fieldend|move: Trick Room\n|upkeep\n|\n|t:|1746073121\n|switch|p2a: Chi-Yu|Chi-Yu, L50|100/100\n|-ability|p2a: Chi-Yu|Beads of Ruin\n|turn|7\n|\n|t:|1746073149\n|move|p2b: Ogerpon|Spiky Shield|p2b: Ogerpon\n|-singleturn|p2b: Ogerpon|move: Protect\n|move|p1a: Tornadus|Tailwind|p1a: Tornadus\n|-sidestart|p1: Jakobtc|move: Tailwind\n|move|p2a: Chi-Yu|Heat Wave|p1b: My Cat|[spread] p1a,p1b\n|-resisted|p1b: My Cat\n|-damage|p1a: Tornadus|0 fnt\n|-damage|p1b: My Cat|0 fnt\n|faint|p1a: Tornadus\n|faint|p1b: My Cat\n|\n|upkeep\n|\n|t:|1746073158\n|switch|p1a: Urshifu|Urshifu-Rapid-Strike, L50, M|34/100\n|switch|p1b: Severus|Calyrex-Shadow, L50|49/100\n|-ability|p1b: Severus|As One\n|-ability|p1b: Severus|Unnerve\n|turn|8\n|\n|t:|1746073189\n|move|p2b: Ogerpon|Follow Me|p2b: Ogerpon\n|-singleturn|p2b: Ogerpon|move: Follow Me\n|move|p1a: Urshifu|Surging Strikes|p2b: Ogerpon\n|-crit|p2b: Ogerpon\n|-damage|p2b: Ogerpon|71/100\n|-crit|p2b: Ogerpon\n|-damage|p2b: Ogerpon|40/100\n|-crit|p2b: Ogerpon\n|-damage|p2b: Ogerpon|9/100\n|-hitcount|p2b: Ogerpon|3\n|move|p1b: Severus|Astral Barrage|p2b: Ogerpon|[spread] p2a,p2b\n|-resisted|p2a: Chi-Yu\n|-damage|p2a: Chi-Yu|66/100\n|-damage|p2b: Ogerpon|0 fnt\n|faint|p2b: Ogerpon\n|-ability|p1b: Severus|Grim Neigh|boost\n|-boost|p1b: Severus|spa|1\n|move|p2a: Chi-Yu|Heat Wave|p1b: Severus|[spread] p1a,p1b\n|-resisted|p1a: Urshifu\n|-damage|p1a: Urshifu|0 fnt\n|-damage|p1b: Severus|0 fnt\n|faint|p1a: Urshifu\n|faint|p1b: Severus\n|\n|win|AetryxGameing\n||AetryxGameing is ready for game 2.\n|inactive|Jakobtc has 30 seconds to confirm battle start!\n|inactive|Jakobtc has 20 seconds to confirm battle start!\n|inactive|Jakobtc has 10 seconds to confirm battle start!\n||Jakobtc is ready for game 2.\n|uhtml|next|Next: <a href=\"/battle-gen9vgc2025regibo3-2354448944\"><strong>Game 2 of 3</strong></a>\n", "uploadtime": 1746073207, "views": 13, "formatid": "gen9vgc2025regibo3", "rating": null, "private": 0, "password": null}