{"id": "gen9vgc2025regibo3-2354892967", "format": "[Gen 9] VGC 2025 Reg I (Bo3)", "players": ["Gworf", "angandi01"], "log": "|j|\u2606Gworf\n|j|\u2606angandi01\n|html|<table width=\"100%\"><tr><td align=\"left\">Gworf</td><td align=\"right\">angandi01</tr><tr><td align=\"left\"><i class=\"fa fa-circle-o\"></i> <i class=\"fa fa-circle-o\"></i> </td><td align=\"right\"><i class=\"fa fa-circle-o\"></i> <i class=\"fa fa-circle-o\"></i> </tr></table>\n|uhtml|bestof|<h2><strong>Game 1</strong> of <a href=\"/game-bestof3-gen9vgc2025regibo3-2354892963\">a best-of-3</a></h2>\n|t:|1746129170\n|gametype|doubles\n|player|p1|Gworf|acetrainer-gen4dp|1162\n|player|p2|angandi01|265|1196\n|teamsize|p1|6\n|teamsize|p2|6\n|gen|9\n|tier|[Gen 9] VGC 2025 Reg I (Bo3)\n|rated|\n|rule|Species Clause: Limit one of each Pok\u00e9mon\n|rule|Item Clause: Limit 1 of each item\n|clearpoke\n|poke|p1|Zamazenta-*, L50|\n|poke|p1|Calyrex-Shadow, L50|\n|poke|p1|Rillaboom, L50, F|\n|poke|p1|Ogerpon-Cornerstone, L50, F|\n|poke|p1|Tornadus, L50, M|\n|poke|p1|Ninetales, L50, M|\n|poke|p2|Miraidon, L50|\n|poke|p2|Ho-Oh, L50|\n|poke|p2|Iron Hands, L50|\n|poke|p2|Urshifu-*, L50, M|\n|poke|p2|Ursaluna, L50, M|\n|poke|p2|Farigiraf, L50, F|\n|teampreview|4\n|showteam|p1|Zamazenta-Crowned||RustedShield|DauntlessShield|behemothbash,BodyPress,WideGuard,Protect||||||50|,,,,,Water]Calyrex-Shadow||FocusSash|AsOneSpectrier|AstralBarrage,Disable,Encore,Protect||||||50|,,,,,Ghost]Rillaboom||AssaultVest|GrassySurge|FakeOut,GrassyGlide,WoodHammer,Uturn|||F|||50|,,,,,Grass]Ogerpon-Cornerstone||CornerstoneMask|Sturdy|IvyCudgel,GrassyGlide,FollowMe,SpikyShield|||F|||50|,,,,,Rock]Tornadus||MentalHerb|Prankster|Tailwind,BleakwindStorm,Taunt,Substitute|||M|||50|,,,,,Ghost]Ninetales||LifeOrb|Drought|HeatWave,FireBlast,HelpingHand,Protect|||M|||50|,,,,,Fire\n|showteam|p2|Miraidon||ChoiceSpecs|HadronEngine|ElectroDrift,DracoMeteor,DazzlingGleam,VoltSwitch||||||50|,,,,,Fairy]Ho-Oh||ClearAmulet|Regenerator|SacredFire,BraveBird,Tailwind,Protect||||||50|,,,,,Grass]Iron Hands||AssaultVest|QuarkDrive|FakeOut,WildCharge,DrainPunch,LowKick||||||50|,,,,,Fire]Urshifu||FocusSash|UnseenFist|WickedBlow,CloseCombat,SuckerPunch,Protect|||M|||50|,,,,,Stellar]Ursaluna||FlameOrb|Guts|Facade,Earthquake,HeadlongRush,Protect|||M|||50|,,,,,Fairy]Farigiraf||ElectricSeed|ArmorTail|HyperVoice,FoulPlay,TrickRoom,HelpingHand|||F|||50|,,,,,Water\n|inactive|Battle timer is ON: inactive players will automatically lose when time's up. (requested by Gworf)\n|inactive|Gworf has 60 seconds left.\n|inactive|Gworf has 30 seconds left.\n|\n|t:|1746129238\n|start\n|switch|p1a: Zamazenta|Zamazenta-Crowned, L50|100/100\n|switch|p1b: Ogerpon|Ogerpon-Cornerstone, L50, F|100/100\n|switch|p2a: Miraidon|Miraidon, L50|100/100\n|switch|p2b: Farigiraf|Farigiraf, L50, F|100/100\n|-fieldstart|move: Electric Terrain|[from] ability: Hadron Engine|[of] p2a: Miraidon\n|-enditem|p2b: Farigiraf|Electric Seed\n|-boost|p2b: Farigiraf|def|1|[from] item: Electric Seed\n|-ability|p1a: Zamazenta|Dauntless Shield|boost\n|-boost|p1a: Zamazenta|def|1\n|turn|1\n|inactive|Gworf has 30 seconds left.\n|inactive|angandi01 has 30 seconds left.\n|inactive|angandi01 has 20 seconds left.\n|inactive|angandi01 has 15 seconds left.\n|inactive|angandi01 has 10 seconds left.\n|\n|t:|1746129288\n|-terastallize|p2b: Farigiraf|Water\n|move|p1a: Zamazenta|Protect|p1a: Zamazenta\n|-singleturn|p1a: Zamazenta|Protect\n|move|p2a: Miraidon|Volt Switch|p1a: Zamazenta\n|-activate|p1a: Zamazenta|move: Protect\n|move|p1b: Ogerpon|Ivy Cudgel|p2a: Miraidon|[anim] Ivy Cudgel Rock\n|-damage|p2a: Miraidon|49/100\n|move|p2b: Farigiraf|Trick Room|p2b: Farigiraf\n|-fieldstart|move: Trick Room|[of] p2b: Farigiraf\n|\n|upkeep\n|turn|2\n|inactive|Gworf has 30 seconds left.\n|\n|t:|1746129315\n|switch|p2a: Ursaluna|Ursaluna, L50, M|100/100\n|move|p2b: Farigiraf|Hyper Voice|p1a: Zamazenta|[spread] p1a,p1b\n|-resisted|p1a: Zamazenta\n|-resisted|p1b: Ogerpon\n|-damage|p1a: Zamazenta|90/100\n|-damage|p1b: Ogerpon|87/100\n|move|p1b: Ogerpon|Ivy Cudgel|p2a: Ursaluna|[anim] Ivy Cudgel Rock\n|-resisted|p2a: Ursaluna\n|-damage|p2a: Ursaluna|78/100\n|move|p1a: Zamazenta|Body Press|p2a: Ursaluna\n|-supereffective|p2a: Ursaluna\n|-damage|p2a: Ursaluna|0 fnt\n|faint|p2a: Ursaluna\n|\n|upkeep\n|\n|t:|1746129331\n|switch|p2a: Ho-Oh|Ho-Oh, L50|100/100\n|turn|3\n|inactive|angandi01 has 30 seconds left.\n|inactive|angandi01 has 20 seconds left.\n|\n|t:|1746129370\n|move|p2b: Farigiraf|Helping Hand|p2a: Ho-Oh\n|-singleturn|p2a: Ho-Oh|Helping Hand|[of] p2b: Farigiraf\n|move|p1b: Ogerpon|Spiky Shield|p1b: Ogerpon\n|-singleturn|p1b: Ogerpon|move: Protect\n|move|p1a: Zamazenta|Protect|p1a: Zamazenta\n|-singleturn|p1a: Zamazenta|Protect\n|move|p2a: Ho-Oh|Sacred Fire|p1b: Ogerpon\n|-activate|p1b: Ogerpon|move: Protect\n|\n|upkeep\n|turn|4\n|\n|t:|1746129387\n|switch|p1b: Ninetales|Ninetales, L50, M|100/100\n|-weather|SunnyDay|[from] ability: Drought|[of] p1b: Ninetales\n|-terastallize|p1a: Zamazenta|Water\n|move|p2b: Farigiraf|Helping Hand|p2a: Ho-Oh\n|-singleturn|p2a: Ho-Oh|Helping Hand|[of] p2b: Farigiraf\n|move|p2a: Ho-Oh|Sacred Fire|p1b: Ninetales\n|-resisted|p1b: Ninetales\n|-damage|p1b: Ninetales|20/100\n|move|p1a: Zamazenta|Body Press|p2b: Farigiraf\n|-damage|p2b: Farigiraf|66/100\n|\n|-weather|SunnyDay|[upkeep]\n|upkeep\n|turn|5\n|inactive|Gworf has 30 seconds left.\n|\n|t:|1746129421\n|move|p1b: Ninetales|Helping Hand|p1a: Zamazenta\n|-singleturn|p1a: Zamazenta|Helping Hand|[of] p1b: Ninetales\n|move|p2b: Farigiraf|Hyper Voice|p1a: Zamazenta|[spread] p1a,p1b\n|-damage|p1a: Zamazenta|68/100\n|-damage|p1b: Ninetales|0 fnt\n|faint|p1b: Ninetales\n|move|p2a: Ho-Oh|Brave Bird|p1a: Zamazenta\n|-damage|p1a: Zamazenta|46/100\n|-damage|p2a: Ho-Oh|95/100|[from] Recoil\n|move|p1a: Zamazenta|Body Press|p2b: Farigiraf\n|-damage|p2b: Farigiraf|12/100\n|\n|-weather|SunnyDay|[upkeep]\n|-fieldend|move: Trick Room\n|-fieldend|move: Electric Terrain\n|upkeep\n|\n|t:|1746129436\n|switch|p1b: Calyrex|Calyrex-Shadow, L50|100/100\n|-ability|p1b: Calyrex|As One\n|-ability|p1b: Calyrex|Unnerve\n|turn|6\n|\n|t:|1746129452\n|move|p1b: Calyrex|Astral Barrage|p2b: Farigiraf|[spread] p2a,p2b\n|-damage|p2a: Ho-Oh|67/100\n|-damage|p2b: Farigiraf|0 fnt\n|faint|p2b: Farigiraf\n|-ability|p1b: Calyrex|Grim Neigh|boost\n|-boost|p1b: Calyrex|spa|1\n|move|p1a: Zamazenta|Body Press|p2a: Ho-Oh\n|-resisted|p2a: Ho-Oh\n|-damage|p2a: Ho-Oh|31/100\n|move|p2a: Ho-Oh|Tailwind|p2a: Ho-Oh\n|-sidestart|p2: angandi01|move: Tailwind\n|\n|-weather|SunnyDay|[upkeep]\n|upkeep\n|\n|t:|1746129467\n|switch|p2b: Miraidon|Miraidon, L50|49/100\n|-fieldstart|move: Electric Terrain|[from] ability: Hadron Engine|[of] p2b: Miraidon\n|turn|7\n|\n|t:|1746129482\n|move|p1b: Calyrex|Protect|p1b: Calyrex\n|-singleturn|p1b: Calyrex|Protect\n|move|p2b: Miraidon|Electro Drift|p1b: Calyrex\n|-activate|p1b: Calyrex|move: Protect\n|move|p2a: Ho-Oh|Sacred Fire|p1b: Calyrex\n|-activate|p1b: Calyrex|move: Protect\n|move|p1a: Zamazenta|Body Press|p2b: Miraidon\n|-damage|p2b: Miraidon|0 fnt\n|faint|p2b: Miraidon\n|\n|-weather|SunnyDay|[upkeep]\n|upkeep\n|turn|8\n|\n|t:|1746129500\n|move|p2a: Ho-Oh|Sacred Fire|p1b: Calyrex\n|-damage|p1b: Calyrex|15/100\n|move|p1b: Calyrex|Astral Barrage|p2a: Ho-Oh\n|-damage|p2a: Ho-Oh|0 fnt\n|faint|p2a: Ho-Oh\n|\n|win|Gworf\n||Gworf is ready for game 2.\n||angandi01 is ready for game 2.\n|uhtml|next|Next: <a href=\"/battle-gen9vgc2025regibo3-2354896492\"><strong>Game 2 of 3</strong></a>\n|l|\u2606Gworf\n|player|p1|\n", "uploadtime": 1746130119, "views": 6, "formatid": "gen9vgc2025regibo3", "rating": null, "private": 0, "password": null}