{"id": "gen9vgc2025regibo3-2354487275", "format": "[Gen 9] VGC 2025 Reg I (Bo3)", "players": ["Desertfreak", "CostaYo"], "log": "|j|\u2606Desertfreak\n|j|\u2606CostaYo\n|html|<table width=\"100%\"><tr><td align=\"left\">Desertfreak</td><td align=\"right\">CostaYo</tr><tr><td align=\"left\"><i class=\"fa fa-circle-o\"></i> <i class=\"fa fa-circle-o\"></i> </td><td align=\"right\"><i class=\"fa fa-circle-o\"></i> <i class=\"fa fa-circle-o\"></i> </tr></table>\n|uhtml|bestof|<h2><strong>Game 1</strong> of <a href=\"/game-bestof3-gen9vgc2025regibo3-2354487274\">a best-of-3</a></h2>\n|t:|1746079946\n|gametype|doubles\n|player|p1|Desertfreak|170|1338\n|player|p2|CostaYo|n|1328\n|teamsize|p1|6\n|teamsize|p2|6\n|gen|9\n|tier|[Gen 9] VGC 2025 Reg I (Bo3)\n|rated|\n|rule|Species Clause: Limit one of each Pok\u00e9mon\n|rule|Item Clause: Limit 1 of each item\n|clearpoke\n|poke|p1|Koraidon, L50|\n|poke|p1|Lunala, L50|\n|poke|p1|Brute Bonnet, L50|\n|poke|p1|Flutter Mane, L50|\n|poke|p1|Chi-Yu, L50|\n|poke|p1|Tornadus, L50, M|\n|poke|p2|Ho-Oh, L50|\n|poke|p2|Koraidon, L50|\n|poke|p2|Flutter Mane, L50|\n|poke|p2|Raging Bolt, L50|\n|poke|p2|Incineroar, L50, F|\n|poke|p2|Ogerpon-Cornerstone, L50, F|\n|teampreview|4\n|showteam|p1|Koraidon||LifeOrb|OrichalcumPulse|CloseCombat,FlameCharge,FlareBlitz,Protect||||||50|,,,,,Fire]Lunala||PowerHerb|ShadowShield|MoongeistBeam,MeteorBeam,WideGuard,TrickRoom||||||50|,,,,,Water]Brute Bonnet||CovertCloak|Protosynthesis|SeedBomb,SuckerPunch,Spore,RagePowder||||||50|,,,,,Water]Flutter Mane||FocusSash|Protosynthesis|Moonblast,ShadowBall,IcyWind,Taunt||||||50|,,,,,Normal]Chi-Yu||ChoiceScarf|BeadsofRuin|Overheat,DarkPulse,HeatWave,Snarl||||||50|,,,,,Ghost]Tornadus||RockyHelmet|Prankster|SunnyDay,Tailwind,BleakwindStorm,Protect|||M|||50|,,,,,Dark\n|showteam|p2|Ho-Oh||ClearAmulet|Regenerator|SacredFire,BraveBird,Protect,Tailwind||||||50|,,,,,Grass]Koraidon||LifeOrb|OrichalcumPulse|CloseCombat,FlareBlitz,FlameCharge,Protect||||||50|,,,,,Fire]Flutter Mane||FocusSash|Protosynthesis|Moonblast,ShadowBall,IcyWind,Protect||||||50|,,,,,Normal]Raging Bolt||AssaultVest|Protosynthesis|Thunderbolt,Thunderclap,Snarl,DracoMeteor||||||50|,,,,,Fairy]Incineroar||SafetyGoggles|Intimidate|FakeOut,PartingShot,KnockOff,Taunt|||F|||50|,,,,,Bug]Ogerpon-Cornerstone||CornerstoneMask|Sturdy|IvyCudgel,PowerWhip,FollowMe,SpikyShield|||F|||50|,,,,,Rock\n|inactive|Battle timer is ON: inactive players will automatically lose when time's up. (requested by CostaYo)\n|inactive|Desertfreak has 60 seconds left.\n|inactive|CostaYo has 60 seconds left.\n|inactive|CostaYo has 30 seconds left.\n|inactive|CostaYo has 20 seconds left.\n|inactive|CostaYo has 15 seconds left.\n|inactive|CostaYo has 10 seconds left.\n|inactive|CostaYo has 5 seconds left.\n|\n|t:|1746080033\n|start\n|switch|p1a: Flutter Mane|Flutter Mane, L50, shiny|100/100\n|switch|p1b: Brute Bonnet|Brute Bonnet, L50, shiny|100/100\n|switch|p2a: Incineroar|Incineroar, L50, F|100/100\n|switch|p2b: Koraidon|Koraidon, L50|100/100\n|-weather|SunnyDay|[from] ability: Orichalcum Pulse|[of] p2b: Koraidon\n|-activate|p1a: Flutter Mane|ability: Protosynthesis\n|-start|p1a: Flutter Mane|protosynthesisspe\n|-activate|p1b: Brute Bonnet|ability: Protosynthesis\n|-start|p1b: Brute Bonnet|protosynthesisdef\n|-activate|p2b: Koraidon|Orichalcum Pulse|[source]\n|-ability|p2a: Incineroar|Intimidate|boost\n|-unboost|p1a: Flutter Mane|atk|1\n|-unboost|p1b: Brute Bonnet|atk|1\n|turn|1\n|inactive|CostaYo has 30 seconds left.\n|\n|t:|1746080064\n|-terastallize|p2b: Koraidon|Fire\n|-terastallize|p1b: Brute Bonnet|Water\n|move|p2a: Incineroar|Fake Out|p1b: Brute Bonnet\n|-damage|p1b: Brute Bonnet|95/100\n|move|p1a: Flutter Mane|Moonblast|p2a: Incineroar\n|-damage|p2a: Incineroar|52/100\n|-unboost|p2a: Incineroar|spa|1\n|move|p2b: Koraidon|Flame Charge|p1a: Flutter Mane\n|-enditem|p1a: Flutter Mane|Focus Sash\n|-damage|p1a: Flutter Mane|1/100\n|-boost|p2b: Koraidon|spe|1\n|-damage|p2b: Koraidon|91/100|[from] item: Life Orb\n|move|p1b: Brute Bonnet|Spore|p2b: Koraidon\n|-status|p2b: Koraidon|slp|[from] move: Spore\n|\n|-weather|SunnyDay|[upkeep]\n|upkeep\n|turn|2\n|\n|t:|1746080086\n|-end|p1b: Brute Bonnet|Protosynthesis|[silent]\n|switch|p1b: Koraidon|Koraidon, L50|100/100\n|-activate|p1b: Koraidon|ability: Orichalcum Pulse\n|cant|p2b: Koraidon|slp\n|move|p1a: Flutter Mane|Icy Wind|p2b: Koraidon|[spread] p2a\n|-miss|p1a: Flutter Mane|p2b: Koraidon\n|-resisted|p2a: Incineroar\n|-damage|p2a: Incineroar|46/100\n|-unboost|p2a: Incineroar|spe|1\n|move|p2a: Incineroar|Taunt|p1b: Koraidon\n|-start|p1b: Koraidon|move: Taunt\n|\n|-weather|SunnyDay|[upkeep]\n|upkeep\n|turn|3\n|\n|t:|1746080106\n|switch|p2a: Ho-Oh|Ho-Oh, L50|100/100\n|move|p1a: Flutter Mane|Moonblast|p2a: Ho-Oh\n|-resisted|p2a: Ho-Oh\n|-crit|p2a: Ho-Oh\n|-damage|p2a: Ho-Oh|77/100\n|cant|p2b: Koraidon|slp\n|move|p1b: Koraidon|Close Combat|p2b: Koraidon\n|-damage|p2b: Koraidon|0 fnt\n|-unboost|p1b: Koraidon|def|1\n|-unboost|p1b: Koraidon|spd|1\n|faint|p2b: Koraidon\n|-damage|p1b: Koraidon|91/100|[from] item: Life Orb\n|\n|-weather|SunnyDay|[upkeep]\n|upkeep\n|\n|t:|1746080124\n|switch|p2b: Incineroar|Incineroar, L50, F|46/100\n|-ability|p2b: Incineroar|Intimidate|boost\n|-unboost|p1a: Flutter Mane|atk|1\n|-unboost|p1b: Koraidon|atk|1\n|turn|4\n|\n|t:|1746080141\n|switch|p1b: Lunala|Lunala, L50, shiny|100/100\n|move|p1a: Flutter Mane|Moonblast|p2b: Incineroar\n|-damage|p2b: Incineroar|0 fnt\n|faint|p2b: Incineroar\n|move|p2a: Ho-Oh|Brave Bird|p1b: Lunala\n|-damage|p1b: Lunala|75/100\n|-damage|p2a: Ho-Oh|67/100|[from] Recoil\n|\n|-weather|SunnyDay|[upkeep]\n|upkeep\n|\n|t:|1746080153\n|switch|p2b: Raging Bolt|Raging Bolt, L50|100/100\n|-activate|p2b: Raging Bolt|ability: Protosynthesis\n|-start|p2b: Raging Bolt|protosynthesisspa\n|turn|5\n|\n|t:|1746080162\n|move|p1a: Flutter Mane|Icy Wind|p2a: Ho-Oh|[spread] p2a,p2b\n|-supereffective|p2b: Raging Bolt\n|-damage|p2a: Ho-Oh|59/100\n|-damage|p2b: Raging Bolt|85/100\n|-unboost|p2b: Raging Bolt|spe|1\n|move|p1b: Lunala|Meteor Beam||[still]\n|-prepare|p1b: Lunala|Meteor Beam\n|-boost|p1b: Lunala|spa|1\n|-enditem|p1b: Lunala|Power Herb\n|-anim|p1b: Lunala|Meteor Beam|p2a: Ho-Oh|[miss]\n|-miss|p1b: Lunala|p2a: Ho-Oh\n|move|p2a: Ho-Oh|Tailwind|p2a: Ho-Oh\n|-sidestart|p2: CostaYo|move: Tailwind\n|move|p2b: Raging Bolt|Snarl|p1b: Lunala|[spread] p1a,p1b\n|-supereffective|p1b: Lunala\n|-damage|p1a: Flutter Mane|0 fnt\n|-damage|p1b: Lunala|25/100\n|-unboost|p1b: Lunala|spa|1\n|faint|p1a: Flutter Mane\n|-end|p1a: Flutter Mane|Protosynthesis|[silent]\n|\n|-weather|none\n|-end|p2b: Raging Bolt|Protosynthesis\n|upkeep\n|inactive|Desertfreak has 30 seconds left.\n|\n|t:|1746080189\n|switch|p1a: Brute Bonnet|Brute Bonnet, L50, shiny, tera:Water|95/100\n|turn|6\n|\n|t:|1746080203\n|move|p1a: Brute Bonnet|Rage Powder|p1a: Brute Bonnet\n|-singleturn|p1a: Brute Bonnet|move: Rage Powder\n|move|p2a: Ho-Oh|Brave Bird|p1a: Brute Bonnet\n|-damage|p1a: Brute Bonnet|53/100\n|-damage|p2a: Ho-Oh|44/100|[from] Recoil\n|move|p2b: Raging Bolt|Thunderbolt|p1a: Brute Bonnet\n|-supereffective|p1a: Brute Bonnet\n|-damage|p1a: Brute Bonnet|0 fnt\n|faint|p1a: Brute Bonnet\n|-end|p1a: Brute Bonnet|Protosynthesis|[silent]\n|move|p1b: Lunala|Moongeist Beam|p2a: Ho-Oh\n|-damage|p2a: Ho-Oh|7/100\n|\n|upkeep\n|\n|t:|1746080207\n|switch|p1a: Koraidon|Koraidon, L50|91/100\n|-weather|SunnyDay|[from] ability: Orichalcum Pulse|[of] p1a: Koraidon\n|-activate|p2b: Raging Bolt|ability: Protosynthesis\n|-start|p2b: Raging Bolt|protosynthesisspa\n|-activate|p1a: Koraidon|Orichalcum Pulse|[source]\n|turn|7\n|inactive|CostaYo has 30 seconds left.\n|\n|t:|1746080239\n|move|p2a: Ho-Oh|Brave Bird|p1a: Koraidon\n|-supereffective|p1a: Koraidon\n|-damage|p1a: Koraidon|0 fnt\n|faint|p1a: Koraidon\n|-damage|p2a: Ho-Oh|0 fnt|[from] Recoil\n|faint|p2a: Ho-Oh\n|move|p2b: Raging Bolt|Thunderbolt|p1b: Lunala\n|-damage|p1b: Lunala|0 fnt\n|faint|p1b: Lunala\n|\n|win|CostaYo\n||Desertfreak is ready for game 2.\n|inactive|CostaYo has 30 seconds to confirm battle start!\n||CostaYo is ready for game 2.\n|uhtml|next|Next: <a href=\"/battle-gen9vgc2025regibo3-2354488771\"><strong>Game 2 of 3</strong></a>\n", "uploadtime": 1746080517, "views": 8, "formatid": "gen9vgc2025regibo3", "rating": null, "private": 0, "password": null}