{"id": "gen9vgc2025regibo3-2353768159", "format": "[Gen 9] VGC 2025 Reg I (Bo3)", "players": ["PokemonmasterN2009", "ArKaneVGC"], "log": "|j|\u2606PokemonmasterN2009\n|j|\u2606ArKaneVGC\n|html|<table width=\"100%\"><tr><td align=\"left\">PokemonmasterN2009</td><td align=\"right\">ArKaneVGC</tr><tr><td align=\"left\"><i class=\"fa fa-circle-o\"></i> <i class=\"fa fa-circle-o\"></i> </td><td align=\"right\"><i class=\"fa fa-circle-o\"></i> <i class=\"fa fa-circle-o\"></i> </tr></table>\n|uhtml|bestof|<h2><strong>Game 1</strong> of <a href=\"/game-bestof3-gen9vgc2025regibo3-2353768158\">a best-of-3</a></h2>\n|t:|1745996672\n|gametype|doubles\n|player|p1|PokemonmasterN2009|steven|1410\n|player|p2|ArKaneVGC|#smogonxnpa2025draftee|1542\n|teamsize|p1|6\n|teamsize|p2|6\n|gen|9\n|tier|[Gen 9] VGC 2025 Reg I (Bo3)\n|rated|\n|rule|Species Clause: Limit one of each Pok\u00e9mon\n|rule|Item Clause: Limit 1 of each item\n|clearpoke\n|poke|p1|Calyrex-Ice, L50|\n|poke|p1|Smeargle, L50, M|\n|poke|p1|Kyogre, L50|\n|poke|p1|Farigiraf, L50, M|\n|poke|p1|Rillaboom, L50, M|\n|poke|p1|Amoonguss, L50, M|\n|poke|p2|Calyrex-Ice, L50|\n|poke|p2|Zamazenta-*, L50|\n|poke|p2|Urshifu-*, L50, F|\n|poke|p2|Landorus, L50, M|\n|poke|p2|Amoonguss, L50, M|\n|poke|p2|Pelipper, L50, F|\n|teampreview|4\n|showteam|p1|Calyrex-Ice||ClearAmulet|AsOneGlastrier|TrickRoom,GlacialLance,HighHorsepower,Protect||||||50|,,,,,Fire]Smeargle||FocusSash|OwnTempo|Spore,FollowMe,WideGuard,Decorate|||M|||50|,,,,,Grass]Kyogre||IronBall|Drizzle|WaterSpout,HydroPump,Thunder,IceBeam||||||50|,,,,,Grass]Farigiraf||ThroatSpray|ArmorTail|TrickRoom,HyperVoice,Roar,PsychicNoise|||M|||50|,,,,,Water]Rillaboom||AssaultVest|GrassySurge|FakeOut,WoodHammer,GrassyGlide,Uturn|||M|||50|,,,,,Fire]Amoonguss||MentalHerb|Regenerator|RagePowder,ClearSmog,Spore,PollenPuff|||M|||50|,,,,,Water\n|showteam|p2|Calyrex-Ice||NeverMeltIce|AsOneGlastrier|GlacialLance,HighHorsepower,TrickRoom,Protect||||||50|,,,,,Grass]Zamazenta-Crowned||RustedShield|DauntlessShield|BodyPress,WideGuard,Imprison,Protect||||||50|,,,,,Dragon]Urshifu-Rapid-Strike||ChoiceScarf|UnseenFist|SurgingStrikes,CloseCombat,Coaching,Uturn|||F|||50|,,,,,Ghost]Landorus||LifeOrb|SheerForce|EarthPower,SandsearStorm,SludgeBomb,Protect|||M|||50|,,,,,Water]Amoonguss||RockyHelmet|Regenerator|PollenPuff,Spore,RagePowder,Protect|||M|||50|,,,,,Water]Pelipper||FocusSash|Drizzle|WeatherBall,Hurricane,WideGuard,Protect|||F|||50|,,,,,Ghost\n|inactive|Battle timer is ON: inactive players will automatically lose when time's up. (requested by ArKaneVGC)\n|inactive|PokemonmasterN2009 also wants the timer to be on.\n|inactive|PokemonmasterN2009 has 60 seconds left.\n|inactive|ArKaneVGC has 60 seconds left.\n|\n|t:|1745996706\n|start\n|switch|p1a: Smeargle|Smeargle, L50, M, shiny|100/100\n|switch|p1b: Calyrex|Calyrex-Ice, L50|100/100\n|switch|p2a: Calyrex|Calyrex-Ice, L50|100/100\n|switch|p2b: Urshifu|Urshifu-Rapid-Strike, L50, F|100/100\n|-ability|p2a: Calyrex|As One\n|-ability|p2a: Calyrex|Unnerve\n|-ability|p1b: Calyrex|As One\n|-ability|p1b: Calyrex|Unnerve\n|turn|1\n|inactive|PokemonmasterN2009 has 30 seconds left.\n|\n|t:|1745996731\n|-terastallize|p2a: Calyrex|Grass\n|move|p1a: Smeargle|Follow Me|p1a: Smeargle\n|-singleturn|p1a: Smeargle|move: Follow Me\n|move|p2b: Urshifu|Coaching|p2a: Calyrex\n|-boost|p2a: Calyrex|atk|1\n|-boost|p2a: Calyrex|def|1\n|move|p2a: Calyrex|Glacial Lance|p1a: Smeargle|[spread] p1a,p1b\n|-crit|p1a: Smeargle\n|-resisted|p1b: Calyrex\n|-enditem|p1a: Smeargle|Focus Sash\n|-damage|p1a: Smeargle|1/100\n|-damage|p1b: Calyrex|68/100\n|move|p1b: Calyrex|Trick Room|p1b: Calyrex\n|-fieldstart|move: Trick Room|[of] p1b: Calyrex\n|\n|upkeep\n|turn|2\n|\n|t:|1745996746\n|switch|p2b: Zamazenta|Zamazenta-Crowned, L50|100/100\n|-ability|p2b: Zamazenta|Dauntless Shield|boost\n|-boost|p2b: Zamazenta|def|1\n|move|p2a: Calyrex|Protect|p2a: Calyrex\n|-singleturn|p2a: Calyrex|Protect\n|move|p1a: Smeargle|Decorate|p1b: Calyrex\n|-boost|p1b: Calyrex|atk|2\n|-boost|p1b: Calyrex|spa|2\n|move|p1b: Calyrex|Glacial Lance|p2a: Calyrex|[spread] p2b\n|-activate|p2a: Calyrex|move: Protect\n|-resisted|p2b: Zamazenta\n|-damage|p2b: Zamazenta|76/100\n|\n|upkeep\n|turn|3\n|\n|t:|1745996767\n|move|p2b: Zamazenta|Wide Guard|p2b: Zamazenta\n|-singleturn|p2b: Zamazenta|Wide Guard\n|move|p1a: Smeargle|Decorate|p1b: Calyrex\n|-boost|p1b: Calyrex|atk|2\n|-boost|p1b: Calyrex|spa|2\n|move|p1b: Calyrex|High Horsepower|p2b: Zamazenta\n|-supereffective|p2b: Zamazenta\n|-damage|p2b: Zamazenta|0 fnt\n|faint|p2b: Zamazenta\n|-ability|p1b: Calyrex|Chilling Neigh|boost\n|-boost|p1b: Calyrex|atk|1\n|move|p2a: Calyrex|High Horsepower|p1a: Smeargle\n|-damage|p1a: Smeargle|0 fnt\n|faint|p1a: Smeargle\n|-ability|p2a: Calyrex|Chilling Neigh|boost\n|-boost|p2a: Calyrex|atk|1\n|\n|upkeep\n|\n|t:|1745996780\n|switch|p1a: Amoonguss|Amoonguss, L50, M|100/100\n|switch|p2b: Amoonguss|Amoonguss, L50, M|100/100\n|turn|4\n|\n|t:|1745996793\n|-terastallize|p1a: Amoonguss|Water\n|move|p2b: Amoonguss|Spore|p1b: Calyrex\n|-status|p1b: Calyrex|slp|[from] move: Spore\n|move|p1a: Amoonguss|Clear Smog|p2a: Calyrex\n|-supereffective|p2a: Calyrex\n|-crit|p2a: Calyrex\n|-damage|p2a: Calyrex|69/100\n|-clearboost|p2a: Calyrex\n|cant|p1b: Calyrex|slp\n|move|p2a: Calyrex|Glacial Lance|p1b: Calyrex|[spread] p1a,p1b\n|-resisted|p1a: Amoonguss\n|-crit|p1a: Amoonguss\n|-resisted|p1b: Calyrex\n|-damage|p1a: Amoonguss|65/100\n|-damage|p1b: Calyrex|49/100 slp\n|\n|upkeep\n|turn|5\n|\n|t:|1745996807\n|move|p2a: Calyrex|Protect|p2a: Calyrex\n|-singleturn|p2a: Calyrex|Protect\n|move|p1a: Amoonguss|Pollen Puff|p1b: Calyrex\n|-heal|p1b: Calyrex|99/100 slp\n|move|p2b: Amoonguss|Pollen Puff|p1b: Calyrex\n|-supereffective|p1b: Calyrex\n|-damage|p1b: Calyrex|72/100 slp\n|-curestatus|p1b: Calyrex|slp|[msg]\n|move|p1b: Calyrex|Glacial Lance|p2a: Calyrex|[spread] p2b\n|-activate|p2a: Calyrex|move: Protect\n|-supereffective|p2b: Amoonguss\n|-damage|p2b: Amoonguss|0 fnt\n|faint|p2b: Amoonguss\n|-ability|p1b: Calyrex|Chilling Neigh|boost\n|-boost|p1b: Calyrex|atk|1\n|\n|-fieldend|move: Trick Room\n|upkeep\n|\n|t:|1745996817\n|switch|p2b: Urshifu|Urshifu-Rapid-Strike, L50, F|100/100\n|turn|6\n|\n|t:|1745996823\n|move|p1a: Amoonguss|Rage Powder|p1a: Amoonguss\n|-singleturn|p1a: Amoonguss|move: Rage Powder\n|move|p2b: Urshifu|Close Combat|p1a: Amoonguss\n|-damage|p1a: Amoonguss|17/100\n|-unboost|p2b: Urshifu|def|1\n|-unboost|p2b: Urshifu|spd|1\n|move|p2a: Calyrex|Glacial Lance|p1a: Amoonguss|[spread] p1a,p1b\n|-resisted|p1a: Amoonguss\n|-resisted|p1b: Calyrex\n|-damage|p1a: Amoonguss|0 fnt\n|-damage|p1b: Calyrex|53/100\n|faint|p1a: Amoonguss\n|-ability|p2a: Calyrex|Chilling Neigh|boost\n|-boost|p2a: Calyrex|atk|1\n|move|p1b: Calyrex|Trick Room|p1b: Calyrex\n|-fieldstart|move: Trick Room|[of] p1b: Calyrex\n|\n|upkeep\n|\n|t:|1745996830\n|switch|p1a: Kyogre|Kyogre, L50|100/100\n|-weather|RainDance|[from] ability: Drizzle|[of] p1a: Kyogre\n|turn|7\n|-message|ArKaneVGC forfeited.\n|\n|win|PokemonmasterN2009\n||PokemonmasterN2009 is ready for game 2.\n||ArKaneVGC is ready for game 2.\n|uhtml|next|Next: <a href=\"/battle-gen9vgc2025regibo3-2353769135\"><strong>Game 2 of 3</strong></a>\n|l|\u2606PokemonmasterN2009\n|player|p1|\n", "uploadtime": 1745997146, "views": 7, "formatid": "gen9vgc2025regibo3", "rating": null, "private": 0, "password": null}