{"id": "gen9vgc2025regibo3-2354357644", "format": "[Gen 9] VGC 2025 Reg I (Bo3)", "players": ["nintendoswitch200", "Swami"], "log": "|j|\u2606nintendoswitch200\n|j|\u2606Swami\n|html|<table width=\"100%\"><tr><td align=\"left\">nintendoswitch200</td><td align=\"right\">Swami</tr><tr><td align=\"left\"><i class=\"fa fa-circle-o\"></i> <i class=\"fa fa-circle-o\"></i> </td><td align=\"right\"><i class=\"fa fa-circle-o\"></i> <i class=\"fa fa-circle-o\"></i> </tr></table>\n|uhtml|bestof|<h2><strong>Game 1</strong> of <a href=\"/game-bestof3-gen9vgc2025regibo3-2354357643\">a best-of-3</a></h2>\n|t:|1746061473\n|gametype|doubles\n|player|p1|nintendoswitch200|turo|1203\n|player|p2|Swami|cynthia-gen4|1160\n|teamsize|p1|6\n|teamsize|p2|6\n|gen|9\n|tier|[Gen 9] VGC 2025 Reg I (Bo3)\n|rated|\n|rule|Species Clause: Limit one of each Pok\u00e9mon\n|rule|Item Clause: Limit 1 of each item\n|clearpoke\n|poke|p1|Urshifu-*, L50, F|\n|poke|p1|Incineroar, L50, M|\n|poke|p1|Calyrex-Shadow, L50|\n|poke|p1|Raging Bolt, L50|\n|poke|p1|Rillaboom, L50, M|\n|poke|p1|Zamazenta-*, L50|\n|poke|p2|Koraidon, L50|\n|poke|p2|Ho-Oh, L50|\n|poke|p2|Flutter Mane, L50|\n|poke|p2|Incineroar, L50, M|\n|poke|p2|Raging Bolt, L50|\n|poke|p2|Iron Treads, L50|\n|teampreview|4\n|showteam|p1|Urshifu-Rapid-Strike||FocusSash|UnseenFist|Detect,SurgingStrikes,CloseCombat,AquaJet|||F|||50|,,,,,Stellar]Incineroar||SafetyGoggles|Intimidate|FakeOut,PartingShot,HelpingHand,KnockOff|||M|||50|,,,,,Ghost]Calyrex-Shadow||CovertCloak|AsOneSpectrier|Protect,NastyPlot,AstralBarrage,Psyshock||||||50|,,,,,Water]Raging Bolt||BoosterEnergy|Protosynthesis|Protect,Thunderclap,DragonPulse,Thunderbolt||||||50|,,,,,Fairy]Rillaboom||AssaultVest|GrassySurge|FakeOut,GrassyGlide,WoodHammer,Uturn|||M|||50|,,,,,Fire]Zamazenta-Crowned||RustedShield|DauntlessShield|Protect,BodyPress,WideGuard,HeavySlam||||||50|,,,,,Dragon\n|showteam|p2|Koraidon||LifeOrb|OrichalcumPulse|FlameCharge,FlareBlitz,CloseCombat,Protect||||||50|,,,,,Fire]Ho-Oh||ClearAmulet|Regenerator|SacredFire,BraveBird,Tailwind,Protect||||||50|,,,,,Grass]Flutter Mane||FocusSash|Protosynthesis|Moonblast,IcyWind,ShadowBall,Protect||||||50|,,,,,Normal]Incineroar||SafetyGoggles|Intimidate|FakeOut,FlareBlitz,KnockOff,PartingShot|||M|||50|,,,,,Water]Raging Bolt||AssaultVest|Protosynthesis|Thunderclap,VoltSwitch,DracoMeteor,Thunderbolt||||||50|,,,,,Electric]Iron Treads||IronPlate|QuarkDrive|HighHorsepower,IronHead,SteelRoller,Protect||||||50|,,,,,Stellar\n|inactive|Battle timer is ON: inactive players will automatically lose when time's up. (requested by Swami)\n|inactive|nintendoswitch200 also wants the timer to be on.\n|inactive|Swami has 60 seconds left.\n|\n|t:|1746061525\n|start\n|switch|p1a: Calyrex|Calyrex-Shadow, L50|100/100\n|switch|p1b: Incineroar|Incineroar, L50, M|100/100\n|switch|p2a: Flutter Mane|Flutter Mane, L50|100/100\n|switch|p2b: Koraidon|Koraidon, L50|100/100\n|-ability|p1a: Calyrex|As One\n|-ability|p1a: Calyrex|Unnerve\n|-weather|SunnyDay|[from] ability: Orichalcum Pulse|[of] p2b: Koraidon\n|-activate|p2a: Flutter Mane|ability: Protosynthesis\n|-start|p2a: Flutter Mane|protosynthesisspe\n|-activate|p2b: Koraidon|Orichalcum Pulse|[source]\n|-ability|p1b: Incineroar|Intimidate|boost\n|-unboost|p2a: Flutter Mane|atk|1\n|-unboost|p2b: Koraidon|atk|1\n|turn|1\n|inactive|Swami has 30 seconds left.\n|inactive|Swami has 20 seconds left.\n|\n|t:|1746061561\n|switch|p2b: Raging Bolt|Raging Bolt, L50|100/100\n|-activate|p2b: Raging Bolt|ability: Protosynthesis\n|-start|p2b: Raging Bolt|protosynthesisspa\n|switch|p1b: Rillaboom|Rillaboom, L50, M|100/100\n|-fieldstart|move: Grassy Terrain|[from] ability: Grassy Surge|[of] p1b: Rillaboom\n|move|p1a: Calyrex|Protect|p1a: Calyrex\n|-singleturn|p1a: Calyrex|Protect\n|move|p2a: Flutter Mane|Moonblast|p1b: Rillaboom\n|-damage|p1b: Rillaboom|68/100\n|\n|-weather|SunnyDay|[upkeep]\n|-heal|p1b: Rillaboom|74/100|[from] Grassy Terrain\n|upkeep\n|turn|2\n|inactive|Swami has 30 seconds left.\n|\n|t:|1746061588\n|-end|p2a: Flutter Mane|Protosynthesis|[silent]\n|switch|p2a: Ho-Oh|Ho-Oh, L50|100/100\n|move|p1a: Calyrex|Astral Barrage|p2b: Raging Bolt|[spread] p2a,p2b\n|-damage|p2a: Ho-Oh|71/100\n|-damage|p2b: Raging Bolt|70/100\n|move|p2b: Raging Bolt|Volt Switch|p1a: Calyrex\n|-damage|p1a: Calyrex|50/100\n|\n|t:|1746061603\n|-end|p2b: Raging Bolt|Protosynthesis|[silent]\n|switch|p2b: Koraidon|Koraidon, L50|100/100|[from] Volt Switch\n|-activate|p2b: Koraidon|ability: Orichalcum Pulse\n|move|p1b: Rillaboom|Wood Hammer|p2a: Ho-Oh\n|-resisted|p2a: Ho-Oh\n|-damage|p2a: Ho-Oh|54/100\n|-damage|p1b: Rillaboom|68/100|[from] Recoil\n|\n|-weather|SunnyDay|[upkeep]\n|-heal|p1a: Calyrex|56/100|[from] Grassy Terrain\n|-heal|p1b: Rillaboom|74/100|[from] Grassy Terrain\n|upkeep\n|turn|3\n|\n|t:|1746061625\n|-terastallize|p1a: Calyrex|Water\n|-terastallize|p2b: Koraidon|Fire\n|move|p1b: Rillaboom|Grassy Glide|p2b: Koraidon\n|-resisted|p2b: Koraidon\n|-damage|p2b: Koraidon|87/100\n|move|p1a: Calyrex|Psyshock|p2b: Koraidon\n|-damage|p2b: Koraidon|46/100\n|move|p2b: Koraidon|Close Combat|p1b: Rillaboom\n|-damage|p1b: Rillaboom|0 fnt\n|-unboost|p2b: Koraidon|def|1\n|-unboost|p2b: Koraidon|spd|1\n|faint|p1b: Rillaboom\n|-damage|p2b: Koraidon|36/100|[from] item: Life Orb\n|move|p2a: Ho-Oh|Tailwind|p2a: Ho-Oh\n|-sidestart|p2: Swami|move: Tailwind\n|\n|-weather|SunnyDay|[upkeep]\n|-heal|p2b: Koraidon|42/100|[from] Grassy Terrain\n|-heal|p1a: Calyrex|63/100|[from] Grassy Terrain\n|upkeep\n|\n|t:|1746061632\n|switch|p1b: Incineroar|Incineroar, L50, M|100/100\n|-ability|p1b: Incineroar|Intimidate|boost\n|-fail|p2a: Ho-Oh|unboost|[from] item: Clear Amulet|[of] p2a: Ho-Oh\n|-unboost|p2b: Koraidon|atk|1\n|turn|4\n|inactive|Swami has 30 seconds left.\n|\n|t:|1746061661\n|switch|p1a: Urshifu|Urshifu-Rapid-Strike, L50, F|100/100\n|move|p2b: Koraidon|Close Combat|p1a: Urshifu\n|-damage|p1a: Urshifu|23/100\n|-unboost|p2b: Koraidon|def|1\n|-unboost|p2b: Koraidon|spd|1\n|-damage|p2b: Koraidon|33/100|[from] item: Life Orb\n|move|p2a: Ho-Oh|Sacred Fire|p1a: Urshifu\n|-resisted|p1a: Urshifu\n|-damage|p1a: Urshifu|0 fnt\n|faint|p1a: Urshifu\n|move|p1b: Incineroar|Parting Shot|p1: Urshifu|[notarget]\n|-fail|p1b: Incineroar\n|\n|-weather|SunnyDay|[upkeep]\n|-heal|p2b: Koraidon|39/100|[from] Grassy Terrain\n|upkeep\n|\n|t:|1746061666\n|switch|p1a: Calyrex|Calyrex-Shadow, L50, tera:Water|63/100\n|-ability|p1a: Calyrex|As One\n|-ability|p1a: Calyrex|Unnerve\n|turn|5\n|\n|t:|1746061680\n|move|p1b: Incineroar|Helping Hand|p1a: Calyrex\n|-singleturn|p1a: Calyrex|Helping Hand|[of] p1b: Incineroar\n|move|p2b: Koraidon|Close Combat|p1b: Incineroar\n|-supereffective|p1b: Incineroar\n|-damage|p1b: Incineroar|0 fnt\n|-unboost|p2b: Koraidon|def|1\n|-unboost|p2b: Koraidon|spd|1\n|faint|p1b: Incineroar\n|-damage|p2b: Koraidon|29/100|[from] item: Life Orb\n|move|p2a: Ho-Oh|Brave Bird|p1a: Calyrex\n|-damage|p1a: Calyrex|0 fnt\n|faint|p1a: Calyrex\n|-damage|p2a: Ho-Oh|35/100|[from] Recoil\n|\n|win|Swami\n", "uploadtime": 1746061682, "views": 8, "formatid": "gen9vgc2025regibo3", "rating": null, "private": 0, "password": null}