{"id": "gen9vgc2025regibo3-2354779803", "format": "[Gen 9] VGC 2025 Reg I (Bo3)", "players": ["Tugi", "Carlitos Alcazar"], "log": "|j|\u2606Tugi\n|j|\u2606Carlitos Alcazar\n|html|<table width=\"100%\"><tr><td align=\"left\">Tugi</td><td align=\"right\">Carlitos Alcazar</tr><tr><td align=\"left\"><i class=\"fa fa-circle-o\"></i> <i class=\"fa fa-circle-o\"></i> </td><td align=\"right\"><i class=\"fa fa-circle-o\"></i> <i class=\"fa fa-circle\"></i> </tr></table>\n|uhtml|bestof|<h2><strong>Game 2</strong> of <a href=\"/game-bestof3-gen9vgc2025regibo3-2354774567\">a best-of-3</a></h2>\n|t:|1746119084\n|gametype|doubles\n|player|p1|Tugi|102|1127\n|player|p2|Carlitos Alcazar|roughneck|1218\n|teamsize|p1|6\n|teamsize|p2|6\n|gen|9\n|tier|[Gen 9] VGC 2025 Reg I (Bo3)\n|rated|\n|rule|Species Clause: Limit one of each Pok\u00e9mon\n|rule|Item Clause: Limit 1 of each item\n|clearpoke\n|poke|p1|Incineroar, L50, M|\n|poke|p1|Tornadus, L50, M|\n|poke|p1|Terapagos, L50, M|\n|poke|p1|Ogerpon-Cornerstone, L50, F|\n|poke|p1|Calyrex-Shadow, L50|\n|poke|p1|Rillaboom, L50, M|\n|poke|p2|Miraidon, L50|\n|poke|p2|Calyrex-Ice, L50|\n|poke|p2|Whimsicott, L50, M|\n|poke|p2|Ogerpon-Hearthflame, L50, F|\n|poke|p2|Farigiraf, L50, F|\n|poke|p2|Iron Hands, L50|\n|teampreview|4\n|showteam|p1|Incineroar||RockyHelmet|Intimidate|PartingShot,FakeOut,KnockOff,WillOWisp|||M|||50|,,,,,Ghost]Tornadus||CovertCloak|Prankster|BleakwindStorm,RainDance,Taunt,Tailwind|||M|||50|,,,,,Steel]Terapagos||Leftovers|TeraShift|Protect,CalmMind,EarthPower,TeraStarstorm|||M|||50|,,,,,Stellar]Ogerpon-Cornerstone||CornerstoneMask|Sturdy|IvyCudgel,FollowMe,PowerWhip,SpikyShield|||F|||50|,,,,,Rock]Calyrex-Shadow||FocusSash|AsOneSpectrier|AstralBarrage,Protect,Disable,Psychic||||||50|,,,,,Ghost]Rillaboom||AssaultVest|GrassySurge|FakeOut,DrumBeating,Uturn,GrassyGlide|||M|||50|,,,,,Fire\n|showteam|p2|Miraidon||ChoiceSpecs|HadronEngine|ElectroDrift,DracoMeteor,VoltSwitch,DazzlingGleam||||||50|,,,,,Fairy]Calyrex-Ice||ClearAmulet|AsOneGlastrier|GlacialLance,HighHorsepower,TrickRoom,Protect||||||50|,,,,,Water]Whimsicott||CovertCloak|Prankster|Moonblast,Tailwind,LightScreen,Encore|||M|||50|,,,,,Dark]Ogerpon-Hearthflame||HearthflameMask|MoldBreaker|IvyCudgel,WoodHammer,FollowMe,SpikyShield|||F|||50|,,,,,Fire]Farigiraf||ElectricSeed|ArmorTail|FoulPlay,PsychicNoise,TrickRoom,HelpingHand|||F|||50|,,,,,Water]Iron Hands||AssaultVest|QuarkDrive|DrainPunch,WildCharge,HeavySlam,FakeOut||||||50|,,,,,Water\n|\n|t:|1746119121\n|start\n|switch|p1a: Rillaboom|Rillaboom, L50, M|100/100\n|switch|p1b: Terapagos|Terapagos, L50, M|100/100\n|switch|p2a: Miraidon|Miraidon, L50|100/100\n|switch|p2b: Whimsicott|Whimsicott, L50, M|100/100\n|-activate|p1b: Terapagos|ability: Tera Shift\n|detailschange|p1b: Terapagos|Terapagos-Terastal, L50, M\n|-heal|p1b: Terapagos|100/100|[silent]\n|-fieldstart|move: Electric Terrain|[from] ability: Hadron Engine|[of] p2a: Miraidon\n|-fieldstart|move: Grassy Terrain|[from] ability: Grassy Surge|[of] p1a: Rillaboom\n|turn|1\n|\n|t:|1746119156\n|switch|p2a: Ogerpon|Ogerpon-Hearthflame, L50, F|100/100\n|-ability|p2a: Ogerpon|Mold Breaker\n|move|p2b: Whimsicott|Light Screen|p2b: Whimsicott\n|-sidestart|p2: Carlitos Alcazar|move: Light Screen\n|move|p1a: Rillaboom|U-turn|p2b: Whimsicott\n|-crit|p2b: Whimsicott\n|-damage|p2b: Whimsicott|54/100\n|\n|t:|1746119174\n|switch|p1a: Ogerpon|Ogerpon-Cornerstone, L50, F|100/100|[from] U-turn\n|move|p1b: Terapagos|Tera Starstorm|p2b: Whimsicott\n|-damage|p2b: Whimsicott|11/100\n|\n|-heal|p2b: Whimsicott|17/100|[from] Grassy Terrain\n|upkeep\n|turn|2\n|\n|t:|1746119210\n|switch|p2b: Iron Hands|Iron Hands, L50|100/100\n|move|p2a: Ogerpon|Spiky Shield|p2a: Ogerpon\n|-singleturn|p2a: Ogerpon|move: Protect\n|move|p1a: Ogerpon|Ivy Cudgel|p2a: Ogerpon|[anim] Ivy Cudgel Rock\n|-activate|p2a: Ogerpon|move: Protect\n|move|p1b: Terapagos|Tera Starstorm|p2b: Iron Hands\n|-damage|p2b: Iron Hands|81/100\n|\n|-heal|p2b: Iron Hands|87/100|[from] Grassy Terrain\n|upkeep\n|turn|3\n|\n|t:|1746119244\n|move|p1a: Ogerpon|Spiky Shield|p1a: Ogerpon\n|-singleturn|p1a: Ogerpon|move: Protect\n|move|p2b: Iron Hands|Fake Out|p1a: Ogerpon\n|-activate|p1a: Ogerpon|move: Protect\n|-damage|p2b: Iron Hands|75/100|[from] Spiky Shield|[of] p1a: Ogerpon\n|move|p2a: Ogerpon|Wood Hammer|p1b: Terapagos\n|-damage|p1b: Terapagos|20/100\n|-damage|p2a: Ogerpon|71/100|[from] Recoil\n|move|p1b: Terapagos|Calm Mind|p1b: Terapagos\n|-boost|p1b: Terapagos|spa|1\n|-boost|p1b: Terapagos|spd|1\n|\n|-heal|p2a: Ogerpon|78/100|[from] Grassy Terrain\n|-heal|p1b: Terapagos|27/100|[from] Grassy Terrain\n|-heal|p1b: Terapagos|33/100|[from] item: Leftovers\n|-heal|p2b: Iron Hands|80/100|[from] Grassy Terrain\n|upkeep\n|turn|4\n|\n|t:|1746119306\n|-terastallize|p1b: Terapagos|Stellar\n|detailschange|p1b: Terapagos|Terapagos-Stellar, L50, M, tera:Stellar\n|-heal|p1b: Terapagos|50/100|[silent]\n|-ability|p1b: Terapagos|Teraform Zero\n|-fieldend|move: Grassy Terrain\n|move|p2a: Ogerpon|Spiky Shield|p2a: Ogerpon\n|-singleturn|p2a: Ogerpon|move: Protect\n|move|p1a: Ogerpon|Follow Me|p1a: Ogerpon\n|-singleturn|p1a: Ogerpon|move: Follow Me\n|move|p1b: Terapagos|Earth Power|p2b: Iron Hands\n|-supereffective|p2b: Iron Hands\n|-damage|p2b: Iron Hands|40/100\n|move|p2b: Iron Hands|Drain Punch|p1a: Ogerpon\n|-supereffective|p1a: Ogerpon\n|-ability|p1a: Ogerpon|Sturdy\n|-damage|p1a: Ogerpon|1/100\n|-heal|p2b: Iron Hands|72/100|[from] drain|[of] p1a: Ogerpon\n|\n|-heal|p1b: Terapagos|56/100|[from] item: Leftovers\n|upkeep\n|turn|5\n|\n|t:|1746119360\n|switch|p1a: Rillaboom|Rillaboom, L50, M|100/100\n|-fieldstart|move: Grassy Terrain|[from] ability: Grassy Surge|[of] p1a: Rillaboom\n|move|p1b: Terapagos|Protect|p1b: Terapagos\n|-singleturn|p1b: Terapagos|Protect\n|move|p2a: Ogerpon|Ivy Cudgel|p1b: Terapagos|[anim] Ivy Cudgel Fire\n|-activate|p1b: Terapagos|move: Protect\n|move|p2b: Iron Hands|Drain Punch|p1b: Terapagos\n|-activate|p1b: Terapagos|move: Protect\n|\n|-heal|p2a: Ogerpon|84/100|[from] Grassy Terrain\n|-heal|p1b: Terapagos|62/100|[from] Grassy Terrain\n|-heal|p1b: Terapagos|68/100|[from] item: Leftovers\n|-heal|p2b: Iron Hands|78/100|[from] Grassy Terrain\n|-sideend|p2: Carlitos Alcazar|move: Light Screen\n|upkeep\n|turn|6\n|\n|t:|1746119400\n|move|p1a: Rillaboom|Fake Out|p2a: Ogerpon\n|-damage|p2a: Ogerpon|69/100\n|cant|p2a: Ogerpon|flinch\n|move|p1b: Terapagos|Earth Power|p2b: Iron Hands\n|-supereffective|p2b: Iron Hands\n|-damage|p2b: Iron Hands|10/100\n|move|p2b: Iron Hands|Drain Punch|p1b: Terapagos\n|-supereffective|p1b: Terapagos\n|-damage|p1b: Terapagos|14/100\n|-heal|p2b: Iron Hands|39/100|[from] drain|[of] p1b: Terapagos\n|\n|-heal|p2a: Ogerpon|75/100|[from] Grassy Terrain\n|-heal|p1b: Terapagos|20/100|[from] Grassy Terrain\n|-heal|p1b: Terapagos|27/100|[from] item: Leftovers\n|-heal|p2b: Iron Hands|45/100|[from] Grassy Terrain\n|upkeep\n|turn|7\n|\n|t:|1746119454\n|move|p1b: Terapagos|Protect|p1b: Terapagos\n|-singleturn|p1b: Terapagos|Protect\n|move|p2a: Ogerpon|Ivy Cudgel|p1a: Rillaboom|[anim] Ivy Cudgel Fire\n|-supereffective|p1a: Rillaboom\n|-damage|p1a: Rillaboom|0 fnt\n|faint|p1a: Rillaboom\n|move|p2b: Iron Hands|Drain Punch|p1b: Terapagos\n|-activate|p1b: Terapagos|move: Protect\n|\n|-heal|p2a: Ogerpon|82/100|[from] Grassy Terrain\n|-heal|p1b: Terapagos|33/100|[from] Grassy Terrain\n|-heal|p1b: Terapagos|39/100|[from] item: Leftovers\n|-heal|p2b: Iron Hands|51/100|[from] Grassy Terrain\n|upkeep\n|\n|t:|1746119492\n|switch|p1a: Ogerpon|Ogerpon-Cornerstone, L50, F|1/100\n|turn|8\n|\n|t:|1746119523\n|move|p2a: Ogerpon|Spiky Shield|p2a: Ogerpon\n|-singleturn|p2a: Ogerpon|move: Protect\n|move|p1a: Ogerpon|Follow Me|p1a: Ogerpon\n|-singleturn|p1a: Ogerpon|move: Follow Me\n|move|p1b: Terapagos|Earth Power|p2b: Iron Hands\n|-supereffective|p2b: Iron Hands\n|-damage|p2b: Iron Hands|0 fnt\n|faint|p2b: Iron Hands\n|-end|p2b: Iron Hands|Quark Drive|[silent]\n|\n|-heal|p1a: Ogerpon|7/100|[from] Grassy Terrain\n|-heal|p2a: Ogerpon|88/100|[from] Grassy Terrain\n|-heal|p1b: Terapagos|45/100|[from] Grassy Terrain\n|-heal|p1b: Terapagos|51/100|[from] item: Leftovers\n|upkeep\n|\n|t:|1746119546\n|switch|p2b: Whimsicott|Whimsicott, L50, M|17/100\n|turn|9\n|\n|t:|1746119569\n|move|p1a: Ogerpon|Follow Me|p1a: Ogerpon\n|-singleturn|p1a: Ogerpon|move: Follow Me\n|move|p2b: Whimsicott|Tailwind|p2b: Whimsicott\n|-sidestart|p2: Carlitos Alcazar|move: Tailwind\n|move|p2a: Ogerpon|Ivy Cudgel|p1a: Ogerpon|[anim] Ivy Cudgel Fire\n|-crit|p1a: Ogerpon\n|-damage|p1a: Ogerpon|0 fnt\n|faint|p1a: Ogerpon\n|move|p1b: Terapagos|Tera Starstorm|p2a: Ogerpon|[spread] p2a,p2b\n|-damage|p2a: Ogerpon|23/100\n|-damage|p2b: Whimsicott|0 fnt\n|faint|p2b: Whimsicott\n|\n|-heal|p2a: Ogerpon|30/100|[from] Grassy Terrain\n|-heal|p1b: Terapagos|57/100|[from] Grassy Terrain\n|-heal|p1b: Terapagos|63/100|[from] item: Leftovers\n|-fieldend|move: Grassy Terrain\n|upkeep\n|\n|t:|1746119584\n|switch|p1a: Calyrex|Calyrex-Shadow, L50|100/100\n|switch|p2b: Miraidon|Miraidon, L50|100/100\n|-ability|p1a: Calyrex|As One\n|-ability|p1a: Calyrex|Unnerve\n|-fieldstart|move: Electric Terrain|[from] ability: Hadron Engine|[of] p2b: Miraidon\n|turn|10\n|\n|t:|1746119638\n|-terastallize|p2a: Ogerpon|Fire\n|detailschange|p2a: Ogerpon|Ogerpon-Hearthflame-Tera, L50, F, tera:Fire\n|-ability|p2a: Ogerpon|Embody Aspect (Hearthflame)|boost\n|-boost|p2a: Ogerpon|atk|1\n|move|p2b: Miraidon|Electro Drift|p1a: Calyrex\n|-enditem|p1a: Calyrex|Focus Sash\n|-damage|p1a: Calyrex|1/100\n|move|p2a: Ogerpon|Ivy Cudgel|p1b: Terapagos|[anim] Ivy Cudgel Fire\n|-damage|p1b: Terapagos|0 fnt\n|faint|p1b: Terapagos\n|move|p1a: Calyrex|Astral Barrage|p2a: Ogerpon|[spread] p2a,p2b\n|-damage|p2a: Ogerpon|0 fnt\n|-damage|p2b: Miraidon|49/100\n|faint|p2a: Ogerpon\n|-ability|p1a: Calyrex|Grim Neigh|boost\n|-boost|p1a: Calyrex|spa|1\n|\n|upkeep\n|turn|11\n|\n|t:|1746119658\n|move|p1a: Calyrex|Protect|p1a: Calyrex\n|-singleturn|p1a: Calyrex|Protect\n|move|p2b: Miraidon|Electro Drift|p1a: Calyrex\n|-activate|p1a: Calyrex|move: Protect\n|\n|upkeep\n|turn|12\n|\n|t:|1746119665\n|move|p1a: Calyrex|Protect||[still]\n|-fail|p1a: Calyrex\n|move|p2b: Miraidon|Electro Drift|p1a: Calyrex\n|-damage|p1a: Calyrex|0 fnt\n|faint|p1a: Calyrex\n|\n|win|Carlitos Alcazar\n|raw|Tugi's rating: 1127 &rarr; <strong>1108</strong><br />(-19 for losing)\n|raw|Carlitos Alcazar's rating: 1218 &rarr; <strong>1237</strong><br />(+19 for winning)\n", "uploadtime": 1746119685, "views": 10, "formatid": "gen9vgc2025regibo3", "rating": 1108, "private": 0, "password": null}