{"id": "gen9vgc2025regibo3-2355143901", "format": "[Gen 9] VGC 2025 Reg I (Bo3)", "players": ["mluz17", "Jabim"], "log": "|j|\u2606mluz17\n|j|\u2606Jabim\n|html|<table width=\"100%\"><tr><td align=\"left\">mluz17</td><td align=\"right\">Jabim</tr><tr><td align=\"left\"><i class=\"fa fa-circle\"></i> <i class=\"fa fa-circle-o\"></i> </td><td align=\"right\"><i class=\"fa fa-circle-o\"></i> <i class=\"fa fa-circle-o\"></i> </tr></table>\n|uhtml|bestof|<h2><strong>Game 2</strong> of <a href=\"/game-bestof3-gen9vgc2025regibo3-2355139372\">a best-of-3</a></h2>\n|t:|1746158196\n|gametype|doubles\n|player|p1|mluz17|266|\n|player|p2|Jabim|chuck|\n|teamsize|p1|6\n|teamsize|p2|6\n|gen|9\n|tier|[Gen 9] VGC 2025 Reg I (Bo3)\n|rule|Species Clause: Limit one of each Pok\u00e9mon\n|rule|Item Clause: Limit 1 of each item\n|clearpoke\n|poke|p1|Tornadus, L50, M|\n|poke|p1|Calyrex-Shadow, L50|\n|poke|p1|Urshifu-*, L50, M|\n|poke|p1|Zamazenta-*, L50|\n|poke|p1|Indeedee-F, L50, F|\n|poke|p1|Chien-Pao, L50|\n|poke|p2|Kyogre, L50|\n|poke|p2|Miraidon, L50|\n|poke|p2|Tsareena, L50, F|\n|poke|p2|Tornadus, L50, M|\n|poke|p2|Iron Hands, L50|\n|poke|p2|Clefairy, L50, F|\n|teampreview|4\n|showteam|p1|Tornadus||CovertCloak|Prankster|BleakwindStorm,Taunt,RainDance,Tailwind|||M|||50|,,,,,Dark]Calyrex-Shadow||FocusSash|AsOneSpectrier|AstralBarrage,Psychic,Encore,Protect||||||50|,,,,,Fairy]Urshifu-Rapid-Strike||ChoiceScarf|UnseenFist|SurgingStrikes,CloseCombat,AquaJet,Uturn|||M|||50|,,,,,Ghost]Zamazenta-Crowned||RustedShield|DauntlessShield|BodyPress,HeavySlam,WideGuard,Protect||||||50|,,,,,Dragon]Indeedee-F||RockyHelmet|PsychicSurge|FollowMe,DazzlingGleam,TrickRoom,HelpingHand|||F|||50|,,,,,Fairy]Chien-Pao||LifeOrb|SwordofRuin|IceSpinner,SuckerPunch,Protect,IceShard||||||50|,,,,,Water\n|showteam|p2|Kyogre||ChoiceScarf|Drizzle|WaterSpout,OriginPulse,IceBeam,HyperBeam||||||50|,,,,,Grass]Miraidon||ChoiceSpecs|HadronEngine|Thunder,VoltSwitch,DazzlingGleam,DracoMeteor||||||50|,,,,,Fairy]Tsareena||WideLens|QueenlyMajesty|PowerWhip,TripleAxel,KnockOff,Taunt|||F|||50|,,,,,Dark]Tornadus||CovertCloak|Prankster|BleakwindStorm,RainDance,Protect,Tailwind|||M|||50|,,,,,Steel]Iron Hands||AssaultVest|QuarkDrive|LowKick,DrainPunch,FakeOut,HeavySlam||||||50|,,,,,Water]Clefairy||Eviolite|FriendGuard|HelpingHand,Encore,FollowMe,HealPulse|||F|||50|,,,,,Water\n|\n|t:|1746158298\n|start\n|switch|p1a: Zamazenta|Zamazenta-Crowned, L50|100/100\n|switch|p1b: Chien-Pao|Chien-Pao, L50|100/100\n|switch|p2a: Kyogre|Kyogre, L50|100/100\n|switch|p2b: Clefairy|Clefairy, L50, F|100/100\n|-weather|RainDance|[from] ability: Drizzle|[of] p2a: Kyogre\n|-ability|p1b: Chien-Pao|Sword of Ruin\n|-ability|p1a: Zamazenta|Dauntless Shield|boost\n|-boost|p1a: Zamazenta|def|1\n|turn|1\n|\n|t:|1746158367\n|move|p2b: Clefairy|Helping Hand|p2a: Kyogre\n|-singleturn|p2a: Kyogre|Helping Hand|[of] p2b: Clefairy\n|move|p1a: Zamazenta|Protect|p1a: Zamazenta\n|-singleturn|p1a: Zamazenta|Protect\n|move|p1b: Chien-Pao|Sucker Punch|p2a: Kyogre\n|-damage|p2a: Kyogre|54/100\n|-damage|p1b: Chien-Pao|91/100|[from] item: Life Orb\n|move|p2a: Kyogre|Hyper Beam|p1b: Chien-Pao\n|-damage|p1b: Chien-Pao|0 fnt\n|-mustrecharge|p2a: Kyogre\n|faint|p1b: Chien-Pao\n|\n|-weather|RainDance|[upkeep]\n|upkeep\n|\n|t:|1746158384\n|switch|p1b: Calyrex|Calyrex-Shadow, L50|100/100\n|-ability|p1b: Calyrex|As One\n|-ability|p1b: Calyrex|Unnerve\n|turn|2\n|\n|t:|1746158411\n|switch|p2b: Iron Hands|Iron Hands, L50, shiny|100/100\n|cant|p2a: Kyogre|recharge\n|move|p1b: Calyrex|Astral Barrage|p2b: Iron Hands|[spread] p2a,p2b\n|-damage|p2a: Kyogre|19/100\n|-damage|p2b: Iron Hands|71/100\n|move|p1a: Zamazenta|Body Press|p2a: Kyogre\n|-damage|p2a: Kyogre|0 fnt\n|faint|p2a: Kyogre\n|\n|-weather|RainDance|[upkeep]\n|upkeep\n|\n|t:|1746158428\n|switch|p2a: Miraidon|Miraidon, L50|100/100\n|-fieldstart|move: Electric Terrain|[from] ability: Hadron Engine|[of] p2a: Miraidon\n|-activate|p2b: Iron Hands|ability: Quark Drive\n|-start|p2b: Iron Hands|quarkdriveatk\n|turn|3\n|\n|t:|1746158468\n|-terastallize|p2b: Iron Hands|Water\n|move|p1b: Calyrex|Protect|p1b: Calyrex\n|-singleturn|p1b: Calyrex|Protect\n|move|p1a: Zamazenta|Protect|p1a: Zamazenta\n|-singleturn|p1a: Zamazenta|Protect\n|move|p2b: Iron Hands|Fake Out|p1a: Zamazenta\n|-activate|p1a: Zamazenta|move: Protect\n|move|p2a: Miraidon|Thunder|p1b: Calyrex\n|-activate|p1b: Calyrex|move: Protect\n|\n|-weather|RainDance|[upkeep]\n|upkeep\n|turn|4\n|\n|t:|1746158500\n|move|p1b: Calyrex|Encore|p2b: Iron Hands\n|-start|p2b: Iron Hands|Encore\n|move|p2a: Miraidon|Thunder|p1b: Calyrex\n|-enditem|p1b: Calyrex|Focus Sash\n|-damage|p1b: Calyrex|1/100\n|-status|p1b: Calyrex|par\n|move|p1a: Zamazenta|Body Press|p2a: Miraidon\n|-damage|p2a: Miraidon|36/100\n|move|p2b: Iron Hands|Fake Out||[still]\n|-hint|Fake Out only works on your first turn out.\n|-fail|p2b: Iron Hands\n|\n|-weather|RainDance|[upkeep]\n|upkeep\n|turn|5\n|\n|t:|1746158531\n|-end|p2b: Iron Hands|Quark Drive|[silent]\n|switch|p2b: Clefairy|Clefairy, L50, F|100/100\n|move|p1b: Calyrex|Protect|p1b: Calyrex\n|-singleturn|p1b: Calyrex|Protect\n|move|p2a: Miraidon|Thunder|p1a: Zamazenta\n|-damage|p1a: Zamazenta|0 fnt\n|faint|p1a: Zamazenta\n|\n|-weather|none\n|upkeep\n|\n|t:|1746158540\n|switch|p1a: Tornadus|Tornadus, L50, M|100/100\n|turn|6\n|\n|t:|1746158560\n|move|p1a: Tornadus|Tailwind|p1a: Tornadus\n|-sidestart|p1: mluz17|move: Tailwind\n|move|p1b: Calyrex|Astral Barrage|p2a: Miraidon|[spread] p2a,p2b\n|-damage|p2a: Miraidon|4/100\n|-damage|p2b: Clefairy|68/100\n|move|p2a: Miraidon|Thunder|p1a: Tornadus|[miss]\n|-miss|p2a: Miraidon|p1a: Tornadus\n|move|p2b: Clefairy|Heal Pulse|p2a: Miraidon\n|-heal|p2a: Miraidon|54/100\n|\n|upkeep\n|turn|7\n|\n|t:|1746158600\n|switch|p2a: Iron Hands|Iron Hands, L50, shiny, tera:Water|71/100\n|-activate|p2a: Iron Hands|ability: Quark Drive\n|-start|p2a: Iron Hands|quarkdriveatk\n|-terastallize|p1a: Tornadus|Dark\n|move|p2b: Clefairy|Follow Me|p2b: Clefairy\n|-singleturn|p2b: Clefairy|move: Follow Me\n|move|p1a: Tornadus|Bleakwind Storm|p2b: Clefairy|[spread] p2b\n|-miss|p1a: Tornadus|p2a: Iron Hands\n|-damage|p2b: Clefairy|46/100\n|-unboost|p2b: Clefairy|spe|1\n|move|p1b: Calyrex|Astral Barrage|p2b: Clefairy|[spread] p2a,p2b\n|-damage|p2a: Iron Hands|50/100\n|-damage|p2b: Clefairy|13/100\n|\n|-fieldend|move: Electric Terrain\n|-end|p2a: Iron Hands|Quark Drive\n|upkeep\n|turn|8\n|\n|t:|1746158636\n|move|p2b: Clefairy|Helping Hand|p2a: Iron Hands\n|-singleturn|p2a: Iron Hands|Helping Hand|[of] p2b: Clefairy\n|move|p1a: Tornadus|Bleakwind Storm|p2b: Clefairy|[spread] p2a,p2b\n|-damage|p2a: Iron Hands|32/100\n|-damage|p2b: Clefairy|0 fnt\n|-unboost|p2a: Iron Hands|spe|1\n|faint|p2b: Clefairy\n|move|p1b: Calyrex|Astral Barrage|p2a: Iron Hands\n|-damage|p2a: Iron Hands|0 fnt\n|faint|p2a: Iron Hands\n|-end|p2a: Iron Hands|Quark Drive|[silent]\n|-ability|p1b: Calyrex|Grim Neigh|boost\n|-boost|p1b: Calyrex|spa|1\n|\n|upkeep\n|\n|t:|1746158652\n|switch|p2a: Miraidon|Miraidon, L50|54/100\n|-fieldstart|move: Electric Terrain|[from] ability: Hadron Engine|[of] p2a: Miraidon\n|turn|9\n|\n|t:|1746158660\n|move|p1a: Tornadus|Bleakwind Storm|p2a: Miraidon\n|-resisted|p2a: Miraidon\n|-damage|p2a: Miraidon|34/100\n|-unboost|p2a: Miraidon|spe|1\n|move|p1b: Calyrex|Astral Barrage|p2a: Miraidon\n|-damage|p2a: Miraidon|0 fnt\n|faint|p2a: Miraidon\n|\n|win|mluz17\n|l|\u2606Jabim\n|player|p2|\n", "uploadtime": 1746158816, "views": 2, "formatid": "gen9vgc2025regibo3", "rating": null, "private": 0, "password": null}