{"id": "gen9vgc2025regibo3-2354778265", "format": "[Gen 9] VGC 2025 Reg I (Bo3)", "players": ["PikaTROD", "DragonMasterCody"], "log": "|j|\u2606PikaTROD\n|j|\u2606DragonMasterCody\n|html|<table width=\"100%\"><tr><td align=\"left\">PikaTROD</td><td align=\"right\">DragonMasterCody</tr><tr><td align=\"left\"><i class=\"fa fa-circle-o\"></i> <i class=\"fa fa-circle-o\"></i> </td><td align=\"right\"><i class=\"fa fa-circle-o\"></i> <i class=\"fa fa-circle\"></i> </tr></table>\n|uhtml|bestof|<h2><strong>Game 2</strong> of <a href=\"/game-bestof3-gen9vgc2025regibo3-2354775613\">a best-of-3</a></h2>\n|t:|1746118951\n|gametype|doubles\n|player|p1|PikaTROD|169|1382\n|player|p2|DragonMasterCody|lance|1462\n|teamsize|p1|6\n|teamsize|p2|6\n|gen|9\n|tier|[Gen 9] VGC 2025 Reg I (Bo3)\n|rated|\n|rule|Species Clause: Limit one of each Pok\u00e9mon\n|rule|Item Clause: Limit 1 of each item\n|clearpoke\n|poke|p1|Terapagos, L50, M|\n|poke|p1|Lunala, L50|\n|poke|p1|Tornadus, L50, M|\n|poke|p1|Urshifu-*, L50, F|\n|poke|p1|Rillaboom, L50, F|\n|poke|p1|Incineroar, L50, F|\n|poke|p2|Koraidon, L50|\n|poke|p2|Chi-Yu, L50|\n|poke|p2|Calyrex-Shadow, L50|\n|poke|p2|Flutter Mane, L50|\n|poke|p2|Indeedee-F, L50, F|\n|poke|p2|Raging Bolt, L50|\n|teampreview|4\n|showteam|p1|Terapagos||ChoiceSpecs|TeraShift|HyperBeam,DarkPulse,TeraStarstorm,EarthPower|||M|||50|,,,,,Stellar]Lunala||Leftovers|ShadowShield|WideGuard,DazzlingGleam,MoongeistBeam,CalmMind||||||50|,,,,,Fairy]Tornadus||CovertCloak|Prankster|Tailwind,RainDance,BleakwindStorm,Taunt|||M|||50|,,,,,Dark]Urshifu-Rapid-Strike||FocusSash|UnseenFist|SurgingStrikes,CloseCombat,AquaJet,Detect|||F|||50|,,,,,Stellar]Rillaboom||AssaultVest|GrassySurge|FakeOut,GrassyGlide,WoodHammer,Uturn|||F|||50|,,,,,Fire]Incineroar||SafetyGoggles|Intimidate|FakeOut,KnockOff,PartingShot,WillOWisp|||F|||50|,,,,,Bug\n|showteam|p2|Koraidon||LoadedDice|OrichalcumPulse|CollisionCourse,FlareBlitz,Protect,ScaleShot||||||50|,,,,,Fire]Chi-Yu||ChoiceScarf|BeadsofRuin|DarkPulse,HeatWave,Flamethrower,Snarl||||||50|,,,,,Ghost]Calyrex-Shadow||LifeOrb|AsOneSpectrier|ExpandingForce,AstralBarrage,Protect,DarkPulse||||||50|,,,,,Dark]Flutter Mane||FocusSash|Protosynthesis|ShadowBall,Moonblast,Protect,IcyWind||||||50|,,,,,Fairy]Indeedee-F||RockyHelmet|PsychicSurge|FollowMe,HelpingHand,TrickRoom,Imprison|||F|||50|,,,,,Water]Raging Bolt||AssaultVest|Protosynthesis|Thunderclap,Thunderbolt,Electroweb,DragonPulse||||||50|,,,,,Electric\n|inactive|Battle timer is ON: inactive players will automatically lose when time's up. (requested by PikaTROD)\n|\n|t:|1746118977\n|start\n|switch|p1a: Incineroar|Incineroar, L50, F|100/100\n|switch|p1b: Lunala|Lunala, L50|100/100\n|switch|p2a: Koraidon|Koraidon, L50|100/100\n|switch|p2b: Chi-Yu|Chi-Yu, L50|100/100\n|-ability|p2b: Chi-Yu|Beads of Ruin\n|-weather|SunnyDay|[from] ability: Orichalcum Pulse|[of] p2a: Koraidon\n|-activate|p2a: Koraidon|Orichalcum Pulse|[source]\n|-ability|p1a: Incineroar|Intimidate|boost\n|-unboost|p2a: Koraidon|atk|1\n|-unboost|p2b: Chi-Yu|atk|1\n|turn|1\n|inactive|PikaTROD has 30 seconds left.\n|inactive|PikaTROD has 20 seconds left.\n|inactive|PikaTROD has 15 seconds left.\n|inactive|PikaTROD has 10 seconds left.\n|\n|t:|1746119026\n|switch|p1b: Tornadus|Tornadus, L50, M|100/100\n|-terastallize|p2a: Koraidon|Fire\n|move|p1a: Incineroar|Fake Out|p2a: Koraidon\n|-damage|p2a: Koraidon|92/100\n|move|p2b: Chi-Yu|Heat Wave|p1b: Tornadus|[spread] p1a,p1b\n|-resisted|p1a: Incineroar\n|-damage|p1a: Incineroar|67/100\n|-damage|p1b: Tornadus|10/100\n|cant|p2a: Koraidon|flinch\n|\n|-weather|SunnyDay|[upkeep]\n|upkeep\n|turn|2\n|inactive|PikaTROD has 30 seconds left.\n|inactive|DragonMasterCody has 30 seconds left.\n|\n|t:|1746119059\n|switch|p2b: Raging Bolt|Raging Bolt, L50|100/100\n|-activate|p2b: Raging Bolt|ability: Protosynthesis\n|-start|p2b: Raging Bolt|protosynthesisspa\n|switch|p1a: Terapagos|Terapagos, L50, M|100/100\n|-activate|p1a: Terapagos|ability: Tera Shift\n|detailschange|p1a: Terapagos|Terapagos-Terastal, L50, M\n|-heal|p1a: Terapagos|100/100|[silent]\n|move|p1b: Tornadus|Tailwind|p1b: Tornadus\n|-sidestart|p1: PikaTROD|move: Tailwind\n|move|p2a: Koraidon|Scale Shot|p1a: Terapagos\n|-activate|p1a: Terapagos|ability: Tera Shell\n|-resisted|p1a: Terapagos\n|-damage|p1a: Terapagos|95/100\n|-resisted|p1a: Terapagos\n|-damage|p1a: Terapagos|90/100\n|-resisted|p1a: Terapagos\n|-damage|p1a: Terapagos|84/100\n|-resisted|p1a: Terapagos\n|-damage|p1a: Terapagos|79/100\n|-hitcount|p1a: Terapagos|4\n|-unboost|p2a: Koraidon|def|1\n|-boost|p2a: Koraidon|spe|1\n|\n|-weather|SunnyDay|[upkeep]\n|upkeep\n|turn|3\n|inactive|PikaTROD has 30 seconds left.\n|inactive|DragonMasterCody has 30 seconds left.\n|inactive|PikaTROD has 20 seconds left.\n|inactive|PikaTROD has 15 seconds left.\n|inactive|PikaTROD has 10 seconds left.\n|\n|t:|1746119109\n|-terastallize|p1a: Terapagos|Stellar\n|detailschange|p1a: Terapagos|Terapagos-Stellar, L50, M, tera:Stellar\n|-heal|p1a: Terapagos|85/100|[silent]\n|-ability|p1a: Terapagos|Teraform Zero\n|-weather|none\n|-end|p2b: Raging Bolt|Protosynthesis\n|move|p2a: Koraidon|Protect|p2a: Koraidon\n|-singleturn|p2a: Koraidon|Protect\n|move|p1b: Tornadus|Bleakwind Storm|p2b: Raging Bolt|[spread] p2b\n|-activate|p2a: Koraidon|move: Protect\n|-resisted|p2b: Raging Bolt\n|-damage|p2b: Raging Bolt|90/100\n|move|p1a: Terapagos|Tera Starstorm|p2b: Raging Bolt|[spread] p2b\n|-activate|p2a: Koraidon|move: Protect\n|-damage|p2b: Raging Bolt|55/100\n|move|p2b: Raging Bolt|Electroweb|p1b: Tornadus|[spread] p1b\n|-miss|p2b: Raging Bolt|p1a: Terapagos\n|-supereffective|p1b: Tornadus\n|-damage|p1b: Tornadus|0 fnt\n|faint|p1b: Tornadus\n|\n|upkeep\n|\n|t:|1746119127\n|switch|p1b: Lunala|Lunala, L50|100/100\n|turn|4\n|inactive|DragonMasterCody has 30 seconds left.\n|inactive|DragonMasterCody has 20 seconds left.\n|\n|t:|1746119166\n|move|p2a: Koraidon|Collision Course|p1a: Terapagos\n|-supereffective|p1a: Terapagos\n|-damage|p1a: Terapagos|23/100\n|move|p1b: Lunala|Moongeist Beam|p2b: Raging Bolt\n|-damage|p2b: Raging Bolt|22/100\n|move|p1a: Terapagos|Tera Starstorm|p2a: Koraidon|[spread] p2a,p2b\n|-supereffective|p2a: Koraidon\n|-damage|p2a: Koraidon|0 fnt\n|-damage|p2b: Raging Bolt|0 fnt\n|faint|p2a: Koraidon\n|faint|p2b: Raging Bolt\n|-end|p2b: Raging Bolt|Protosynthesis|[silent]\n|\n|upkeep\n|\n|t:|1746119175\n|switch|p2a: Chi-Yu|Chi-Yu, L50|100/100\n|switch|p2b: Flutter Mane|Flutter Mane, L50, shiny|100/100\n|-ability|p2a: Chi-Yu|Beads of Ruin\n|turn|5\n|\n|t:|1746119197\n|move|p1b: Lunala|Dazzling Gleam|p2a: Chi-Yu|[spread] p2a,p2b\n|-damage|p2a: Chi-Yu|76/100\n|-damage|p2b: Flutter Mane|67/100\n|move|p2a: Chi-Yu|Dark Pulse|p1b: Lunala\n|-supereffective|p1b: Lunala\n|-damage|p1b: Lunala|26/100\n|move|p1a: Terapagos|Tera Starstorm|p2b: Flutter Mane|[spread] p2a,p2b\n|-damage|p2a: Chi-Yu|17/100\n|-damage|p2b: Flutter Mane|0 fnt\n|faint|p2b: Flutter Mane\n|-end|p2b: Flutter Mane|Protosynthesis|[silent]\n|\n|-heal|p1b: Lunala|32/100|[from] item: Leftovers\n|-sideend|p1: PikaTROD|move: Tailwind\n|upkeep\n|turn|6\n|\n|t:|1746119209\n|move|p2a: Chi-Yu|Dark Pulse|p1a: Terapagos\n|-damage|p1a: Terapagos|0 fnt\n|faint|p1a: Terapagos\n|move|p1b: Lunala|Dazzling Gleam|p2a: Chi-Yu\n|-damage|p2a: Chi-Yu|0 fnt\n|faint|p2a: Chi-Yu\n|\n|win|PikaTROD\n||DragonMasterCody is ready for game 3.\n||PikaTROD is ready for game 3.\n|uhtml|next|Next: <a href=\"/battle-gen9vgc2025regibo3-2354781295\"><strong>Game 3 of 3</strong></a>\n", "uploadtime": 1746119474, "views": 5, "formatid": "gen9vgc2025regibo3", "rating": null, "private": 0, "password": null}