{"id": "gen9vgc2025regibo3-2354397126", "format": "[Gen 9] VGC 2025 Reg I (Bo3)", "players": ["rishrage", "catsharknado"], "log": "|j|\u2606rishrage\n|j|\u2606catsharknado\n|html|<table width=\"100%\"><tr><td align=\"left\">rishrage</td><td align=\"right\">catsharknado</tr><tr><td align=\"left\"><i class=\"fa fa-circle-o\"></i> <i class=\"fa fa-circle-o\"></i> </td><td align=\"right\"><i class=\"fa fa-circle-o\"></i> <i class=\"fa fa-circle\"></i> </tr></table>\n|uhtml|bestof|<h2><strong>Game 2</strong> of <a href=\"/game-bestof3-gen9vgc2025regibo3-2354395992\">a best-of-3</a></h2>\n|t:|1746066323\n|gametype|doubles\n|player|p1|rishrage|169|1274\n|player|p2|catsharknado|102|1326\n|teamsize|p1|6\n|teamsize|p2|6\n|gen|9\n|tier|[Gen 9] VGC 2025 Reg I (Bo3)\n|rated|\n|rule|Species Clause: Limit one of each Pok\u00e9mon\n|rule|Item Clause: Limit 1 of each item\n|clearpoke\n|poke|p1|Zacian-*, L50|\n|poke|p1|Calyrex-Ice, L50|\n|poke|p1|Urshifu-*, L50, M|\n|poke|p1|Ogerpon-Cornerstone, L50, F|\n|poke|p1|Pelipper, L50, F|\n|poke|p1|Raging Bolt, L50|\n|poke|p2|Terapagos, L50, M|\n|poke|p2|Incineroar, L50, M|\n|poke|p2|Rillaboom, L50, M|\n|poke|p2|Ogerpon-Cornerstone, L50, F|\n|poke|p2|Flutter Mane, L50|\n|poke|p2|Calyrex-Shadow, L50|\n|teampreview|4\n|showteam|p1|Zacian-Crowned||RustedSword|IntrepidSword|PlayRough,behemothblade,SacredSword,Protect||||||50|,,,,,Dragon]Calyrex-Ice||ClearAmulet|AsOneGlastrier|GlacialLance,HighHorsepower,TrickRoom,Protect||||||50|,,,,,Fire]Urshifu-Rapid-Strike||ChoiceScarf|UnseenFist|SurgingStrikes,CloseCombat,AquaJet,Uturn|||M|||50|,,,,,Ghost]Ogerpon-Cornerstone||CornerstoneMask|Sturdy|IvyCudgel,Taunt,FollowMe,SpikyShield|||F|||50|,,,,,Rock]Pelipper||FocusSash|Drizzle|Hurricane,WeatherBall,WideGuard,Protect|||F|||50|,,,,,Ghost]Raging Bolt||BoosterEnergy|Protosynthesis|Thunderbolt,DragonPulse,Thunderclap,Protect||||||50|,,,,,Fairy\n|showteam|p2|Terapagos||Leftovers|TeraShift|CalmMind,Protect,TeraStarstorm,EarthPower|||M|||50|,,,,,Stellar]Incineroar||RockyHelmet|Intimidate|KnockOff,FakeOut,PartingShot,WillOWisp|||M|||50|,,,,,Ghost]Rillaboom||AssaultVest|GrassySurge|GrassyGlide,WoodHammer,FakeOut,Uturn|||M|||50|,,,,,Grass]Ogerpon-Cornerstone||CornerstoneMask|Sturdy|IvyCudgel,SpikyShield,FollowMe,PowerWhip|||F|||50|,,,,,Rock]Flutter Mane||BoosterEnergy|Protosynthesis|Moonblast,IcyWind,ThunderWave,Taunt||||||50|,,,,,Fairy]Calyrex-Shadow||FocusSash|AsOneSpectrier|AstralBarrage,Protect,WillOWisp,PollenPuff||||||50|,,,,,Ghost\n|inactive|Battle timer is ON: inactive players will automatically lose when time's up. (requested by rishrage)\n|inactive|catsharknado also wants the timer to be on.\n|inactive|rishrage has 60 seconds left.\n|\n|t:|1746066356\n|start\n|switch|p1a: Urshifu|Urshifu-Rapid-Strike, L50, M|100/100\n|switch|p1b: Pelipper|Pelipper, L50, F|100/100\n|switch|p2a: Incineroar|Incineroar, L50, M, shiny|100/100\n|switch|p2b: Rillaboom|Rillaboom, L50, M, shiny|100/100\n|-weather|RainDance|[from] ability: Drizzle|[of] p1b: Pelipper\n|-fieldstart|move: Grassy Terrain|[from] ability: Grassy Surge|[of] p2b: Rillaboom\n|-ability|p2a: Incineroar|Intimidate|boost\n|-unboost|p1a: Urshifu|atk|1\n|-unboost|p1b: Pelipper|atk|1\n|turn|1\n|\n|t:|1746066372\n|switch|p1a: Ogerpon|Ogerpon-Cornerstone, L50, F|100/100\n|move|p2a: Incineroar|Fake Out|p1b: Pelipper\n|-damage|p1b: Pelipper|86/100\n|move|p2b: Rillaboom|Grassy Glide|p1a: Ogerpon\n|-damage|p1a: Ogerpon|60/100\n|cant|p1b: Pelipper|flinch\n|\n|-weather|RainDance|[upkeep]\n|-heal|p1a: Ogerpon|66/100|[from] Grassy Terrain\n|upkeep\n|turn|2\n|inactive|catsharknado has 30 seconds left.\n|inactive|catsharknado has 20 seconds left.\n|\n|t:|1746066410\n|switch|p2a: Terapagos|Terapagos, L50, M|100/100\n|-activate|p2a: Terapagos|ability: Tera Shift\n|detailschange|p2a: Terapagos|Terapagos-Terastal, L50, M\n|-heal|p2a: Terapagos|100/100|[silent]\n|move|p2b: Rillaboom|Grassy Glide|p1b: Pelipper\n|-damage|p1b: Pelipper|43/100\n|move|p1a: Ogerpon|Ivy Cudgel|p2a: Terapagos|[anim] Ivy Cudgel Rock\n|-activate|p2a: Terapagos|ability: Tera Shell\n|-resisted|p2a: Terapagos\n|-damage|p2a: Terapagos|80/100\n|move|p1b: Pelipper|Hurricane|p2b: Rillaboom\n|-supereffective|p2b: Rillaboom\n|-damage|p2b: Rillaboom|37/100\n|-start|p2b: Rillaboom|confusion\n|\n|-weather|RainDance|[upkeep]\n|-heal|p1a: Ogerpon|71/100|[from] Grassy Terrain\n|-heal|p2a: Terapagos|86/100|[from] Grassy Terrain\n|-heal|p2a: Terapagos|93/100|[from] item: Leftovers\n|-heal|p2b: Rillaboom|43/100|[from] Grassy Terrain\n|upkeep\n|turn|3\n|inactive|rishrage has 30 seconds left.\n|\n|t:|1746066440\n|switch|p2b: Incineroar|Incineroar, L50, M, shiny|100/100\n|-ability|p2b: Incineroar|Intimidate|boost\n|-unboost|p1a: Ogerpon|atk|1\n|-unboost|p1b: Pelipper|atk|1\n|move|p1a: Ogerpon|Taunt|p2a: Terapagos\n|-start|p2a: Terapagos|move: Taunt\n|cant|p2a: Terapagos|move: Taunt|Calm Mind\n|move|p1b: Pelipper|Weather Ball|p2b: Incineroar\n|-supereffective|p2b: Incineroar\n|-damage|p2b: Incineroar|0 fnt\n|faint|p2b: Incineroar\n|\n|-weather|RainDance|[upkeep]\n|-heal|p1a: Ogerpon|77/100|[from] Grassy Terrain\n|-heal|p2a: Terapagos|99/100|[from] Grassy Terrain\n|-heal|p2a: Terapagos|100/100|[from] item: Leftovers\n|upkeep\n|\n|t:|1746066448\n|switch|p2b: Calyrex|Calyrex-Shadow, L50|100/100\n|-ability|p2b: Calyrex|As One\n|-ability|p2b: Calyrex|Unnerve\n|turn|4\n|\n|t:|1746066471\n|move|p1a: Ogerpon|Spiky Shield|p1a: Ogerpon\n|-singleturn|p1a: Ogerpon|move: Protect\n|move|p2b: Calyrex|Pollen Puff|p1a: Ogerpon\n|-activate|p1a: Ogerpon|move: Protect\n|move|p2a: Terapagos|Tera Starstorm|p1b: Pelipper\n|-damage|p1b: Pelipper|0 fnt\n|faint|p1b: Pelipper\n|\n|-weather|RainDance|[upkeep]\n|-heal|p1a: Ogerpon|83/100|[from] Grassy Terrain\n|upkeep\n|\n|t:|1746066485\n|switch|p1b: Urshifu|Urshifu-Rapid-Strike, L50, M|100/100\n|turn|5\n|\n|t:|1746066509\n|-terastallize|p2a: Terapagos|Stellar\n|detailschange|p2a: Terapagos|Terapagos-Stellar, L50, M, tera:Stellar\n|-heal|p2a: Terapagos|100/100|[silent]\n|-ability|p2a: Terapagos|Teraform Zero\n|-weather|none\n|-fieldend|move: Grassy Terrain\n|move|p1a: Ogerpon|Spiky Shield|p1a: Ogerpon\n|-singleturn|p1a: Ogerpon|move: Protect\n|move|p1b: Urshifu|Surging Strikes|p2b: Calyrex\n|-crit|p2b: Calyrex\n|-damage|p2b: Calyrex|75/100\n|-crit|p2b: Calyrex\n|-damage|p2b: Calyrex|45/100\n|-crit|p2b: Calyrex\n|-damage|p2b: Calyrex|16/100\n|-hitcount|p2b: Calyrex|3\n|move|p2b: Calyrex|Astral Barrage|p1b: Urshifu|[spread] p1b\n|-activate|p1a: Ogerpon|move: Protect\n|-damage|p1b: Urshifu|11/100\n|move|p2a: Terapagos|Tera Starstorm|p1b: Urshifu|[spread] p1b\n|-activate|p1a: Ogerpon|move: Protect\n|-damage|p1b: Urshifu|0 fnt\n|faint|p1b: Urshifu\n|\n|-end|p2a: Terapagos|move: Taunt\n|upkeep\n|\n|t:|1746066517\n|switch|p1b: Zacian|Zacian-Crowned, L50|100/100\n|-ability|p1b: Zacian|Intrepid Sword|boost\n|-boost|p1b: Zacian|atk|1\n|turn|6\n|\n|t:|1746066535\n|move|p2b: Calyrex|Protect|p2b: Calyrex\n|-singleturn|p2b: Calyrex|Protect\n|move|p1a: Ogerpon|Follow Me|p1a: Ogerpon\n|-singleturn|p1a: Ogerpon|move: Follow Me\n|move|p1b: Zacian|Behemoth Blade|p2b: Calyrex\n|-activate|p2b: Calyrex|move: Protect\n|move|p2a: Terapagos|Earth Power|p1a: Ogerpon\n|-damage|p1a: Ogerpon|41/100\n|-unboost|p1a: Ogerpon|spd|1\n|\n|upkeep\n|turn|7\n|\n|t:|1746066554\n|-terastallize|p1b: Zacian|Dragon\n|move|p1a: Ogerpon|Spiky Shield|p1a: Ogerpon\n|-singleturn|p1a: Ogerpon|move: Protect\n|move|p2b: Calyrex|Astral Barrage|p1a: Ogerpon|[spread] p1b\n|-activate|p1a: Ogerpon|move: Protect\n|-damage|p1b: Zacian|50/100\n|move|p1b: Zacian|Sacred Sword|p2a: Terapagos\n|-supereffective|p2a: Terapagos\n|-damage|p2a: Terapagos|44/100\n|move|p2a: Terapagos|Tera Starstorm|p1a: Ogerpon|[spread] p1b\n|-activate|p1a: Ogerpon|move: Protect\n|-supereffective|p1b: Zacian\n|-damage|p1b: Zacian|0 fnt\n|faint|p1b: Zacian\n|\n|-heal|p2a: Terapagos|51/100|[from] item: Leftovers\n|upkeep\n|turn|8\n|-message|rishrage forfeited.\n|\n|win|catsharknado\n|raw|rishrage's rating: 1274 &rarr; <strong>1253</strong><br />(-21 for losing)\n|raw|catsharknado's rating: 1326 &rarr; <strong>1343</strong><br />(+17 for winning)\n|l|\u2606rishrage\n|player|p1|\n|l|\u2606catsharknado\n|player|p2|\n|j|\u2606rishrage\n|player|p1|rishrage|169|\n", "uploadtime": 1746066582, "views": 9, "formatid": "gen9vgc2025regibo3", "rating": 1253, "private": 0, "password": null}