{"id": "gen9vgc2025regibo3-2354804336", "format": "[Gen 9] VGC 2025 Reg I (Bo3)", "players": ["dman12352", "justtestingforVGC"], "log": "|j|\u2606dman12352\n|j|\u2606justtestingforVGC\n|html|<table width=\"100%\"><tr><td align=\"left\">dman12352</td><td align=\"right\">justtestingforVGC</tr><tr><td align=\"left\"><i class=\"fa fa-circle-o\"></i> <i class=\"fa fa-circle-o\"></i> </td><td align=\"right\"><i class=\"fa fa-circle-o\"></i> <i class=\"fa fa-circle\"></i> </tr></table>\n|uhtml|bestof|<h2><strong>Game 2</strong> of <a href=\"/game-bestof3-gen9vgc2025regibo3-2354802164\">a best-of-3</a></h2>\n|t:|1746121208\n|gametype|doubles\n|player|p1|dman12352|brycenman|1103\n|player|p2|justtestingforVGC|steven|1029\n|teamsize|p1|6\n|teamsize|p2|6\n|gen|9\n|tier|[Gen 9] VGC 2025 Reg I (Bo3)\n|rated|\n|rule|Species Clause: Limit one of each Pok\u00e9mon\n|rule|Item Clause: Limit 1 of each item\n|clearpoke\n|poke|p1|Amoonguss, L50, M|\n|poke|p1|Incineroar, L50, M|\n|poke|p1|Calyrex-Shadow, L50|\n|poke|p1|Koraidon, L50|\n|poke|p1|Raging Bolt, L50|\n|poke|p1|Grimmsnarl, L50, M|\n|poke|p2|Kyogre, L50|\n|poke|p2|Espathra, L50, M|\n|poke|p2|Indeedee-F, L50, F|\n|poke|p2|Eternatus, L50|\n|poke|p2|Urshifu-*, L50, M|\n|poke|p2|Incineroar, L50, F|\n|teampreview|4\n|showteam|p1|Amoonguss||RockyHelmet|Regenerator|SludgeBomb,Spore,Protect,RagePowder|||M|||50|,,,,,Water]Incineroar||SafetyGoggles|Intimidate|FlareBlitz,KnockOff,FakeOut,PartingShot|||M|||50|,,,,,Bug]Calyrex-Shadow||FocusSash|AsOneSpectrier|AstralBarrage,Psychic,Protect,NastyPlot||||||50|,,,,,Dark]Koraidon||ClearAmulet|OrichalcumPulse|CollisionCourse,FlareBlitz,FlameCharge,Protect||||||50|,,,,,Fire]Raging Bolt||AssaultVest|Protosynthesis|VoltSwitch,DracoMeteor,Thunderclap,Snarl||||||50|,,,,,Fairy]Grimmsnarl||LightClay|Prankster|Reflect,LightScreen,FoulPlay,ThunderWave|||M|||50|,,,,,Dark\n|showteam|p2|Kyogre||ChoiceScarf|Drizzle|WaterSpout,IceBeam,Thunder,OriginPulse||||||50|,,,,,Water]Espathra||TwistedSpoon|SpeedBoost|Protect,LuminaCrash,SkillSwap,Substitute|||M|||50|,,,,,Psychic]Indeedee-F||PsychicSeed|PsychicSurge|DazzlingGleam,HelpingHand,FollowMe,TrickRoom|||F|||50|,,,,,Grass]Eternatus||Leftovers|Pressure|Protect,CosmicPower,SludgeBomb,Flamethrower||||||50|,,,,,Fire]Urshifu-Rapid-Strike||FocusSash|UnseenFist|Protect,SurgingStrikes,AquaJet,CloseCombat|||M|||50|,,,,,Water]Incineroar||SafetyGoggles|Intimidate|KnockOff,PartingShot,FlareBlitz,FakeOut|||F|||50|,,,,,Ghost\n|inactive|Battle timer is ON: inactive players will automatically lose when time's up. (requested by dman12352)\n|inactive|justtestingforVGC also wants the timer to be on.\n|\n|t:|1746121237\n|start\n|switch|p1a: Amoonguss|Amoonguss, L50, M|100/100\n|switch|p1b: Calyrex|Calyrex-Shadow, L50|100/100\n|switch|p2a: Espathra|Espathra, L50, M|100/100\n|switch|p2b: Indeedee|Indeedee-F, L50, F|100/100\n|-ability|p1b: Calyrex|As One\n|-ability|p1b: Calyrex|Unnerve\n|-fieldstart|move: Psychic Terrain|[from] ability: Psychic Surge|[of] p2b: Indeedee\n|-enditem|p2b: Indeedee|Psychic Seed\n|-boost|p2b: Indeedee|spd|1|[from] item: Psychic Seed\n|turn|1\n|inactive|justtestingforVGC has 30 seconds left.\n|inactive|justtestingforVGC has 20 seconds left.\n|\n|t:|1746121272\n|move|p2a: Espathra|Protect|p2a: Espathra\n|-singleturn|p2a: Espathra|Protect\n|move|p1b: Calyrex|Astral Barrage|p2a: Espathra|[spread] \n|-activate|p2a: Espathra|move: Protect\n|-immune|p2b: Indeedee\n|move|p2b: Indeedee|Dazzling Gleam|p1a: Amoonguss|[spread] p1a,p1b\n|-resisted|p1a: Amoonguss\n|-damage|p1a: Amoonguss|95/100\n|-damage|p1b: Calyrex|86/100\n|move|p1a: Amoonguss|Spore|p2b: Indeedee\n|-status|p2b: Indeedee|slp|[from] move: Spore\n|\n|-ability|p2a: Espathra|Speed Boost|boost\n|-boost|p2a: Espathra|spe|1\n|upkeep\n|turn|2\n|\n|t:|1746121289\n|-terastallize|p1b: Calyrex|Dark\n|cant|p2b: Indeedee|slp\n|move|p2a: Espathra|Lumina Crash|p1a: Amoonguss\n|-supereffective|p1a: Amoonguss\n|-damage|p1a: Amoonguss|0 fnt\n|faint|p1a: Amoonguss\n|move|p1b: Calyrex|Astral Barrage|p2b: Indeedee|[spread] p2a\n|-immune|p2b: Indeedee\n|-supereffective|p2a: Espathra\n|-damage|p2a: Espathra|0 fnt\n|faint|p2a: Espathra\n|-ability|p1b: Calyrex|Grim Neigh|boost\n|-boost|p1b: Calyrex|spa|1\n|\n|upkeep\n|\n|t:|1746121296\n|switch|p2a: Urshifu|Urshifu-Rapid-Strike, L50, M|100/100\n|switch|p1a: Raging Bolt|Raging Bolt, L50|100/100\n|turn|3\n|\n|t:|1746121326\n|-terastallize|p2a: Urshifu|Water\n|move|p1b: Calyrex|Psychic|p2a: Urshifu\n|-enditem|p2a: Urshifu|Focus Sash\n|-damage|p2a: Urshifu|1/100\n|move|p2a: Urshifu|Surging Strikes|p1b: Calyrex\n|-crit|p1b: Calyrex\n|-damage|p1b: Calyrex|53/100\n|-crit|p1b: Calyrex\n|-damage|p1b: Calyrex|22/100\n|-crit|p1b: Calyrex\n|-damage|p1b: Calyrex|0 fnt\n|faint|p1b: Calyrex\n|-hitcount|p1: Calyrex|3\n|move|p1a: Raging Bolt|Draco Meteor|p2b: Indeedee\n|-damage|p2b: Indeedee|63/100 slp\n|-unboost|p1a: Raging Bolt|spa|2\n|-curestatus|p2b: Indeedee|slp|[msg]\n|move|p2b: Indeedee|Dazzling Gleam|p1a: Raging Bolt\n|-supereffective|p1a: Raging Bolt\n|-damage|p1a: Raging Bolt|81/100\n|\n|upkeep\n|\n|t:|1746121335\n|switch|p1b: Koraidon|Koraidon, L50|100/100\n|-weather|SunnyDay|[from] ability: Orichalcum Pulse|[of] p1b: Koraidon\n|-activate|p1a: Raging Bolt|ability: Protosynthesis\n|-start|p1a: Raging Bolt|protosynthesisdef\n|-activate|p1b: Koraidon|Orichalcum Pulse|[source]\n|turn|4\n|\n|t:|1746121346\n|move|p2b: Indeedee|Follow Me|p2b: Indeedee\n|-singleturn|p2b: Indeedee|move: Follow Me\n|move|p2a: Urshifu|Close Combat|p1b: Koraidon\n|-damage|p1b: Koraidon|54/100\n|-unboost|p2a: Urshifu|def|1\n|-unboost|p2a: Urshifu|spd|1\n|move|p1b: Koraidon|Flame Charge|p2b: Indeedee\n|-damage|p2b: Indeedee|18/100\n|-boost|p1b: Koraidon|spe|1\n|move|p1a: Raging Bolt|Volt Switch|p2b: Indeedee\n|-damage|p2b: Indeedee|7/100\n|\n|-weather|SunnyDay|[upkeep]\n|upkeep\n|turn|5\n|\n|t:|1746121362\n|move|p2b: Indeedee|Helping Hand|p2a: Urshifu\n|-singleturn|p2a: Urshifu|Helping Hand|[of] p2b: Indeedee\n|move|p1b: Koraidon|Collision Course|p2b: Indeedee\n|-crit|p2b: Indeedee\n|-damage|p2b: Indeedee|0 fnt\n|faint|p2b: Indeedee\n|move|p2a: Urshifu|Close Combat|p1b: Koraidon\n|-damage|p1b: Koraidon|0 fnt\n|-unboost|p2a: Urshifu|def|1\n|-unboost|p2a: Urshifu|spd|1\n|faint|p1b: Koraidon\n|move|p1a: Raging Bolt|Volt Switch|p2a: Urshifu\n|-supereffective|p2a: Urshifu\n|-damage|p2a: Urshifu|0 fnt\n|faint|p2a: Urshifu\n|\n|-weather|SunnyDay|[upkeep]\n|-fieldend|move: Psychic Terrain\n|upkeep\n|\n|t:|1746121364\n|switch|p2b: Kyogre|Kyogre, L50|100/100\n|-weather|RainDance|[from] ability: Drizzle|[of] p2b: Kyogre\n|-end|p1a: Raging Bolt|Protosynthesis\n|turn|6\n|\n|t:|1746121373\n|move|p1a: Raging Bolt|Thunderclap|p2b: Kyogre\n|-supereffective|p2b: Kyogre\n|-damage|p2b: Kyogre|73/100\n|move|p2b: Kyogre|Ice Beam|p1a: Raging Bolt\n|-supereffective|p1a: Raging Bolt\n|-damage|p1a: Raging Bolt|44/100\n|\n|-weather|RainDance|[upkeep]\n|upkeep\n|turn|7\n|\n|t:|1746121379\n|move|p1a: Raging Bolt|Thunderclap|p2b: Kyogre\n|-supereffective|p2b: Kyogre\n|-damage|p2b: Kyogre|43/100\n|move|p2b: Kyogre|Ice Beam|p1a: Raging Bolt\n|-supereffective|p1a: Raging Bolt\n|-damage|p1a: Raging Bolt|5/100\n|\n|-weather|RainDance|[upkeep]\n|upkeep\n|turn|8\n|\n|t:|1746121384\n|move|p1a: Raging Bolt|Thunderclap|p2b: Kyogre\n|-supereffective|p2b: Kyogre\n|-crit|p2b: Kyogre\n|-damage|p2b: Kyogre|0 fnt\n|faint|p2b: Kyogre\n|\n|win|dman12352\n||dman12352 is ready for game 3.\n||justtestingforVGC is ready for game 3.\n|uhtml|next|Next: <a href=\"/battle-gen9vgc2025regibo3-2354806387\"><strong>Game 3 of 3</strong></a>\n|l|\u2606justtestingforVGC\n|player|p2|\n|l|\u2606dman12352\n|player|p1|\n", "uploadtime": 1746121664, "views": 7, "formatid": "gen9vgc2025regibo3", "rating": null, "private": 0, "password": null}