{"id": "gen9vgc2025regibo3-2354452463", "format": "[Gen 9] VGC 2025 Reg I (Bo3)", "players": ["ricoboi", "deadenne"], "log": "|j|\u2606ricoboi\n|j|\u2606deadenne\n|html|<table width=\"100%\"><tr><td align=\"left\">ricoboi</td><td align=\"right\">deadenne</tr><tr><td align=\"left\"><i class=\"fa fa-circle\"></i> <i class=\"fa fa-circle-o\"></i> </td><td align=\"right\"><i class=\"fa fa-circle-o\"></i> <i class=\"fa fa-circle-o\"></i> </tr></table>\n|uhtml|bestof|<h2><strong>Game 2</strong> of <a href=\"/game-bestof3-gen9vgc2025regibo3-2354451082\">a best-of-3</a></h2>\n|t:|1746073748\n|gametype|doubles\n|player|p1|ricoboi|cameraman|1096\n|player|p2|deadenne|ghetsis-gen5bw|1048\n|teamsize|p1|6\n|teamsize|p2|6\n|gen|9\n|tier|[Gen 9] VGC 2025 Reg I (Bo3)\n|rated|\n|rule|Species Clause: Limit one of each Pok\u00e9mon\n|rule|Item Clause: Limit 1 of each item\n|clearpoke\n|poke|p1|Calyrex-Shadow, L50|\n|poke|p1|Koraidon, L50|\n|poke|p1|Zoroark-Hisui, L50, F|\n|poke|p1|Ogerpon-Cornerstone, L50, F|\n|poke|p1|Rillaboom, L50, M|\n|poke|p1|Metagross, L50|\n|poke|p2|Whimsicott, L50, F|\n|poke|p2|Hitmontop, L50, M|\n|poke|p2|Calyrex-Shadow, L50|\n|poke|p2|Hydreigon, L50, M|\n|poke|p2|Zacian-*, L50|\n|poke|p2|Indeedee-F, L50, F|\n|teampreview|4\n|showteam|p1|Calyrex-Shadow||LifeOrb|AsOneSpectrier|AstralBarrage,ExpandingForce,NastyPlot,Protect||||||50|,,,,,Dark]Koraidon||ClearAmulet|OrichalcumPulse|CloseCombat,FlareBlitz,Uturn,Protect||||||50|,,,,,Fire]Zoroark-Hisui||FocusSash|Illusion|ShadowBall,Protect,SludgeBomb,WillOWisp|||F|||50|,,,,,Normal]Ogerpon-Cornerstone||CornerstoneMask|Sturdy|IvyCudgel,FollowMe,SpikyShield,PowerWhip|||F|||50|,,,,,Rock]Rillaboom||AssaultVest|GrassySurge|WoodHammer,GrassyGlide,Uturn,FakeOut|||M|||50|,,,,,Fire]Metagross||ChoiceBand|ClearBody|Explosion,BulletPunch,ThunderPunch,IcePunch||||||50|,,,,,Stellar\n|showteam|p2|Whimsicott||CovertCloak|Prankster|Moonblast,Tailwind,Taunt,SunnyDay|||F|||50|,,,,,Steel]Hitmontop||EjectButton|Intimidate|FakeOut,CloseCombat,WideGuard,Feint|||M|||50|,,,,,Fighting]Calyrex-Shadow||LifeOrb|AsOneSpectrier|AstralBarrage,ExpandingForce,TeraBlast,Protect||||||50|,,,,,Ground]Hydreigon||ScopeLens|Levitate|DracoMeteor,HeatWave,FocusEnergy,Protect|||M|||50|,,,,,Fire]Zacian-Crowned||RustedSword|IntrepidSword|behemothblade,WildCharge,Crunch,Protect||||||50|,,,,,Dragon]Indeedee-F||SafetyGoggles|PsychicSurge|FollowMe,DazzlingGleam,Imprison,TrickRoom|||F|||50|,,,,,Fairy\n|inactive|Battle timer is ON: inactive players will automatically lose when time's up. (requested by ricoboi)\n|inactive|deadenne has 60 seconds left.\n|\n|t:|1746073787\n|start\n|switch|p1a: Calyrex|Calyrex-Shadow, L50|100/100\n|switch|p1b: Koraidon|Koraidon, L50|100/100\n|switch|p2a: Cocomelon|Whimsicott, L50, F|100/100\n|switch|p2b: King Ghidorah|Hydreigon, L50, M, shiny|100/100\n|-weather|SunnyDay|[from] ability: Orichalcum Pulse|[of] p1b: Koraidon\n|-activate|p1b: Koraidon|Orichalcum Pulse|[source]\n|turn|1\n|inactive|ricoboi has 30 seconds left.\n|\n|t:|1746073816\n|-terastallize|p1b: Koraidon|Fire\n|-terastallize|p2b: King Ghidorah|Fire\n|move|p1a: Calyrex|Protect|p1a: Calyrex\n|-singleturn|p1a: Calyrex|Protect\n|move|p2a: Cocomelon|Tailwind|p2a: Cocomelon\n|-sidestart|p2: deadenne|move: Tailwind\n|move|p2b: King Ghidorah|Focus Energy|p2b: King Ghidorah\n|-start|p2b: King Ghidorah|move: Focus Energy\n|move|p1b: Koraidon|U-turn|p2a: Cocomelon\n|-damage|p2a: Cocomelon|56/100\n|\n|t:|1746073827\n|switch|p1b: Ogerpon|Ogerpon-Cornerstone, L50, F|100/100|[from] U-turn\n|\n|-weather|SunnyDay|[upkeep]\n|upkeep\n|turn|2\n|\n|t:|1746073842\n|move|p2b: King Ghidorah|Protect|p2b: King Ghidorah\n|-singleturn|p2b: King Ghidorah|Protect\n|move|p2a: Cocomelon|Moonblast|p1b: Ogerpon\n|-damage|p1b: Ogerpon|70/100\n|-unboost|p1b: Ogerpon|spa|1\n|move|p1a: Calyrex|Sludge Bomb|p2a: Cocomelon\n|-supereffective|p2a: Cocomelon\n|-damage|p2a: Cocomelon|0 fnt\n|faint|p2a: Cocomelon\n|move|p1b: Ogerpon|Ivy Cudgel|p2b: King Ghidorah|[anim] Ivy Cudgel Rock\n|-activate|p2b: King Ghidorah|move: Protect\n|\n|-weather|SunnyDay|[upkeep]\n|upkeep\n|\n|t:|1746073866\n|switch|p2a: Rem|Indeedee-F, L50, F|100/100\n|-fieldstart|move: Psychic Terrain|[from] ability: Psychic Surge|[of] p2a: Rem\n|turn|3\n|\n|t:|1746073890\n|move|p2a: Rem|Follow Me|p2a: Rem\n|-singleturn|p2a: Rem|move: Follow Me\n|move|p2b: King Ghidorah|Heat Wave|p1a: Calyrex|[spread] p1a,p1b\n|-crit|p1a: Calyrex\n|-crit|p1b: Ogerpon\n|-enditem|p1a: Calyrex|Focus Sash\n|-damage|p1a: Calyrex|1/100\n|-damage|p1b: Ogerpon|0 fnt\n|replace|p1a: Zoroark|Zoroark-Hisui, L50, F\n|-end|p1a: Zoroark|Illusion\n|faint|p1b: Ogerpon\n|move|p1a: Zoroark|Sludge Bomb|p2a: Rem\n|-damage|p2a: Rem|70/100\n|\n|-weather|SunnyDay|[upkeep]\n|upkeep\n|\n|t:|1746073906\n|switch|p1b: Calyrex|Calyrex-Shadow, L50|100/100\n|-ability|p1b: Calyrex|As One\n|-ability|p1b: Calyrex|Unnerve\n|turn|4\n|\n|t:|1746073912\n|move|p1b: Calyrex|Protect|p1b: Calyrex\n|-singleturn|p1b: Calyrex|Protect\n|move|p1a: Zoroark|Protect|p1a: Zoroark\n|-singleturn|p1a: Zoroark|Protect\n|move|p2a: Rem|Follow Me|p2a: Rem\n|-singleturn|p2a: Rem|move: Follow Me\n|move|p2b: King Ghidorah|Heat Wave|p1b: Calyrex|[spread] \n|-activate|p1a: Zoroark|move: Protect\n|-activate|p1b: Calyrex|move: Protect\n|\n|-weather|SunnyDay|[upkeep]\n|-sideend|p2: deadenne|move: Tailwind\n|upkeep\n|turn|5\n|\n|t:|1746073929\n|move|p2b: King Ghidorah|Protect|p2b: King Ghidorah\n|-singleturn|p2b: King Ghidorah|Protect\n|move|p1b: Calyrex|Expanding Force|p2a: Rem|[spread] p2a\n|-activate|p2b: King Ghidorah|move: Protect\n|-resisted|p2a: Rem\n|-damage|p2a: Rem|27/100\n|-damage|p1b: Calyrex|91/100|[from] item: Life Orb\n|move|p1a: Zoroark|Sludge Bomb|p2b: King Ghidorah\n|-activate|p2b: King Ghidorah|move: Protect\n|move|p2a: Rem|Trick Room|p2a: Rem\n|-fieldstart|move: Trick Room|[of] p2a: Rem\n|\n|-weather|none\n|upkeep\n|turn|6\n|\n|t:|1746073950\n|switch|p1a: Koraidon|Koraidon, L50, tera:Fire|100/100\n|-weather|SunnyDay|[from] ability: Orichalcum Pulse|[of] p1a: Koraidon\n|-activate|p1a: Koraidon|Orichalcum Pulse|[source]\n|move|p1b: Calyrex|Protect|p1b: Calyrex\n|-singleturn|p1b: Calyrex|Protect\n|move|p2a: Rem|Dazzling Gleam|p1a: Koraidon|[spread] p1a\n|-activate|p1b: Calyrex|move: Protect\n|-resisted|p1a: Koraidon\n|-damage|p1a: Koraidon|95/100\n|move|p2b: King Ghidorah|Draco Meteor|p1b: Calyrex\n|-activate|p1b: Calyrex|move: Protect\n|\n|-weather|SunnyDay|[upkeep]\n|upkeep\n|turn|7\n|inactive|ricoboi has 30 seconds left.\n|\n|t:|1746073979\n|switch|p1b: Calyrex|Calyrex-Shadow, L50|1/100\n|move|p2a: Rem|Follow Me|p2a: Rem\n|-singleturn|p2a: Rem|move: Follow Me\n|move|p2b: King Ghidorah|Draco Meteor|p1b: Calyrex\n|-crit|p1b: Calyrex\n|-damage|p1b: Calyrex|0 fnt\n|-unboost|p2b: King Ghidorah|spa|2\n|replace|p1b: Zoroark|Zoroark-Hisui, L50, F\n|-end|p1b: Zoroark|Illusion\n|faint|p1b: Zoroark\n|move|p1a: Koraidon|U-turn|p2a: Rem\n|-supereffective|p2a: Rem\n|-damage|p2a: Rem|0 fnt\n|faint|p2a: Rem\n|\n|t:|1746073991\n|switch|p1a: Calyrex|Calyrex-Shadow, L50|91/100|[from] U-turn\n|-ability|p1a: Calyrex|As One\n|-ability|p1a: Calyrex|Unnerve\n|\n|-weather|SunnyDay|[upkeep]\n|-fieldend|move: Psychic Terrain\n|upkeep\n|\n|t:|1746073994\n|switch|p2a: Ashborn|Calyrex-Shadow, L50|100/100\n|switch|p1b: Koraidon|Koraidon, L50, tera:Fire|95/100\n|-ability|p2a: Ashborn|As One\n|-ability|p2a: Ashborn|Unnerve\n|-activate|p1b: Koraidon|ability: Orichalcum Pulse\n|turn|8\n|inactive|ricoboi has 30 seconds left.\n|\n|t:|1746074023\n|move|p1b: Koraidon|Protect|p1b: Koraidon\n|-singleturn|p1b: Koraidon|Protect\n|move|p2b: King Ghidorah|Draco Meteor|p1b: Koraidon\n|-activate|p1b: Koraidon|move: Protect\n|move|p2a: Ashborn|Astral Barrage|p1b: Koraidon|[spread] p1a\n|-activate|p1b: Koraidon|move: Protect\n|-supereffective|p1a: Calyrex\n|-damage|p1a: Calyrex|0 fnt\n|faint|p1a: Calyrex\n|-ability|p2a: Ashborn|Grim Neigh|boost\n|-boost|p2a: Ashborn|spa|1\n|-damage|p2a: Ashborn|91/100|[from] item: Life Orb\n|\n|-weather|SunnyDay|[upkeep]\n|upkeep\n|turn|9\n|\n|t:|1746074039\n|move|p2b: King Ghidorah|Draco Meteor|p1b: Koraidon\n|-crit|p1b: Koraidon\n|-damage|p1b: Koraidon|4/100\n|-unboost|p2b: King Ghidorah|spa|2\n|move|p1b: Koraidon|Flare Blitz|p2a: Ashborn\n|-damage|p2a: Ashborn|0 fnt\n|faint|p2a: Ashborn\n|-damage|p1b: Koraidon|0 fnt|[from] Recoil\n|faint|p1b: Koraidon\n|\n|win|deadenne\n|l|\u2606deadenne\n|player|p2|\n|inactive|ricoboi has 30 seconds to confirm battle start!\n|inactive|deadenne has 30 seconds to confirm battle start!\n||ricoboi is ready for game 3.\n|inactive|deadenne has 20 seconds to confirm battle start!\n|inactive|deadenne has 10 seconds to confirm battle start!\n|uhtml|next|Next: <a href=\"/battle-gen9vgc2025regibo3-2354454605\"><strong>Game 3 of 3</strong></a>\n|l|\u2606ricoboi\n|player|p1|\n", "uploadtime": 1746074385, "views": 7, "formatid": "gen9vgc2025regibo3", "rating": null, "private": 0, "password": null}