{"id": "gen9vgc2025regibo3-2354387148", "format": "[Gen 9] VGC 2025 Reg I (Bo3)", "players": ["mil0battles", "Pickedman"], "log": "|j|\u2606mil0battles\n|j|\u2606Pickedman\n|html|<table width=\"100%\"><tr><td align=\"left\">mil0battles</td><td align=\"right\">Pickedman</tr><tr><td align=\"left\"><i class=\"fa fa-circle-o\"></i> <i class=\"fa fa-circle-o\"></i> </td><td align=\"right\"><i class=\"fa fa-circle-o\"></i> <i class=\"fa fa-circle-o\"></i> </tr></table>\n|uhtml|bestof|<h2><strong>Game 1</strong> of <a href=\"/game-bestof3-gen9vgc2025regibo3-2354387147\">a best-of-3</a></h2>\n|t:|1746065084\n|gametype|doubles\n|player|p1|mil0battles|266|1217\n|player|p2|Pickedman|zinnia-masters|1171\n|teamsize|p1|6\n|teamsize|p2|6\n|gen|9\n|tier|[Gen 9] VGC 2025 Reg I (Bo3)\n|rated|\n|rule|Species Clause: Limit one of each Pok\u00e9mon\n|rule|Item Clause: Limit 1 of each item\n|clearpoke\n|poke|p1|Zacian-*, L50|\n|poke|p1|Calyrex-Shadow, L50|\n|poke|p1|Tornadus, L50, M|\n|poke|p1|Indeedee-F, L50, F|\n|poke|p1|Urshifu-*, L50, M|\n|poke|p1|Ursaluna, L50, F|\n|poke|p2|Palkia-Origin, L50|\n|poke|p2|Miraidon, L50|\n|poke|p2|Ursaluna, L50, F|\n|poke|p2|Ogerpon-Hearthflame, L50, F|\n|poke|p2|Iron Jugulis, L50|\n|poke|p2|Iron Bundle, L50|\n|teampreview|4\n|showteam|p1|Zacian-Crowned||RustedSword|IntrepidSword|Protect,PlayRough,behemothblade,SacredSword||||||50|,,,,,Stellar]Calyrex-Shadow||LifeOrb|AsOneSpectrier|ExpandingForce,AstralBarrage,NastyPlot,Protect||||||50|,,,,,Normal]Tornadus||CovertCloak|Prankster|RainDance,Tailwind,BleakwindStorm,Taunt|||M|||50|,,,,,Dark]Indeedee-F||PsychicSeed|PsychicSurge|FollowMe,TrickRoom,Imprison,HelpingHand|||F|||50|,,,,,Fairy]Urshifu-Rapid-Strike||ChoiceScarf|UnseenFist|Coaching,SurgingStrikes,AquaJet,CloseCombat|||M|||50|,,,,,Stellar]Ursaluna||FlameOrb|Guts|Facade,HeadlongRush,RockSlide,Protect|||F|||50|,,,,,Fire\n|showteam|p2|Palkia-Origin||LustrousGlobe|Telepathy|HydroPump,SpacialRend,TrickRoom,Protect||||||50|,,,,,Ghost]Miraidon||ChoiceSpecs|HadronEngine|ElectroDrift,Discharge,VoltSwitch,DracoMeteor||||||50|,,,,,Electric]Ursaluna||FlameOrb|Guts|HeadlongRush,Earthquake,Facade,Protect|||F|||50|,,,,,Normal]Ogerpon-Hearthflame||HearthflameMask|MoldBreaker|HornLeech,IvyCudgel,SpikyShield,FollowMe|||F|||50|,,,,,Fire]Iron Jugulis||CovertCloak|QuarkDrive|Snarl,Hurricane,DragonCheer,Tailwind||||||50|,,,,,Dark]Iron Bundle||FocusSash|QuarkDrive|IcyWind,FreezeDry,Encore,HydroPump||||||50|,,,,,Ghost\n|inactive|Battle timer is ON: inactive players will automatically lose when time's up. (requested by mil0battles)\n|inactive|Pickedman has 60 seconds left.\n|\n|t:|1746065173\n|start\n|switch|p1a: Calyrex|Calyrex-Shadow, L50|100/100\n|switch|p1b: Tornadus|Tornadus, L50, M|100/100\n|switch|p2a: Iron Jugulis|Iron Jugulis, L50|100/100\n|switch|p2b: Ursaluna|Ursaluna, L50, F|100/100\n|-ability|p1a: Calyrex|As One\n|-ability|p1a: Calyrex|Unnerve\n|turn|1\n|\n|t:|1746065198\n|move|p1a: Calyrex|Protect|p1a: Calyrex\n|-singleturn|p1a: Calyrex|Protect\n|move|p1b: Tornadus|Tailwind|p1b: Tornadus\n|-sidestart|p1: mil0battles|move: Tailwind\n|move|p2a: Iron Jugulis|Snarl|p1a: Calyrex|[spread] p1b\n|-activate|p1a: Calyrex|move: Protect\n|-damage|p1b: Tornadus|78/100\n|move|p2b: Ursaluna|Facade|p1b: Tornadus\n|-damage|p1b: Tornadus|29/100\n|\n|-status|p2b: Ursaluna|brn|[from] item: Flame Orb\n|upkeep\n|turn|2\n|inactive|Pickedman has 30 seconds left.\n|\n|t:|1746065227\n|-terastallize|p1a: Calyrex|Normal\n|move|p2b: Ursaluna|Protect|p2b: Ursaluna\n|-singleturn|p2b: Ursaluna|Protect\n|move|p1a: Calyrex|Expanding Force|p2b: Ursaluna\n|-activate|p2b: Ursaluna|move: Protect\n|move|p1b: Tornadus|Bleakwind Storm|p2a: Iron Jugulis|[spread] p2a\n|-activate|p2b: Ursaluna|move: Protect\n|-damage|p2a: Iron Jugulis|61/100\n|move|p2a: Iron Jugulis|Tailwind|p2a: Iron Jugulis\n|-sidestart|p2: Pickedman|move: Tailwind\n|\n|-damage|p2b: Ursaluna|95/100 brn|[from] brn\n|upkeep\n|turn|3\n|\n|t:|1746065244\n|move|p1a: Calyrex|Expanding Force|p2b: Ursaluna\n|-crit|p2b: Ursaluna\n|-damage|p2b: Ursaluna|6/100 brn\n|-damage|p1a: Calyrex|91/100|[from] item: Life Orb\n|move|p2a: Iron Jugulis|Snarl|p1a: Calyrex|[spread] p1a,p1b\n|-damage|p1a: Calyrex|68/100\n|-damage|p1b: Tornadus|6/100\n|-unboost|p1a: Calyrex|spa|1\n|move|p1b: Tornadus|Bleakwind Storm|p2b: Ursaluna|[spread] p2a,p2b\n|-damage|p2a: Iron Jugulis|22/100\n|-damage|p2b: Ursaluna|0 fnt\n|faint|p2b: Ursaluna\n|\n|upkeep\n|\n|t:|1746065258\n|switch|p2b: Miraidon|Miraidon, L50|100/100\n|-fieldstart|move: Electric Terrain|[from] ability: Hadron Engine|[of] p2b: Miraidon\n|-activate|p2a: Iron Jugulis|ability: Quark Drive\n|-start|p2a: Iron Jugulis|quarkdrivespe\n|turn|4\n|\n|t:|1746065276\n|switch|p1b: Ursaluna|Ursaluna, L50, F|100/100\n|move|p2a: Iron Jugulis|Snarl|p1b: Ursaluna|[spread] p1a,p1b\n|-damage|p1a: Calyrex|48/100\n|-damage|p1b: Ursaluna|83/100\n|-unboost|p1a: Calyrex|spa|1\n|-unboost|p1b: Ursaluna|spa|1\n|move|p1a: Calyrex|Astral Barrage|p2b: Miraidon|[spread] p2a,p2b\n|-resisted|p2a: Iron Jugulis\n|-damage|p2a: Iron Jugulis|2/100\n|-damage|p2b: Miraidon|67/100\n|-damage|p1a: Calyrex|38/100|[from] item: Life Orb\n|move|p2b: Miraidon|Volt Switch|p1a: Calyrex\n|-crit|p1a: Calyrex\n|-damage|p1a: Calyrex|0 fnt\n|faint|p1a: Calyrex\n|\n|t:|1746065292\n|switch|p2b: Ogerpon|Ogerpon-Hearthflame, L50, F|100/100|[from] Volt Switch\n|-ability|p2b: Ogerpon|Mold Breaker\n|\n|-sideend|p1: mil0battles|move: Tailwind\n|-status|p1b: Ursaluna|brn|[from] item: Flame Orb\n|upkeep\n|\n|t:|1746065296\n|switch|p1a: Tornadus|Tornadus, L50, M|6/100\n|turn|5\n|\n|t:|1746065312\n|-terastallize|p2b: Ogerpon|Fire\n|detailschange|p2b: Ogerpon|Ogerpon-Hearthflame-Tera, L50, F, tera:Fire\n|-ability|p2b: Ogerpon|Embody Aspect (Hearthflame)|boost\n|-boost|p2b: Ogerpon|atk|1\n|move|p1b: Ursaluna|Protect|p1b: Ursaluna\n|-singleturn|p1b: Ursaluna|Protect\n|move|p1a: Tornadus|Tailwind|p1a: Tornadus\n|-sidestart|p1: mil0battles|move: Tailwind\n|move|p2a: Iron Jugulis|Snarl|p1b: Ursaluna|[spread] p1a\n|-activate|p1b: Ursaluna|move: Protect\n|-damage|p1a: Tornadus|0 fnt\n|faint|p1a: Tornadus\n|move|p2b: Ogerpon|Horn Leech|p1b: Ursaluna\n|-activate|p1b: Ursaluna|move: Protect\n|\n|-damage|p1b: Ursaluna|77/100 brn|[from] brn\n|-sideend|p2: Pickedman|move: Tailwind\n|upkeep\n|\n|t:|1746065318\n|switch|p1a: Indeedee|Indeedee-F, L50, F|100/100\n|-fieldstart|move: Psychic Terrain|[from] ability: Psychic Surge|[of] p1a: Indeedee\n|-end|p2a: Iron Jugulis|Quark Drive\n|-enditem|p1a: Indeedee|Psychic Seed\n|-boost|p1a: Indeedee|spd|1|[from] item: Psychic Seed\n|turn|6\n|\n|t:|1746065331\n|move|p1a: Indeedee|Follow Me|p1a: Indeedee\n|-singleturn|p1a: Indeedee|move: Follow Me\n|move|p2a: Iron Jugulis|Snarl|p1a: Indeedee|[spread] p1a\n|-miss|p2a: Iron Jugulis|p1b: Ursaluna\n|-supereffective|p1a: Indeedee\n|-damage|p1a: Indeedee|72/100\n|-unboost|p1a: Indeedee|spa|1\n|move|p2b: Ogerpon|Ivy Cudgel|p1a: Indeedee|[anim] Ivy Cudgel Fire\n|-damage|p1a: Indeedee|0 fnt\n|faint|p1a: Indeedee\n|move|p1b: Ursaluna|Rock Slide|p2a: Iron Jugulis|[spread] p2a,p2b\n|-supereffective|p2a: Iron Jugulis\n|-supereffective|p2b: Ogerpon\n|-damage|p2a: Iron Jugulis|0 fnt\n|-damage|p2b: Ogerpon|48/100\n|faint|p2a: Iron Jugulis\n|-end|p2a: Iron Jugulis|Quark Drive|[silent]\n|\n|-damage|p1b: Ursaluna|71/100 brn|[from] brn\n|upkeep\n|-message|mil0battles forfeited.\n|\n|win|Pickedman\n|l|\u2606mil0battles\n|player|p1|\n|j|\u2606mil0battles\n|player|p1|mil0battles|266|\n||Pickedman is ready for game 2.\n", "uploadtime": 1746065348, "views": 10, "formatid": "gen9vgc2025regibo3", "rating": null, "private": 0, "password": null}