{"id": "gen9vgc2025regibo3-2353776238", "format": "[Gen 9] VGC 2025 Reg I (Bo3)", "players": ["minecraftmaster31", "Vampyre97"], "log": "|j|\u2606minecraftmaster31\n|j|\u2606Vampyre97\n|html|<table width=\"100%\"><tr><td align=\"left\">minecraftmaster31</td><td align=\"right\">Vampyre97</tr><tr><td align=\"left\"><i class=\"fa fa-circle-o\"></i> <i class=\"fa fa-circle-o\"></i> </td><td align=\"right\"><i class=\"fa fa-circle-o\"></i> <i class=\"fa fa-circle-o\"></i> </tr></table>\n|uhtml|bestof|<h2><strong>Game 1</strong> of <a href=\"/game-bestof3-gen9vgc2025regibo3-2353776237\">a best-of-3</a></h2>\n|t:|1745998049\n|gametype|doubles\n|player|p1|minecraftmaster31|preschooler|1043\n|player|p2|Vampyre97|veteran|1042\n|teamsize|p1|6\n|teamsize|p2|6\n|gen|9\n|tier|[Gen 9] VGC 2025 Reg I (Bo3)\n|rated|\n|rule|Species Clause: Limit one of each Pok\u00e9mon\n|rule|Item Clause: Limit 1 of each item\n|clearpoke\n|poke|p1|Iron Bundle, L50|\n|poke|p1|Miraidon, L50|\n|poke|p1|Incineroar, L50, F|\n|poke|p1|Tornadus, L50, M|\n|poke|p1|Gallade, L50, M|\n|poke|p1|Terapagos, L50, M|\n|poke|p2|Lunala, L50|\n|poke|p2|Indeedee-F, L50, F|\n|poke|p2|Groudon, L50|\n|poke|p2|Venusaur, L50, M|\n|poke|p2|Porygon2, L50|\n|poke|p2|Flutter Mane, L50|\n|teampreview|4\n|showteam|p1|Iron Bundle||FocusSash|QuarkDrive|Protect,Taunt,IcyWind,FreezeDry||||||50|,,,,,Ice]Miraidon||ZapPlate|HadronEngine|Protect,VoltSwitch,ElectroDrift,DracoMeteor||||||50|,,,,,Electric]Incineroar||SafetyGoggles|Intimidate|Protect,FakeOut,PartingShot,KnockOff|||F|||50|,,,,,Ghost]Tornadus||CovertCloak|Prankster|Protect,Tailwind,Snowscape,AirSlash|||M|||50|,,,,,Dark]Gallade||LifeOrb|Sharpness|Protect,WideGuard,PsychoCut,SacredSword|||M|||50|,,,,,Dark]Terapagos||MirrorHerb|TeraShift|Protect,CalmMind,EarthPower,TeraStarstorm|||M|||50|,,,,,Stellar\n|showteam|p2|Lunala||PowerHerb|ShadowShield|MoongeistBeam,MeteorBeam,ExpandingForce,TrickRoom||||||50|,,,,,Water]Indeedee-F||RockyHelmet|PsychicSurge|FollowMe,HelpingHand,TrickRoom,DazzlingGleam|||F|||50|,,,,,Fairy]Groudon||ClearAmulet|Drought|PrecipiceBlades,HeatCrash,ThunderPunch,Protect||||||50|,,,,,Fire]Venusaur||LifeOrb|Chlorophyll|GigaDrain,SludgeBomb,WeatherBall,Growth|||M|||50|,,,,,Fire]Porygon2||Eviolite|Download|Thunderbolt,IceBeam,Recover,TriAttack||||||50|,,,,,Fairy]Flutter Mane||BoosterEnergy|Protosynthesis|Moonblast,ShadowBall,IcyWind,Protect||||||50|,,,,,Fairy\n|inactive|Battle timer is ON: inactive players will automatically lose when time's up. (requested by minecraftmaster31)\n|\n|t:|1745998080\n|start\n|switch|p1a: Iron Bundle|Iron Bundle, L50|100/100\n|switch|p1b: Terapagos|Terapagos, L50, M|100/100\n|switch|p2a: Dee|Indeedee-F, L50, F|100/100\n|switch|p2b: Scarlet|Lunala, L50, shiny|100/100\n|-activate|p1b: Terapagos|ability: Tera Shift\n|detailschange|p1b: Terapagos|Terapagos-Terastal, L50, M\n|-heal|p1b: Terapagos|100/100|[silent]\n|-fieldstart|move: Psychic Terrain|[from] ability: Psychic Surge|[of] p2a: Dee\n|turn|1\n|\n|t:|1745998099\n|move|p2a: Dee|Helping Hand|p2b: Scarlet\n|-singleturn|p2b: Scarlet|Helping Hand|[of] p2a: Dee\n|move|p1a: Iron Bundle|Taunt|p2a: Dee\n|-start|p2a: Dee|move: Taunt\n|move|p2b: Scarlet|Meteor Beam||[still]\n|-prepare|p2b: Scarlet|Meteor Beam\n|-boost|p2b: Scarlet|spa|1\n|-enditem|p2b: Scarlet|Power Herb\n|-anim|p2b: Scarlet|Meteor Beam|p1b: Terapagos\n|-activate|p1b: Terapagos|ability: Tera Shell\n|-resisted|p1b: Terapagos\n|-damage|p1b: Terapagos|48/100\n|-enditem|p1b: Terapagos|Mirror Herb\n|-boost|p1b: Terapagos|spa|1|[from] item: Mirror Herb\n|move|p1b: Terapagos|Calm Mind|p1b: Terapagos\n|-boost|p1b: Terapagos|spa|1\n|-boost|p1b: Terapagos|spd|1\n|\n|upkeep\n|turn|2\n|inactive|Vampyre97 has 30 seconds left.\n|inactive|minecraftmaster31 has 30 seconds left.\n|\n|t:|1745998135\n|switch|p2a: Gojira|Groudon, L50|100/100\n|-weather|SunnyDay|[from] ability: Drought|[of] p2a: Gojira\n|-terastallize|p1b: Terapagos|Stellar\n|detailschange|p1b: Terapagos|Terapagos-Stellar, L50, M, tera:Stellar\n|-heal|p1b: Terapagos|62/100|[silent]\n|-ability|p1b: Terapagos|Teraform Zero\n|-weather|none\n|-fieldend|move: Psychic Terrain\n|move|p1a: Iron Bundle|Taunt|p2b: Scarlet\n|-start|p2b: Scarlet|move: Taunt\n|move|p2b: Scarlet|Expanding Force|p1a: Iron Bundle\n|-enditem|p1a: Iron Bundle|Focus Sash\n|-damage|p1a: Iron Bundle|1/100\n|move|p1b: Terapagos|Tera Starstorm|p2b: Scarlet|[spread] p2a,p2b\n|-crit|p2b: Scarlet\n|-damage|p2a: Gojira|32/100\n|-damage|p2b: Scarlet|60/100\n|\n|upkeep\n|turn|3\n|inactive|Vampyre97 has 30 seconds left.\n|inactive|Vampyre97 has 20 seconds left.\n|\n|t:|1745998174\n|switch|p2a: Dee|Indeedee-F, L50, F|100/100\n|-fieldstart|move: Psychic Terrain|[from] ability: Psychic Surge|[of] p2a: Dee\n|move|p1a: Iron Bundle|Icy Wind|p2a: Dee|[spread] p2a,p2b\n|-damage|p2a: Dee|80/100\n|-damage|p2b: Scarlet|44/100\n|-unboost|p2a: Dee|spe|1\n|-unboost|p2b: Scarlet|spe|1\n|move|p1b: Terapagos|Tera Starstorm|p2b: Scarlet|[spread] p2a,p2b\n|-damage|p2a: Dee|5/100\n|-damage|p2b: Scarlet|0 fnt\n|faint|p2b: Scarlet\n|\n|upkeep\n|\n|t:|1745998187\n|switch|p2b: Gojira|Groudon, L50|32/100\n|-weather|SunnyDay|[from] ability: Drought|[of] p2b: Gojira\n|turn|4\n|\n|t:|1745998195\n|move|p1b: Terapagos|Protect|p1b: Terapagos\n|-singleturn|p1b: Terapagos|Protect\n|move|p2a: Dee|Follow Me|p2a: Dee\n|-singleturn|p2a: Dee|move: Follow Me\n|move|p1a: Iron Bundle|Taunt|p2a: Dee\n|-start|p2a: Dee|move: Taunt\n|move|p2b: Gojira|Precipice Blades|p1a: Iron Bundle|[spread] p1a\n|-activate|p1b: Terapagos|move: Protect\n|-damage|p1a: Iron Bundle|0 fnt\n|faint|p1a: Iron Bundle\n|-end|p1a: Iron Bundle|Quark Drive|[silent]\n|\n|-weather|SunnyDay|[upkeep]\n|upkeep\n|\n|t:|1745998202\n|switch|p1a: Tornadus|Tornadus, L50, M|100/100\n|turn|5\n|\n|t:|1745998217\n|move|p2b: Gojira|Protect|p2b: Gojira\n|-singleturn|p2b: Gojira|Protect\n|move|p1a: Tornadus|Tailwind|p1a: Tornadus\n|-sidestart|p1: minecraftmaster31|move: Tailwind\n|move|p1b: Terapagos|Tera Starstorm|p2b: Gojira|[spread] p2a\n|-activate|p2b: Gojira|move: Protect\n|-damage|p2a: Dee|0 fnt\n|faint|p2a: Dee\n|\n|-weather|SunnyDay|[upkeep]\n|upkeep\n|\n|t:|1745998226\n|switch|p2a: Coqui|Venusaur, L50, M, shiny|100/100\n|turn|6\n|\n|t:|1745998249\n|move|p1a: Tornadus|Snowscape|p1a: Tornadus\n|-weather|Snowscape\n|move|p1b: Terapagos|Tera Starstorm|p2a: Coqui|[spread] p2a,p2b\n|-damage|p2a: Coqui|17/100\n|-damage|p2b: Gojira|0 fnt\n|faint|p2b: Gojira\n|move|p2a: Coqui|Sludge Bomb|p1b: Terapagos\n|-damage|p1b: Terapagos|40/100\n|-damage|p2a: Coqui|7/100|[from] item: Life Orb\n|\n|-weather|Snowscape|[upkeep]\n|upkeep\n|turn|7\n|\n|t:|1745998264\n|move|p1a: Tornadus|Air Slash|p2a: Coqui\n|-supereffective|p2a: Coqui\n|-damage|p2a: Coqui|0 fnt\n|faint|p2a: Coqui\n|\n|win|minecraftmaster31\n||minecraftmaster31 is ready for game 2.\n|l|\u2606minecraftmaster31\n|player|p1|\n||Vampyre97 is ready for game 2.\n|uhtml|next|Next: <a href=\"/battle-gen9vgc2025regibo3-2353777572\"><strong>Game 2 of 3</strong></a>\n|l|\u2606Vampyre97\n|player|p2|\n", "uploadtime": 1745998536, "views": 7, "formatid": "gen9vgc2025regibo3", "rating": null, "private": 0, "password": null}