{"id": "gen9vgc2025regibo3-2354371578", "format": "[Gen 9] VGC 2025 Reg I (Bo3)", "players": ["Todra507", "ControlGeek"], "log": "|j|\u2606Todra507\n|j|\u2606ControlGeek\n|html|<table width=\"100%\"><tr><td align=\"left\">Todra507</td><td align=\"right\">ControlGeek</tr><tr><td align=\"left\"><i class=\"fa fa-circle-o\"></i> <i class=\"fa fa-circle-o\"></i> </td><td align=\"right\"><i class=\"fa fa-circle-o\"></i> <i class=\"fa fa-circle-o\"></i> </tr></table>\n|uhtml|bestof|<h2><strong>Game 1</strong> of <a href=\"/game-bestof3-gen9vgc2025regibo3-2354371577\">a best-of-3</a></h2>\n|t:|1746063170\n|gametype|doubles\n|player|p1|Todra507|101|\n|player|p2|ControlGeek|102|\n|teamsize|p1|6\n|teamsize|p2|6\n|gen|9\n|tier|[Gen 9] VGC 2025 Reg I (Bo3)\n|rule|Species Clause: Limit one of each Pok\u00e9mon\n|rule|Item Clause: Limit 1 of each item\n|clearpoke\n|poke|p1|Miraidon, L50|\n|poke|p1|Calyrex-Ice, L50|\n|poke|p1|Farigiraf, L50, M|\n|poke|p1|Iron Hands, L50|\n|poke|p1|Grimmsnarl, L50, M|\n|poke|p1|Iron Treads, L50|\n|poke|p2|Koraidon, L50|\n|poke|p2|Lunala, L50|\n|poke|p2|Whimsicott, L50, M|\n|poke|p2|Entei, L50|\n|poke|p2|Scream Tail, L50|\n|poke|p2|Volcarona, L50, M|\n|teampreview|4\n|showteam|p1|Miraidon||ChoiceSpecs|HadronEngine|ElectroDrift,DracoMeteor,DazzlingGleam,VoltSwitch||||||50|,,,,,Fairy]Calyrex-Ice||ClearAmulet|AsOneGlastrier|GlacialLance,HighHorsepower,TrickRoom,Protect||||||50|,,,,,Water]Farigiraf||ElectricSeed|ArmorTail|FoulPlay,Psychic,HelpingHand,TrickRoom|||M|||50|,,,,,Water]Iron Hands||AssaultVest|QuarkDrive|LowKick,WildCharge,DrainPunch,FakeOut||||||50|,,,,,Water]Grimmsnarl||LightClay|Prankster|SpiritBreak,Reflect,LightScreen,ThunderWave|||M|||50|,,,,,Ghost]Iron Treads||ChoiceBand|QuarkDrive|SteelRoller,HighHorsepower,IronHead,RockTomb||||||50|,,,,,Ghost\n|showteam|p2|Koraidon||LifeOrb|OrichalcumPulse|CloseCombat,FlareBlitz,FlameCharge,Protect||||||50|,,,,,Fire]Lunala||PowerHerb|ShadowShield|MoongeistBeam,MeteorBeam,TrickRoom,WideGuard||||||50|,,,,,Fairy]Whimsicott||FocusSash|Prankster|Moonblast,Tailwind,SunnyDay,MistyTerrain|||M|||50|,,,,,Ghost]Entei||ChoiceBand|InnerFocus|SacredFire,ExtremeSpeed,StompingTantrum,Crunch||||||50|,,,,,Normal]Scream Tail||BoosterEnergy|Protosynthesis|Encore,Disable,DazzlingGleam,Protect||||||50|,,,,,Fairy]Volcarona||RockyHelmet|FlameBody|Overheat,RagePowder,StruggleBug,Protect|||M|||50|,,,,,Grass\n|inactive|Battle timer is ON: inactive players will automatically lose when time's up. (requested by Todra507)\n|j| Jbsmah\n|inactive|Todra507 has 60 seconds left.\n|\n|t:|1746063208\n|start\n|switch|p1a: Miraidon|Miraidon, L50|100/100\n|switch|p1b: Grimmsnarl|Grimmsnarl, L50, M|100/100\n|switch|p2a: Joyboy|Koraidon, L50|100/100\n|switch|p2b: Puffle|Whimsicott, L50, M|100/100\n|-weather|SunnyDay|[from] ability: Orichalcum Pulse|[of] p2a: Joyboy\n|-activate|p2a: Joyboy|Orichalcum Pulse|[source]\n|-fieldstart|move: Electric Terrain|[from] ability: Hadron Engine|[of] p1a: Miraidon\n|turn|1\n|\n|t:|1746063223\n|move|p2a: Joyboy|Protect|p2a: Joyboy\n|-singleturn|p2a: Joyboy|Protect\n|move|p1b: Grimmsnarl|Reflect|p1b: Grimmsnarl\n|-sidestart|p1: Todra507|Reflect\n|move|p1a: Miraidon|Volt Switch|p2a: Joyboy\n|-activate|p2a: Joyboy|move: Protect\n|move|p2b: Puffle|Moonblast|p1a: Miraidon\n|-supereffective|p1a: Miraidon\n|-damage|p1a: Miraidon|39/100\n|-unboost|p1a: Miraidon|spa|1\n|\n|-weather|SunnyDay|[upkeep]\n|upkeep\n|turn|2\n|\n|t:|1746063242\n|move|p2b: Puffle|Tailwind|p2b: Puffle\n|-sidestart|p2: ControlGeek|move: Tailwind\n|move|p1b: Grimmsnarl|Thunder Wave|p2a: Joyboy\n|-status|p2a: Joyboy|par\n|cant|p2a: Joyboy|par\n|move|p1a: Miraidon|Volt Switch|p2a: Joyboy\n|-resisted|p2a: Joyboy\n|-crit|p2a: Joyboy\n|-damage|p2a: Joyboy|20/100 par\n|\n|t:|1746063259\n|switch|p1a: Calyrex|Calyrex-Ice, L50|100/100|[from] Volt Switch\n|-ability|p1a: Calyrex|As One\n|-ability|p1a: Calyrex|Unnerve\n|\n|-weather|SunnyDay|[upkeep]\n|upkeep\n|turn|3\n|inactive|ControlGeek has 30 seconds left.\n|\n|t:|1746063288\n|switch|p2b: Flame Emperor|Entei, L50|100/100\n|-terastallize|p1a: Calyrex|Water\n|move|p2a: Joyboy|Protect|p2a: Joyboy\n|-singleturn|p2a: Joyboy|Protect\n|move|p1b: Grimmsnarl|Light Screen|p1b: Grimmsnarl\n|-sidestart|p1: Todra507|move: Light Screen\n|move|p1a: Calyrex|Glacial Lance|p2a: Joyboy|[spread] p2b\n|-activate|p2a: Joyboy|move: Protect\n|-resisted|p2b: Flame Emperor\n|-damage|p2b: Flame Emperor|68/100\n|\n|-weather|SunnyDay|[upkeep]\n|upkeep\n|turn|4\n|inactive|Todra507 has 30 seconds left.\n|inactive|Todra507 has 20 seconds left.\n|\n|t:|1746063326\n|move|p1b: Grimmsnarl|Thunder Wave|p2b: Flame Emperor\n|-status|p2b: Flame Emperor|par\n|move|p2a: Joyboy|Close Combat|p1a: Calyrex\n|-damage|p1a: Calyrex|58/100\n|-unboost|p2a: Joyboy|def|1\n|-unboost|p2a: Joyboy|spd|1\n|-damage|p2a: Joyboy|11/100 par|[from] item: Life Orb\n|move|p2b: Flame Emperor|Sacred Fire|p1a: Calyrex\n|-resisted|p1a: Calyrex\n|-damage|p1a: Calyrex|32/100\n|move|p1a: Calyrex|Glacial Lance|p2a: Joyboy|[spread] p2a,p2b\n|-supereffective|p2a: Joyboy\n|-resisted|p2b: Flame Emperor\n|-crit|p2b: Flame Emperor\n|-damage|p2a: Joyboy|0 fnt\n|-damage|p2b: Flame Emperor|19/100 par\n|faint|p2a: Joyboy\n|-ability|p1a: Calyrex|Chilling Neigh|boost\n|-boost|p1a: Calyrex|atk|1\n|\n|-weather|SunnyDay|[upkeep]\n|upkeep\n|\n|t:|1746063347\n|switch|p2a: Khonshu|Lunala, L50|100/100\n|turn|5\n|\n|t:|1746063362\n|move|p1a: Calyrex|Protect|p1a: Calyrex\n|-singleturn|p1a: Calyrex|Protect\n|move|p2a: Khonshu|Meteor Beam||[still]\n|-prepare|p2a: Khonshu|Meteor Beam\n|-boost|p2a: Khonshu|spa|1\n|-enditem|p2a: Khonshu|Power Herb\n|-anim|p2a: Khonshu|Meteor Beam|p1a: Calyrex\n|-activate|p1a: Calyrex|move: Protect\n|move|p2b: Flame Emperor|Sacred Fire|p1b: Grimmsnarl\n|-crit|p1b: Grimmsnarl\n|-damage|p1b: Grimmsnarl|0 fnt\n|faint|p1b: Grimmsnarl\n|\n|-weather|none\n|-sideend|p2: ControlGeek|move: Tailwind\n|-fieldend|move: Electric Terrain\n|upkeep\n|inactive|Todra507 has 30 seconds left.\n|j| Just Sherp\n|\n|t:|1746063391\n|switch|p1b: Farigiraf|Farigiraf, L50, M|100/100\n|turn|6\n|\n|t:|1746063413\n|switch|p1a: Miraidon|Miraidon, L50|39/100\n|-fieldstart|move: Electric Terrain|[from] ability: Hadron Engine|[of] p1a: Miraidon\n|-enditem|p1b: Farigiraf|Electric Seed\n|-boost|p1b: Farigiraf|def|1|[from] item: Electric Seed\n|move|p2a: Khonshu|Moongeist Beam|p1a: Miraidon\n|-damage|p1a: Miraidon|0 fnt\n|faint|p1a: Miraidon\n|move|p1b: Farigiraf|Foul Play|p2b: Flame Emperor\n|-damage|p2b: Flame Emperor|0 fnt\n|faint|p2b: Flame Emperor\n|\n|upkeep\n|l| Jbsmah\n|\n|t:|1746063426\n|switch|p1a: Calyrex|Calyrex-Ice, L50, tera:Water|32/100\n|switch|p2b: Puffle|Whimsicott, L50, M|100/100\n|-ability|p1a: Calyrex|As One\n|-ability|p1a: Calyrex|Unnerve\n|turn|7\n|inactive|ControlGeek has 30 seconds left.\n|\n|t:|1746063457\n|move|p1a: Calyrex|Protect|p1a: Calyrex\n|-singleturn|p1a: Calyrex|Protect\n|move|p2a: Khonshu|Wide Guard|p2a: Khonshu\n|-singleturn|p2a: Khonshu|Wide Guard\n|move|p2b: Puffle|Moonblast|p1a: Calyrex\n|-activate|p1a: Calyrex|move: Protect\n|move|p1b: Farigiraf|Trick Room|p1b: Farigiraf\n|-fieldstart|move: Trick Room|[of] p1b: Farigiraf\n|\n|upkeep\n|turn|8\n|\n|t:|1746063473\n|-terastallize|p2a: Khonshu|Fairy\n|move|p1a: Calyrex|Glacial Lance|p2a: Khonshu|[spread] p2a,p2b\n|-supereffective|p2b: Puffle\n|-damage|p2a: Khonshu|78/100\n|-enditem|p2b: Puffle|Focus Sash\n|-damage|p2b: Puffle|1/100\n|move|p1b: Farigiraf|Foul Play|p2a: Khonshu\n|-resisted|p2a: Khonshu\n|-damage|p2a: Khonshu|71/100\n|move|p2a: Khonshu|Moongeist Beam|p1a: Calyrex\n|-damage|p1a: Calyrex|0 fnt\n|faint|p1a: Calyrex\n|move|p2b: Puffle|Moonblast|p1b: Farigiraf\n|-crit|p1b: Farigiraf\n|-damage|p1b: Farigiraf|41/100\n|\n|-sideend|p1: Todra507|Reflect\n|upkeep\n|turn|9\n|\n|t:|1746063496\n|move|p1b: Farigiraf|Psychic|p2b: Puffle\n|-damage|p2b: Puffle|0 fnt\n|faint|p2b: Puffle\n|move|p2a: Khonshu|Meteor Beam||[still]\n|-prepare|p2a: Khonshu|Meteor Beam\n|-boost|p2a: Khonshu|spa|1\n|\n|upkeep\n|turn|10\n|\n|t:|1746063502\n|move|p1b: Farigiraf|Psychic|p2a: Khonshu\n|-damage|p2a: Khonshu|50/100\n|move|p2a: Khonshu|Meteor Beam|p1b: Farigiraf|[from] lockedmove\n|-damage|p1b: Farigiraf|0 fnt\n|faint|p1b: Farigiraf\n|\n|win|ControlGeek\n|j| Jbsmah\n||Todra507 is ready for game 2.\n||ControlGeek is ready for game 2.\n|uhtml|next|Next: <a href=\"/battle-gen9vgc2025regibo3-2354374365\"><strong>Game 2 of 3</strong></a>\n|l|\u2606ControlGeek\n|player|p2|\n|j|\u2606ControlGeek\n|player|p2|ControlGeek|102|\n|l| Jbsmah\n", "uploadtime": 1746063938, "views": 17, "formatid": "gen9vgc2025regibo3", "rating": null, "private": 0, "password": null}