{"id": "gen9vgc2025regibo3-2353856471", "format": "[Gen 9] VGC 2025 Reg I (Bo3)", "players": ["pon seis nueve", "dambro222"], "log": "|j|\u203dpon seis nueve\n|j|\u2606dambro222\n|html|<table width=\"100%\"><tr><td align=\"left\">pon seis nueve</td><td align=\"right\">dambro222</tr><tr><td align=\"left\"><i class=\"fa fa-circle-o\"></i> <i class=\"fa fa-circle-o\"></i> </td><td align=\"right\"><i class=\"fa fa-circle-o\"></i> <i class=\"fa fa-circle-o\"></i> </tr></table>\n|uhtml|bestof|<h2><strong>Game 1</strong> of <a href=\"/game-bestof3-gen9vgc2025regibo3-2353856470\">a best-of-3</a></h2>\n|t:|1746011026\n|gametype|doubles\n|player|p1|pon seis nueve|marlon|1146\n|player|p2|dambro222|101|1206\n|teamsize|p1|6\n|teamsize|p2|6\n|gen|9\n|tier|[Gen 9] VGC 2025 Reg I (Bo3)\n|rated|\n|rule|Species Clause: Limit one of each Pok\u00e9mon\n|rule|Item Clause: Limit 1 of each item\n|clearpoke\n|poke|p1|Zamazenta-*, L50|\n|poke|p1|Calyrex-Shadow, L50|\n|poke|p1|Tornadus, L50, M|\n|poke|p1|Urshifu-*, L50, M|\n|poke|p1|Rillaboom, L50, M|\n|poke|p1|Chien-Pao, L50|\n|poke|p2|Ho-Oh, L50|\n|poke|p2|Miraidon, L50|\n|poke|p2|Flutter Mane, L50|\n|poke|p2|Iron Hands, L50|\n|poke|p2|Urshifu-*, L50, M|\n|poke|p2|Iron Treads, L50|\n|teampreview|4\n|showteam|p1|Zamazenta-Crowned||RustedShield|DauntlessShield|BodyPress,HeavySlam,WideGuard,Protect||||||50|,,,,,Ghost]Calyrex-Shadow||FocusSash|AsOneSpectrier|AstralBarrage,Psychic,Encore,Protect||||||50|,,,,,Ghost]Tornadus||RockyHelmet|Prankster|BleakwindStorm,Tailwind,RainDance,Protect|||M|||50|,,,,,Dark]Urshifu-Rapid-Strike||MysticWater|UnseenFist|SurgingStrikes,CloseCombat,AquaJet,Detect|||M|||50|,,,,,Water]Rillaboom||AssaultVest|GrassySurge|WoodHammer,GrassyGlide,Uturn,FakeOut|||M|||50|,,,,,Fire]Chien-Pao||LifeOrb|SwordofRuin|SuckerPunch,IcicleCrash,ThroatChop,Protect||||||50|,,,,,Stellar\n|showteam|p2|Ho-Oh||ClearAmulet|Regenerator|SacredFire,BraveBird,Tailwind,Protect||||||50|,,,,,Dragon]Miraidon||CovertCloak|HadronEngine|ElectroDrift,VoltSwitch,DracoMeteor,Protect||||||50|,,,,,Electric]Flutter Mane||BoosterEnergy|Protosynthesis|Moonblast,ShadowBall,IcyWind,Protect||||||50|,,,,,Fairy]Iron Hands||AssaultVest|QuarkDrive|FakeOut,DrainPunch,WildCharge,LowKick||||||50|,,,,,Water]Urshifu||FocusSash|UnseenFist|WickedBlow,CloseCombat,SuckerPunch,Detect|||M|||50|,,,,,Poison]Iron Treads||ChoiceBand|QuarkDrive|IronHead,HighHorsepower,KnockOff,SteelRoller||||||50|,,,,,Water\n|\n|t:|1746011084\n|start\n|switch|p1a: Calyrex|Calyrex-Shadow, L50|100/100\n|switch|p1b: Chien-Pao|Chien-Pao, L50|100/100\n|switch|p2a: Ho-Oh|Ho-Oh, L50|100/100\n|switch|p2b: Urshifu|Urshifu, L50, M|100/100\n|-ability|p1a: Calyrex|As One\n|-ability|p1a: Calyrex|Unnerve\n|-ability|p1b: Chien-Pao|Sword of Ruin\n|turn|1\n|\n|t:|1746011110\n|switch|p1a: Rillaboom|Rillaboom, L50, M|100/100\n|-fieldstart|move: Grassy Terrain|[from] ability: Grassy Surge|[of] p1a: Rillaboom\n|move|p2a: Ho-Oh|Protect|p2a: Ho-Oh\n|-singleturn|p2a: Ho-Oh|Protect\n|move|p1b: Chien-Pao|Icicle Crash|p2a: Ho-Oh\n|-activate|p2a: Ho-Oh|move: Protect\n|move|p2b: Urshifu|Close Combat|p1b: Chien-Pao\n|-supereffective|p1b: Chien-Pao\n|-damage|p1b: Chien-Pao|0 fnt\n|-unboost|p2b: Urshifu|def|1\n|-unboost|p2b: Urshifu|spd|1\n|faint|p1b: Chien-Pao\n|\n|upkeep\n|inactive|Battle timer is ON: inactive players will automatically lose when time's up. (requested by dambro222)\n|\n|t:|1746011140\n|switch|p1b: Calyrex|Calyrex-Shadow, L50|100/100\n|-ability|p1b: Calyrex|As One\n|-ability|p1b: Calyrex|Unnerve\n|turn|2\n|\n|t:|1746011155\n|move|p2b: Urshifu|Detect|p2b: Urshifu\n|-singleturn|p2b: Urshifu|Protect\n|move|p1a: Rillaboom|Fake Out|p2a: Ho-Oh\n|-damage|p2a: Ho-Oh|89/100\n|move|p1b: Calyrex|Encore|p2b: Urshifu\n|-activate|p2b: Urshifu|move: Protect\n|cant|p2a: Ho-Oh|flinch\n|\n|upkeep\n|turn|3\n|\n|t:|1746011175\n|move|p2b: Urshifu|Sucker Punch||[still]\n|-fail|p2b: Urshifu\n|move|p1b: Calyrex|Encore|p2b: Urshifu\n|-start|p2b: Urshifu|Encore\n|move|p1a: Rillaboom|U-turn|p2b: Urshifu\n|-damage|p2b: Urshifu|63/100\n|\n|t:|1746011189\n|switch|p1a: Zamazenta|Zamazenta-Crowned, L50|100/100|[from] U-turn\n|-ability|p1a: Zamazenta|Dauntless Shield|boost\n|-boost|p1a: Zamazenta|def|1\n|move|p2a: Ho-Oh|Brave Bird|p1a: Zamazenta\n|-damage|p1a: Zamazenta|70/100\n|-damage|p2a: Ho-Oh|80/100|[from] Recoil\n|\n|-heal|p1a: Zamazenta|76/100|[from] Grassy Terrain\n|-heal|p2b: Urshifu|69/100|[from] Grassy Terrain\n|upkeep\n|turn|4\n|\n|t:|1746011207\n|move|p1b: Calyrex|Protect|p1b: Calyrex\n|-singleturn|p1b: Calyrex|Protect\n|move|p2b: Urshifu|Sucker Punch||[still]\n|-fail|p2b: Urshifu\n|move|p1a: Zamazenta|Body Press|p2b: Urshifu\n|-supereffective|p2b: Urshifu\n|-damage|p2b: Urshifu|0 fnt\n|faint|p2b: Urshifu\n|move|p2a: Ho-Oh|Tailwind|p2a: Ho-Oh\n|-sidestart|p2: dambro222|move: Tailwind\n|\n|-heal|p1a: Zamazenta|82/100|[from] Grassy Terrain\n|upkeep\n|\n|t:|1746011220\n|switch|p2b: Miraidon|Miraidon, L50|100/100\n|-fieldstart|move: Electric Terrain|[from] ability: Hadron Engine|[of] p2b: Miraidon\n|turn|5\n|inactive|pon seis nueve has 30 seconds left.\n|\n|t:|1746011252\n|switch|p1b: Rillaboom|Rillaboom, L50, M|100/100\n|-fieldstart|move: Grassy Terrain|[from] ability: Grassy Surge|[of] p1b: Rillaboom\n|move|p1a: Zamazenta|Protect|p1a: Zamazenta\n|-singleturn|p1a: Zamazenta|Protect\n|move|p2b: Miraidon|Volt Switch|p1b: Rillaboom\n|-resisted|p1b: Rillaboom\n|-damage|p1b: Rillaboom|87/100\n|\n|t:|1746011262\n|switch|p2b: Flutter Mane|Flutter Mane, L50|100/100|[from] Volt Switch\n|-enditem|p2b: Flutter Mane|Booster Energy\n|-activate|p2b: Flutter Mane|ability: Protosynthesis|[fromitem]\n|-start|p2b: Flutter Mane|protosynthesisspe\n|move|p2a: Ho-Oh|Sacred Fire|p1a: Zamazenta\n|-activate|p1a: Zamazenta|move: Protect\n|\n|-heal|p1a: Zamazenta|88/100|[from] Grassy Terrain\n|-heal|p1b: Rillaboom|93/100|[from] Grassy Terrain\n|upkeep\n|turn|6\n|\n|t:|1746011280\n|move|p2b: Flutter Mane|Protect|p2b: Flutter Mane\n|-singleturn|p2b: Flutter Mane|Protect\n|move|p2a: Ho-Oh|Protect|p2a: Ho-Oh\n|-singleturn|p2a: Ho-Oh|Protect\n|move|p1b: Rillaboom|Fake Out|p2a: Ho-Oh\n|-activate|p2a: Ho-Oh|move: Protect\n|move|p1a: Zamazenta|Heavy Slam|p2b: Flutter Mane\n|-activate|p2b: Flutter Mane|move: Protect\n|\n|-heal|p1a: Zamazenta|94/100|[from] Grassy Terrain\n|-heal|p1b: Rillaboom|99/100|[from] Grassy Terrain\n|upkeep\n|turn|7\n|\n|t:|1746011303\n|move|p2b: Flutter Mane|Icy Wind|p1b: Rillaboom|[spread] p1a,p1b\n|-resisted|p1a: Zamazenta\n|-supereffective|p1b: Rillaboom\n|-damage|p1a: Zamazenta|89/100\n|-damage|p1b: Rillaboom|80/100\n|-unboost|p1a: Zamazenta|spe|1\n|-unboost|p1b: Rillaboom|spe|1\n|move|p2a: Ho-Oh|Brave Bird|p1b: Rillaboom\n|-supereffective|p1b: Rillaboom\n|-damage|p1b: Rillaboom|0 fnt\n|faint|p1b: Rillaboom\n|-damage|p2a: Ho-Oh|52/100|[from] Recoil\n|move|p1a: Zamazenta|Heavy Slam|p2b: Flutter Mane\n|-supereffective|p2b: Flutter Mane\n|-damage|p2b: Flutter Mane|0 fnt\n|faint|p2b: Flutter Mane\n|-end|p2b: Flutter Mane|Protosynthesis|[silent]\n|\n|-heal|p1a: Zamazenta|95/100|[from] Grassy Terrain\n|-sideend|p2: dambro222|move: Tailwind\n|upkeep\n|\n|t:|1746011316\n|switch|p2b: Miraidon|Miraidon, L50|100/100\n|switch|p1b: Calyrex|Calyrex-Shadow, L50|100/100\n|-ability|p1b: Calyrex|As One\n|-ability|p1b: Calyrex|Unnerve\n|-fieldstart|move: Electric Terrain|[from] ability: Hadron Engine|[of] p2b: Miraidon\n|turn|8\n|inactive|dambro222 has 30 seconds left.\n|\n|t:|1746011344\n|-terastallize|p1b: Calyrex|Ghost\n|move|p2b: Miraidon|Protect|p2b: Miraidon\n|-singleturn|p2b: Miraidon|Protect\n|move|p1b: Calyrex|Astral Barrage|p2a: Ho-Oh|[spread] p2a\n|-activate|p2b: Miraidon|move: Protect\n|-damage|p2a: Ho-Oh|2/100\n|move|p1a: Zamazenta|Body Press|p2b: Miraidon\n|-activate|p2b: Miraidon|move: Protect\n|move|p2a: Ho-Oh|Tailwind|p2a: Ho-Oh\n|-sidestart|p2: dambro222|move: Tailwind\n|\n|upkeep\n|turn|9\n|\n|t:|1746011367\n|-terastallize|p2b: Miraidon|Electric\n|move|p2b: Miraidon|Electro Drift|p1a: Zamazenta\n|-damage|p1a: Zamazenta|0 fnt\n|faint|p1a: Zamazenta\n|move|p1b: Calyrex|Astral Barrage|p2b: Miraidon|[spread] p2a,p2b\n|-damage|p2a: Ho-Oh|0 fnt\n|-damage|p2b: Miraidon|42/100\n|faint|p2a: Ho-Oh\n|-ability|p1b: Calyrex|Grim Neigh|boost\n|-boost|p1b: Calyrex|spa|1\n|\n|upkeep\n|turn|10\n|\n|t:|1746011379\n|move|p2b: Miraidon|Electro Drift|p1b: Calyrex\n|-enditem|p1b: Calyrex|Focus Sash\n|-damage|p1b: Calyrex|1/100\n|move|p1b: Calyrex|Astral Barrage|p2b: Miraidon\n|-damage|p2b: Miraidon|0 fnt\n|faint|p2b: Miraidon\n|\n|win|pon seis nueve\n||dambro222 is ready for game 2.\n|inactive|pon seis nueve has 30 seconds to confirm battle start!\n", "uploadtime": 1746011398, "views": 8, "formatid": "gen9vgc2025regibo3", "rating": null, "private": 0, "password": null}