{"id": "gen9vgc2025regibo3-2353832080", "format": "[Gen 9] VGC 2025 Reg I (Bo3)", "players": ["Alexx_vr", "AustraLENvgc"], "log": "|j|\u2606Alexx_vr\n|j|\u2606AustraLENvgc\n|html|<table width=\"100%\"><tr><td align=\"left\">Alexx_vr</td><td align=\"right\">AustraLENvgc</tr><tr><td align=\"left\"><i class=\"fa fa-circle-o\"></i> <i class=\"fa fa-circle-o\"></i> </td><td align=\"right\"><i class=\"fa fa-circle-o\"></i> <i class=\"fa fa-circle\"></i> </tr></table>\n|uhtml|bestof|<h2><strong>Game 2</strong> of <a href=\"/game-bestof3-gen9vgc2025regibo3-2353830690\">a best-of-3</a></h2>\n|t:|1746007314\n|gametype|doubles\n|player|p1|Alexx_vr|morty|1255\n|player|p2|AustraLENvgc|lance|1147\n|teamsize|p1|6\n|teamsize|p2|6\n|gen|9\n|tier|[Gen 9] VGC 2025 Reg I (Bo3)\n|rated|\n|rule|Species Clause: Limit one of each Pok\u00e9mon\n|rule|Item Clause: Limit 1 of each item\n|clearpoke\n|poke|p1|Zacian-*, L50|\n|poke|p1|Kyogre, L50|\n|poke|p1|Tornadus, L50, M|\n|poke|p1|Amoonguss, L50, F|\n|poke|p1|Incineroar, L50, M|\n|poke|p1|Urshifu-*, L50, M|\n|poke|p2|Indeedee-F, L50, F|\n|poke|p2|Calyrex-Ice, L50|\n|poke|p2|Ursaluna, L50, M|\n|poke|p2|Kyogre, L50|\n|poke|p2|Torkoal, L50, M|\n|poke|p2|Ogerpon, L50, F|\n|teampreview|4\n|showteam|p1|Zacian-Crowned||RustedSword|IntrepidSword|behemothblade,PlayRough,Substitute,Protect||||||50|,,,,,Fairy]Kyogre||MysticWater|Drizzle|WaterSpout,OriginPulse,IceBeam,Protect||||||50|,,,,,Grass]Tornadus||CovertCloak|Prankster|BleakwindStorm,Tailwind,RainDance,Taunt|||M|||50|,,,,,Dark]Amoonguss||RockyHelmet|Regenerator|PollenPuff,Spore,RagePowder,Protect|||F|||50|,,,,,Steel]Incineroar||SafetyGoggles|Intimidate|KnockOff,FakeOut,WillOWisp,PartingShot|||M|||50|,,,,,Water]Urshifu-Rapid-Strike||ChoiceScarf|UnseenFist|SurgingStrikes,CloseCombat,Uturn,Coaching|||M|||50|,,,,,Ghost\n|showteam|p2|Indeedee-F||SafetyGoggles|PsychicSurge|Psychic,HelpingHand,FollowMe,TrickRoom|||F|||50|,,,,,Water]Calyrex-Ice||ClearAmulet|AsOneGlastrier|GlacialLance,HighHorsepower,TrickRoom,Imprison||||||50|,,,,,Dragon]Ursaluna||FlameOrb|Guts|Facade,HeadlongRush,Substitute,Protect|||M|||50|,,,,,Fairy]Kyogre||MysticWater|Drizzle|WaterSpout,OriginPulse,Thunder,IceBeam||||||50|,,,,,Water]Torkoal||FlamePlate|Drought|Eruption,Flamethrower,SolarBeam,ClearSmog|||M|||50|,,,,,Fire]Ogerpon||FocusSash|Defiant|WoodHammer,FollowMe,Taunt,SpikyShield|||F|||50|,,,,,Grass\n|inactive|Battle timer is ON: inactive players will automatically lose when time's up. (requested by AustraLENvgc)\n|inactive|AustraLENvgc has 60 seconds left.\n|\n|t:|1746007359\n|start\n|switch|p1a: Urshifu|Urshifu-Rapid-Strike, L50, M|100/100\n|switch|p1b: Kyogre|Kyogre, L50|100/100\n|switch|p2a: Yung Lean|Indeedee-F, L50, F|100/100\n|switch|p2b: Bladee|Calyrex-Ice, L50|100/100\n|-ability|p2b: Bladee|As One\n|-ability|p2b: Bladee|Unnerve\n|-weather|RainDance|[from] ability: Drizzle|[of] p1b: Kyogre\n|-fieldstart|move: Psychic Terrain|[from] ability: Psychic Surge|[of] p2a: Yung Lean\n|turn|1\n|\n|t:|1746007372\n|-terastallize|p2a: Yung Lean|Water\n|move|p1a: Urshifu|U-turn|p2b: Bladee\n|-supereffective|p2b: Bladee\n|-crit|p2b: Bladee\n|-damage|p2b: Bladee|49/100\n|\n|t:|1746007379\n|switch|p1a: Amoonguss|Amoonguss, L50, F|100/100|[from] U-turn\n|move|p1b: Kyogre|Water Spout|p2b: Bladee|[spread] p2a,p2b\n|-resisted|p2a: Yung Lean\n|-damage|p2a: Yung Lean|53/100\n|-damage|p2b: Bladee|0 fnt\n|faint|p2b: Bladee\n|move|p2a: Yung Lean|Trick Room|p2a: Yung Lean\n|-fieldstart|move: Trick Room|[of] p2a: Yung Lean\n|\n|-weather|RainDance|[upkeep]\n|upkeep\n|\n|t:|1746007385\n|switch|p2b: Torkoal|Torkoal, L50, M|100/100\n|-weather|SunnyDay|[from] ability: Drought|[of] p2b: Torkoal\n|turn|2\n|\n|t:|1746007395\n|switch|p1b: Zacian|Zacian-Crowned, L50|100/100\n|-ability|p1b: Zacian|Intrepid Sword|boost\n|-boost|p1b: Zacian|atk|1\n|move|p1a: Amoonguss|Protect|p1a: Amoonguss\n|-singleturn|p1a: Amoonguss|Protect\n|move|p2b: Torkoal|Eruption|p1a: Amoonguss|[spread] p1b\n|-activate|p1a: Amoonguss|move: Protect\n|-supereffective|p1b: Zacian\n|-damage|p1b: Zacian|0 fnt\n|faint|p1b: Zacian\n|move|p2a: Yung Lean|Psychic|p1a: Amoonguss\n|-activate|p1a: Amoonguss|move: Protect\n|\n|-weather|SunnyDay|[upkeep]\n|upkeep\n|\n|t:|1746007399\n|switch|p1b: Kyogre|Kyogre, L50|100/100\n|-weather|RainDance|[from] ability: Drizzle|[of] p1b: Kyogre\n|turn|3\n|inactive|AustraLENvgc has 30 seconds left.\n|\n|t:|1746007429\n|switch|p2b: Kyogre|Kyogre, L50|100/100\n|move|p2a: Yung Lean|Follow Me|p2a: Yung Lean\n|-singleturn|p2a: Yung Lean|move: Follow Me\n|move|p1a: Amoonguss|Spore|p2a: Yung Lean\n|-activate|p2a: Yung Lean|item: Safety Goggles|Spore\n|move|p1b: Kyogre|Water Spout|p2a: Yung Lean|[spread] p2a,p2b\n|-resisted|p2a: Yung Lean\n|-resisted|p2b: Kyogre\n|-damage|p2a: Yung Lean|4/100\n|-damage|p2b: Kyogre|62/100\n|\n|-weather|RainDance|[upkeep]\n|upkeep\n|turn|4\n|\n|t:|1746007445\n|-terastallize|p1b: Kyogre|Grass\n|move|p2a: Yung Lean|Follow Me|p2a: Yung Lean\n|-singleturn|p2a: Yung Lean|move: Follow Me\n|move|p1a: Amoonguss|Spore|p2a: Yung Lean\n|-activate|p2a: Yung Lean|item: Safety Goggles|Spore\n|move|p2b: Kyogre|Water Spout|p1a: Amoonguss|[spread] p1a,p1b\n|-resisted|p1a: Amoonguss\n|-resisted|p1b: Kyogre\n|-damage|p1a: Amoonguss|64/100\n|-damage|p1b: Kyogre|73/100\n|move|p1b: Kyogre|Origin Pulse|p2a: Yung Lean|[spread] p2a,p2b\n|-resisted|p2a: Yung Lean\n|-resisted|p2b: Kyogre\n|-damage|p2a: Yung Lean|0 fnt\n|-damage|p2b: Kyogre|31/100\n|faint|p2a: Yung Lean\n|\n|-weather|RainDance|[upkeep]\n|upkeep\n|\n|t:|1746007463\n|switch|p2a: Torkoal|Torkoal, L50, M|100/100\n|-weather|SunnyDay|[from] ability: Drought|[of] p2a: Torkoal\n|turn|5\n|\n|t:|1746007469\n|move|p1a: Amoonguss|Protect|p1a: Amoonguss\n|-singleturn|p1a: Amoonguss|Protect\n|move|p2a: Torkoal|Eruption|p1b: Kyogre|[spread] p1b\n|-activate|p1a: Amoonguss|move: Protect\n|-supereffective|p1b: Kyogre\n|-damage|p1b: Kyogre|0 fnt\n|faint|p1b: Kyogre\n|move|p2b: Kyogre|Ice Beam|p1a: Amoonguss\n|-activate|p1a: Amoonguss|move: Protect\n|\n|-weather|SunnyDay|[upkeep]\n|-fieldend|move: Trick Room\n|-fieldend|move: Psychic Terrain\n|upkeep\n|\n|t:|1746007475\n|switch|p1b: Urshifu|Urshifu-Rapid-Strike, L50, M|100/100\n|turn|6\n|\n|t:|1746007490\n|move|p1b: Urshifu|Close Combat|p2b: Kyogre\n|-damage|p2b: Kyogre|0 fnt\n|-unboost|p1b: Urshifu|def|1\n|-unboost|p1b: Urshifu|spd|1\n|faint|p2b: Kyogre\n|move|p1a: Amoonguss|Spore|p2a: Torkoal\n|-status|p2a: Torkoal|slp|[from] move: Spore\n|cant|p2a: Torkoal|slp\n|\n|-weather|SunnyDay|[upkeep]\n|upkeep\n|turn|7\n|inactive|Alexx_vr has 30 seconds left.\n|\n|t:|1746007517\n|move|p1b: Urshifu|Close Combat|p2a: Torkoal\n|-damage|p2a: Torkoal|51/100 slp\n|-unboost|p1b: Urshifu|def|1\n|-unboost|p1b: Urshifu|spd|1\n|move|p1a: Amoonguss|Pollen Puff|p2a: Torkoal\n|-resisted|p2a: Torkoal\n|-damage|p2a: Torkoal|40/100 slp\n|cant|p2a: Torkoal|slp\n|\n|-weather|SunnyDay|[upkeep]\n|upkeep\n|turn|8\n|\n|t:|1746007526\n|move|p1b: Urshifu|Close Combat|p2a: Torkoal\n|-damage|p2a: Torkoal|0 fnt\n|-unboost|p1b: Urshifu|def|1\n|-unboost|p1b: Urshifu|spd|1\n|faint|p2a: Torkoal\n|\n|win|Alexx_vr\n||AustraLENvgc is ready for game 3.\n||Alexx_vr is ready for game 3.\n|uhtml|next|Next: <a href=\"/battle-gen9vgc2025regibo3-2353833428\"><strong>Game 3 of 3</strong></a>\n|l|\u2606AustraLENvgc\n|player|p2|\n|l|\u2606Alexx_vr\n|player|p1|\n", "uploadtime": 1746007791, "views": 7, "formatid": "gen9vgc2025regibo3", "rating": null, "private": 0, "password": null}