{"id": "gen9vgc2025regibo3-2354456499", "format": "[Gen 9] VGC 2025 Reg I (Bo3)", "players": ["bmills7_vgc", "JustAddBacon"], "log": "|j|\u2606bmills7_vgc\n|j|\u2606JustAddBacon\n|html|<table width=\"100%\"><tr><td align=\"left\">bmills7_vgc</td><td align=\"right\">JustAddBacon</tr><tr><td align=\"left\"><i class=\"fa fa-circle-o\"></i> <i class=\"fa fa-circle-o\"></i> </td><td align=\"right\"><i class=\"fa fa-circle-o\"></i> <i class=\"fa fa-circle-o\"></i> </tr></table>\n|uhtml|bestof|<h2><strong>Game 1</strong> of <a href=\"/game-bestof3-gen9vgc2025regibo3-2354456498\">a best-of-3</a></h2>\n|t:|1746074387\n|gametype|doubles\n|player|p1|bmills7_vgc|gambler|1067\n|player|p2|JustAddBacon|barry|1094\n|teamsize|p1|6\n|teamsize|p2|6\n|gen|9\n|tier|[Gen 9] VGC 2025 Reg I (Bo3)\n|rated|\n|rule|Species Clause: Limit one of each Pok\u00e9mon\n|rule|Item Clause: Limit 1 of each item\n|clearpoke\n|poke|p1|Koraidon, L50|\n|poke|p1|Lunala, L50|\n|poke|p1|Flutter Mane, L50|\n|poke|p1|Chi-Yu, L50|\n|poke|p1|Brute Bonnet, L50|\n|poke|p1|Ditto, L50|\n|poke|p2|Zamazenta-*, L50|\n|poke|p2|Dialga-Origin, L50|\n|poke|p2|Tyranitar, L50, F|\n|poke|p2|Incineroar, L50, M|\n|poke|p2|Whimsicott, L50, F|\n|poke|p2|Scizor, L50, F|\n|teampreview|4\n|showteam|p1|Koraidon||ChoiceBand|OrichalcumPulse|CollisionCourse,FlareBlitz,HeatCrash,WildCharge||||||50|,,,,,Fire]Lunala||PowerHerb|ShadowShield|MoongeistBeam,MeteorBeam,Tailwind,WideGuard||||||50|,,,,,Grass]Flutter Mane||FocusSash|Protosynthesis|Moonblast,IcyWind,ThunderWave,Protect||||||50|,,,,,Normal]Chi-Yu||CovertCloak|BeadsofRuin|Overheat,Snarl,HeatWave,Protect||||||50|,,,,,Dragon]Brute Bonnet||RockyHelmet|Protosynthesis|Spore,RagePowder,SuckerPunch,SeedBomb||||||50|,,,,,Poison]Ditto||QuickClaw|Imposter|Transform||||||50|,,,,,Normal\n|showteam|p2|Zamazenta-Crowned||RustedShield|DauntlessShield|BodyPress,IronDefense,WideGuard,HeavySlam||||||50|,,,,,Ghost]Dialga-Origin||AdamantCrystal|Telepathy|TrickRoom,DracoMeteor,Protect,FlashCannon||||||50|,,,,,Steel]Tyranitar||AssaultVest|SandStream|KnockOff,RockSlide,Earthquake,Bulldoze|||F|||50|,,,,,Fairy]Incineroar||SafetyGoggles|Intimidate|FakeOut,KnockOff,PartingShot,WillOWisp|||M|||50|,,,,,Grass]Whimsicott||CovertCloak|Prankster|Tailwind,Encore,Moonblast,HelpingHand|||F|||50|,,,,,Dark]Scizor||ChoiceBand|Technician|BulletPunch,Uturn,DualWingbeat,KnockOff|||F|||50|,,,,,Fire\n|inactive|Battle timer is ON: inactive players will automatically lose when time's up. (requested by bmills7_vgc)\n|inactive|JustAddBacon has 60 seconds left.\n|\n|t:|1746074470\n|start\n|switch|p1a: Lunala|Lunala, L50|100/100\n|switch|p1b: Flutter Mane|Flutter Mane, L50|100/100\n|switch|p2a: Tyranitar|Tyranitar, L50, F|100/100\n|switch|p2b: Whimsicott|Whimsicott, L50, F|100/100\n|-weather|Sandstorm|[from] ability: Sand Stream|[of] p2a: Tyranitar\n|turn|1\n|j| ivanthesaxophonist\n|inactive|bmills7_vgc has 30 seconds left.\n|inactive|JustAddBacon has 30 seconds left.\n|\n|t:|1746074499\n|-terastallize|p1a: Lunala|Grass\n|move|p1a: Lunala|Wide Guard|p1a: Lunala\n|-singleturn|p1a: Lunala|Wide Guard\n|move|p2b: Whimsicott|Tailwind|p2b: Whimsicott\n|-sidestart|p2: JustAddBacon|move: Tailwind\n|move|p1b: Flutter Mane|Thunder Wave|p2b: Whimsicott\n|-status|p2b: Whimsicott|par\n|move|p2a: Tyranitar|Knock Off|p1a: Lunala\n|-damage|p1a: Lunala|75/100\n|-enditem|p1a: Lunala|Power Herb|[from] move: Knock Off|[of] p2a: Tyranitar\n|\n|-weather|Sandstorm|[upkeep]\n|-damage|p1b: Flutter Mane|94/100|[from] Sandstorm\n|-damage|p2b: Whimsicott|95/100 par|[from] Sandstorm\n|-damage|p1a: Lunala|69/100|[from] Sandstorm\n|upkeep\n|turn|2\n|inactive|JustAddBacon has 30 seconds left.\n|\n|t:|1746074530\n|switch|p1a: Koraidon|Koraidon, L50|100/100\n|-weather|SunnyDay|[from] ability: Orichalcum Pulse|[of] p1a: Koraidon\n|-activate|p1b: Flutter Mane|ability: Protosynthesis\n|-start|p1b: Flutter Mane|protosynthesisspe\n|-activate|p1a: Koraidon|Orichalcum Pulse|[source]\n|move|p2b: Whimsicott|Encore||[still]\n|-fail|p2b: Whimsicott\n|move|p1b: Flutter Mane|Thunder Wave|p2a: Tyranitar\n|-status|p2a: Tyranitar|par\n|move|p2a: Tyranitar|Rock Slide|p1b: Flutter Mane|[spread] p1a,p1b\n|-resisted|p1a: Koraidon\n|-damage|p1a: Koraidon|88/100\n|-damage|p1b: Flutter Mane|21/100\n|\n|-weather|SunnyDay|[upkeep]\n|upkeep\n|turn|3\n|inactive|JustAddBacon has 30 seconds left.\n|l| ivanthesaxophonist\n|inactive|JustAddBacon has 20 seconds left.\n|inactive|JustAddBacon has 15 seconds left.\n|\n|t:|1746074571\n|move|p1b: Flutter Mane|Protect|p1b: Flutter Mane\n|-singleturn|p1b: Flutter Mane|Protect\n|move|p1a: Koraidon|Collision Course|p2a: Tyranitar\n|-supereffective|p2a: Tyranitar\n|-damage|p2a: Tyranitar|0 fnt\n|faint|p2a: Tyranitar\n|move|p2b: Whimsicott|Moonblast|p1a: Koraidon\n|-supereffective|p1a: Koraidon\n|-damage|p1a: Koraidon|7/100\n|-unboost|p1a: Koraidon|spa|1\n|\n|-weather|SunnyDay|[upkeep]\n|upkeep\n|inactive|JustAddBacon has 30 seconds left.\n|inactive|JustAddBacon has 20 seconds left.\n|\n|t:|1746074607\n|switch|p2a: Incineroar|Incineroar, L50, M|100/100\n|-ability|p2a: Incineroar|Intimidate|boost\n|-unboost|p1a: Koraidon|atk|1\n|-unboost|p1b: Flutter Mane|atk|1\n|turn|4\n|\n|t:|1746074623\n|switch|p1a: Lunala|Lunala, L50, tera:Grass|69/100\n|move|p2a: Incineroar|Fake Out|p1a: Lunala\n|-crit|p1a: Lunala\n|-damage|p1a: Lunala|56/100\n|move|p2b: Whimsicott|Encore|p1b: Flutter Mane\n|-start|p1b: Flutter Mane|Encore\n|move|p1b: Flutter Mane|Protect||[still]\n|-fail|p1b: Flutter Mane\n|\n|-weather|SunnyDay|[upkeep]\n|-sideend|p2: JustAddBacon|move: Tailwind\n|upkeep\n|turn|5\n|inactive|JustAddBacon has 30 seconds left.\n|inactive|bmills7_vgc has 30 seconds left.\n|inactive|JustAddBacon has 20 seconds left.\n|inactive|JustAddBacon has 15 seconds left.\n|\n|t:|1746074663\n|move|p1b: Flutter Mane|Protect|p1b: Flutter Mane\n|-singleturn|p1b: Flutter Mane|Protect\n|move|p2b: Whimsicott|Tailwind|p2b: Whimsicott\n|-sidestart|p2: JustAddBacon|move: Tailwind\n|move|p1a: Lunala|Meteor Beam||[still]\n|-prepare|p1a: Lunala|Meteor Beam\n|-boost|p1a: Lunala|spa|1\n|move|p2a: Incineroar|Parting Shot|p1a: Lunala\n|-unboost|p1a: Lunala|atk|1\n|-unboost|p1a: Lunala|spa|1\n|\n|t:|1746074672\n|switch|p2a: Zamazenta|Zamazenta-Crowned, L50|100/100|[from] Parting Shot\n|-ability|p2a: Zamazenta|Dauntless Shield|boost\n|-boost|p2a: Zamazenta|def|1\n|\n|-weather|SunnyDay|[upkeep]\n|upkeep\n|turn|6\n|inactive|JustAddBacon has 30 seconds left.\n|inactive|JustAddBacon has 20 seconds left.\n|inactive|JustAddBacon has 15 seconds left.\n|\n|t:|1746074717\n|move|p2b: Whimsicott|Helping Hand|p2a: Zamazenta\n|-singleturn|p2a: Zamazenta|Helping Hand|[of] p2b: Whimsicott\n|move|p1b: Flutter Mane|Protect|p1b: Flutter Mane\n|-singleturn|p1b: Flutter Mane|Protect\n|move|p2a: Zamazenta|Body Press|p1a: Lunala\n|-damage|p1a: Lunala|0 fnt\n|faint|p1a: Lunala\n|\n|-weather|none\n|-end|p1b: Flutter Mane|Protosynthesis\n|-end|p1b: Flutter Mane|Encore\n|upkeep\n|\n|t:|1746074726\n|switch|p1a: Koraidon|Koraidon, L50|7/100\n|-weather|SunnyDay|[from] ability: Orichalcum Pulse|[of] p1a: Koraidon\n|-activate|p1b: Flutter Mane|ability: Protosynthesis\n|-start|p1b: Flutter Mane|protosynthesisspe\n|-activate|p1a: Koraidon|Orichalcum Pulse|[source]\n|turn|7\n|\n|t:|1746074741\n|switch|p1a: Chi-Yu|Chi-Yu, L50|100/100\n|-ability|p1a: Chi-Yu|Beads of Ruin\n|cant|p2b: Whimsicott|par\n|move|p1b: Flutter Mane|Thunder Wave|p2a: Zamazenta\n|-status|p2a: Zamazenta|par\n|move|p2a: Zamazenta|Body Press|p1a: Chi-Yu\n|-supereffective|p1a: Chi-Yu\n|-damage|p1a: Chi-Yu|0 fnt\n|faint|p1a: Chi-Yu\n|\n|-weather|SunnyDay|[upkeep]\n|upkeep\n|\n|t:|1746074749\n|switch|p1a: Koraidon|Koraidon, L50|7/100\n|-activate|p1a: Koraidon|ability: Orichalcum Pulse\n|turn|8\n|\n|t:|1746074769\n|-terastallize|p2a: Zamazenta|Ghost\n|move|p2b: Whimsicott|Encore|p1b: Flutter Mane\n|-start|p1b: Flutter Mane|Encore\n|move|p1b: Flutter Mane|Thunder Wave|p2a: Zamazenta\n|-fail|p2a: Zamazenta|par\n|move|p1a: Koraidon|Collision Course|p2a: Zamazenta\n|-immune|p2a: Zamazenta\n|cant|p2a: Zamazenta|par\n|\n|-weather|SunnyDay|[upkeep]\n|-sideend|p2: JustAddBacon|move: Tailwind\n|upkeep\n|turn|9\n|\n|t:|1746074785\n|cant|p2b: Whimsicott|par\n|move|p1b: Flutter Mane|Thunder Wave|p2a: Zamazenta\n|-fail|p2a: Zamazenta|par\n|move|p1a: Koraidon|Collision Course|p2b: Whimsicott\n|-resisted|p2b: Whimsicott\n|-damage|p2b: Whimsicott|40/100 par\n|move|p2a: Zamazenta|Body Press|p1a: Koraidon\n|-damage|p1a: Koraidon|0 fnt\n|faint|p1a: Koraidon\n|\n|-weather|SunnyDay|[upkeep]\n|upkeep\n|turn|10\n|-message|bmills7_vgc forfeited.\n|\n|win|JustAddBacon\n|l|\u2606bmills7_vgc\n|player|p1|\n||bmills7_vgc is ready for game 2.\n||JustAddBacon is ready for game 2.\n|uhtml|next|Next: <a href=\"/battle-gen9vgc2025regibo3-2354459060\"><strong>Game 2 of 3</strong></a>\n|l|\u2606JustAddBacon\n|player|p2|\n", "uploadtime": 1746075081, "views": 7, "formatid": "gen9vgc2025regibo3", "rating": null, "private": 0, "password": null}