{"id": "gen9vgc2025regibo3-2353490102", "format": "[Gen 9] VGC 2025 Reg I (Bo3)", "players": ["Mentalsyndrome", "grindrextremist"], "log": "|j|\u2606Mentalsyndrome\n|j|\u2606grindrextremist\n|html|<table width=\"100%\"><tr><td align=\"left\">Mentalsyndrome</td><td align=\"right\">grindrextremist</tr><tr><td align=\"left\"><i class=\"fa fa-circle\"></i> <i class=\"fa fa-circle-o\"></i> </td><td align=\"right\"><i class=\"fa fa-circle-o\"></i> <i class=\"fa fa-circle-o\"></i> </tr></table>\n|uhtml|bestof|<h2><strong>Game 2</strong> of <a href=\"/game-bestof3-gen9vgc2025regibo3-2353487563\">a best-of-3</a></h2>\n|t:|1745960832\n|gametype|doubles\n|player|p1|Mentalsyndrome|101|1232\n|player|p2|grindrextremist|101|1145\n|teamsize|p1|6\n|teamsize|p2|6\n|gen|9\n|tier|[Gen 9] VGC 2025 Reg I (Bo3)\n|rated|\n|rule|Species Clause: Limit one of each Pok\u00e9mon\n|rule|Item Clause: Limit 1 of each item\n|clearpoke\n|poke|p1|Bastiodon, L50, F|\n|poke|p1|Flutter Mane, L50|\n|poke|p1|Sableye, L50, M|\n|poke|p1|Koraidon, L50|\n|poke|p1|Groudon, L50|\n|poke|p1|Brute Bonnet, L50|\n|poke|p2|Calyrex-Ice, L50|\n|poke|p2|Ursaluna-Bloodmoon, L50, M|\n|poke|p2|Smeargle, L50, M|\n|poke|p2|Lunala, L50|\n|poke|p2|Urshifu-*, L50, F|\n|poke|p2|Indeedee-F, L50, F|\n|teampreview|4\n|showteam|p1|Bastiodon||Leftovers|Sturdy|IronDefense,BodyPress,WideGuard,FoulPlay|||F|||50|,,,,,Water]Flutter Mane||FocusSash|Protosynthesis|IcyWind,Moonblast,Protect,Taunt||||||50|,,,,,Normal]Sableye||SitrusBerry|Prankster|FoulPlay,Disable,Encore,Gravity|||M|||50|,,,,,Poison]Koraidon||ClearAmulet|OrichalcumPulse|FlareBlitz,FlameCharge,CloseCombat,Protect||||||50|,,,,,Fire]Groudon||AssaultVest|Drought|PrecipiceBlades,HeatCrash,ThunderPunch,HighHorsepower||||||50|,,,,,Fire]Brute Bonnet||CovertCloak|Protosynthesis|SuckerPunch,Spore,RagePowder,SeedBomb||||||50|,,,,,Poison\n|showteam|p2|Calyrex-Ice||ClearAmulet|AsOneGlastrier|GlacialLance,HighHorsepower,Protect,TrickRoom||||||50|,,,,,Fire]Ursaluna-Bloodmoon||LifeOrb|MindsEye|EarthPower,HyperVoice,BloodMoon,Protect|||M|||50|,,,,,Normal]Smeargle||FocusSash|OwnTempo|FollowMe,FakeOut,Decorate,Spore|||M|||50|,,,,,Grass]Lunala||PowerHerb|ShadowShield|TrickRoom,ExpandingForce,MoongeistBeam,MeteorBeam||||||50|,,,,,Grass]Urshifu||ChoiceBand|UnseenFist|WickedBlow,SuckerPunch,CloseCombat,IronHead|||F|||50|,,,,,Grass]Indeedee-F||RockyHelmet|PsychicSurge|Psychic,TrickRoom,FollowMe,HelpingHand|||F|||50|,,,,,Fairy\n|inactive|Battle timer is ON: inactive players will automatically lose when time's up. (requested by Mentalsyndrome)\n|inactive|grindrextremist has 60 seconds left.\n|inactive|grindrextremist has 30 seconds left.\n|inactive|grindrextremist has 20 seconds left.\n|inactive|grindrextremist has 15 seconds left.\n|inactive|grindrextremist has 10 seconds left.\n|\n|t:|1745960916\n|start\n|switch|p1a: Don Steadman|Flutter Mane, L50|100/100\n|switch|p1b: Don Beignet|Brute Bonnet, L50|100/100\n|switch|p2a: Calyrex|Calyrex-Ice, L50|100/100\n|switch|p2b: Smeargle|Smeargle, L50, M, shiny|100/100\n|-ability|p2a: Calyrex|As One\n|-ability|p2a: Calyrex|Unnerve\n|turn|1\n|\n|t:|1745960933\n|-terastallize|p1b: Don Beignet|Poison\n|-terastallize|p2b: Smeargle|Grass\n|move|p2b: Smeargle|Follow Me|p2b: Smeargle\n|-singleturn|p2b: Smeargle|move: Follow Me\n|move|p1a: Don Steadman|Taunt|p2b: Smeargle\n|-start|p2b: Smeargle|move: Taunt\n|move|p1b: Don Beignet|Spore|p2b: Smeargle\n|-immune|p2b: Smeargle\n|move|p2a: Calyrex|Glacial Lance|p1a: Don Steadman|[spread] p1a,p1b\n|-enditem|p1a: Don Steadman|Focus Sash\n|-damage|p1a: Don Steadman|1/100\n|-damage|p1b: Don Beignet|60/100\n|\n|upkeep\n|turn|2\n|inactive|grindrextremist has 30 seconds left.\n|\n|t:|1745960958\n|switch|p2b: bludbourne|Ursaluna-Bloodmoon, L50, M|100/100\n|move|p2a: Calyrex|Protect|p2a: Calyrex\n|-singleturn|p2a: Calyrex|Protect\n|move|p1a: Don Steadman|Moonblast|p2b: bludbourne\n|-damage|p2b: bludbourne|46/100\n|-unboost|p2b: bludbourne|spa|1\n|move|p1b: Don Beignet|Spore|p2a: Calyrex\n|-activate|p2a: Calyrex|move: Protect\n|\n|upkeep\n|turn|3\n|\n|t:|1745960973\n|switch|p2a: Smeargle|Smeargle, L50, M, shiny, tera:Grass|100/100\n|move|p2b: bludbourne|Protect|p2b: bludbourne\n|-singleturn|p2b: bludbourne|Protect\n|move|p1a: Don Steadman|Moonblast|p2b: bludbourne\n|-activate|p2b: bludbourne|move: Protect\n|move|p1b: Don Beignet|Spore|p2a: Smeargle\n|-immune|p2a: Smeargle\n|\n|upkeep\n|turn|4\n|inactive|grindrextremist has 30 seconds left.\n|inactive|grindrextremist has 20 seconds left.\n|\n|t:|1745961010\n|move|p2a: Smeargle|Fake Out|p1b: Don Beignet\n|-damage|p1b: Don Beignet|57/100\n|move|p1b: Don Beignet|Rage Powder|p1b: Don Beignet\n|-singleturn|p1b: Don Beignet|move: Rage Powder\n|move|p1a: Don Steadman|Icy Wind|p2b: bludbourne|[spread] p2a,p2b\n|-supereffective|p2a: Smeargle\n|-supereffective|p2b: bludbourne\n|-damage|p2a: Smeargle|45/100\n|-damage|p2b: bludbourne|9/100\n|-unboost|p2a: Smeargle|spe|1\n|-unboost|p2b: bludbourne|spe|1\n|move|p2b: bludbourne|Hyper Voice|p1a: Don Steadman|[spread] p1a,p1b\n|-damage|p1a: Don Steadman|0 fnt\n|-damage|p1b: Don Beignet|30/100\n|faint|p1a: Don Steadman\n|-end|p1a: Don Steadman|Protosynthesis|[silent]\n|-damage|p2b: bludbourne|0 fnt|[from] item: Life Orb\n|faint|p2b: bludbourne\n|\n|upkeep\n|\n|t:|1745961019\n|switch|p1a: Don Groo|Groudon, L50|100/100\n|switch|p2b: Calyrex|Calyrex-Ice, L50|100/100\n|-ability|p2b: Calyrex|As One\n|-ability|p2b: Calyrex|Unnerve\n|-weather|SunnyDay|[from] ability: Drought|[of] p1a: Don Groo\n|-activate|p1b: Don Beignet|ability: Protosynthesis\n|-start|p1b: Don Beignet|protosynthesisdef\n|turn|5\n|inactive|grindrextremist has 30 seconds left.\n|inactive|grindrextremist has 20 seconds left.\n|inactive|grindrextremist has 15 seconds left.\n|\n|t:|1745961063\n|move|p1a: Don Groo|Heat Crash|p2a: Smeargle\n|-supereffective|p2a: Smeargle\n|-damage|p2a: Smeargle|0 fnt\n|faint|p2a: Smeargle\n|move|p1b: Don Beignet|Spore|p2b: Calyrex\n|-status|p2b: Calyrex|slp|[from] move: Spore\n|cant|p2b: Calyrex|slp\n|\n|-weather|SunnyDay|[upkeep]\n|upkeep\n|\n|t:|1745961070\n|switch|p2a: mijo|Urshifu, L50, F|100/100\n|turn|6\n|\n|t:|1745961082\n|move|p2a: mijo|Sucker Punch|p1a: Don Groo\n|-damage|p1a: Don Groo|62/100\n|move|p1b: Don Beignet|Sucker Punch|p2b: Calyrex\n|-supereffective|p2b: Calyrex\n|-damage|p2b: Calyrex|63/100 slp\n|move|p1a: Don Groo|Precipice Blades|p2b: Calyrex|[spread] p2a,p2b\n|-damage|p2a: mijo|60/100\n|-damage|p2b: Calyrex|34/100 slp\n|cant|p2b: Calyrex|slp\n|\n|-weather|SunnyDay|[upkeep]\n|upkeep\n|turn|7\n|\n|t:|1745961091\n|move|p2a: mijo|Sucker Punch||[still]\n|-fail|p2a: mijo\n|move|p1a: Don Groo|Precipice Blades|p2b: Calyrex|[spread] p2a,p2b\n|-damage|p2a: mijo|17/100\n|-damage|p2b: Calyrex|3/100 slp\n|move|p1b: Don Beignet|Spore|p2a: mijo\n|-status|p2a: mijo|slp|[from] move: Spore\n|cant|p2b: Calyrex|slp\n|\n|-weather|SunnyDay|[upkeep]\n|upkeep\n|turn|8\n|\n|t:|1745961101\n|cant|p2a: mijo|slp\n|move|p1b: Don Beignet|Sucker Punch|p2b: Calyrex\n|-supereffective|p2b: Calyrex\n|-damage|p2b: Calyrex|0 fnt\n|faint|p2b: Calyrex\n|move|p1a: Don Groo|Precipice Blades|p2a: mijo\n|-damage|p2a: mijo|0 fnt\n|faint|p2a: mijo\n|\n|win|Mentalsyndrome\n|raw|Mentalsyndrome's rating: 1232 &rarr; <strong>1251</strong><br />(+19 for winning)\n|raw|grindrextremist's rating: 1145 &rarr; <strong>1126</strong><br />(-19 for losing)\n", "uploadtime": 1745961103, "views": 30, "formatid": "gen9vgc2025regibo3", "rating": 1126, "private": 0, "password": null}