{"id": "gen9vgc2025regibo3-2353627520", "format": "[Gen 9] VGC 2025 Reg I (Bo3)", "players": ["navicorrin", "luisecanonserna"], "log": "|j|\u2606navicorrin\n|j|\u2606luisecanonserna\n|html|<table width=\"100%\"><tr><td align=\"left\">navicorrin</td><td align=\"right\">luisecanonserna</tr><tr><td align=\"left\"><i class=\"fa fa-circle-o\"></i> <i class=\"fa fa-circle-o\"></i> </td><td align=\"right\"><i class=\"fa fa-circle-o\"></i> <i class=\"fa fa-circle-o\"></i> </tr></table>\n|uhtml|bestof|<h2><strong>Game 1</strong> of <a href=\"/game-bestof3-gen9vgc2025regibo3-2353627519\">a best-of-3</a></h2>\n|t:|1745976327\n|gametype|doubles\n|player|p1|navicorrin|caitlin|1043\n|player|p2|luisecanonserna|266|1040\n|teamsize|p1|6\n|teamsize|p2|6\n|gen|9\n|tier|[Gen 9] VGC 2025 Reg I (Bo3)\n|rated|\n|rule|Species Clause: Limit one of each Pok\u00e9mon\n|rule|Item Clause: Limit 1 of each item\n|clearpoke\n|poke|p1|Amoonguss, L50, F|\n|poke|p1|Ho-Oh, L50|\n|poke|p1|Rillaboom, L50, F|\n|poke|p1|Snorlax, L50, F|\n|poke|p1|Lunala, L50|\n|poke|p1|Toxapex, L50, M|\n|poke|p2|Kyogre, L50|\n|poke|p2|Zacian-*, L50|\n|poke|p2|Rillaboom, L50, F|\n|poke|p2|Tornadus, L50, M|\n|poke|p2|Chien-Pao, L50|\n|poke|p2|Ogerpon-Hearthflame, L50, F|\n|teampreview|4\n|showteam|p1|Amoonguss||RockyHelmet|Regenerator|PollenPuff,GigaDrain,Protect,Spore|||F|||50|,,,,,Dragon]Ho-Oh||EjectPack|Regenerator|FireSpin,LifeDew,SacredFire,Protect||||||50|,,,,,Dragon]Rillaboom||AssaultVest|GrassySurge|GrassyGlide,Uturn,FakeOut,WoodHammer|||F|||50|,,,,,Water]Snorlax||AguavBerry|Gluttony|Yawn,Recycle,Protect,BodySlam|||F|||50|,,,,,Fairy]Lunala||Leftovers|ShadowShield|CalmMind,MoongeistBeam,DreamEater,Protect||||||50|,,,,,Fairy]Toxapex||CovertCloak|Regenerator|Infestation,Protect,Recover,Lunge|||M|||50|,,,,,Grass\n|showteam|p2|Kyogre||MysticWater|Drizzle|WaterSpout,OriginPulse,IceBeam,Protect||||||50|,,,,,Grass]Zacian-Crowned||RustedSword|IntrepidSword|behemothblade,PlayRough,SacredSword,Protect||||||50|,,,,,Water]Rillaboom||AssaultVest|GrassySurge|GrassyGlide,WoodHammer,FakeOut,Uturn|||F|||50|,,,,,Fire]Tornadus||CovertCloak|Prankster|BleakwindStorm,RainDance,Tailwind,Protect|||M|||50|,,,,,Dark]Chien-Pao||FocusSash|SwordofRuin|IcicleCrash,SuckerPunch,ThroatChop,Protect||||||50|,,,,,Ghost]Ogerpon-Hearthflame||HearthflameMask|MoldBreaker|IvyCudgel,FollowMe,SpikyShield,Encore|||F|||50|,,,,,Fire\n|inactive|Battle timer is ON: inactive players will automatically lose when time's up. (requested by navicorrin)\n|inactive|luisecanonserna has 60 seconds left.\n|\n|t:|1745976392\n|start\n|switch|p1a: Toxapex|Toxapex, L50, M, shiny|100/100\n|switch|p1b: Snorlax|Snorlax, L50, F, shiny|100/100\n|switch|p2a: Ogerpon|Ogerpon-Hearthflame, L50, F|100/100\n|switch|p2b: Zacian|Zacian-Crowned, L50|100/100\n|-ability|p2b: Zacian|Intrepid Sword|boost\n|-boost|p2b: Zacian|atk|1\n|-ability|p2a: Ogerpon|Mold Breaker\n|turn|1\n|inactive|luisecanonserna has 30 seconds left.\n|inactive|navicorrin has 30 seconds left.\n|\n|t:|1745976426\n|-terastallize|p2a: Ogerpon|Fire\n|detailschange|p2a: Ogerpon|Ogerpon-Hearthflame-Tera, L50, F, tera:Fire\n|-ability|p2a: Ogerpon|Embody Aspect (Hearthflame)|boost\n|-boost|p2a: Ogerpon|atk|1\n|move|p2b: Zacian|Behemoth Blade|p1b: Snorlax\n|-damage|p1b: Snorlax|53/100\n|move|p2a: Ogerpon|Ivy Cudgel|p1b: Snorlax|[anim] Ivy Cudgel Fire\n|-damage|p1b: Snorlax|0 fnt\n|faint|p1b: Snorlax\n|move|p1a: Toxapex|Infestation|p2b: Zacian\n|-resisted|p2b: Zacian\n|-damage|p2b: Zacian|99/100\n|-activate|p2b: Zacian|move: Infestation|[of] p1a: Toxapex\n|\n|-damage|p2b: Zacian|87/100|[from] move: Infestation|[partiallytrapped]\n|upkeep\n|\n|t:|1745976443\n|switch|p1b: Rillaboom|Rillaboom, L50, F, shiny|100/100\n|-fieldstart|move: Grassy Terrain|[from] ability: Grassy Surge|[of] p1b: Rillaboom\n|turn|2\n|\n|t:|1745976462\n|move|p2b: Zacian|Protect|p2b: Zacian\n|-singleturn|p2b: Zacian|Protect\n|move|p2a: Ogerpon|Spiky Shield|p2a: Ogerpon\n|-singleturn|p2a: Ogerpon|move: Protect\n|move|p1b: Rillaboom|Fake Out|p2a: Ogerpon\n|-activate|p2a: Ogerpon|move: Protect\n|-damage|p1b: Rillaboom|88/100|[from] Spiky Shield|[of] p2a: Ogerpon\n|move|p1a: Toxapex|Lunge|p2b: Zacian\n|-activate|p2b: Zacian|move: Protect\n|\n|-heal|p2b: Zacian|94/100|[from] Grassy Terrain\n|-heal|p1b: Rillaboom|94/100|[from] Grassy Terrain\n|-damage|p2b: Zacian|81/100|[from] move: Infestation|[partiallytrapped]\n|upkeep\n|turn|3\n|inactive|luisecanonserna has 30 seconds left.\n|inactive|luisecanonserna has 20 seconds left.\n|inactive|luisecanonserna has 15 seconds left.\n|inactive|luisecanonserna has 10 seconds left.\n|\n|t:|1745976508\n|-terastallize|p1b: Rillaboom|Water\n|move|p2b: Zacian|Behemoth Blade|p1a: Toxapex\n|-resisted|p1a: Toxapex\n|-damage|p1a: Toxapex|75/100\n|move|p2a: Ogerpon|Ivy Cudgel|p1b: Rillaboom|[anim] Ivy Cudgel Fire\n|-resisted|p1b: Rillaboom\n|-crit|p1b: Rillaboom\n|-damage|p1b: Rillaboom|20/100\n|move|p1b: Rillaboom|U-turn|p2a: Ogerpon\n|-resisted|p2a: Ogerpon\n|-damage|p2a: Ogerpon|87/100\n|\n|t:|1745976519\n|switch|p1b: Lunala|Lunala, L50|100/100|[from] U-turn\n|move|p1a: Toxapex|Lunge|p2b: Zacian\n|-resisted|p2b: Zacian\n|-damage|p2b: Zacian|79/100\n|-unboost|p2b: Zacian|atk|1\n|\n|-heal|p2b: Zacian|85/100|[from] Grassy Terrain\n|-heal|p2a: Ogerpon|93/100|[from] Grassy Terrain\n|-heal|p1a: Toxapex|81/100|[from] Grassy Terrain\n|-damage|p2b: Zacian|72/100|[from] move: Infestation|[partiallytrapped]\n|upkeep\n|turn|4\n|inactive|luisecanonserna has 30 seconds left.\n|\n|t:|1745976547\n|move|p2b: Zacian|Protect|p2b: Zacian\n|-singleturn|p2b: Zacian|Protect\n|move|p2a: Ogerpon|Spiky Shield|p2a: Ogerpon\n|-singleturn|p2a: Ogerpon|move: Protect\n|move|p1b: Lunala|Protect|p1b: Lunala\n|-singleturn|p1b: Lunala|Protect\n|move|p1a: Toxapex|Infestation|p2a: Ogerpon\n|-activate|p2a: Ogerpon|move: Protect\n|-damage|p1a: Toxapex|69/100|[from] Spiky Shield|[of] p2a: Ogerpon\n|\n|-heal|p2b: Zacian|79/100|[from] Grassy Terrain\n|-heal|p2a: Ogerpon|99/100|[from] Grassy Terrain\n|-heal|p1a: Toxapex|74/100|[from] Grassy Terrain\n|-damage|p2b: Zacian|66/100|[from] move: Infestation|[partiallytrapped]\n|upkeep\n|turn|5\n|\n|t:|1745976572\n|move|p2b: Zacian|Behemoth Blade|p1b: Lunala\n|-damage|p1b: Lunala|78/100\n|move|p2a: Ogerpon|Encore|p1b: Lunala\n|-start|p1b: Lunala|Encore\n|move|p1b: Lunala|Protect|p1b: Lunala\n|-singleturn|p1b: Lunala|Protect\n|move|p1a: Toxapex|Infestation|p2a: Ogerpon\n|-resisted|p2a: Ogerpon\n|-damage|p2a: Ogerpon|98/100\n|-activate|p2a: Ogerpon|move: Infestation|[of] p1a: Toxapex\n|\n|-heal|p2b: Zacian|72/100|[from] Grassy Terrain\n|-heal|p2a: Ogerpon|100/100|[from] Grassy Terrain\n|-heal|p1b: Lunala|85/100|[from] Grassy Terrain\n|-heal|p1b: Lunala|91/100|[from] item: Leftovers\n|-heal|p1a: Toxapex|80/100|[from] Grassy Terrain\n|-end|p2b: Zacian|Infestation|[partiallytrapped]\n|-damage|p2a: Ogerpon|88/100|[from] move: Infestation|[partiallytrapped]\n|upkeep\n|turn|6\n|\n|t:|1745976595\n|switch|p2b: Chien-Pao|Chien-Pao, L50|100/100\n|-ability|p2b: Chien-Pao|Sword of Ruin\n|move|p1b: Lunala|Protect||[still]\n|-fail|p1b: Lunala\n|move|p2a: Ogerpon|Ivy Cudgel|p1b: Lunala|[anim] Ivy Cudgel Fire\n|-damage|p1b: Lunala|0 fnt\n|faint|p1b: Lunala\n|move|p1a: Toxapex|Infestation|p2b: Chien-Pao\n|-supereffective|p2b: Chien-Pao\n|-damage|p2b: Chien-Pao|90/100\n|-activate|p2b: Chien-Pao|move: Infestation|[of] p1a: Toxapex\n|\n|-heal|p2b: Chien-Pao|96/100|[from] Grassy Terrain\n|-heal|p2a: Ogerpon|94/100|[from] Grassy Terrain\n|-heal|p1a: Toxapex|86/100|[from] Grassy Terrain\n|-damage|p2b: Chien-Pao|84/100|[from] move: Infestation|[partiallytrapped]\n|-damage|p2a: Ogerpon|82/100|[from] move: Infestation|[partiallytrapped]\n|-fieldend|move: Grassy Terrain\n|upkeep\n|\n|t:|1745976613\n|switch|p1b: Rillaboom|Rillaboom, L50, F, shiny, tera:Water|20/100\n|-fieldstart|move: Grassy Terrain|[from] ability: Grassy Surge|[of] p1b: Rillaboom\n|turn|7\n|\n|t:|1745976627\n|move|p2b: Chien-Pao|Protect|p2b: Chien-Pao\n|-singleturn|p2b: Chien-Pao|Protect\n|move|p2a: Ogerpon|Spiky Shield|p2a: Ogerpon\n|-singleturn|p2a: Ogerpon|move: Protect\n|move|p1b: Rillaboom|Fake Out|p2a: Ogerpon\n|-activate|p2a: Ogerpon|move: Protect\n|-damage|p1b: Rillaboom|8/100|[from] Spiky Shield|[of] p2a: Ogerpon\n|move|p1a: Toxapex|Lunge|p2b: Chien-Pao\n|-activate|p2b: Chien-Pao|move: Protect\n|\n|-heal|p2b: Chien-Pao|90/100|[from] Grassy Terrain\n|-heal|p2a: Ogerpon|88/100|[from] Grassy Terrain\n|-heal|p1b: Rillaboom|14/100|[from] Grassy Terrain\n|-heal|p1a: Toxapex|92/100|[from] Grassy Terrain\n|-damage|p2b: Chien-Pao|77/100|[from] move: Infestation|[partiallytrapped]\n|-damage|p2a: Ogerpon|76/100|[from] move: Infestation|[partiallytrapped]\n|upkeep\n|turn|8\n|inactive|luisecanonserna has 30 seconds left.\n|\n|t:|1745976654\n|move|p2a: Ogerpon|Follow Me|p2a: Ogerpon\n|-singleturn|p2a: Ogerpon|move: Follow Me\n|move|p1b: Rillaboom|Grassy Glide|p2a: Ogerpon\n|-resisted|p2a: Ogerpon\n|-crit|p2a: Ogerpon\n|-damage|p2a: Ogerpon|34/100\n|move|p2b: Chien-Pao|Throat Chop|p1b: Rillaboom\n|-damage|p1b: Rillaboom|0 fnt\n|faint|p1b: Rillaboom\n|move|p1a: Toxapex|Lunge|p2a: Ogerpon\n|-resisted|p2a: Ogerpon\n|-damage|p2a: Ogerpon|25/100\n|-unboost|p2a: Ogerpon|atk|1\n|\n|-heal|p2b: Chien-Pao|83/100|[from] Grassy Terrain\n|-heal|p2a: Ogerpon|32/100|[from] Grassy Terrain\n|-heal|p1a: Toxapex|97/100|[from] Grassy Terrain\n|-damage|p2b: Chien-Pao|71/100|[from] move: Infestation|[partiallytrapped]\n|-damage|p2a: Ogerpon|19/100|[from] move: Infestation|[partiallytrapped]\n|upkeep\n|turn|9\n|inactive|luisecanonserna has 30 seconds left.\n|\n|t:|1745976688\n|move|p2b: Chien-Pao|Throat Chop|p1a: Toxapex\n|-damage|p1a: Toxapex|67/100\n|move|p2a: Ogerpon|Ivy Cudgel|p1a: Toxapex|[anim] Ivy Cudgel Fire\n|-resisted|p1a: Toxapex\n|-damage|p1a: Toxapex|32/100\n|move|p1a: Toxapex|Lunge|p2b: Chien-Pao\n|-supereffective|p2b: Chien-Pao\n|-damage|p2b: Chien-Pao|36/100\n|-unboost|p2b: Chien-Pao|atk|1\n|\n|-heal|p2b: Chien-Pao|42/100|[from] Grassy Terrain\n|-heal|p2a: Ogerpon|25/100|[from] Grassy Terrain\n|-heal|p1a: Toxapex|38/100|[from] Grassy Terrain\n|-damage|p2b: Chien-Pao|30/100|[from] move: Infestation|[partiallytrapped]\n|-damage|p2a: Ogerpon|13/100|[from] move: Infestation|[partiallytrapped]\n|upkeep\n|turn|10\n|\n|t:|1745976710\n|move|p1a: Toxapex|Protect|p1a: Toxapex\n|-singleturn|p1a: Toxapex|Protect\n|move|p2b: Chien-Pao|Throat Chop|p1a: Toxapex\n|-activate|p1a: Toxapex|move: Protect\n|move|p2a: Ogerpon|Ivy Cudgel|p1a: Toxapex|[anim] Ivy Cudgel Fire\n|-activate|p1a: Toxapex|move: Protect\n|\n|-heal|p2b: Chien-Pao|35/100|[from] Grassy Terrain\n|-heal|p2a: Ogerpon|19/100|[from] Grassy Terrain\n|-heal|p1a: Toxapex|44/100|[from] Grassy Terrain\n|-damage|p2b: Chien-Pao|23/100|[from] move: Infestation|[partiallytrapped]\n|-end|p2a: Ogerpon|Infestation|[partiallytrapped]\n|upkeep\n|turn|11\n|inactive|luisecanonserna has 30 seconds left.\n|\n|t:|1745976736\n|move|p2b: Chien-Pao|Throat Chop|p1a: Toxapex\n|-damage|p1a: Toxapex|21/100\n|move|p2a: Ogerpon|Encore|p1a: Toxapex\n|-start|p1a: Toxapex|Encore\n|move|p1a: Toxapex|Protect||[still]\n|-fail|p1a: Toxapex\n|\n|-heal|p2b: Chien-Pao|29/100|[from] Grassy Terrain\n|-heal|p2a: Ogerpon|25/100|[from] Grassy Terrain\n|-heal|p1a: Toxapex|27/100|[from] Grassy Terrain\n|-end|p2b: Chien-Pao|Infestation|[partiallytrapped]\n|-fieldend|move: Grassy Terrain\n|upkeep\n|turn|12\n|-message|navicorrin forfeited.\n|\n|win|luisecanonserna\n||navicorrin is ready for game 2.\n||luisecanonserna is ready for game 2.\n|uhtml|next|Next: <a href=\"/battle-gen9vgc2025regibo3-2353631205\"><strong>Game 2 of 3</strong></a>\n", "uploadtime": 1745977222, "views": 6, "formatid": "gen9vgc2025regibo3", "rating": null, "private": 0, "password": null}