{"id": "gen9vgc2025regibo3-2355006431", "format": "[Gen 9] VGC 2025 Reg I (Bo3)", "players": ["Inv2021", "LunaSunChris"], "log": "|j|\u2606Inv2021\n|j|\u2606LunaSunChris\n|html|<table width=\"100%\"><tr><td align=\"left\">Inv2021</td><td align=\"right\">LunaSunChris</tr><tr><td align=\"left\"><i class=\"fa fa-circle\"></i> <i class=\"fa fa-circle-o\"></i> </td><td align=\"right\"><i class=\"fa fa-circle-o\"></i> <i class=\"fa fa-circle\"></i> </tr></table>\n|uhtml|bestof|<h2><strong>Game 3</strong> of <a href=\"/game-bestof3-gen9vgc2025regibo3-2355003485\">a best-of-3</a></h2>\n|t:|1746141234\n|gametype|doubles\n|player|p1|Inv2021|266|1251\n|player|p2|LunaSunChris|rood|1249\n|teamsize|p1|6\n|teamsize|p2|6\n|gen|9\n|tier|[Gen 9] VGC 2025 Reg I (Bo3)\n|rated|\n|rule|Species Clause: Limit one of each Pok\u00e9mon\n|rule|Item Clause: Limit 1 of each item\n|clearpoke\n|poke|p1|Calyrex-Shadow, L50|\n|poke|p1|Incineroar, L50, M|\n|poke|p1|Rillaboom, L50, F|\n|poke|p1|Tornadus, L50, M|\n|poke|p1|Urshifu-*, L50, F|\n|poke|p1|Zamazenta-*, L50|\n|poke|p2|Groudon, L50|\n|poke|p2|Lunala, L50|\n|poke|p2|Incineroar, L50, F|\n|poke|p2|Ribombee, L50, M|\n|poke|p2|Walking Wake, L50|\n|poke|p2|Rillaboom, L50, F|\n|teampreview|4\n|showteam|p1|Calyrex-Shadow||SpookyPlate|AsOneSpectrier|Protect,AstralBarrage,NastyPlot,DrainingKiss||||||50|,,,,,Fairy]Incineroar||SafetyGoggles|Intimidate|FakeOut,Taunt,PartingShot,KnockOff|||M|||50|,,,,,Ghost]Rillaboom||AssaultVest|GrassySurge|FakeOut,WoodHammer,Uturn,GrassyGlide|||F|||50|,,,,,Normal]Tornadus||CovertCloak|Prankster|Tailwind,BleakwindStorm,Protect,RainDance|||M|||50|,,,,,Steel]Urshifu-Rapid-Strike||ChoiceScarf|UnseenFist|SurgingStrikes,CloseCombat,AquaJet,Uturn|||F|||50|,,,,,Ghost]Zamazenta-Crowned||RustedShield|DauntlessShield|BodyPress,Protect,WideGuard,HeavySlam||||||50|,,,,,Dragon\n|showteam|p2|Groudon||ClearAmulet|Drought|PrecipiceBlades,HeatCrash,StompingTantrum,Protect||||||50|,,,,,Fire]Lunala||PowerHerb|ShadowShield|MoongeistBeam,MeteorBeam,WideGuard,TrickRoom||||||50|,,,,,Fairy]Incineroar||SafetyGoggles|Intimidate|KnockOff,FakeOut,FlareBlitz,PartingShot|||F|||50|,,,,,Ghost]Ribombee||FocusSash|SweetVeil|Moonblast,Tailwind,SunnyDay,PollenPuff|||M|||50|,,,,,Ghost]Walking Wake||LifeOrb|Protosynthesis|WeatherBall,HydroSteam,DracoMeteor,Protect||||||50|,,,,,Fire]Rillaboom||AssaultVest|GrassySurge|FakeOut,GrassyGlide,Uturn,WoodHammer|||F|||50|,,,,,Fire\n|inactive|Battle timer is ON: inactive players will automatically lose when time's up. (requested by Inv2021)\n|\n|t:|1746141245\n|start\n|switch|p1a: Calyrex|Calyrex-Shadow, L50|100/100\n|switch|p1b: Incineroar|Incineroar, L50, M|100/100\n|switch|p2a: Rillaboom|Rillaboom, L50, F|100/100\n|switch|p2b: Lunala|Lunala, L50|100/100\n|-ability|p1a: Calyrex|As One\n|-ability|p1a: Calyrex|Unnerve\n|-fieldstart|move: Grassy Terrain|[from] ability: Grassy Surge|[of] p2a: Rillaboom\n|-ability|p1b: Incineroar|Intimidate|boost\n|-unboost|p2a: Rillaboom|atk|1\n|-unboost|p2b: Lunala|atk|1\n|turn|1\n|\n|t:|1746141255\n|-terastallize|p2b: Lunala|Fairy\n|move|p2a: Rillaboom|Fake Out|p1b: Incineroar\n|-damage|p1b: Incineroar|93/100\n|cant|p1b: Incineroar|flinch\n|move|p1a: Calyrex|Astral Barrage|p2b: Lunala|[spread] p2a,p2b\n|-damage|p2a: Rillaboom|59/100\n|-damage|p2b: Lunala|79/100\n|move|p2b: Lunala|Trick Room|p2b: Lunala\n|-fieldstart|move: Trick Room|[of] p2b: Lunala\n|\n|-heal|p1b: Incineroar|99/100|[from] Grassy Terrain\n|-heal|p2a: Rillaboom|65/100|[from] Grassy Terrain\n|-heal|p2b: Lunala|85/100|[from] Grassy Terrain\n|upkeep\n|turn|2\n|inactive|LunaSunChris has 30 seconds left.\n|\n|t:|1746141281\n|move|p1b: Incineroar|Parting Shot|p2b: Lunala\n|-unboost|p2b: Lunala|atk|1\n|-unboost|p2b: Lunala|spa|1\n|\n|t:|1746141286\n|switch|p1b: Zamazenta|Zamazenta-Crowned, L50|100/100|[from] Parting Shot\n|-ability|p1b: Zamazenta|Dauntless Shield|boost\n|-boost|p1b: Zamazenta|def|1\n|move|p2a: Rillaboom|Wood Hammer|p1a: Calyrex\n|-damage|p1a: Calyrex|45/100\n|-damage|p2a: Rillaboom|49/100|[from] Recoil\n|move|p2b: Lunala|Moongeist Beam|p1a: Calyrex\n|-supereffective|p1a: Calyrex\n|-damage|p1a: Calyrex|0 fnt\n|faint|p1a: Calyrex\n|\n|-heal|p2a: Rillaboom|55/100|[from] Grassy Terrain\n|-heal|p2b: Lunala|91/100|[from] Grassy Terrain\n|upkeep\n|\n|t:|1746141299\n|switch|p1a: Incineroar|Incineroar, L50, M|99/100\n|-ability|p1a: Incineroar|Intimidate|boost\n|-unboost|p2a: Rillaboom|atk|1\n|-unboost|p2b: Lunala|atk|1\n|turn|3\n|\n|t:|1746141311\n|move|p1a: Incineroar|Fake Out|p2b: Lunala\n|-damage|p2b: Lunala|82/100\n|move|p2a: Rillaboom|U-turn|p1a: Incineroar\n|-damage|p1a: Incineroar|88/100\n|\n|t:|1746141318\n|switch|p2a: Groudon|Groudon, L50|100/100|[from] U-turn\n|-weather|SunnyDay|[from] ability: Drought|[of] p2a: Groudon\n|cant|p2b: Lunala|flinch\n|move|p1b: Zamazenta|Heavy Slam|p2b: Lunala\n|-supereffective|p2b: Lunala\n|-damage|p2b: Lunala|3/100\n|\n|-weather|SunnyDay|[upkeep]\n|-heal|p1a: Incineroar|94/100|[from] Grassy Terrain\n|-heal|p2b: Lunala|10/100|[from] Grassy Terrain\n|upkeep\n|turn|4\n|\n|t:|1746141339\n|move|p1b: Zamazenta|Protect|p1b: Zamazenta\n|-singleturn|p1b: Zamazenta|Protect\n|move|p1a: Incineroar|Parting Shot|p2b: Lunala\n|-unboost|p2b: Lunala|atk|1\n|-unboost|p2b: Lunala|spa|1\n|\n|t:|1746141345\n|switch|p1a: Tornadus|Tornadus, L50, M|100/100|[from] Parting Shot\n|move|p2a: Groudon|Precipice Blades|p1b: Zamazenta|[spread] \n|-activate|p1b: Zamazenta|move: Protect\n|-immune|p1a: Tornadus\n|move|p2b: Lunala|Moongeist Beam|p1b: Zamazenta\n|-activate|p1b: Zamazenta|move: Protect\n|\n|-weather|SunnyDay|[upkeep]\n|-heal|p2b: Lunala|16/100|[from] Grassy Terrain\n|upkeep\n|turn|5\n|inactive|LunaSunChris has 30 seconds left.\n|inactive|LunaSunChris has 20 seconds left.\n|\n|t:|1746141382\n|move|p1a: Tornadus|Rain Dance|p1a: Tornadus\n|-weather|RainDance\n|move|p2a: Groudon|Stomping Tantrum|p1b: Zamazenta\n|-supereffective|p1b: Zamazenta\n|-damage|p1b: Zamazenta|34/100\n|move|p2b: Lunala|Meteor Beam||[still]\n|-prepare|p2b: Lunala|Meteor Beam\n|-boost|p2b: Lunala|spa|1\n|-enditem|p2b: Lunala|Power Herb\n|-anim|p2b: Lunala|Meteor Beam|p1a: Tornadus\n|-supereffective|p1a: Tornadus\n|-damage|p1a: Tornadus|34/100\n|move|p1b: Zamazenta|Body Press|p2a: Groudon\n|-damage|p2a: Groudon|45/100\n|\n|-weather|RainDance|[upkeep]\n|-heal|p2a: Groudon|51/100|[from] Grassy Terrain\n|-heal|p2b: Lunala|22/100|[from] Grassy Terrain\n|-heal|p1b: Zamazenta|40/100|[from] Grassy Terrain\n|-fieldend|move: Trick Room\n|-fieldend|move: Grassy Terrain\n|upkeep\n|turn|6\n|\n|t:|1746141407\n|switch|p2a: Rillaboom|Rillaboom, L50, F|55/100\n|-fieldstart|move: Grassy Terrain|[from] ability: Grassy Surge|[of] p2a: Rillaboom\n|move|p2b: Lunala|Wide Guard|p2b: Lunala\n|-singleturn|p2b: Lunala|Wide Guard\n|move|p1b: Zamazenta|Body Press|p2a: Rillaboom\n|-damage|p2a: Rillaboom|0 fnt\n|faint|p2a: Rillaboom\n|move|p1a: Tornadus|Bleakwind Storm|p2b: Lunala\n|-activate|p2b: Lunala|move: Wide Guard\n|\n|-weather|RainDance|[upkeep]\n|-heal|p1b: Zamazenta|46/100|[from] Grassy Terrain\n|-heal|p2b: Lunala|28/100|[from] Grassy Terrain\n|upkeep\n|\n|t:|1746141418\n|switch|p2a: Walking Wake|Walking Wake, L50|100/100\n|turn|7\n|\n|t:|1746141432\n|switch|p2b: Groudon|Groudon, L50|51/100\n|-weather|SunnyDay|[from] ability: Drought|[of] p2b: Groudon\n|-activate|p2a: Walking Wake|ability: Protosynthesis\n|-start|p2a: Walking Wake|protosynthesisspe\n|move|p1b: Zamazenta|Protect|p1b: Zamazenta\n|-singleturn|p1b: Zamazenta|Protect\n|move|p2a: Walking Wake|Weather Ball|p1b: Zamazenta\n|-activate|p1b: Zamazenta|move: Protect\n|move|p1a: Tornadus|Bleakwind Storm|p2a: Walking Wake|[spread] p2a,p2b\n|-damage|p2a: Walking Wake|66/100\n|-damage|p2b: Groudon|25/100\n|\n|-weather|SunnyDay|[upkeep]\n|-heal|p2a: Walking Wake|72/100|[from] Grassy Terrain\n|-heal|p1b: Zamazenta|52/100|[from] Grassy Terrain\n|-heal|p2b: Groudon|31/100|[from] Grassy Terrain\n|upkeep\n|turn|8\n|inactive|LunaSunChris has 30 seconds left.\n|\n|t:|1746141462\n|switch|p2b: Lunala|Lunala, L50, tera:Fairy|28/100\n|move|p2a: Walking Wake|Protect|p2a: Walking Wake\n|-singleturn|p2a: Walking Wake|Protect\n|move|p1a: Tornadus|Rain Dance|p1a: Tornadus\n|-weather|RainDance\n|-end|p2a: Walking Wake|Protosynthesis\n|move|p1b: Zamazenta|Body Press|p2b: Lunala\n|-resisted|p2b: Lunala\n|-damage|p2b: Lunala|2/100\n|\n|-weather|RainDance|[upkeep]\n|-heal|p2a: Walking Wake|78/100|[from] Grassy Terrain\n|-heal|p1b: Zamazenta|58/100|[from] Grassy Terrain\n|-heal|p2b: Lunala|8/100|[from] Grassy Terrain\n|upkeep\n|turn|9\n|inactive|LunaSunChris has 30 seconds left.\n|\n|t:|1746141489\n|switch|p2b: Groudon|Groudon, L50|31/100\n|-weather|SunnyDay|[from] ability: Drought|[of] p2b: Groudon\n|-activate|p2a: Walking Wake|ability: Protosynthesis\n|-start|p2a: Walking Wake|protosynthesisspe\n|move|p1a: Tornadus|Rain Dance|p1a: Tornadus\n|-weather|RainDance\n|-end|p2a: Walking Wake|Protosynthesis\n|move|p2a: Walking Wake|Weather Ball|p1b: Zamazenta\n|-damage|p1b: Zamazenta|0 fnt\n|faint|p1b: Zamazenta\n|-damage|p2a: Walking Wake|68/100|[from] item: Life Orb\n|\n|-weather|RainDance|[upkeep]\n|-heal|p2a: Walking Wake|74/100|[from] Grassy Terrain\n|-heal|p2b: Groudon|37/100|[from] Grassy Terrain\n|upkeep\n|\n|t:|1746141500\n|switch|p1b: Incineroar|Incineroar, L50, M|94/100\n|-ability|p1b: Incineroar|Intimidate|boost\n|-unboost|p2a: Walking Wake|atk|1\n|-fail|p2b: Groudon|unboost|[from] item: Clear Amulet|[of] p2b: Groudon\n|turn|10\n|\n|t:|1746141516\n|switch|p2b: Lunala|Lunala, L50, tera:Fairy|8/100\n|move|p2a: Walking Wake|Protect|p2a: Walking Wake\n|-singleturn|p2a: Walking Wake|Protect\n|move|p1a: Tornadus|Bleakwind Storm|p2a: Walking Wake|[spread] p2b\n|-activate|p2a: Walking Wake|move: Protect\n|-damage|p2b: Lunala|0 fnt\n|faint|p2b: Lunala\n|move|p1b: Incineroar|Knock Off|p2a: Walking Wake\n|-activate|p2a: Walking Wake|move: Protect\n|\n|-weather|RainDance|[upkeep]\n|-heal|p2a: Walking Wake|79/100|[from] Grassy Terrain\n|-heal|p1b: Incineroar|99/100|[from] Grassy Terrain\n|-fieldend|move: Grassy Terrain\n|upkeep\n|\n|t:|1746141524\n|switch|p2b: Groudon|Groudon, L50|37/100\n|-weather|SunnyDay|[from] ability: Drought|[of] p2b: Groudon\n|-activate|p2a: Walking Wake|ability: Protosynthesis\n|-start|p2a: Walking Wake|protosynthesisspe\n|turn|11\n|-message|Inv2021 forfeited.\n|\n|win|LunaSunChris\n|raw|Inv2021's rating: 1251 &rarr; <strong>1226</strong><br />(-25 for losing)\n|raw|LunaSunChris's rating: 1249 &rarr; <strong>1274</strong><br />(+25 for winning)\n|l|\u2606Inv2021\n|player|p1|\n|l|\u2606LunaSunChris\n|player|p2|\n", "uploadtime": 1746141540, "views": 8, "formatid": "gen9vgc2025regibo3", "rating": 1226, "private": 0, "password": null}