{"id": "gen9vgc2025regibo3-2354263377", "format": "[Gen 9] VGC 2025 Reg I (Bo3)", "players": ["pantsuit", "LaTentacion"], "log": "|j|\u2606pantsuit\n|j|\u2606LaTentacion\n|html|<table width=\"100%\"><tr><td align=\"left\">pantsuit</td><td align=\"right\">LaTentacion</tr><tr><td align=\"left\"><i class=\"fa fa-circle-o\"></i> <i class=\"fa fa-circle-o\"></i> </td><td align=\"right\"><i class=\"fa fa-circle-o\"></i> <i class=\"fa fa-circle\"></i> </tr></table>\n|uhtml|bestof|<h2><strong>Game 2</strong> of <a href=\"/game-bestof3-gen9vgc2025regibo3-2354261538\">a best-of-3</a></h2>\n|t:|1746050478\n|gametype|doubles\n|player|p1|pantsuit|2|1374\n|player|p2|LaTentacion|265|1389\n|teamsize|p1|6\n|teamsize|p2|6\n|gen|9\n|tier|[Gen 9] VGC 2025 Reg I (Bo3)\n|rated|\n|rule|Species Clause: Limit one of each Pok\u00e9mon\n|rule|Item Clause: Limit 1 of each item\n|clearpoke\n|poke|p1|Koraidon, L50|\n|poke|p1|Lunala, L50|\n|poke|p1|Chi-Yu, L50|\n|poke|p1|Ursaluna, L50, F|\n|poke|p1|Brute Bonnet, L50|\n|poke|p1|Flutter Mane, L50|\n|poke|p2|Groudon, L50|\n|poke|p2|Grimmsnarl, L50, M|\n|poke|p2|Volcarona, L50, M|\n|poke|p2|Miraidon, L50|\n|poke|p2|Iron Hands, L50|\n|poke|p2|Farigiraf, L50, M|\n|teampreview|4\n|showteam|p1|Koraidon||LifeOrb|OrichalcumPulse|FlareBlitz,FlameCharge,CloseCombat,Protect||||||50|,,,,,Fire]Lunala||PowerHerb|ShadowShield|MoongeistBeam,MeteorBeam,WideGuard,TrickRoom||||||50|,,,,,Water]Chi-Yu||ChoiceScarf|BeadsofRuin|Overheat,HeatWave,DarkPulse,Snarl||||||50|,,,,,Ghost]Ursaluna||FlameOrb|Guts|Facade,Earthquake,HeadlongRush,Protect|||F|||50|,,,,,Water]Brute Bonnet||CovertCloak|Protosynthesis|SeedBomb,SuckerPunch,Spore,RagePowder||||||50|,,,,,Water]Flutter Mane||FocusSash|Protosynthesis|Moonblast,IcyWind,ShadowBall,Protect||||||50|,,,,,Normal\n|showteam|p2|Groudon||AssaultVest|Drought|PrecipiceBlades,HeatCrash,HighHorsepower,ThunderPunch||||||50|,,,,,Fire]Grimmsnarl||CovertCloak|Prankster|ThunderWave,Reflect,LightScreen,SpiritBreak|||M|||50|,,,,,Ghost]Volcarona||Leftovers|FlameBody|Protect,QuiverDance,FieryDance,GigaDrain|||M|||50|,,,,,Grass]Miraidon||ChoiceSpecs|HadronEngine|ElectroDrift,DracoMeteor,VoltSwitch,DazzlingGleam||||||50|,,,,,Fairy]Iron Hands||ClearAmulet|QuarkDrive|FakeOut,CloseCombat,WildCharge,HeavySlam||||||50|,,,,,Grass]Farigiraf||ElectricSeed|ArmorTail|FoulPlay,PsychicNoise,HelpingHand,TrickRoom|||M|||50|,,,,,Water\n|inactive|Battle timer is ON: inactive players will automatically lose when time's up. (requested by LaTentacion)\n|inactive|pantsuit has 60 seconds left.\n|\n|t:|1746050512\n|start\n|switch|p1a: Lunala|Lunala, L50|100/100\n|switch|p1b: Brute Bonnet|Brute Bonnet, L50|100/100\n|switch|p2a: Grimmsnarl|Grimmsnarl, L50, M|100/100\n|switch|p2b: Groudon|Groudon, L50|100/100\n|-weather|SunnyDay|[from] ability: Drought|[of] p2b: Groudon\n|-activate|p1b: Brute Bonnet|ability: Protosynthesis\n|-start|p1b: Brute Bonnet|protosynthesisdef\n|turn|1\n|\n|t:|1746050532\n|-terastallize|p2b: Groudon|Fire\n|move|p2a: Grimmsnarl|Thunder Wave|p1a: Lunala\n|-status|p1a: Lunala|par\n|move|p2b: Groudon|Heat Crash|p1b: Brute Bonnet\n|-supereffective|p1b: Brute Bonnet\n|-damage|p1b: Brute Bonnet|0 fnt\n|faint|p1b: Brute Bonnet\n|-end|p1b: Brute Bonnet|Protosynthesis|[silent]\n|move|p1a: Lunala|Trick Room|p1a: Lunala\n|-fieldstart|move: Trick Room|[of] p1a: Lunala\n|\n|-weather|SunnyDay|[upkeep]\n|upkeep\n|\n|t:|1746050542\n|switch|p1b: Ursaluna|Ursaluna, L50, F|100/100\n|turn|2\n|\n|t:|1746050557\n|move|p2a: Grimmsnarl|Light Screen|p2a: Grimmsnarl\n|-sidestart|p2: LaTentacion|move: Light Screen\n|move|p1b: Ursaluna|Headlong Rush|p2b: Groudon\n|-supereffective|p2b: Groudon\n|-damage|p2b: Groudon|12/100\n|-unboost|p1b: Ursaluna|def|1\n|-unboost|p1b: Ursaluna|spd|1\n|move|p1a: Lunala|Meteor Beam||[still]\n|-prepare|p1a: Lunala|Meteor Beam\n|-boost|p1a: Lunala|spa|1\n|-enditem|p1a: Lunala|Power Herb\n|-anim|p1a: Lunala|Meteor Beam|p2b: Groudon\n|-supereffective|p2b: Groudon\n|-damage|p2b: Groudon|0 fnt\n|faint|p2b: Groudon\n|\n|-weather|SunnyDay|[upkeep]\n|-status|p1b: Ursaluna|brn|[from] item: Flame Orb\n|upkeep\n|\n|t:|1746050566\n|switch|p2b: Iron Hands|Iron Hands, L50|100/100\n|turn|3\n|\n|t:|1746050579\n|move|p1b: Ursaluna|Protect|p1b: Ursaluna\n|-singleturn|p1b: Ursaluna|Protect\n|move|p2a: Grimmsnarl|Reflect|p2a: Grimmsnarl\n|-sidestart|p2: LaTentacion|Reflect\n|move|p1a: Lunala|Moongeist Beam|p2b: Iron Hands\n|-damage|p2b: Iron Hands|47/100\n|move|p2b: Iron Hands|Close Combat|p1b: Ursaluna\n|-activate|p1b: Ursaluna|move: Protect\n|\n|-weather|SunnyDay|[upkeep]\n|-damage|p1b: Ursaluna|95/100 brn|[from] brn\n|upkeep\n|turn|4\n|\n|t:|1746050597\n|cant|p1a: Lunala|par\n|move|p1b: Ursaluna|Earthquake|p2b: Iron Hands|[spread] p1a,p2a,p2b\n|-supereffective|p2b: Iron Hands\n|-damage|p1a: Lunala|71/100 par\n|-damage|p2a: Grimmsnarl|50/100\n|-damage|p2b: Iron Hands|0 fnt\n|faint|p2b: Iron Hands\n|-end|p2b: Iron Hands|Quark Drive|[silent]\n|move|p2a: Grimmsnarl|Spirit Break|p1b: Ursaluna\n|-damage|p1b: Ursaluna|65/100 brn\n|-unboost|p1b: Ursaluna|spa|1\n|\n|-weather|SunnyDay|[upkeep]\n|-damage|p1b: Ursaluna|59/100 brn|[from] brn\n|upkeep\n|\n|t:|1746050604\n|switch|p2b: Miraidon|Miraidon, L50|100/100\n|-fieldstart|move: Electric Terrain|[from] ability: Hadron Engine|[of] p2b: Miraidon\n|turn|5\n|\n|t:|1746050613\n|move|p1a: Lunala|Wide Guard|p1a: Lunala\n|-singleturn|p1a: Lunala|Wide Guard\n|move|p1b: Ursaluna|Earthquake|p2b: Miraidon|[spread] p2a,p2b\n|-activate|p1a: Lunala|move: Wide Guard\n|-supereffective|p2b: Miraidon\n|-damage|p2a: Grimmsnarl|0 fnt\n|-damage|p2b: Miraidon|4/100\n|faint|p2a: Grimmsnarl\n|move|p2b: Miraidon|Dazzling Gleam|p1a: Lunala|[spread] \n|-activate|p1a: Lunala|move: Wide Guard\n|-activate|p1b: Ursaluna|move: Wide Guard\n|\n|-weather|none\n|-damage|p1b: Ursaluna|53/100 brn|[from] brn\n|-fieldend|move: Trick Room\n|upkeep\n|turn|6\n|\n|t:|1746050628\n|move|p1a: Lunala|Wide Guard|p1a: Lunala\n|-singleturn|p1a: Lunala|Wide Guard\n|move|p2b: Miraidon|Dazzling Gleam|p1a: Lunala|[spread] \n|-activate|p1a: Lunala|move: Wide Guard\n|-activate|p1b: Ursaluna|move: Wide Guard\n|move|p1b: Ursaluna|Facade|p2b: Miraidon\n|-damage|p2b: Miraidon|0 fnt\n|faint|p2b: Miraidon\n|\n|win|pantsuit\n||pantsuit is ready for game 3.\n||LaTentacion is ready for game 3.\n|uhtml|next|Next: <a href=\"/battle-gen9vgc2025regibo3-2354264749\"><strong>Game 3 of 3</strong></a>\n|l|\u2606LaTentacion\n|player|p2|\n", "uploadtime": 1746050859, "views": 18, "formatid": "gen9vgc2025regibo3", "rating": null, "private": 0, "password": null}