{"id": "gen9vgc2025regibo3-2353721531", "format": "[Gen 9] VGC 2025 Reg I (Bo3)", "players": ["arkjsmith", "wizzpoower"], "log": "|j|\u2606arkjsmith\n|j|\u2606wizzpoower\n|html|<table width=\"100%\"><tr><td align=\"left\">arkjsmith</td><td align=\"right\">wizzpoower</tr><tr><td align=\"left\"><i class=\"fa fa-circle\"></i> <i class=\"fa fa-circle-o\"></i> </td><td align=\"right\"><i class=\"fa fa-circle-o\"></i> <i class=\"fa fa-circle-o\"></i> </tr></table>\n|uhtml|bestof|<h2><strong>Game 2</strong> of <a href=\"/game-bestof3-gen9vgc2025regibo3-2353720552\">a best-of-3</a></h2>\n|t:|1745988643\n|gametype|doubles\n|player|p1|arkjsmith|roxie|1220\n|player|p2|wizzpoower|cheren-masters|1162\n|teamsize|p1|6\n|teamsize|p2|6\n|gen|9\n|tier|[Gen 9] VGC 2025 Reg I (Bo3)\n|rated|\n|rule|Species Clause: Limit one of each Pok\u00e9mon\n|rule|Item Clause: Limit 1 of each item\n|clearpoke\n|poke|p1|Koraidon, L50|\n|poke|p1|Flutter Mane, L50|\n|poke|p1|Zacian-*, L50|\n|poke|p1|Indeedee-F, L50, F|\n|poke|p1|Chi-Yu, L50|\n|poke|p1|Brute Bonnet, L50|\n|poke|p2|Miraidon, L50|\n|poke|p2|Urshifu-*, L50, F|\n|poke|p2|Iron Hands, L50|\n|poke|p2|Iron Treads, L50|\n|poke|p2|Farigiraf, L50, M|\n|poke|p2|Ho-Oh, L50|\n|teampreview|4\n|showteam|p1|Koraidon||LifeOrb|OrichalcumPulse|CloseCombat,FlareBlitz,FlameCharge,Protect||||||50|,,,,,Fire]Flutter Mane||FocusSash|Protosynthesis|Moonblast,ShadowBall,IcyWind,Protect||||||50|,,,,,Normal]Zacian-Crowned||RustedSword|IntrepidSword|behemothblade,PlayRough,Substitute,Protect||||||50|,,,,,Water]Indeedee-F||PsychicSeed|PsychicSurge|Psychic,FollowMe,HelpingHand,TrickRoom|||F|||50|,,,,,Water]Chi-Yu||ChoiceScarf|BeadsofRuin|Overheat,HeatWave,Flamethrower,Snarl||||||50|,,,,,Fire]Brute Bonnet||CovertCloak|Protosynthesis|SeedBomb,SuckerPunch,Spore,RagePowder||||||50|,,,,,Water\n|showteam|p2|Miraidon||ChoiceSpecs|HadronEngine|ElectroDrift,VoltSwitch,DracoMeteor,DazzlingGleam||||||50|,,,,,Fairy]Urshifu||FocusSash|UnseenFist|WickedBlow,SuckerPunch,CloseCombat,Detect|||F|||50|,,,,,Dark]Iron Hands||AssaultVest|QuarkDrive|DrainPunch,LowKick,HeavySlam,FakeOut||||||50|,,,,,Poison]Iron Treads||ChoiceBand|QuarkDrive|HighHorsepower,IronHead,SteelRoller,RockSlide||||||50|,,,,,Ghost]Farigiraf||ElectricSeed|ArmorTail|Psychic,Roar,TrickRoom,HelpingHand|||M|||50|,,,,,Water]Ho-Oh||ClearAmulet|Regenerator|BraveBird,SacredFire,Protect,Tailwind||||||50|,,,,,Grass\n|inactive|Battle timer is ON: inactive players will automatically lose when time's up. (requested by arkjsmith)\n|\n|t:|1745988655\n|start\n|switch|p1a: Dirk|Koraidon, L50|100/100\n|switch|p1b: Rusty|Chi-Yu, L50|100/100\n|switch|p2a: radicalqueen|Urshifu, L50, F|100/100\n|switch|p2b: goodbyefreak|Ho-Oh, L50|100/100\n|-ability|p1b: Rusty|Beads of Ruin\n|-weather|SunnyDay|[from] ability: Orichalcum Pulse|[of] p1a: Dirk\n|-activate|p1a: Dirk|Orichalcum Pulse|[source]\n|turn|1\n|inactive|wizzpoower has 30 seconds left.\n|inactive|wizzpoower has 20 seconds left.\n|inactive|wizzpoower has 15 seconds left.\n|inactive|arkjsmith has 30 seconds left.\n|inactive|wizzpoower has 10 seconds left.\n|\n|t:|1745988704\n|-terastallize|p1a: Dirk|Fire\n|move|p1b: Rusty|Heat Wave|p2b: goodbyefreak|[spread] p2a\n|-miss|p1b: Rusty|p2b: goodbyefreak\n|-enditem|p2a: radicalqueen|Focus Sash\n|-damage|p2a: radicalqueen|1/100\n|-status|p2a: radicalqueen|brn\n|move|p1a: Dirk|Flare Blitz|p2b: goodbyefreak\n|-resisted|p2b: goodbyefreak\n|-damage|p2b: goodbyefreak|33/100\n|-damage|p1a: Dirk|75/100|[from] Recoil\n|-damage|p1a: Dirk|65/100|[from] item: Life Orb\n|move|p2a: radicalqueen|Close Combat|p1a: Dirk\n|-damage|p1a: Dirk|35/100\n|-unboost|p2a: radicalqueen|def|1\n|-unboost|p2a: radicalqueen|spd|1\n|move|p2b: goodbyefreak|Tailwind|p2b: goodbyefreak\n|-sidestart|p2: wizzpoower|move: Tailwind\n|\n|-weather|SunnyDay|[upkeep]\n|-damage|p2a: radicalqueen|0 fnt|[from] brn\n|faint|p2a: radicalqueen\n|upkeep\n|\n|t:|1745988719\n|switch|p2a: megabeast:3|Miraidon, L50|100/100\n|-fieldstart|move: Electric Terrain|[from] ability: Hadron Engine|[of] p2a: megabeast:3\n|turn|2\n|\n|t:|1745988731\n|switch|p1b: Treble|Indeedee-F, L50, F, shiny|100/100\n|-fieldstart|move: Psychic Terrain|[from] ability: Psychic Surge|[of] p1b: Treble\n|-enditem|p1b: Treble|Psychic Seed\n|-boost|p1b: Treble|spd|1|[from] item: Psychic Seed\n|move|p1a: Dirk|Protect|p1a: Dirk\n|-singleturn|p1a: Dirk|Protect\n|move|p2a: megabeast:3|Volt Switch|p1b: Treble\n|-damage|p1b: Treble|68/100\n|\n|t:|1745988739\n|switch|p2a: crimsonracer|Iron Treads, L50, shiny|100/100|[from] Volt Switch\n|move|p2b: goodbyefreak|Brave Bird|p1b: Treble\n|-damage|p1b: Treble|5/100\n|-damage|p2b: goodbyefreak|14/100|[from] Recoil\n|\n|-weather|SunnyDay|[upkeep]\n|upkeep\n|turn|3\n|\n|t:|1745988755\n|switch|p2b: megabeast:3|Miraidon, L50|100/100\n|-fieldstart|move: Electric Terrain|[from] ability: Hadron Engine|[of] p2b: megabeast:3\n|-activate|p2a: crimsonracer|ability: Quark Drive\n|-start|p2a: crimsonracer|quarkdrivespe\n|switch|p1a: Brute Bonnet|Brute Bonnet, L50|100/100\n|-activate|p1a: Brute Bonnet|ability: Protosynthesis\n|-start|p1a: Brute Bonnet|protosynthesisdef\n|move|p2a: crimsonracer|Rock Slide|p1b: Treble|[spread] p1a,p1b\n|-damage|p1a: Brute Bonnet|86/100\n|-damage|p1b: Treble|0 fnt\n|faint|p1b: Treble\n|\n|-weather|SunnyDay|[upkeep]\n|upkeep\n|\n|t:|1745988767\n|switch|p1b: Dirk|Koraidon, L50, tera:Fire|35/100\n|-activate|p1b: Dirk|ability: Orichalcum Pulse\n|turn|4\n|\n|t:|1745988780\n|-terastallize|p2b: megabeast:3|Fairy\n|move|p1b: Dirk|Protect|p1b: Dirk\n|-singleturn|p1b: Dirk|Protect\n|move|p2a: crimsonracer|Rock Slide|p1b: Dirk|[spread] p1a\n|-activate|p1b: Dirk|move: Protect\n|-damage|p1a: Brute Bonnet|73/100\n|move|p2b: megabeast:3|Dazzling Gleam|p1b: Dirk|[spread] p1a\n|-activate|p1b: Dirk|move: Protect\n|-supereffective|p1a: Brute Bonnet\n|-damage|p1a: Brute Bonnet|0 fnt\n|faint|p1a: Brute Bonnet\n|-end|p1a: Brute Bonnet|Protosynthesis|[silent]\n|\n|-weather|SunnyDay|[upkeep]\n|-sideend|p2: wizzpoower|move: Tailwind\n|upkeep\n|\n|t:|1745988783\n|switch|p1a: Rusty|Chi-Yu, L50|100/100\n|-ability|p1a: Rusty|Beads of Ruin\n|turn|5\n|\n|t:|1745988793\n|move|p2a: crimsonracer|Rock Slide|p1a: Rusty|[spread] p1a,p1b\n|-supereffective|p1a: Rusty\n|-supereffective|p1b: Dirk\n|-damage|p1a: Rusty|8/100\n|-damage|p1b: Dirk|0 fnt\n|faint|p1b: Dirk\n|cant|p1a: Rusty|flinch\n|move|p2b: megabeast:3|Dazzling Gleam|p1a: Rusty\n|-damage|p1a: Rusty|0 fnt\n|faint|p1a: Rusty\n|\n|win|wizzpoower\n||wizzpoower is ready for game 3.\n||wizzpoower is ready for game 3.\n||arkjsmith is ready for game 3.\n|uhtml|next|Next: <a href=\"/battle-gen9vgc2025regibo3-2353722528\"><strong>Game 3 of 3</strong></a>\n", "uploadtime": 1745989085, "views": 6, "formatid": "gen9vgc2025regibo3", "rating": null, "private": 0, "password": null}