{"id": "gen9vgc2025regibo3-2353827785", "format": "[Gen 9] VGC 2025 Reg I (Bo3)", "players": ["4-3 at worlds", "NerdConsultant"], "log": "|j|\u26064-3 at worlds\n|j|\u2606NerdConsultant\n|html|<table width=\"100%\"><tr><td align=\"left\">4-3 at worlds</td><td align=\"right\">NerdConsultant</tr><tr><td align=\"left\"><i class=\"fa fa-circle-o\"></i> <i class=\"fa fa-circle-o\"></i> </td><td align=\"right\"><i class=\"fa fa-circle-o\"></i> <i class=\"fa fa-circle\"></i> </tr></table>\n|uhtml|bestof|<h2><strong>Game 2</strong> of <a href=\"/game-bestof3-gen9vgc2025regibo3-2353826309\">a best-of-3</a></h2>\n|t:|1746006633\n|gametype|doubles\n|player|p1|4-3 at worlds|scientist-gen4|1122\n|player|p2|NerdConsultant|roxie|1151\n|teamsize|p1|6\n|teamsize|p2|6\n|gen|9\n|tier|[Gen 9] VGC 2025 Reg I (Bo3)\n|rated|\n|rule|Species Clause: Limit one of each Pok\u00e9mon\n|rule|Item Clause: Limit 1 of each item\n|clearpoke\n|poke|p1|Zamazenta-*, L50|\n|poke|p1|Volcarona, L50, M|\n|poke|p1|Comfey, L50, F|\n|poke|p1|Rillaboom, L50, M|\n|poke|p1|Incineroar, L50, M|\n|poke|p1|Calyrex-Shadow, L50|\n|poke|p2|Miraidon, L50|\n|poke|p2|Calyrex-Ice, L50|\n|poke|p2|Iron Hands, L50|\n|poke|p2|Whimsicott, L50, M|\n|poke|p2|Grimmsnarl, L50, M|\n|poke|p2|Ogerpon-Hearthflame, L50, F|\n|teampreview|4\n|showteam|p1|Zamazenta-Crowned||RustedShield|DauntlessShield|WideGuard,IronDefense,BodyPress,Snarl||||||50|,,,,,Dragon]Volcarona||Leftovers|FlameBody|QuiverDance,FieryDance,GigaDrain,Protect|||M|||50|,,,,,Grass]Comfey||MentalHerb|Triage|Taunt,FloralHealing,DrainingKiss,Protect|||F|||50|,,,,,Steel]Rillaboom||AssaultVest|GrassySurge|WoodHammer,FakeOut,Uturn,GrassyGlide|||M|||50|,,,,,Grass]Incineroar||SitrusBerry|Intimidate|KnockOff,FlareBlitz,FakeOut,PartingShot|||M|||50|,,,,,Ghost]Calyrex-Shadow||FocusSash|AsOneSpectrier|AstralBarrage,Psyshock,Encore,Protect||||||50|,,,,,Ghost\n|showteam|p2|Miraidon||ChoiceSpecs|HadronEngine|VoltSwitch,ElectroDrift,DazzlingGleam,DracoMeteor||||||50|,,,,,Fairy]Calyrex-Ice||ClearAmulet|AsOneGlastrier|GlacialLance,HighHorsepower,TrickRoom,Protect||||||50|,,,,,Fire]Iron Hands||AssaultVest|QuarkDrive|DrainPunch,LowKick,WildCharge,FakeOut||||||50|,,,,,Bug]Whimsicott||CovertCloak|Prankster|Moonblast,Encore,Tailwind,LightScreen|||M|||50|,,,,,Dark]Grimmsnarl||LightClay|Prankster|FoulPlay,Reflect,LightScreen,ThunderWave|||M|||50|,,,,,Ghost]Ogerpon-Hearthflame||HearthflameMask|MoldBreaker|IvyCudgel,WoodHammer,FollowMe,SpikyShield|||F|||50|,,,,,Fire\n|inactive|Battle timer is ON: inactive players will automatically lose when time's up. (requested by 4-3 at worlds)\n|inactive|NerdConsultant has 60 seconds left.\n|\n|t:|1746006671\n|start\n|switch|p1a: Zamazenta|Zamazenta-Crowned, L50|100/100\n|switch|p1b: Rillaboom|Rillaboom, L50, M|100/100\n|switch|p2a: Whimsicott|Whimsicott, L50, M|100/100\n|switch|p2b: Grimmsnarl|Grimmsnarl, L50, M|100/100\n|-ability|p1a: Zamazenta|Dauntless Shield|boost\n|-boost|p1a: Zamazenta|def|1\n|-fieldstart|move: Grassy Terrain|[from] ability: Grassy Surge|[of] p1b: Rillaboom\n|turn|1\n|\n|t:|1746006684\n|-terastallize|p2b: Grimmsnarl|Ghost\n|move|p2a: Whimsicott|Tailwind|p2a: Whimsicott\n|-sidestart|p2: NerdConsultant|move: Tailwind\n|move|p2b: Grimmsnarl|Reflect|p2b: Grimmsnarl\n|-sidestart|p2: NerdConsultant|Reflect\n|move|p1a: Zamazenta|Body Press|p2b: Grimmsnarl\n|-immune|p2b: Grimmsnarl\n|move|p1b: Rillaboom|Wood Hammer|p2b: Grimmsnarl\n|-damage|p2b: Grimmsnarl|38/100\n|-damage|p1b: Rillaboom|80/100|[from] Recoil\n|\n|-heal|p2b: Grimmsnarl|44/100|[from] Grassy Terrain\n|-heal|p1b: Rillaboom|86/100|[from] Grassy Terrain\n|upkeep\n|turn|2\n|\n|t:|1746006701\n|switch|p1a: Volcarona|Volcarona, L50, M|100/100\n|move|p2a: Whimsicott|Encore||[still]\n|-fail|p2a: Whimsicott\n|move|p2b: Grimmsnarl|Thunder Wave|p1a: Volcarona\n|-status|p1a: Volcarona|par\n|move|p1b: Rillaboom|U-turn|p2a: Whimsicott\n|-damage|p2a: Whimsicott|79/100\n|\n|t:|1746006709\n|switch|p1b: Incineroar|Incineroar, L50, M|100/100|[from] U-turn\n|-ability|p1b: Incineroar|Intimidate|boost\n|-unboost|p2a: Whimsicott|atk|1\n|-unboost|p2b: Grimmsnarl|atk|1\n|\n|-heal|p2a: Whimsicott|85/100|[from] Grassy Terrain\n|-heal|p2b: Grimmsnarl|50/100|[from] Grassy Terrain\n|upkeep\n|turn|3\n|\n|t:|1746006723\n|switch|p2a: Miraidon|Miraidon, L50|100/100\n|-fieldstart|move: Electric Terrain|[from] ability: Hadron Engine|[of] p2a: Miraidon\n|move|p2b: Grimmsnarl|Light Screen|p2b: Grimmsnarl\n|-sidestart|p2: NerdConsultant|move: Light Screen\n|move|p1b: Incineroar|Knock Off|p2b: Grimmsnarl\n|-supereffective|p2b: Grimmsnarl\n|-damage|p2b: Grimmsnarl|0 fnt\n|-enditem|p2b: Grimmsnarl|Light Clay|[from] move: Knock Off|[of] p1b: Incineroar\n|faint|p2b: Grimmsnarl\n|move|p1a: Volcarona|Fiery Dance|p2a: Miraidon\n|-resisted|p2a: Miraidon\n|-damage|p2a: Miraidon|89/100\n|-boost|p1a: Volcarona|spa|1\n|\n|upkeep\n|\n|t:|1746006736\n|switch|p2b: Calyrex|Calyrex-Ice, L50|100/100\n|-ability|p2b: Calyrex|As One\n|-ability|p2b: Calyrex|Unnerve\n|turn|4\n|\n|t:|1746006751\n|move|p2a: Miraidon|Volt Switch|p1b: Incineroar\n|-crit|p1b: Incineroar\n|-damage|p1b: Incineroar|0 fnt\n|faint|p1b: Incineroar\n|\n|t:|1746006755\n|switch|p2a: Whimsicott|Whimsicott, L50, M|85/100|[from] Volt Switch\n|move|p2b: Calyrex|Glacial Lance|p1a: Volcarona\n|-resisted|p1a: Volcarona\n|-damage|p1a: Volcarona|50/100 par\n|move|p1a: Volcarona|Fiery Dance|p2a: Whimsicott\n|-supereffective|p2a: Whimsicott\n|-crit|p2a: Whimsicott\n|-damage|p2a: Whimsicott|0 fnt\n|-boost|p1a: Volcarona|spa|1\n|faint|p2a: Whimsicott\n|\n|-heal|p1a: Volcarona|56/100 par|[from] item: Leftovers\n|-sideend|p2: NerdConsultant|move: Tailwind\n|upkeep\n|\n|t:|1746006771\n|switch|p2a: Miraidon|Miraidon, L50|89/100\n|switch|p1b: Rillaboom|Rillaboom, L50, M|86/100\n|-activate|p2a: Miraidon|ability: Hadron Engine\n|-fieldstart|move: Grassy Terrain|[from] ability: Grassy Surge|[of] p1b: Rillaboom\n|turn|5\n|inactive|NerdConsultant has 30 seconds left.\n|\n|t:|1746006796\n|switch|p1b: Zamazenta|Zamazenta-Crowned, L50|100/100\n|move|p1a: Volcarona|Protect|p1a: Volcarona\n|-singleturn|p1a: Volcarona|Protect\n|move|p2a: Miraidon|Draco Meteor|p1a: Volcarona\n|-activate|p1a: Volcarona|move: Protect\n|move|p2b: Calyrex|Glacial Lance|p1b: Zamazenta|[spread] p1b\n|-activate|p1a: Volcarona|move: Protect\n|-resisted|p1b: Zamazenta\n|-crit|p1b: Zamazenta\n|-damage|p1b: Zamazenta|76/100\n|\n|-heal|p2a: Miraidon|96/100|[from] Grassy Terrain\n|-heal|p1b: Zamazenta|82/100|[from] Grassy Terrain\n|-heal|p1a: Volcarona|62/100 par|[from] Grassy Terrain\n|-heal|p1a: Volcarona|69/100 par|[from] item: Leftovers\n|upkeep\n|turn|6\n|\n|t:|1746006816\n|move|p1b: Zamazenta|Wide Guard|p1b: Zamazenta\n|-singleturn|p1b: Zamazenta|Wide Guard\n|move|p2a: Miraidon|Draco Meteor|p1a: Volcarona\n|-damage|p1a: Volcarona|0 fnt\n|-unboost|p2a: Miraidon|spa|2\n|faint|p1a: Volcarona\n|move|p2b: Calyrex|High Horsepower|p1b: Zamazenta\n|-supereffective|p1b: Zamazenta\n|-damage|p1b: Zamazenta|35/100\n|\n|-heal|p2a: Miraidon|100/100|[from] Grassy Terrain\n|-heal|p1b: Zamazenta|42/100|[from] Grassy Terrain\n|upkeep\n|-message|4-3 at worlds forfeited.\n|\n|win|NerdConsultant\n|raw|4-3 at worlds's rating: 1122 &rarr; <strong>1099</strong><br />(-23 for losing)\n|raw|NerdConsultant's rating: 1151 &rarr; <strong>1174</strong><br />(+23 for winning)\n|c|\u2606NerdConsultant|gg\n|l|\u26064-3 at worlds\n|player|p1|\n", "uploadtime": 1746006854, "views": 11, "formatid": "gen9vgc2025regibo3", "rating": 1099, "private": 0, "password": null}