{"id": "gen9vgc2025regibo3-2355009478", "format": "[Gen 9] VGC 2025 Reg I (Bo3)", "players": ["LunaSunChris", "quinn2"], "log": "|j|\u2606LunaSunChris\n|j|\u2606quinn2\n|html|<table width=\"100%\"><tr><td align=\"left\">LunaSunChris</td><td align=\"right\">quinn2</tr><tr><td align=\"left\"><i class=\"fa fa-circle-o\"></i> <i class=\"fa fa-circle-o\"></i> </td><td align=\"right\"><i class=\"fa fa-circle-o\"></i> <i class=\"fa fa-circle-o\"></i> </tr></table>\n|uhtml|bestof|<h2><strong>Game 1</strong> of <a href=\"/game-bestof3-gen9vgc2025regibo3-2355009477\">a best-of-3</a></h2>\n|t:|1746141594\n|gametype|doubles\n|player|p1|LunaSunChris|rood|1274\n|player|p2|quinn2|102|1246\n|teamsize|p1|6\n|teamsize|p2|6\n|gen|9\n|tier|[Gen 9] VGC 2025 Reg I (Bo3)\n|rated|\n|rule|Species Clause: Limit one of each Pok\u00e9mon\n|rule|Item Clause: Limit 1 of each item\n|clearpoke\n|poke|p1|Groudon, L50|\n|poke|p1|Lunala, L50|\n|poke|p1|Incineroar, L50, F|\n|poke|p1|Ribombee, L50, F|\n|poke|p1|Walking Wake, L50|\n|poke|p1|Rillaboom, L50, M|\n|poke|p2|Ho-Oh, L50|\n|poke|p2|Zacian-*, L50|\n|poke|p2|Grimmsnarl, L50, M|\n|poke|p2|Rillaboom, L50, M|\n|poke|p2|Raging Bolt, L50|\n|poke|p2|Annihilape, L50, F|\n|teampreview|4\n|showteam|p1|Groudon||ClearAmulet|Drought|PrecipiceBlades,HeatCrash,StompingTantrum,Protect||||||50|,,,,,Fire]Lunala||PowerHerb|ShadowShield|MoongeistBeam,MeteorBeam,WideGuard,TrickRoom||||||50|,,,,,Fairy]Incineroar||SafetyGoggles|Intimidate|KnockOff,FakeOut,FlareBlitz,PartingShot|||F|||50|,,,,,Ghost]Ribombee||FocusSash|SweetVeil|Moonblast,Tailwind,SunnyDay,PollenPuff|||F|||50|,,,,,Ghost]Walking Wake||LifeOrb|Protosynthesis|WeatherBall,HydroSteam,DracoMeteor,Protect||||||50|,,,,,Fire]Rillaboom||AssaultVest|GrassySurge|FakeOut,GrassyGlide,Uturn,WoodHammer|||M|||50|,,,,,Fire\n|showteam|p2|Ho-Oh||RockyHelmet|Pressure|SacredFire,BraveBird,Recover,Protect||||||50|,,,,,Water]Zacian-Crowned||RustedSword|IntrepidSword|behemothblade,SacredSword,SwordsDance,Protect||||||50|,,,,,Fighting]Grimmsnarl||LightClay|Prankster|SpiritBreak,PartingShot,LightScreen,Reflect|||M|||50|,,,,,Ghost]Rillaboom||LifeOrb|GrassySurge|FakeOut,GrassyGlide,WoodHammer,HighHorsepower|||M|||50|,,,,,Ground]Raging Bolt||AssaultVest|Protosynthesis|Snarl,Electroweb,DracoMeteor,Thunderclap||||||50|,,,,,Fairy]Annihilape||FocusSash|Defiant|CloseCombat,GunkShot,FinalGambit,Coaching|||F|||50|,,,,,Fighting\n|inactive|Battle timer is ON: inactive players will automatically lose when time's up. (requested by LunaSunChris)\n|\n|t:|1746141653\n|start\n|switch|p1a: Ribombee|Ribombee, L50, F|100/100\n|switch|p1b: Lunala|Lunala, L50|100/100\n|switch|p2a: Annihilape|Annihilape, L50, F|100/100\n|switch|p2b: Zacian|Zacian-Crowned, L50|100/100\n|-ability|p2b: Zacian|Intrepid Sword|boost\n|-boost|p2b: Zacian|atk|1\n|turn|1\n|inactive|LunaSunChris has 30 seconds left.\n|inactive|quinn2 has 30 seconds left.\n|inactive|LunaSunChris has 20 seconds left.\n|inactive|LunaSunChris has 15 seconds left.\n|\n|t:|1746141696\n|move|p1a: Ribombee|Tailwind|p1a: Ribombee\n|-sidestart|p1: LunaSunChris|move: Tailwind\n|move|p1b: Lunala|Meteor Beam||[still]\n|-prepare|p1b: Lunala|Meteor Beam\n|-boost|p1b: Lunala|spa|1\n|-enditem|p1b: Lunala|Power Herb\n|-anim|p1b: Lunala|Meteor Beam|p2b: Zacian\n|-resisted|p2b: Zacian\n|-crit|p2b: Zacian\n|-damage|p2b: Zacian|63/100\n|move|p2b: Zacian|Swords Dance|p2b: Zacian\n|-boost|p2b: Zacian|atk|2\n|move|p2a: Annihilape|Gunk Shot|p1a: Ribombee\n|-supereffective|p1a: Ribombee\n|-enditem|p1a: Ribombee|Focus Sash\n|-damage|p1a: Ribombee|1/100\n|\n|upkeep\n|turn|2\n|\n|t:|1746141720\n|move|p2b: Zacian|Protect|p2b: Zacian\n|-singleturn|p2b: Zacian|Protect\n|move|p1a: Ribombee|Moonblast|p2a: Annihilape\n|-supereffective|p2a: Annihilape\n|-damage|p2a: Annihilape|13/100\n|move|p1b: Lunala|Moongeist Beam|p2b: Zacian\n|-activate|p2b: Zacian|move: Protect\n|move|p2a: Annihilape|Gunk Shot|p1b: Lunala\n|-resisted|p1b: Lunala\n|-damage|p1b: Lunala|94/100\n|-status|p1b: Lunala|psn\n|\n|-damage|p1b: Lunala|81/100 psn|[from] psn\n|upkeep\n|turn|3\n|inactive|LunaSunChris has 30 seconds left.\n|inactive|quinn2 has 30 seconds left.\n|\n|t:|1746141755\n|move|p2b: Zacian|Protect|p2b: Zacian\n|-singleturn|p2b: Zacian|Protect\n|move|p1a: Ribombee|Moonblast|p2a: Annihilape\n|-supereffective|p2a: Annihilape\n|-damage|p2a: Annihilape|0 fnt\n|faint|p2a: Annihilape\n|move|p1b: Lunala|Moongeist Beam|p2b: Zacian\n|-activate|p2b: Zacian|move: Protect\n|\n|-damage|p1b: Lunala|69/100 psn|[from] psn\n|upkeep\n|\n|t:|1746141764\n|switch|p2a: Rillaboom|Rillaboom, L50, M|100/100\n|-fieldstart|move: Grassy Terrain|[from] ability: Grassy Surge|[of] p2a: Rillaboom\n|turn|4\n|\n|t:|1746141788\n|move|p2a: Rillaboom|Grassy Glide|p1a: Ribombee\n|-resisted|p1a: Ribombee\n|-crit|p1a: Ribombee\n|-damage|p1a: Ribombee|0 fnt\n|faint|p1a: Ribombee\n|-damage|p2a: Rillaboom|91/100|[from] item: Life Orb\n|move|p1b: Lunala|Moongeist Beam|p2b: Zacian\n|-damage|p2b: Zacian|3/100\n|move|p2b: Zacian|Behemoth Blade|p1b: Lunala\n|-damage|p1b: Lunala|0 fnt\n|faint|p1b: Lunala\n|\n|-heal|p2b: Zacian|9/100|[from] Grassy Terrain\n|-heal|p2a: Rillaboom|97/100|[from] Grassy Terrain\n|-sideend|p1: LunaSunChris|move: Tailwind\n|upkeep\n|\n|t:|1746141801\n|switch|p1a: Groudon|Groudon, L50|100/100\n|switch|p1b: Walking Wake|Walking Wake, L50|100/100\n|-weather|SunnyDay|[from] ability: Drought|[of] p1a: Groudon\n|-activate|p1b: Walking Wake|ability: Protosynthesis\n|-start|p1b: Walking Wake|protosynthesisspe\n|turn|5\n|inactive|quinn2 has 30 seconds left.\n|inactive|quinn2 has 20 seconds left.\n|\n|t:|1746141841\n|-terastallize|p1a: Groudon|Fire\n|-terastallize|p2a: Rillaboom|Ground\n|move|p2b: Zacian|Protect|p2b: Zacian\n|-singleturn|p2b: Zacian|Protect\n|move|p1b: Walking Wake|Hydro Steam|p2b: Zacian\n|-activate|p2b: Zacian|move: Protect\n|move|p1a: Groudon|Heat Crash|p2a: Rillaboom\n|-damage|p2a: Rillaboom|0 fnt\n|faint|p2a: Rillaboom\n|\n|-weather|SunnyDay|[upkeep]\n|-heal|p2b: Zacian|15/100|[from] Grassy Terrain\n|upkeep\n|\n|t:|1746141850\n|switch|p2a: Ho-Oh|Ho-Oh, L50|100/100\n|-ability|p2a: Ho-Oh|Pressure\n|turn|6\n|\n|t:|1746141870\n|move|p2a: Ho-Oh|Protect|p2a: Ho-Oh\n|-singleturn|p2a: Ho-Oh|Protect\n|move|p1b: Walking Wake|Hydro Steam|p2b: Zacian\n|-damage|p2b: Zacian|0 fnt\n|faint|p2b: Zacian\n|-damage|p1b: Walking Wake|91/100|[from] item: Life Orb\n|move|p1a: Groudon|Heat Crash|p2a: Ho-Oh\n|-activate|p2a: Ho-Oh|move: Protect\n|\n|-weather|SunnyDay|[upkeep]\n|-heal|p1b: Walking Wake|96/100|[from] Grassy Terrain\n|upkeep\n|turn|7\n|\n|t:|1746141881\n|move|p1b: Walking Wake|Hydro Steam|p2a: Ho-Oh\n|-supereffective|p2a: Ho-Oh\n|-damage|p2a: Ho-Oh|1/100\n|-damage|p1b: Walking Wake|87/100|[from] item: Life Orb\n|move|p1a: Groudon|Heat Crash|p2a: Ho-Oh\n|-resisted|p2a: Ho-Oh\n|-damage|p2a: Ho-Oh|0 fnt\n|-damage|p1a: Groudon|84/100|[from] item: Rocky Helmet|[of] p2a: Ho-Oh\n|faint|p2a: Ho-Oh\n|\n|win|LunaSunChris\n||quinn2 is ready for game 2.\n", "uploadtime": 1746141890, "views": 5, "formatid": "gen9vgc2025regibo3", "rating": null, "private": 0, "password": null}