{"id": "gen9vgc2025regibo3-2354125601", "format": "[Gen 9] VGC 2025 Reg I (Bo3)", "players": ["Gideon34", "cubox11n"], "log": "|j|\u2606Gideon34\n|j|\u2606cubox11n\n|html|<table width=\"100%\"><tr><td align=\"left\">Gideon34</td><td align=\"right\">cubox11n</tr><tr><td align=\"left\"><i class=\"fa fa-circle-o\"></i> <i class=\"fa fa-circle-o\"></i> </td><td align=\"right\"><i class=\"fa fa-circle-o\"></i> <i class=\"fa fa-circle-o\"></i> </tr></table>\n|uhtml|bestof|<h2><strong>Game 1</strong> of <a href=\"/game-bestof3-gen9vgc2025regibo3-2354125599\">a best-of-3</a></h2>\n|t:|1746037039\n|gametype|doubles\n|player|p1|Gideon34|1|1312\n|player|p2|cubox11n|crasherwake|1297\n|teamsize|p1|6\n|teamsize|p2|6\n|gen|9\n|tier|[Gen 9] VGC 2025 Reg I (Bo3)\n|rated|\n|rule|Species Clause: Limit one of each Pok\u00e9mon\n|rule|Item Clause: Limit 1 of each item\n|clearpoke\n|poke|p1|Kyogre, L50|\n|poke|p1|Zacian-*, L50|\n|poke|p1|Tornadus, L50, M|\n|poke|p1|Incineroar, L50, F|\n|poke|p1|Ogerpon, L50, F|\n|poke|p1|Urshifu-*, L50, M|\n|poke|p2|Miraidon, L50|\n|poke|p2|Calyrex-Ice, L50|\n|poke|p2|Urshifu-*, L50, F|\n|poke|p2|Volcarona, L50, F|\n|poke|p2|Grimmsnarl, L50, M|\n|poke|p2|Ditto, L50|\n|teampreview|4\n|showteam|p1|Kyogre||AssaultVest|Drizzle|OriginPulse,WaterSpout,IceBeam,Thunder||||||50|,,,,,Grass]Zacian-Crowned||RustedSword|IntrepidSword|Protect,behemothblade,PlayRough,SacredSword||||||50|,,,,,Stellar]Tornadus||CovertCloak|Prankster|Substitute,Hurricane,Tailwind,RainDance|||M|||50|,,,,,Dark]Incineroar||RockyHelmet|Intimidate|FakeOut,KnockOff,WillOWisp,Uturn|||F|||50|,,,,,Water]Ogerpon||FocusSash|Defiant|SpikyShield,IvyCudgel,KnockOff,FollowMe|||F|||50|,,,,,Grass]Urshifu-Rapid-Strike||ChoiceScarf|UnseenFist|SurgingStrikes,CloseCombat,AquaJet,Uturn|||M|||50|,,,,,Water\n|showteam|p2|Miraidon||ChoiceSpecs|HadronEngine|ElectroDrift,DracoMeteor,DazzlingGleam,VoltSwitch||||||50|,,,,,Fairy]Calyrex-Ice||ClearAmulet|AsOneGlastrier|GlacialLance,HighHorsepower,TrickRoom,Protect||||||50|,,,,,Water]Urshifu-Rapid-Strike||MysticWater|UnseenFist|SurgingStrikes,CloseCombat,Taunt,Protect|||F|||50|,,,,,Poison]Volcarona||SitrusBerry|FlameBody|FieryDance,QuiverDance,GigaDrain,Protect|||F|||50|,,,,,Grass]Grimmsnarl||LightClay|Prankster|FoulPlay,ThunderWave,LightScreen,Reflect|||M|||50|,,,,,Ghost]Ditto||FocusSash|Imposter|Transform||||||50|,,,,,Normal\n|inactive|Battle timer is ON: inactive players will automatically lose when time's up. (requested by cubox11n)\n|\n|t:|1746037111\n|start\n|switch|p1a: Zacian|Zacian-Crowned, L50|100/100\n|switch|p1b: Kyogre|Kyogre, L50|100/100\n|switch|p2a: Miraidon|Miraidon, L50|100/100\n|switch|p2b: Grimmsnarl|Grimmsnarl, L50, M|100/100\n|-ability|p1a: Zacian|Intrepid Sword|boost\n|-boost|p1a: Zacian|atk|1\n|-fieldstart|move: Electric Terrain|[from] ability: Hadron Engine|[of] p2a: Miraidon\n|-weather|RainDance|[from] ability: Drizzle|[of] p1b: Kyogre\n|turn|1\n|\n|t:|1746037133\n|switch|p1b: Incineroar|Incineroar, L50, F|100/100\n|-ability|p1b: Incineroar|Intimidate|boost\n|-unboost|p2a: Miraidon|atk|1\n|-unboost|p2b: Grimmsnarl|atk|1\n|move|p2b: Grimmsnarl|Thunder Wave|p1a: Zacian|[miss]\n|-miss|p2b: Grimmsnarl|p1a: Zacian\n|move|p1a: Zacian|Play Rough|p2a: Miraidon\n|-supereffective|p2a: Miraidon\n|-damage|p2a: Miraidon|0 fnt\n|faint|p2a: Miraidon\n|\n|-weather|RainDance|[upkeep]\n|upkeep\n|\n|t:|1746037147\n|switch|p2a: Volcarona|Volcarona, L50, F|100/100\n|turn|2\n|\n|t:|1746037156\n|move|p1b: Incineroar|Fake Out|p2b: Grimmsnarl\n|-damage|p2b: Grimmsnarl|89/100\n|cant|p2b: Grimmsnarl|flinch\n|move|p1a: Zacian|Behemoth Blade|p2b: Grimmsnarl\n|-supereffective|p2b: Grimmsnarl\n|-damage|p2b: Grimmsnarl|0 fnt\n|faint|p2b: Grimmsnarl\n|move|p2a: Volcarona|Quiver Dance|p2a: Volcarona\n|-boost|p2a: Volcarona|spa|1\n|-boost|p2a: Volcarona|spd|1\n|-boost|p2a: Volcarona|spe|1\n|\n|-weather|RainDance|[upkeep]\n|upkeep\n|\n|t:|1746037161\n|switch|p2b: Urshifu|Urshifu-Rapid-Strike, L50, F|100/100\n|turn|3\n|inactive|Gideon34 has 30 seconds left.\n|inactive|cubox11n has 30 seconds left.\n|\n|t:|1746037189\n|move|p2b: Urshifu|Protect|p2b: Urshifu\n|-singleturn|p2b: Urshifu|Protect\n|move|p2a: Volcarona|Fiery Dance|p1a: Zacian\n|-supereffective|p1a: Zacian\n|-damage|p1a: Zacian|53/100\n|-boost|p2a: Volcarona|spa|1\n|move|p1a: Zacian|Play Rough|p2b: Urshifu\n|-activate|p2b: Urshifu|move: Protect\n|move|p1b: Incineroar|Knock Off|p2a: Volcarona\n|-damage|p2a: Volcarona|59/100\n|-enditem|p2a: Volcarona|Sitrus Berry|[from] move: Knock Off|[of] p1b: Incineroar\n|\n|-weather|RainDance|[upkeep]\n|upkeep\n|turn|4\n|inactive|Gideon34 has 30 seconds left.\n|\n|t:|1746037222\n|move|p2a: Volcarona|Fiery Dance|p1a: Zacian\n|-supereffective|p1a: Zacian\n|-damage|p1a: Zacian|0 fnt\n|-boost|p2a: Volcarona|spa|1\n|faint|p1a: Zacian\n|move|p2b: Urshifu|Surging Strikes|p1b: Incineroar\n|-supereffective|p1b: Incineroar\n|-crit|p1b: Incineroar\n|-damage|p1b: Incineroar|49/100\n|-damage|p2b: Urshifu|84/100|[from] item: Rocky Helmet|[of] p1b: Incineroar\n|-supereffective|p1b: Incineroar\n|-crit|p1b: Incineroar\n|-damage|p1b: Incineroar|0 fnt\n|-damage|p2b: Urshifu|68/100|[from] item: Rocky Helmet|[of] p1b: Incineroar\n|faint|p1b: Incineroar\n|-hitcount|p1: Incineroar|2\n|\n|-weather|RainDance|[upkeep]\n|upkeep\n|\n|t:|1746037225\n|switch|p1a: Urshifu|Urshifu-Rapid-Strike, L50, M|100/100\n|switch|p1b: Kyogre|Kyogre, L50|100/100\n|turn|5\n|\n|t:|1746037244\n|-terastallize|p2a: Volcarona|Grass\n|-terastallize|p1b: Kyogre|Grass\n|move|p2a: Volcarona|Giga Drain|p1a: Urshifu\n|-supereffective|p1a: Urshifu\n|-damage|p1a: Urshifu|0 fnt\n|-heal|p2a: Volcarona|100/100|[from] drain|[of] p1a: Urshifu\n|faint|p1a: Urshifu\n|move|p2b: Urshifu|Surging Strikes|p1b: Kyogre\n|-resisted|p1b: Kyogre\n|-crit|p1b: Kyogre\n|-damage|p1b: Kyogre|85/100\n|-resisted|p1b: Kyogre\n|-crit|p1b: Kyogre\n|-damage|p1b: Kyogre|68/100\n|-resisted|p1b: Kyogre\n|-crit|p1b: Kyogre\n|-damage|p1b: Kyogre|54/100\n|-hitcount|p1b: Kyogre|3\n|move|p1b: Kyogre|Origin Pulse|p2b: Urshifu|[spread] p2a,p2b\n|-resisted|p2a: Volcarona\n|-resisted|p2b: Urshifu\n|-damage|p2a: Volcarona|80/100\n|-damage|p2b: Urshifu|26/100\n|\n|-weather|none\n|-fieldend|move: Electric Terrain\n|upkeep\n|turn|6\n|\n|t:|1746037259\n|move|p2a: Volcarona|Fiery Dance|p1b: Kyogre\n|-supereffective|p1b: Kyogre\n|-damage|p1b: Kyogre|0 fnt\n|-boost|p2a: Volcarona|spa|1\n|faint|p1b: Kyogre\n|\n|win|cubox11n\n||cubox11n is ready for game 2.\n|inactive|Gideon34 has 30 seconds to confirm battle start!\n||Gideon34 is ready for game 2.\n|uhtml|next|Next: <a href=\"/battle-gen9vgc2025regibo3-2354128354\"><strong>Game 2 of 3</strong></a>\n", "uploadtime": 1746037570, "views": 6, "formatid": "gen9vgc2025regibo3", "rating": null, "private": 0, "password": null}