{"id": "gen9vgc2025regibo3-2354063322", "format": "[Gen 9] VGC 2025 Reg I (Bo3)", "players": ["warriorooyt", "SecondAlmo"], "log": "|j|\u2606warriorooyt\n|j|\u2606SecondAlmo\n|html|<table width=\"100%\"><tr><td align=\"left\">warriorooyt</td><td align=\"right\">SecondAlmo</tr><tr><td align=\"left\"><i class=\"fa fa-circle-o\"></i> <i class=\"fa fa-circle-o\"></i> </td><td align=\"right\"><i class=\"fa fa-circle-o\"></i> <i class=\"fa fa-circle\"></i> </tr></table>\n|uhtml|bestof|<h2><strong>Game 2</strong> of <a href=\"/game-bestof3-gen9vgc2025regibo3-2354061630\">a best-of-3</a></h2>\n|t:|1746031697\n|gametype|doubles\n|player|p1|warriorooyt|170|1048\n|player|p2|SecondAlmo|169|1055\n|teamsize|p1|6\n|teamsize|p2|6\n|gen|9\n|tier|[Gen 9] VGC 2025 Reg I (Bo3)\n|rated|\n|rule|Species Clause: Limit one of each Pok\u00e9mon\n|rule|Item Clause: Limit 1 of each item\n|clearpoke\n|poke|p1|Kyogre, L50|\n|poke|p1|Archaludon, L50, F|\n|poke|p1|Calyrex-Ice, L50|\n|poke|p1|Armarouge, L50, M|\n|poke|p1|Indeedee-F, L50, F|\n|poke|p1|Smeargle, L50, F|\n|poke|p2|Koraidon, L50|\n|poke|p2|Brute Bonnet, L50|\n|poke|p2|Ninetales, L50, M|\n|poke|p2|Walking Wake, L50|\n|poke|p2|Pelipper, L50, F|\n|poke|p2|Dondozo, L50, M|\n|teampreview|4\n|showteam|p1|Kyogre||ChoiceScarf|Drizzle|WaterSpout,OriginPulse,IceBeam,Thunder||||||50|,,,,,Water]Archaludon||AssaultVest|Stamina|ElectroShot,FlashCannon,BodyPress,DracoMeteor|||F|||50|,,,,,Flying]Calyrex-Ice||NeverMeltIce|AsOneGlastrier|HighHorsepower,GlacialLance,Protect,TrickRoom||||||50|,,,,,Water]Armarouge||LifeOrb|FlashFire|ExpandingForce,ArmorCannon,Protect,DarkPulse|||M|||50|,,,,,Grass]Indeedee-F||SitrusBerry|PsychicSurge|FollowMe,TrickRoom,Psychic,HelpingHand|||F|||50|,,,,,Grass]Smeargle||FocusSash|Moody|WideGuard,FollowMe,FakeOut,Tailwind|||F|||50|,,,,,Ghost\n|showteam|p2|Koraidon||LifeOrb|OrichalcumPulse|BulkUp,DrainPunch,CollisionCourse,Uturn||||||50|,,,,,Fighting]Brute Bonnet||ChoiceScarf|Protosynthesis|Spore,PollenPuff,Outrage,SuckerPunch||||||50|,,,,,Grass]Ninetales||HeatRock|Drought|Encore,Flamethrower,SolarBeam,DarkPulse|||M|||50|,,,,,Fire]Walking Wake||BoosterEnergy|Protosynthesis|DracoMeteor,HydroSteam,WeatherBall,Hurricane||||||50|,,,,,Water]Pelipper||DampRock|Drizzle|Tailwind,Hurricane,Uturn,WideGuard|||F|||50|,,,,,Water]Dondozo||Leftovers|Unaware|Curse,Protect,WaveCrash,Earthquake|||M|||50|,,,,,Water\n|\n|t:|1746031750\n|start\n|switch|p1a: Kyogre|Kyogre, L50, shiny|100/100\n|switch|p1b: Archaludon|Archaludon, L50, F|100/100\n|switch|p2a: Walking Wake|Walking Wake, L50|100/100\n|switch|p2b: Brute Bonnet|Brute Bonnet, L50|100/100\n|-weather|RainDance|[from] ability: Drizzle|[of] p1a: Kyogre\n|-enditem|p2a: Walking Wake|Booster Energy\n|-activate|p2a: Walking Wake|ability: Protosynthesis|[fromitem]\n|-start|p2a: Walking Wake|protosynthesisspa\n|turn|1\n|inactive|Battle timer is ON: inactive players will automatically lose when time's up. (requested by SecondAlmo)\n|\n|t:|1746031770\n|-end|p2b: Brute Bonnet|Protosynthesis|[silent]\n|switch|p2b: Koraidon|Koraidon, L50|100/100\n|-weather|SunnyDay|[from] ability: Orichalcum Pulse|[of] p2b: Koraidon\n|-activate|p2b: Koraidon|Orichalcum Pulse|[source]\n|move|p1a: Kyogre|Ice Beam|p2b: Koraidon\n|-supereffective|p2b: Koraidon\n|-damage|p2b: Koraidon|23/100\n|move|p2a: Walking Wake|Weather Ball|p1b: Archaludon\n|-damage|p1b: Archaludon|49/100\n|-ability|p1b: Archaludon|Stamina|boost\n|-boost|p1b: Archaludon|def|1\n|move|p1b: Archaludon|Electro Shot||[still]\n|-prepare|p1b: Archaludon|Electro Shot\n|-boost|p1b: Archaludon|spa|1\n|\n|-weather|SunnyDay|[upkeep]\n|upkeep\n|turn|2\n|\n|t:|1746031791\n|switch|p2b: Dondozo|Dondozo, L50, M|100/100\n|move|p1a: Kyogre|Ice Beam|p2b: Dondozo\n|-resisted|p2b: Dondozo\n|-damage|p2b: Dondozo|86/100\n|move|p2a: Walking Wake|Weather Ball|p1b: Archaludon\n|-damage|p1b: Archaludon|0 fnt\n|faint|p1b: Archaludon\n|\n|-weather|SunnyDay|[upkeep]\n|-heal|p2b: Dondozo|92/100|[from] item: Leftovers\n|upkeep\n|\n|t:|1746031806\n|switch|p1b: Calyrex|Calyrex-Ice, L50|100/100\n|-ability|p1b: Calyrex|As One\n|-ability|p1b: Calyrex|Unnerve\n|turn|3\n|\n|t:|1746031825\n|switch|p1a: Smeargle|Smeargle, L50, F|100/100\n|move|p1b: Calyrex|Protect|p1b: Calyrex\n|-singleturn|p1b: Calyrex|Protect\n|move|p2a: Walking Wake|Draco Meteor|p1a: Smeargle|[miss]\n|-miss|p2a: Walking Wake|p1a: Smeargle\n|move|p2b: Dondozo|Curse|p2b: Dondozo\n|-unboost|p2b: Dondozo|spe|1\n|-boost|p2b: Dondozo|atk|1\n|-boost|p2b: Dondozo|def|1\n|\n|-weather|SunnyDay|[upkeep]\n|-heal|p2b: Dondozo|98/100|[from] item: Leftovers\n|-ability|p1a: Smeargle|Moody|boost\n|-boost|p1a: Smeargle|spd|2\n|-unboost|p1a: Smeargle|def|1\n|upkeep\n|turn|4\n|inactive|SecondAlmo has 30 seconds left.\n|\n|t:|1746031852\n|move|p1a: Smeargle|Fake Out|p2b: Dondozo\n|-damage|p2b: Dondozo|95/100\n|move|p2a: Walking Wake|Weather Ball|p1b: Calyrex\n|-supereffective|p1b: Calyrex\n|-damage|p1b: Calyrex|8/100\n|move|p1b: Calyrex|Glacial Lance|p2a: Walking Wake|[spread] p2a,p2b\n|-resisted|p2b: Dondozo\n|-damage|p2a: Walking Wake|23/100\n|-damage|p2b: Dondozo|79/100\n|cant|p2b: Dondozo|flinch\n|\n|-weather|SunnyDay|[upkeep]\n|-heal|p2b: Dondozo|86/100|[from] item: Leftovers\n|-ability|p1a: Smeargle|Moody|boost\n|-boost|p1a: Smeargle|atk|2\n|-unboost|p1a: Smeargle|def|1\n|upkeep\n|turn|5\n|\n|t:|1746031872\n|move|p1a: Smeargle|Follow Me|p1a: Smeargle\n|-singleturn|p1a: Smeargle|move: Follow Me\n|move|p2a: Walking Wake|Draco Meteor|p1a: Smeargle\n|-damage|p1a: Smeargle|15/100\n|-unboost|p2a: Walking Wake|spa|2\n|move|p2b: Dondozo|Earthquake|p1b: Calyrex|[spread] p2a,p1a,p1b\n|-damage|p2a: Walking Wake|0 fnt\n|-damage|p1a: Smeargle|0 fnt\n|-damage|p1b: Calyrex|0 fnt\n|faint|p2a: Walking Wake\n|-end|p2a: Walking Wake|Protosynthesis|[silent]\n|faint|p1a: Smeargle\n|faint|p1b: Calyrex\n|\n|-weather|none\n|-heal|p2b: Dondozo|92/100|[from] item: Leftovers\n|upkeep\n|-message|warriorooyt forfeited.\n|\n|win|SecondAlmo\n|raw|warriorooyt's rating: 1048 &rarr; <strong>1031</strong><br />(-17 for losing)\n|raw|SecondAlmo's rating: 1055 &rarr; <strong>1086</strong><br />(+31 for winning)\n|l|\u2606warriorooyt\n|player|p1|\n|l|\u2606SecondAlmo\n|player|p2|\n", "uploadtime": 1746032159, "views": 6, "formatid": "gen9vgc2025regibo3", "rating": 1031, "private": 0, "password": null}