{"id": "gen9vgc2025regibo3-2353363069", "format": "[Gen 9] VGC 2025 Reg I (Bo3)", "players": ["tryson69", "GAZZLB"], "log": "|j|\u2606tryson69\n|j|\u2606GAZZLB\n|html|<table width=\"100%\"><tr><td align=\"left\">tryson69</td><td align=\"right\">GAZZLB</tr><tr><td align=\"left\"><i class=\"fa fa-circle\"></i> <i class=\"fa fa-circle-o\"></i> </td><td align=\"right\"><i class=\"fa fa-circle-o\"></i> <i class=\"fa fa-circle\"></i> </tr></table>\n|uhtml|bestof|<h2><strong>Game 3</strong> of <a href=\"/game-bestof3-gen9vgc2025regibo3-2353356130\">a best-of-3</a></h2>\n|t:|1745949550\n|gametype|doubles\n|player|p1|tryson69|1|1120\n|player|p2|GAZZLB|169|1030\n|teamsize|p1|6\n|teamsize|p2|6\n|gen|9\n|tier|[Gen 9] VGC 2025 Reg I (Bo3)\n|rated|\n|rule|Species Clause: Limit one of each Pok\u00e9mon\n|rule|Item Clause: Limit 1 of each item\n|clearpoke\n|poke|p1|Lunala, L50|\n|poke|p1|Koraidon, L50|\n|poke|p1|Grimmsnarl, L50, M|\n|poke|p1|Sneasler, L50, M|\n|poke|p1|Flutter Mane, L50|\n|poke|p1|Ogerpon-Wellspring, L50, F|\n|poke|p2|Groudon, L50|\n|poke|p2|Miraidon, L50|\n|poke|p2|Flutter Mane, L50|\n|poke|p2|Chi-Yu, L50|\n|poke|p2|Ogerpon-Cornerstone, L50, F|\n|poke|p2|Araquanid, L50, F|\n|teampreview|4\n|showteam|p1|Lunala||PowerHerb|ShadowShield|MoongeistBeam,MeteorBeam,WideGuard,DazzlingGleam||||||50|,,,,,Fairy]Koraidon||ClearAmulet|OrichalcumPulse|CollisionCourse,FlareBlitz,FlameCharge,Protect||||||50|,,,,,Fire]Grimmsnarl||LightClay|Prankster|LightScreen,Reflect,SpiritBreak,ThunderWave|||M|||50|,,,,,Ghost]Sneasler||FocusSash|Unburden|CloseCombat,FakeOut,DireClaw,Protect|||M|||50|,,,,,Fighting]Flutter Mane||EjectButton|Protosynthesis|Moonblast,ShadowBall,IcyWind,Protect||||||50|,,,,,Fairy]Ogerpon-Wellspring||WellspringMask|WaterAbsorb|IvyCudgel,HornLeech,FollowMe,SpikyShield|||F|||50|,,,,,Water\n|showteam|p2|Groudon||AssaultVest|Drought|PrecipiceBlades,StompingTantrum,HeatCrash,HeavySlam||||||50|,,,,,Fire]Miraidon||LifeOrb|HadronEngine|ElectroDrift,DracoMeteor,Discharge,Protect||||||50|,,,,,Electric]Flutter Mane||FocusSash|Protosynthesis|Moonblast,ShadowBall,IcyWind,Protect||||||50|,,,,,Water]Chi-Yu||ChoiceScarf|BeadsofRuin|DarkPulse,HeatWave,Snarl,Psychic||||||50|,,,,,Ghost]Ogerpon-Cornerstone||CornerstoneMask|Sturdy|FollowMe,IvyCudgel,WoodHammer,SpikyShield|||F|||50|,,,,,Rock]Araquanid||SafetyGoggles|WaterBubble|Liquidation,LeechLife,WideGuard,Crunch|||F|||50|,,,,,Water\n|\n|t:|1745949582\n|start\n|switch|p1a: Grimmsnarl|Grimmsnarl, L50, M|100/100\n|switch|p1b: Sneasler|Sneasler, L50, M|100/100\n|switch|p2a: Ogerpon|Ogerpon-Cornerstone, L50, F|100/100\n|switch|p2b: Miraidon|Miraidon, L50|100/100\n|-fieldstart|move: Electric Terrain|[from] ability: Hadron Engine|[of] p2b: Miraidon\n|turn|1\n|\n|t:|1745949602\n|move|p2b: Miraidon|Protect|p2b: Miraidon\n|-singleturn|p2b: Miraidon|Protect\n|move|p2a: Ogerpon|Spiky Shield|p2a: Ogerpon\n|-singleturn|p2a: Ogerpon|move: Protect\n|move|p1b: Sneasler|Fake Out|p2b: Miraidon\n|-activate|p2b: Miraidon|move: Protect\n|move|p1a: Grimmsnarl|Light Screen|p1a: Grimmsnarl\n|-sidestart|p1: tryson69|move: Light Screen\n|\n|upkeep\n|turn|2\n|\n|t:|1745949634\n|switch|p2a: Groudon|Groudon, L50|100/100\n|-weather|SunnyDay|[from] ability: Drought|[of] p2a: Groudon\n|move|p1a: Grimmsnarl|Thunder Wave|p2a: Groudon\n|-immune|p2a: Groudon\n|move|p2b: Miraidon|Discharge|p1b: Sneasler|[spread] p1a,p1b\n|-immune|p2a: Groudon\n|-damage|p1a: Grimmsnarl|54/100\n|-damage|p1b: Sneasler|22/100\n|-damage|p2b: Miraidon|91/100|[from] item: Life Orb\n|move|p1b: Sneasler|Dire Claw|p2b: Miraidon\n|-damage|p2b: Miraidon|48/100\n|\n|-weather|SunnyDay|[upkeep]\n|upkeep\n|turn|3\n|\n|t:|1745949677\n|move|p1b: Sneasler|Protect|p1b: Sneasler\n|-singleturn|p1b: Sneasler|Protect\n|move|p2b: Miraidon|Discharge|p1b: Sneasler|[spread] p1a\n|-activate|p1b: Sneasler|move: Protect\n|-immune|p2a: Groudon\n|-crit|p1a: Grimmsnarl\n|-damage|p1a: Grimmsnarl|0 fnt\n|faint|p1a: Grimmsnarl\n|-damage|p2b: Miraidon|38/100|[from] item: Life Orb\n|move|p2a: Groudon|Heavy Slam|p1b: Sneasler\n|-activate|p1b: Sneasler|move: Protect\n|\n|-weather|SunnyDay|[upkeep]\n|upkeep\n|\n|t:|1745949685\n|switch|p1a: Flutter Mane|Flutter Mane, L50|100/100\n|-activate|p1a: Flutter Mane|ability: Protosynthesis\n|-start|p1a: Flutter Mane|protosynthesisspe\n|turn|4\n|\n|t:|1745949697\n|move|p1a: Flutter Mane|Icy Wind|p2a: Groudon|[spread] p2a,p2b\n|-supereffective|p2a: Groudon\n|-supereffective|p2b: Miraidon\n|-damage|p2a: Groudon|80/100\n|-damage|p2b: Miraidon|13/100\n|-unboost|p2a: Groudon|spe|1\n|-unboost|p2b: Miraidon|spe|1\n|move|p1b: Sneasler|Dire Claw|p2a: Groudon\n|-resisted|p2a: Groudon\n|-damage|p2a: Groudon|66/100\n|move|p2b: Miraidon|Discharge|p1b: Sneasler|[spread] p1a,p1b\n|-immune|p2a: Groudon\n|-damage|p1a: Flutter Mane|51/100\n|-damage|p1b: Sneasler|0 fnt\n|faint|p1b: Sneasler\n|-enditem|p1a: Flutter Mane|Eject Button\n|-damage|p2b: Miraidon|4/100|[from] item: Life Orb\n|\n|t:|1745949706\n|-end|p1a: Flutter Mane|Protosynthesis|[silent]\n|switch|p1a: Koraidon|Koraidon, L50|100/100\n|-activate|p1a: Koraidon|ability: Orichalcum Pulse\n|move|p2a: Groudon|Heavy Slam|p1a: Koraidon\n|-damage|p1a: Koraidon|76/100\n|\n|-weather|SunnyDay|[upkeep]\n|upkeep\n|\n|t:|1745949708\n|switch|p1b: Flutter Mane|Flutter Mane, L50|51/100\n|-activate|p1b: Flutter Mane|ability: Protosynthesis\n|-start|p1b: Flutter Mane|protosynthesisspe\n|turn|5\n|\n|t:|1745949722\n|move|p1b: Flutter Mane|Icy Wind|p2b: Miraidon|[spread] p2a,p2b\n|-supereffective|p2a: Groudon\n|-supereffective|p2b: Miraidon\n|-damage|p2a: Groudon|48/100\n|-damage|p2b: Miraidon|0 fnt\n|-unboost|p2a: Groudon|spe|1\n|faint|p2b: Miraidon\n|move|p1a: Koraidon|Collision Course|p2a: Groudon\n|-damage|p2a: Groudon|1/100\n|move|p2a: Groudon|Precipice Blades|p1a: Koraidon|[spread] p1a,p1b\n|-damage|p1a: Koraidon|38/100\n|-damage|p1b: Flutter Mane|0 fnt\n|faint|p1b: Flutter Mane\n|-end|p1b: Flutter Mane|Protosynthesis|[silent]\n|\n|-weather|SunnyDay|[upkeep]\n|-fieldend|move: Electric Terrain\n|upkeep\n|\n|t:|1745949729\n|switch|p2b: Ogerpon|Ogerpon-Cornerstone, L50, F|100/100\n|turn|6\n|c|\u2606GAZZLB|gg\n|c|\u2606tryson69|me when i low roll\n|c|\u2606GAZZLB|sorry about game 2\n|c|\u2606tryson69|its fine lmap\n|\n|t:|1745949757\n|move|p1a: Koraidon|Flame Charge|p2a: Groudon\n|-damage|p2a: Groudon|0 fnt\n|-boost|p1a: Koraidon|spe|1\n|faint|p2a: Groudon\n|move|p2b: Ogerpon|Ivy Cudgel|p1a: Koraidon|[anim] Ivy Cudgel Rock\n|-resisted|p1a: Koraidon\n|-damage|p1a: Koraidon|17/100\n|\n|-weather|none\n|upkeep\n|c|\u2606GAZZLB|groudon is beefy\n|\n|t:|1745949766\n|switch|p2a: Flutter Mane|Flutter Mane, L50|100/100\n|turn|7\n|\n|t:|1745949771\n|-terastallize|p1a: Koraidon|Fire\n|move|p1a: Koraidon|Collision Course|p2b: Ogerpon\n|-supereffective|p2b: Ogerpon\n|-ability|p2b: Ogerpon|Sturdy\n|-damage|p2b: Ogerpon|1/100\n|move|p2a: Flutter Mane|Moonblast|p1a: Koraidon\n|-resisted|p1a: Koraidon\n|-damage|p1a: Koraidon|2/100\n|move|p2b: Ogerpon|Ivy Cudgel|p1a: Koraidon|[anim] Ivy Cudgel Rock\n|-supereffective|p1a: Koraidon\n|-damage|p1a: Koraidon|0 fnt\n|faint|p1a: Koraidon\n|\n|win|GAZZLB\n|raw|tryson69's rating: 1120 &rarr; <strong>1089</strong><br />(-31 for losing)\n|raw|GAZZLB's rating: 1030 &rarr; <strong>1074</strong><br />(+44 for winning)\n", "uploadtime": 1745949773, "views": 8, "formatid": "gen9vgc2025regibo3", "rating": 1074, "private": 0, "password": null}