{"id": "gen9vgc2025regibo3-2354119762", "format": "[Gen 9] VGC 2025 Reg I (Bo3)", "players": ["jahreed", "ddoublechin"], "log": "|j|\u2606jahreed\n|j|\u2606ddoublechin\n|html|<table width=\"100%\"><tr><td align=\"left\">jahreed</td><td align=\"right\">ddoublechin</tr><tr><td align=\"left\"><i class=\"fa fa-circle-o\"></i> <i class=\"fa fa-circle-o\"></i> </td><td align=\"right\"><i class=\"fa fa-circle-o\"></i> <i class=\"fa fa-circle\"></i> </tr></table>\n|uhtml|bestof|<h2><strong>Game 2</strong> of <a href=\"/game-bestof3-gen9vgc2025regibo3-2354115355\">a best-of-3</a></h2>\n|t:|1746036537\n|gametype|doubles\n|player|p1|jahreed|pryce|1150\n|player|p2|ddoublechin|hiker-gen4|1235\n|teamsize|p1|6\n|teamsize|p2|6\n|gen|9\n|tier|[Gen 9] VGC 2025 Reg I (Bo3)\n|rated|\n|rule|Species Clause: Limit one of each Pok\u00e9mon\n|rule|Item Clause: Limit 1 of each item\n|clearpoke\n|poke|p1|Zamazenta-*, L50|\n|poke|p1|Calyrex-Shadow, L50|\n|poke|p1|Tornadus, L50, M|\n|poke|p1|Urshifu-*, L50, M|\n|poke|p1|Rillaboom, L50, M|\n|poke|p1|Chien-Pao, L50|\n|poke|p2|Lunala, L50|\n|poke|p2|Indeedee-F, L50, F|\n|poke|p2|Zamazenta-*, L50|\n|poke|p2|Ursaluna, L50, F|\n|poke|p2|Incineroar, L50, F|\n|poke|p2|Urshifu-*, L50, M|\n|teampreview|4\n|showteam|p1|Zamazenta-Crowned||RustedShield|DauntlessShield|BodyPress,behemothbash,WideGuard,Protect||||||50|,,,,,Ghost]Calyrex-Shadow||LifeOrb|AsOneSpectrier|AstralBarrage,Psychic,DarkPulse,Protect||||||50|,,,,,Dark]Tornadus||CovertCloak|Prankster|BleakwindStorm,Tailwind,RainDance,Protect|||M|||50|,,,,,Dark]Urshifu-Rapid-Strike||MysticWater|UnseenFist|SurgingStrikes,Taunt,AquaJet,Detect|||M|||50|,,,,,Water]Rillaboom||AssaultVest|GrassySurge|WoodHammer,GrassyGlide,Uturn,FakeOut|||M|||50|,,,,,Fire]Chien-Pao||FocusSash|SwordofRuin|SuckerPunch,SacredSword,IcicleCrash,Protect||||||50|,,,,,Ghost\n|showteam|p2|Lunala||Leftovers|ShadowShield|Protect,Tailwind,ExpandingForce,MoongeistBeam||||||50|,,,,,Psychic]Indeedee-F||PsychicSeed|PsychicSurge|FollowMe,Protect,TrickRoom,Psychic|||F|||50|,,,,,Water]Zamazenta-Crowned||RustedShield|DauntlessShield|BodyPress,WideGuard,Protect,HeavySlam||||||50|,,,,,Dragon]Ursaluna||FlameOrb|Guts|Protect,Facade,HeadlongRush,RockSlide|||F|||50|,,,,,Ghost]Incineroar||RockyHelmet|Intimidate|FakeOut,PartingShot,WillOWisp,KnockOff|||F|||50|,,,,,Ghost]Urshifu||FocusSash|UnseenFist|WickedBlow,Protect,SuckerPunch,CloseCombat|||M|||50|,,,,,Fighting\n|\n|t:|1746036584\n|start\n|switch|p1a: Chien-Pao|Chien-Pao, L50|100/100\n|switch|p1b: Zamazenta|Zamazenta-Crowned, L50|100/100\n|switch|p2a: Incineroar|Incineroar, L50, F|100/100\n|switch|p2b: Zamazenta|Zamazenta-Crowned, L50|100/100\n|-ability|p1a: Chien-Pao|Sword of Ruin\n|-ability|p1b: Zamazenta|Dauntless Shield|boost\n|-boost|p1b: Zamazenta|def|1\n|-ability|p2b: Zamazenta|Dauntless Shield|boost\n|-boost|p2b: Zamazenta|def|1\n|-ability|p2a: Incineroar|Intimidate|boost\n|-unboost|p1a: Chien-Pao|atk|1\n|-unboost|p1b: Zamazenta|atk|1\n|turn|1\n|\n|t:|1746036622\n|-terastallize|p2a: Incineroar|Ghost\n|move|p1a: Chien-Pao|Protect|p1a: Chien-Pao\n|-singleturn|p1a: Chien-Pao|Protect\n|move|p1b: Zamazenta|Protect|p1b: Zamazenta\n|-singleturn|p1b: Zamazenta|Protect\n|move|p2b: Zamazenta|Heavy Slam|p1a: Chien-Pao\n|-activate|p1a: Chien-Pao|move: Protect\n|move|p2a: Incineroar|Will-O-Wisp|p1b: Zamazenta\n|-activate|p1b: Zamazenta|move: Protect\n|\n|upkeep\n|turn|2\n|\n|t:|1746036636\n|move|p1a: Chien-Pao|Sacred Sword|p2b: Zamazenta\n|-supereffective|p2b: Zamazenta\n|-damage|p2b: Zamazenta|70/100\n|move|p1b: Zamazenta|Body Press|p2b: Zamazenta\n|-supereffective|p2b: Zamazenta\n|-damage|p2b: Zamazenta|7/100\n|move|p2b: Zamazenta|Body Press|p1b: Zamazenta\n|-supereffective|p1b: Zamazenta\n|-crit|p1b: Zamazenta\n|-damage|p1b: Zamazenta|0 fnt\n|faint|p1b: Zamazenta\n|move|p2a: Incineroar|Will-O-Wisp|p1a: Chien-Pao|[miss]\n|-miss|p2a: Incineroar|p1a: Chien-Pao\n|\n|upkeep\n|\n|t:|1746036665\n|switch|p1b: Rillaboom|Rillaboom, L50, M|100/100\n|-fieldstart|move: Grassy Terrain|[from] ability: Grassy Surge|[of] p1b: Rillaboom\n|turn|3\n|\n|t:|1746036683\n|move|p2b: Zamazenta|Protect|p2b: Zamazenta\n|-singleturn|p2b: Zamazenta|Protect\n|move|p1a: Chien-Pao|Icicle Crash|p2a: Incineroar\n|-damage|p2a: Incineroar|63/100\n|move|p1b: Rillaboom|U-turn|p2b: Zamazenta\n|-activate|p2b: Zamazenta|move: Protect\n|move|p2a: Incineroar|Parting Shot|p1a: Chien-Pao\n|-unboost|p1a: Chien-Pao|atk|1\n|-unboost|p1a: Chien-Pao|spa|1\n|\n|t:|1746036693\n|switch|p2a: Urshifu|Urshifu, L50, M|100/100|[from] Parting Shot\n|\n|-heal|p2b: Zamazenta|13/100|[from] Grassy Terrain\n|upkeep\n|turn|4\n|\n|t:|1746036729\n|switch|p2b: Incineroar|Incineroar, L50, F, tera:Ghost|63/100\n|-ability|p2b: Incineroar|Intimidate|boost\n|-unboost|p1a: Chien-Pao|atk|1\n|-unboost|p1b: Rillaboom|atk|1\n|move|p1a: Chien-Pao|Protect|p1a: Chien-Pao\n|-singleturn|p1a: Chien-Pao|Protect\n|move|p2a: Urshifu|Wicked Blow|p1a: Chien-Pao\n|-resisted|p1a: Chien-Pao\n|-crit|p1a: Chien-Pao\n|-damage|p1a: Chien-Pao|57/100\n|move|p1b: Rillaboom|U-turn|p2a: Urshifu\n|-damage|p2a: Urshifu|81/100\n|\n|t:|1746036739\n|switch|p1b: Calyrex|Calyrex-Shadow, L50|100/100|[from] U-turn\n|-ability|p1b: Calyrex|As One\n|-ability|p1b: Calyrex|Unnerve\n|\n|-heal|p1a: Chien-Pao|63/100|[from] Grassy Terrain\n|-heal|p2a: Urshifu|87/100|[from] Grassy Terrain\n|-heal|p2b: Incineroar|69/100|[from] Grassy Terrain\n|upkeep\n|turn|5\n|\n|t:|1746036760\n|switch|p1a: Rillaboom|Rillaboom, L50, M|100/100\n|-terastallize|p1b: Calyrex|Dark\n|move|p2b: Incineroar|Fake Out|p1a: Rillaboom\n|-crit|p1a: Rillaboom\n|-damage|p1a: Rillaboom|86/100\n|move|p2a: Urshifu|Sucker Punch|p1b: Calyrex\n|-resisted|p1b: Calyrex\n|-damage|p1b: Calyrex|80/100\n|move|p1b: Calyrex|Astral Barrage|p2b: Incineroar|[spread] p2a,p2b\n|-resisted|p2a: Urshifu\n|-supereffective|p2b: Incineroar\n|-damage|p2a: Urshifu|37/100\n|-damage|p2b: Incineroar|0 fnt\n|faint|p2b: Incineroar\n|-ability|p1b: Calyrex|Grim Neigh|boost\n|-boost|p1b: Calyrex|spa|1\n|-damage|p1b: Calyrex|70/100|[from] item: Life Orb\n|\n|-heal|p1b: Calyrex|76/100|[from] Grassy Terrain\n|-heal|p2a: Urshifu|43/100|[from] Grassy Terrain\n|-heal|p1a: Rillaboom|92/100|[from] Grassy Terrain\n|upkeep\n|\n|t:|1746036774\n|switch|p2b: Zamazenta|Zamazenta-Crowned, L50|13/100\n|turn|6\n|inactive|Battle timer is ON: inactive players will automatically lose when time's up. (requested by ddoublechin)\n|\n|t:|1746036839\n|move|p2a: Urshifu|Protect|p2a: Urshifu\n|-singleturn|p2a: Urshifu|Protect\n|move|p2b: Zamazenta|Protect|p2b: Zamazenta\n|-singleturn|p2b: Zamazenta|Protect\n|move|p1a: Rillaboom|Fake Out|p2a: Urshifu\n|-activate|p2a: Urshifu|move: Protect\n|move|p1b: Calyrex|Psychic|p2b: Zamazenta\n|-activate|p2b: Zamazenta|move: Protect\n|\n|-heal|p1b: Calyrex|82/100|[from] Grassy Terrain\n|-heal|p2a: Urshifu|48/100|[from] Grassy Terrain\n|-heal|p2b: Zamazenta|19/100|[from] Grassy Terrain\n|-heal|p1a: Rillaboom|98/100|[from] Grassy Terrain\n|upkeep\n|turn|7\n|\n|t:|1746036860\n|switch|p1b: Chien-Pao|Chien-Pao, L50|63/100\n|-ability|p1b: Chien-Pao|Sword of Ruin\n|switch|p2b: Lunala|Lunala, L50|100/100\n|move|p2a: Urshifu|Close Combat|p1b: Chien-Pao\n|-supereffective|p1b: Chien-Pao\n|-damage|p1b: Chien-Pao|0 fnt\n|-unboost|p2a: Urshifu|def|1\n|-unboost|p2a: Urshifu|spd|1\n|faint|p1b: Chien-Pao\n|move|p1a: Rillaboom|U-turn|p2a: Urshifu\n|-damage|p2a: Urshifu|15/100\n|\n|t:|1746036872\n|switch|p1a: Calyrex|Calyrex-Shadow, L50, tera:Dark|82/100|[from] U-turn\n|-ability|p1a: Calyrex|As One\n|-ability|p1a: Calyrex|Unnerve\n|\n|-heal|p1a: Calyrex|88/100|[from] Grassy Terrain\n|-heal|p2a: Urshifu|20/100|[from] Grassy Terrain\n|-fieldend|move: Grassy Terrain\n|upkeep\n|\n|t:|1746036874\n|switch|p1b: Rillaboom|Rillaboom, L50, M|98/100\n|-fieldstart|move: Grassy Terrain|[from] ability: Grassy Surge|[of] p1b: Rillaboom\n|turn|8\n|\n|t:|1746036896\n|move|p2b: Lunala|Protect|p2b: Lunala\n|-singleturn|p2b: Lunala|Protect\n|move|p2a: Urshifu|Sucker Punch|p1a: Calyrex\n|-resisted|p1a: Calyrex\n|-damage|p1a: Calyrex|67/100\n|move|p1b: Rillaboom|Grassy Glide|p2b: Lunala\n|-activate|p2b: Lunala|move: Protect\n|move|p1a: Calyrex|Astral Barrage|p2a: Urshifu|[spread] p2a\n|-activate|p2b: Lunala|move: Protect\n|-resisted|p2a: Urshifu\n|-crit|p2a: Urshifu\n|-damage|p2a: Urshifu|0 fnt\n|faint|p2a: Urshifu\n|-ability|p1a: Calyrex|Grim Neigh|boost\n|-boost|p1a: Calyrex|spa|1\n|-damage|p1a: Calyrex|58/100|[from] item: Life Orb\n|\n|-heal|p1a: Calyrex|64/100|[from] Grassy Terrain\n|-heal|p1b: Rillaboom|100/100|[from] Grassy Terrain\n|upkeep\n|\n|t:|1746036907\n|switch|p2a: Zamazenta|Zamazenta-Crowned, L50|19/100\n|turn|9\n|\n|t:|1746036929\n|move|p2a: Zamazenta|Wide Guard|p2a: Zamazenta\n|-singleturn|p2a: Zamazenta|Wide Guard\n|move|p1b: Rillaboom|Grassy Glide|p2b: Lunala\n|-damage|p2b: Lunala|88/100\n|move|p1a: Calyrex|Dark Pulse|p2b: Lunala\n|-supereffective|p2b: Lunala\n|-damage|p2b: Lunala|0 fnt\n|faint|p2b: Lunala\n|-ability|p1a: Calyrex|Grim Neigh|boost\n|-boost|p1a: Calyrex|spa|1\n|-damage|p1a: Calyrex|54/100|[from] item: Life Orb\n|\n|-heal|p1a: Calyrex|60/100|[from] Grassy Terrain\n|-heal|p2a: Zamazenta|25/100|[from] Grassy Terrain\n|upkeep\n|turn|10\n|\n|t:|1746036941\n|move|p1a: Calyrex|Psychic|p2a: Zamazenta\n|-damage|p2a: Zamazenta|0 fnt\n|faint|p2a: Zamazenta\n|-damage|p1a: Calyrex|50/100|[from] item: Life Orb\n|\n|win|jahreed\n||jahreed is ready for game 3.\n|inactive|ddoublechin has 30 seconds to confirm battle start!\n||ddoublechin is ready for game 3.\n|uhtml|next|Next: <a href=\"/battle-gen9vgc2025regibo3-2354124722\"><strong>Game 3 of 3</strong></a>\n", "uploadtime": 1746037218, "views": 31, "formatid": "gen9vgc2025regibo3", "rating": null, "private": 0, "password": null}