{"id": "gen9vgc2025regibo3-2355143936", "format": "[Gen 9] VGC 2025 Reg I (Bo3)", "players": ["6151651465n", "girasolia"], "log": "|j|\u26066151651465n\n|j|\u2606girasolia\n|html|<table width=\"100%\"><tr><td align=\"left\">6151651465n</td><td align=\"right\">girasolia</tr><tr><td align=\"left\"><i class=\"fa fa-circle-o\"></i> <i class=\"fa fa-circle-o\"></i> </td><td align=\"right\"><i class=\"fa fa-circle-o\"></i> <i class=\"fa fa-circle\"></i> </tr></table>\n|uhtml|bestof|<h2><strong>Game 2</strong> of <a href=\"/game-bestof3-gen9vgc2025regibo3-2355141458\">a best-of-3</a></h2>\n|t:|1746158199\n|gametype|doubles\n|player|p1|6151651465n|pokekid|1318\n|player|p2|girasolia|dawn-gen4pt|1320\n|teamsize|p1|6\n|teamsize|p2|6\n|gen|9\n|tier|[Gen 9] VGC 2025 Reg I (Bo3)\n|rated|\n|rule|Species Clause: Limit one of each Pok\u00e9mon\n|rule|Item Clause: Limit 1 of each item\n|clearpoke\n|poke|p1|Dialga, L50|\n|poke|p1|Ursaluna, L50, F|\n|poke|p1|Indeedee-F, L50, F|\n|poke|p1|Miraidon, L50|\n|poke|p1|Grimmsnarl, L50, M|\n|poke|p1|Incineroar, L50, M|\n|poke|p2|Zamazenta-*, L50|\n|poke|p2|Kyogre, L50|\n|poke|p2|Chien-Pao, L50|\n|poke|p2|Urshifu-*, L50, F|\n|poke|p2|Tornadus, L50, M|\n|poke|p2|Amoonguss, L50, M|\n|teampreview|4\n|showteam|p1|Dialga||AdamantOrb|Telepathy|DracoMeteor,PsychUp,TrickRoom,FlashCannon||||||50|,,,,,Grass]Ursaluna||FlameOrb|Guts|Earthquake,Facade,HeadlongRush,Protect|||F|||50|,,,,,Ghost]Indeedee-F||PsychicSeed|PsychicSurge|FollowMe,TrickRoom,HealPulse,HelpingHand|||F|||50|,,,,,Fairy]Miraidon||Leftovers|HadronEngine|CalmMind,ElectroDrift,DazzlingGleam,Protect||||||50|,,,,,Fairy]Grimmsnarl||LightClay|Prankster|FakeOut,LightScreen,Reflect,SpiritBreak|||M|||50|,,,,,Fairy]Incineroar||SafetyGoggles|Intimidate|PartingShot,FakeOut,FlareBlitz,KnockOff|||M|||50|,,,,,Ghost\n|showteam|p2|Zamazenta-Crowned||RustedShield|DauntlessShield|BodyPress,behemothbash,WideGuard,Protect||||||50|,,,,,Dragon]Kyogre||MysticWater|Drizzle|WaterSpout,HydroPump,IceBeam,Protect||||||50|,,,,,Grass]Chien-Pao||FocusSash|SwordofRuin|IceSpinner,ThroatChop,SuckerPunch,Protect||||||50|,,,,,Stellar]Urshifu-Rapid-Strike||ChoiceScarf|UnseenFist|SurgingStrikes,CloseCombat,AquaJet,Uturn|||F|||50|,,,,,Water]Tornadus||CovertCloak|Prankster|BleakwindStorm,Tailwind,RainDance,Protect|||M|||50|,,,,,Dark]Amoonguss||RockyHelmet|Regenerator|PollenPuff,Spore,RagePowder,Protect|||M|||50|,,,,,Water\n|inactive|Battle timer is ON: inactive players will automatically lose when time's up. (requested by girasolia)\n|\n|t:|1746158227\n|start\n|switch|p1a: Grimmsnarl|Grimmsnarl, L50, M|100/100\n|switch|p1b: Dialga|Dialga, L50|100/100\n|switch|p2a: Zamazenta|Zamazenta-Crowned, L50, shiny|100/100\n|switch|p2b: Kyogre|Kyogre, L50, shiny|100/100\n|-ability|p2a: Zamazenta|Dauntless Shield|boost\n|-boost|p2a: Zamazenta|def|1\n|-weather|RainDance|[from] ability: Drizzle|[of] p2b: Kyogre\n|turn|1\n|inactive|6151651465n has 30 seconds left.\n|inactive|6151651465n has 20 seconds left.\n|inactive|6151651465n has 15 seconds left.\n|\n|t:|1746158267\n|move|p1a: Grimmsnarl|Fake Out|p2b: Kyogre\n|-damage|p2b: Kyogre|91/100\n|move|p2a: Zamazenta|Body Press|p1a: Grimmsnarl\n|-damage|p1a: Grimmsnarl|33/100\n|cant|p2b: Kyogre|flinch\n|move|p1b: Dialga|Draco Meteor|p2b: Kyogre\n|-damage|p2b: Kyogre|19/100\n|-unboost|p1b: Dialga|spa|2\n|\n|-weather|RainDance|[upkeep]\n|upkeep\n|turn|2\n|inactive|girasolia has 30 seconds left.\n|\n|t:|1746158299\n|switch|p2b: Amoonguss|Amoonguss, L50, M, shiny|100/100\n|move|p1a: Grimmsnarl|Reflect|p1a: Grimmsnarl\n|-sidestart|p1: 6151651465n|Reflect\n|move|p2a: Zamazenta|Body Press|p1b: Dialga\n|-supereffective|p1b: Dialga\n|-damage|p1b: Dialga|38/100\n|move|p1b: Dialga|Psych Up|p2a: Zamazenta\n|-copyboost|p1b: Dialga|p2a: Zamazenta|[from] move: Psych Up\n|\n|-weather|RainDance|[upkeep]\n|upkeep\n|turn|3\n|inactive|6151651465n has 30 seconds left.\n|inactive|girasolia has 30 seconds left.\n|inactive|6151651465n has 20 seconds left.\n|inactive|6151651465n has 15 seconds left.\n|inactive|6151651465n has 10 seconds left.\n|inactive|6151651465n has 5 seconds left.\n|\n|t:|1746158350\n|switch|p1a: Indeedee|Indeedee-F, L50, F|100/100\n|-fieldstart|move: Psychic Terrain|[from] ability: Psychic Surge|[of] p1a: Indeedee\n|-enditem|p1a: Indeedee|Psychic Seed\n|-boost|p1a: Indeedee|spd|1|[from] item: Psychic Seed\n|-terastallize|p1b: Dialga|Grass\n|move|p2a: Zamazenta|Body Press|p1a: Indeedee\n|-damage|p1a: Indeedee|54/100\n|move|p2b: Amoonguss|Pollen Puff|p1b: Dialga\n|-supereffective|p1b: Dialga\n|-damage|p1b: Dialga|5/100\n|move|p1b: Dialga|Trick Room|p1b: Dialga\n|-fieldstart|move: Trick Room|[of] p1b: Dialga\n|\n|-weather|RainDance|[upkeep]\n|upkeep\n|turn|4\n|inactive|girasolia has 30 seconds left.\n|\n|t:|1746158380\n|move|p2b: Amoonguss|Protect|p2b: Amoonguss\n|-singleturn|p2b: Amoonguss|Protect\n|move|p1a: Indeedee|Follow Me|p1a: Indeedee\n|-singleturn|p1a: Indeedee|move: Follow Me\n|move|p1b: Dialga|Draco Meteor|p2b: Amoonguss\n|-activate|p2b: Amoonguss|move: Protect\n|move|p2a: Zamazenta|Body Press|p1a: Indeedee\n|-damage|p1a: Indeedee|10/100\n|\n|-weather|RainDance|[upkeep]\n|upkeep\n|turn|5\n|\n|t:|1746158397\n|move|p1a: Indeedee|Follow Me|p1a: Indeedee\n|-singleturn|p1a: Indeedee|move: Follow Me\n|move|p2b: Amoonguss|Pollen Puff|p1a: Indeedee\n|-supereffective|p1a: Indeedee\n|-damage|p1a: Indeedee|0 fnt\n|faint|p1a: Indeedee\n|move|p1b: Dialga|Draco Meteor|p2b: Amoonguss\n|-damage|p2b: Amoonguss|11/100\n|-unboost|p1b: Dialga|spa|2\n|move|p2a: Zamazenta|Body Press|p1b: Dialga\n|-damage|p1b: Dialga|0 fnt\n|faint|p1b: Dialga\n|\n|-weather|none\n|upkeep\n|\n|t:|1746158411\n|switch|p1a: Miraidon|Miraidon, L50|100/100\n|switch|p1b: Grimmsnarl|Grimmsnarl, L50, M|33/100\n|-fieldstart|move: Electric Terrain|[from] ability: Hadron Engine|[of] p1a: Miraidon\n|turn|6\n|\n|t:|1746158428\n|switch|p2b: Kyogre|Kyogre, L50, shiny|19/100\n|-weather|RainDance|[from] ability: Drizzle|[of] p2b: Kyogre\n|move|p2a: Zamazenta|Protect|p2a: Zamazenta\n|-singleturn|p2a: Zamazenta|Protect\n|move|p1b: Grimmsnarl|Fake Out|p2a: Zamazenta\n|-activate|p2a: Zamazenta|move: Protect\n|move|p1a: Miraidon|Calm Mind|p1a: Miraidon\n|-boost|p1a: Miraidon|spa|1\n|-boost|p1a: Miraidon|spd|1\n|\n|-weather|RainDance|[upkeep]\n|upkeep\n|turn|7\n|inactive|6151651465n has 30 seconds left.\n|inactive|girasolia has 30 seconds left.\n|inactive|girasolia has 20 seconds left.\n|\n|t:|1746158464\n|move|p1b: Grimmsnarl|Light Screen|p1b: Grimmsnarl\n|-sidestart|p1: 6151651465n|move: Light Screen\n|move|p2b: Kyogre|Ice Beam|p1b: Grimmsnarl\n|-damage|p1b: Grimmsnarl|12/100\n|move|p2a: Zamazenta|Body Press|p1b: Grimmsnarl\n|-damage|p1b: Grimmsnarl|0 fnt\n|faint|p1b: Grimmsnarl\n|move|p1a: Miraidon|Electro Drift|p2a: Zamazenta\n|-damage|p2a: Zamazenta|3/100\n|\n|-weather|RainDance|[upkeep]\n|-fieldend|move: Trick Room\n|upkeep\n|turn|8\n|\n|t:|1746158485\n|switch|p2b: Amoonguss|Amoonguss, L50, M, shiny|45/100\n|move|p2a: Zamazenta|Protect|p2a: Zamazenta\n|-singleturn|p2a: Zamazenta|Protect\n|move|p1a: Miraidon|Electro Drift|p2a: Zamazenta\n|-activate|p2a: Zamazenta|move: Protect\n|\n|-weather|RainDance|[upkeep]\n|upkeep\n|turn|9\n|\n|t:|1746158500\n|switch|p2b: Kyogre|Kyogre, L50, shiny|19/100\n|move|p2a: Zamazenta|Wide Guard|p2a: Zamazenta\n|-singleturn|p2a: Zamazenta|Wide Guard\n|move|p1a: Miraidon|Dazzling Gleam|p2a: Zamazenta|[spread] \n|-activate|p2a: Zamazenta|move: Wide Guard\n|-activate|p2b: Kyogre|move: Wide Guard\n|\n|-weather|RainDance|[upkeep]\n|-sideend|p1: 6151651465n|Reflect\n|upkeep\n|turn|10\n|\n|t:|1746158517\n|switch|p2b: Amoonguss|Amoonguss, L50, M, shiny|78/100\n|move|p2a: Zamazenta|Wide Guard|p2a: Zamazenta\n|-singleturn|p2a: Zamazenta|Wide Guard\n|move|p1a: Miraidon|Electro Drift|p2b: Amoonguss\n|-resisted|p2b: Amoonguss\n|-damage|p2b: Amoonguss|20/100\n|-damage|p1a: Miraidon|84/100|[from] item: Rocky Helmet|[of] p2b: Amoonguss\n|\n|-weather|none\n|-heal|p1a: Miraidon|90/100|[from] item: Leftovers\n|-fieldend|move: Electric Terrain\n|upkeep\n|turn|11\n|\n|t:|1746158534\n|switch|p2b: Kyogre|Kyogre, L50, shiny|19/100\n|-weather|RainDance|[from] ability: Drizzle|[of] p2b: Kyogre\n|move|p2a: Zamazenta|Wide Guard|p2a: Zamazenta\n|-singleturn|p2a: Zamazenta|Wide Guard\n|move|p1a: Miraidon|Electro Drift|p2a: Zamazenta\n|-damage|p2a: Zamazenta|0 fnt\n|faint|p2a: Zamazenta\n|\n|-weather|RainDance|[upkeep]\n|-heal|p1a: Miraidon|96/100|[from] item: Leftovers\n|upkeep\n|\n|t:|1746158540\n|switch|p2a: Chien-Pao|Chien-Pao, L50|100/100\n|-ability|p2a: Chien-Pao|Sword of Ruin\n|turn|12\n|\n|t:|1746158552\n|-terastallize|p2a: Chien-Pao|Stellar\n|move|p2a: Chien-Pao|Ice Spinner|p1a: Miraidon\n|-supereffective|p1a: Miraidon\n|-damage|p1a: Miraidon|0 fnt\n|faint|p1a: Miraidon\n|\n|win|girasolia\n|raw|6151651465n's rating: 1318 &rarr; <strong>1298</strong><br />(-20 for losing)\n|raw|girasolia's rating: 1320 &rarr; <strong>1340</strong><br />(+20 for winning)\n", "uploadtime": 1746158559, "views": 2, "formatid": "gen9vgc2025regibo3", "rating": 1298, "private": 0, "password": null}