{"id": "gen9vgc2025regibo3-2353721629", "format": "[Gen 9] VGC 2025 Reg I (Bo3)", "players": ["zisar", "ETUERTULUS"], "log": "|j|\u2606zisar\n|j|\u2606ETUERTULUS\n|html|<table width=\"100%\"><tr><td align=\"left\">zisar</td><td align=\"right\">ETUERTULUS</tr><tr><td align=\"left\"><i class=\"fa fa-circle\"></i> <i class=\"fa fa-circle-o\"></i> </td><td align=\"right\"><i class=\"fa fa-circle-o\"></i> <i class=\"fa fa-circle-o\"></i> </tr></table>\n|uhtml|bestof|<h2><strong>Game 2</strong> of <a href=\"/game-bestof3-gen9vgc2025regibo3-2353719412\">a best-of-3</a></h2>\n|t:|1745988659\n|gametype|doubles\n|player|p1|zisar|blue|1173\n|player|p2|ETUERTULUS|parasollady|1072\n|teamsize|p1|6\n|teamsize|p2|6\n|gen|9\n|tier|[Gen 9] VGC 2025 Reg I (Bo3)\n|rated|\n|rule|Species Clause: Limit one of each Pok\u00e9mon\n|rule|Item Clause: Limit 1 of each item\n|clearpoke\n|poke|p1|Terapagos, L50, M|\n|poke|p1|Ho-Oh, L50|\n|poke|p1|Rillaboom, L50, M|\n|poke|p1|Raging Bolt, L50|\n|poke|p1|Basculegion, L50, M|\n|poke|p1|Iron Valiant, L50|\n|poke|p2|Volcarona, L50, F|\n|poke|p2|Rillaboom, L50, M|\n|poke|p2|Urshifu-*, L50, M|\n|poke|p2|Chien-Pao, L50|\n|poke|p2|Eternatus, L50|\n|poke|p2|Zacian-*, L50|\n|teampreview|4\n|showteam|p1|Terapagos||Leftovers|TeraShift|TeraStarstorm,EarthPower,CalmMind,Protect|||M|||50|,,,,,Stellar]Ho-Oh||RockyHelmet|Regenerator|SacredFire,BraveBird,Tailwind,Protect||||||50|,,,,,Grass]Rillaboom||AssaultVest|GrassySurge|HighHorsepower,GrassyGlide,WoodHammer,FakeOut|||M|||50|,,,,,Fire]Raging Bolt||BoosterEnergy|Protosynthesis|Thunderbolt,Thunderclap,DracoMeteor,Protect||||||50|,,,,,Electric]Basculegion||ChoiceScarf|Adaptability|LastRespects,WaveCrash,AquaJet,FlipTurn|||M|||50|,,,,,Water]Iron Valiant||FocusSash|QuarkDrive|Protect,CloseCombat,Encore,SpiritBreak||||||50|,,,,,Ghost\n|showteam|p2|Volcarona||RockyHelmet|FlameBody|FieryDance,StruggleBug,RagePowder,Protect|||F|||50|,,,,,Water]Rillaboom||AssaultVest|GrassySurge|GrassyGlide,DrumBeating,Uturn,FakeOut|||M|||50|,,,,,Fire]Urshifu-Rapid-Strike||ChoiceScarf|UnseenFist|CloseCombat,SurgingStrikes,ScaryFace,Uturn|||M|||50|,,,,,Water]Chien-Pao||FocusSash|SwordofRuin|IcicleCrash,ThroatChop,SuckerPunch,Protect||||||50|,,,,,Ghost]Eternatus||LifeOrb|Pressure|SludgeBomb,DynamaxCannon,Flamethrower,Protect||||||50|,,,,,Fairy]Zacian-Crowned||RustedSword|IntrepidSword|PlayRough,behemothblade,TeraBlast,Protect||||||50|,,,,,Ground\n|inactive|Battle timer is ON: inactive players will automatically lose when time's up. (requested by ETUERTULUS)\n|inactive|zisar also wants the timer to be on.\n|j| godsaur\n|inactive|ETUERTULUS has 60 seconds left.\n|\n|t:|1745988698\n|start\n|switch|p1a: Rillaboom|Rillaboom, L50, M|100/100\n|switch|p1b: Raging Bolt|Raging Bolt, L50|100/100\n|switch|p2a: Urshifu|Urshifu-Rapid-Strike, L50, M|100/100\n|switch|p2b: Eternatus|Eternatus, L50|100/100\n|-ability|p2b: Eternatus|Pressure\n|-fieldstart|move: Grassy Terrain|[from] ability: Grassy Surge|[of] p1a: Rillaboom\n|-enditem|p1b: Raging Bolt|Booster Energy\n|-activate|p1b: Raging Bolt|ability: Protosynthesis|[fromitem]\n|-start|p1b: Raging Bolt|protosynthesisspa\n|turn|1\n|inactive|ETUERTULUS has 30 seconds left.\n|\n|t:|1745988724\n|switch|p2a: Zacian|Zacian-Crowned, L50|100/100\n|-ability|p2a: Zacian|Intrepid Sword|boost\n|-boost|p2a: Zacian|atk|1\n|-terastallize|p2b: Eternatus|Fairy\n|move|p1a: Rillaboom|Fake Out|p2b: Eternatus\n|-damage|p2b: Eternatus|89/100\n|cant|p2b: Eternatus|flinch\n|move|p1b: Raging Bolt|Draco Meteor|p2b: Eternatus\n|-immune|p2b: Eternatus\n|\n|-heal|p2b: Eternatus|95/100|[from] Grassy Terrain\n|upkeep\n|turn|2\n|inactive|ETUERTULUS has 30 seconds left.\n|\n|t:|1745988756\n|-end|p1b: Raging Bolt|Protosynthesis|[silent]\n|switch|p1b: Ho-Oh|Ho-Oh, L50, shiny|100/100\n|move|p2a: Zacian|Play Rough|p1b: Ho-Oh\n|-resisted|p1b: Ho-Oh\n|-damage|p1b: Ho-Oh|64/100\n|-damage|p2a: Zacian|84/100|[from] item: Rocky Helmet|[of] p1b: Ho-Oh\n|move|p2b: Eternatus|Flamethrower|p1a: Rillaboom\n|-supereffective|p1a: Rillaboom\n|-damage|p1a: Rillaboom|43/100\n|-status|p1a: Rillaboom|brn\n|-damage|p2b: Eternatus|86/100|[from] item: Life Orb\n|move|p1a: Rillaboom|High Horsepower|p2a: Zacian\n|-supereffective|p2a: Zacian\n|-crit|p2a: Zacian\n|-damage|p2a: Zacian|45/100\n|\n|-heal|p2a: Zacian|51/100|[from] Grassy Terrain\n|-heal|p2b: Eternatus|92/100|[from] Grassy Terrain\n|-heal|p1a: Rillaboom|48/100 brn|[from] Grassy Terrain\n|-damage|p1a: Rillaboom|43/100 brn|[from] brn\n|upkeep\n|turn|3\n|inactive|zisar has 30 seconds left.\n|inactive|ETUERTULUS has 30 seconds left.\n|\n|t:|1745988785\n|switch|p1a: Raging Bolt|Raging Bolt, L50|100/100\n|move|p2a: Zacian|Play Rough|p1a: Raging Bolt\n|-supereffective|p1a: Raging Bolt\n|-damage|p1a: Raging Bolt|0 fnt\n|faint|p1a: Raging Bolt\n|-end|p1a: Raging Bolt|Protosynthesis|[silent]\n|move|p2b: Eternatus|Dynamax Cannon|p1b: Ho-Oh\n|-damage|p1b: Ho-Oh|14/100\n|-damage|p2b: Eternatus|82/100|[from] item: Life Orb\n|move|p1b: Ho-Oh|Tailwind|p1b: Ho-Oh\n|-sidestart|p1: zisar|move: Tailwind\n|\n|-heal|p2a: Zacian|57/100|[from] Grassy Terrain\n|-heal|p2b: Eternatus|88/100|[from] Grassy Terrain\n|upkeep\n|\n|t:|1745988801\n|switch|p1a: Terapagos|Terapagos, L50, M|100/100\n|-activate|p1a: Terapagos|ability: Tera Shift\n|detailschange|p1a: Terapagos|Terapagos-Terastal, L50, M\n|-heal|p1a: Terapagos|100/100|[silent]\n|turn|4\n|\n|t:|1745988821\n|switch|p1b: Rillaboom|Rillaboom, L50, M|43/100 brn\n|move|p1a: Terapagos|Calm Mind|p1a: Terapagos\n|-boost|p1a: Terapagos|spa|1\n|-boost|p1a: Terapagos|spd|1\n|move|p2a: Zacian|Behemoth Blade|p1b: Rillaboom\n|-damage|p1b: Rillaboom|0 fnt\n|faint|p1b: Rillaboom\n|move|p2b: Eternatus|Dynamax Cannon|p1a: Terapagos\n|-activate|p1a: Terapagos|ability: Tera Shell\n|-resisted|p1a: Terapagos\n|-damage|p1a: Terapagos|78/100\n|-damage|p2b: Eternatus|78/100|[from] item: Life Orb\n|\n|-heal|p1a: Terapagos|84/100|[from] Grassy Terrain\n|-heal|p1a: Terapagos|91/100|[from] item: Leftovers\n|-heal|p2a: Zacian|63/100|[from] Grassy Terrain\n|-heal|p2b: Eternatus|84/100|[from] Grassy Terrain\n|upkeep\n|\n|t:|1745988840\n|switch|p1b: Ho-Oh|Ho-Oh, L50, shiny|47/100\n|turn|5\n|j| Fancy Cucudrula\n|\n|t:|1745988851\n|-terastallize|p1a: Terapagos|Stellar\n|detailschange|p1a: Terapagos|Terapagos-Stellar, L50, M, tera:Stellar\n|-heal|p1a: Terapagos|93/100|[silent]\n|-ability|p1a: Terapagos|Teraform Zero\n|-fieldend|move: Grassy Terrain\n|move|p2a: Zacian|Protect|p2a: Zacian\n|-singleturn|p2a: Zacian|Protect\n|move|p1b: Ho-Oh|Sacred Fire|p2a: Zacian\n|-activate|p2a: Zacian|move: Protect\n|move|p1a: Terapagos|Tera Starstorm|p2a: Zacian|[spread] p2b\n|-activate|p2a: Zacian|move: Protect\n|-supereffective|p2b: Eternatus\n|-damage|p2b: Eternatus|0 fnt\n|faint|p2b: Eternatus\n|\n|-heal|p1a: Terapagos|99/100|[from] item: Leftovers\n|upkeep\n|\n|t:|1745988867\n|switch|p2b: Chien-Pao|Chien-Pao, L50|100/100\n|-ability|p2b: Chien-Pao|Sword of Ruin\n|turn|6\n|\n|t:|1745988878\n|move|p2a: Zacian|Protect||[still]\n|-fail|p2a: Zacian\n|move|p2b: Chien-Pao|Protect|p2b: Chien-Pao\n|-singleturn|p2b: Chien-Pao|Protect\n|move|p1b: Ho-Oh|Sacred Fire|p2a: Zacian|[miss]\n|-miss|p1b: Ho-Oh|p2a: Zacian\n|move|p1a: Terapagos|Tera Starstorm|p2a: Zacian|[spread] p2a\n|-activate|p2b: Chien-Pao|move: Protect\n|-damage|p2a: Zacian|17/100\n|\n|-heal|p1a: Terapagos|100/100|[from] item: Leftovers\n|-sideend|p1: zisar|move: Tailwind\n|upkeep\n|turn|7\n|\n|t:|1745988896\n|move|p1b: Ho-Oh|Protect|p1b: Ho-Oh\n|-singleturn|p1b: Ho-Oh|Protect\n|move|p2a: Zacian|Behemoth Blade|p1a: Terapagos\n|-damage|p1a: Terapagos|42/100\n|move|p2b: Chien-Pao|Icicle Crash|p1b: Ho-Oh\n|-activate|p1b: Ho-Oh|move: Protect\n|move|p1a: Terapagos|Tera Starstorm|p2a: Zacian|[spread] p2a,p2b\n|-damage|p2a: Zacian|0 fnt\n|-damage|p2b: Chien-Pao|14/100\n|faint|p2a: Zacian\n|\n|-heal|p1a: Terapagos|48/100|[from] item: Leftovers\n|upkeep\n|\n|t:|1745988910\n|switch|p2a: Urshifu|Urshifu-Rapid-Strike, L50, M|100/100\n|turn|8\n|\n|t:|1745988916\n|move|p2a: Urshifu|Close Combat|p1a: Terapagos\n|-supereffective|p1a: Terapagos\n|-damage|p1a: Terapagos|0 fnt\n|-unboost|p2a: Urshifu|def|1\n|-unboost|p2a: Urshifu|spd|1\n|faint|p1a: Terapagos\n|move|p2b: Chien-Pao|Throat Chop|p1b: Ho-Oh\n|-damage|p1b: Ho-Oh|0 fnt\n|-damage|p2b: Chien-Pao|0 fnt|[from] item: Rocky Helmet|[of] p1b: Ho-Oh\n|faint|p1b: Ho-Oh\n|faint|p2b: Chien-Pao\n|\n|win|ETUERTULUS\n||zisar is ready for game 3.\n|inactive|ETUERTULUS has 30 seconds to confirm battle start!\n||ETUERTULUS is ready for game 3.\n|uhtml|next|Next: <a href=\"/battle-gen9vgc2025regibo3-2353723307\"><strong>Game 3 of 3</strong></a>\n|l| godsaur\n|l|\u2606ETUERTULUS\n|player|p2|\n", "uploadtime": 1745989225, "views": 6, "formatid": "gen9vgc2025regibo3", "rating": null, "private": 0, "password": null}