{"id": "gen9vgc2025regibo3-2354853750", "format": "[Gen 9] VGC 2025 Reg I (Bo3)", "players": ["yellowfox257", "AtomGeneral"], "log": "|j|\u2606yellowfox257\n|j|\u2606AtomGeneral\n|html|<table width=\"100%\"><tr><td align=\"left\">yellowfox257</td><td align=\"right\">AtomGeneral</tr><tr><td align=\"left\"><i class=\"fa fa-circle-o\"></i> <i class=\"fa fa-circle-o\"></i> </td><td align=\"right\"><i class=\"fa fa-circle-o\"></i> <i class=\"fa fa-circle\"></i> </tr></table>\n|uhtml|bestof|<h2><strong>Game 2</strong> of <a href=\"/game-bestof3-gen9vgc2025regibo3-2354851173\">a best-of-3</a></h2>\n|t:|1746125503\n|gametype|doubles\n|player|p1|yellowfox257|cynthia|\n|player|p2|AtomGeneral|gambler|\n|teamsize|p1|6\n|teamsize|p2|6\n|gen|9\n|tier|[Gen 9] VGC 2025 Reg I (Bo3)\n|rule|Species Clause: Limit one of each Pok\u00e9mon\n|rule|Item Clause: Limit 1 of each item\n|clearpoke\n|poke|p1|Sylveon, L50, F|\n|poke|p1|Comfey, L50, F|\n|poke|p1|Zoroark-Hisui, L50, M|\n|poke|p1|Terapagos, L50, M|\n|poke|p1|Greedent, L50, F|\n|poke|p1|Greavard, L50, M|\n|poke|p2|Archaludon, L50, M|\n|poke|p2|Miraidon, L50|\n|poke|p2|Electivire, L50, M|\n|poke|p2|Pelipper, L50, F|\n|poke|p2|Iron Hands, L50|\n|poke|p2|Blissey, L50, F|\n|teampreview|4\n|showteam|p1|Sylveon||ThroatSpray|Pixilate|HyperVoice,CalmMind,Protect,MistyExplosion|||F|||50|,,,,,Fairy]Comfey||LaggingTail|Triage|FloralHealing,Trick,TrickRoom,Uturn|||F|||50|,,,,,Fire]Zoroark-Hisui||WideLens|Illusion|IcyWind,FakeTears,WillOWisp,Snarl|||M|||50|,,,,,Normal]Terapagos||ChoiceSpecs|TeraShift|TeraStarstorm,EarthPower,DarkPulse,HyperBeam|||M|||50|,,,,,Stellar]Greedent||ApicotBerry|CheekPouch|StuffCheeks,Stockpile,SpitUp,Swallow|||F|||50|,,,,,Fighting]Greavard||SitrusBerry|Pickup|Trick,AllySwitch,HelpingHand,Protect|||M|||50|,,,,,Ghost\n|showteam|p2|Archaludon||AssaultVest|Stamina|ElectroShot,DarkPulse,BodyPress,TeraBlast|||M|||50|,,,,,Fairy]Miraidon||LifeOrb|HadronEngine|Thunder,DragonPulse,Discharge,VoltSwitch||||||50|,,,,,Electric]Electivire||PunchingGlove|MotorDrive|ThunderPunch,FirePunch,IcePunch,RainDance|||M|||50|,,,,,Fire]Pelipper||DampRock|Drizzle|Uturn,IceBeam,Tailwind,Hurricane|||F|||50|,,,,,Water]Iron Hands||BoosterEnergy|QuarkDrive|DrainPunch,BellyDrum,Detect,BrickBreak||||||50|,,,,,Fighting]Blissey||Leftovers|Healer|HealPulse,HyperVoice,LifeDew,SoftBoiled|||F|||50|,,,,,Steel\n|\n|t:|1746125522\n|start\n|switch|p1a: Cantabile|Sylveon, L50, F, shiny|100/100\n|switch|p1b: :D|Comfey, L50, F, shiny|100/100\n|switch|p2a: Pelipper|Pelipper, L50, F, shiny|100/100\n|switch|p2b: Juggernaught|Archaludon, L50, M|100/100\n|-weather|RainDance|[from] ability: Drizzle|[of] p2a: Pelipper\n|turn|1\n|inactive|Battle timer is ON: inactive players will automatically lose when time's up. (requested by yellowfox257)\n|inactiveoff|Battle timer is now OFF.\n|\n|t:|1746125539\n|move|p2b: Juggernaught|Electro Shot||[still]\n|-prepare|p2b: Juggernaught|Electro Shot\n|-boost|p2b: Juggernaught|spa|1\n|-anim|p2b: Juggernaught|Electro Shot|p1b: :D\n|-damage|p1b: :D|50/100\n|move|p2a: Pelipper|U-turn|p1b: :D\n|-resisted|p1b: :D\n|-damage|p1b: :D|44/100\n|\n|t:|1746125548\n|switch|p2a: ME RIDON|Miraidon, L50|100/100|[from] U-turn\n|-fieldstart|move: Electric Terrain|[from] ability: Hadron Engine|[of] p2a: ME RIDON\n|move|p1a: Cantabile|Hyper Voice|p2b: Juggernaught|[spread] p2a,p2b\n|-supereffective|p2a: ME RIDON\n|-damage|p2a: ME RIDON|32/100\n|-damage|p2b: Juggernaught|73/100\n|-ability|p2b: Juggernaught|Stamina|boost\n|-boost|p2b: Juggernaught|def|1\n|-enditem|p1a: Cantabile|Throat Spray\n|-boost|p1a: Cantabile|spa|1|[from] item: Throat Spray\n|move|p1b: :D|Trick|p2b: Juggernaught\n|-activate|p1b: :D|move: Trick|[of] p2b: Juggernaught\n|-item|p2b: Juggernaught|Lagging Tail|[from] move: Trick\n|-item|p1b: :D|Assault Vest|[from] move: Trick\n|\n|-weather|RainDance|[upkeep]\n|upkeep\n|turn|2\n|\n|t:|1746125586\n|move|p2a: ME RIDON|Thunder|p1a: Cantabile\n|-damage|p1a: Cantabile|2/100\n|-damage|p2a: ME RIDON|22/100|[from] item: Life Orb\n|move|p1b: :D|U-turn|p2b: Juggernaught\n|-resisted|p2b: Juggernaught\n|-damage|p2b: Juggernaught|71/100\n|-ability|p2b: Juggernaught|Stamina|boost\n|-boost|p2b: Juggernaught|def|1\n|\n|t:|1746125600\n|switch|p1b: La mer|Terapagos, L50, M|100/100|[from] U-turn\n|move|p1a: Cantabile|Hyper Voice|p2a: ME RIDON|[spread] p2a,p2b\n|-supereffective|p2a: ME RIDON\n|-damage|p2a: ME RIDON|0 fnt\n|-damage|p2b: Juggernaught|3/100\n|-ability|p2b: Juggernaught|Stamina|boost\n|-boost|p2b: Juggernaught|def|1\n|faint|p2a: ME RIDON\n|move|p2b: Juggernaught|Electro Shot||[still]\n|-prepare|p2b: Juggernaught|Electro Shot\n|-boost|p2b: Juggernaught|spa|1\n|-anim|p2b: Juggernaught|Electro Shot|p1b: La mer\n|-damage|p1b: La mer|0 fnt\n|replace|p1b: Funubre|Zoroark-Hisui, L50, M, shiny\n|-end|p1b: Funubre|Illusion\n|faint|p1b: Funubre\n|\n|-weather|RainDance|[upkeep]\n|upkeep\n|\n|t:|1746125617\n|switch|p2a: Hoover|Electivire, L50, M, shiny|100/100\n|switch|p1b: La mer|Terapagos, L50, M|100/100\n|-activate|p1b: La mer|ability: Tera Shift\n|detailschange|p1b: La mer|Terapagos-Terastal, L50, M\n|-heal|p1b: La mer|100/100|[silent]\n|turn|3\n|\n|t:|1746125633\n|-terastallize|p1b: La mer|Stellar\n|detailschange|p1b: La mer|Terapagos-Stellar, L50, M, tera:Stellar\n|-heal|p1b: La mer|100/100|[silent]\n|-ability|p1b: La mer|Teraform Zero\n|-weather|none\n|-fieldend|move: Electric Terrain\n|move|p1a: Cantabile|Protect|p1a: Cantabile\n|-singleturn|p1a: Cantabile|Protect\n|move|p2a: Hoover|Ice Punch|p1a: Cantabile\n|-activate|p1a: Cantabile|move: Protect\n|move|p1b: La mer|Tera Starstorm|p2a: Hoover|[spread] p2a,p2b\n|-damage|p2a: Hoover|22/100\n|-damage|p2b: Juggernaught|0 fnt\n|faint|p2b: Juggernaught\n|\n|upkeep\n|\n|t:|1746125648\n|switch|p2b: Pelipper|Pelipper, L50, F, shiny|100/100\n|-weather|RainDance|[from] ability: Drizzle|[of] p2b: Pelipper\n|turn|4\n|\n|t:|1746125664\n|move|p2a: Hoover|Thunder Punch|p1a: Cantabile\n|-damage|p1a: Cantabile|0 fnt\n|faint|p1a: Cantabile\n|move|p1b: La mer|Tera Starstorm|p2a: Hoover|[spread] p2a,p2b\n|-damage|p2a: Hoover|0 fnt\n|-damage|p2b: Pelipper|21/100\n|faint|p2a: Hoover\n|move|p2b: Pelipper|Hurricane|p1b: La mer\n|-damage|p1b: La mer|66/100\n|\n|-weather|RainDance|[upkeep]\n|upkeep\n|\n|t:|1746125673\n|switch|p1a: :D|Comfey, L50, F, shiny|44/100\n|turn|5\n|\n|t:|1746125679\n|move|p1b: La mer|Tera Starstorm|p2b: Pelipper\n|-damage|p2b: Pelipper|0 fnt\n|faint|p2b: Pelipper\n|\n|win|yellowfox257\n||yellowfox257 is ready for game 3.\n||AtomGeneral is ready for game 3.\n|uhtml|next|Next: <a href=\"/battle-gen9vgc2025regibo3-2354855786\"><strong>Game 3 of 3</strong></a>\n|l|\u2606AtomGeneral\n|player|p2|\n|l|\u2606yellowfox257\n|player|p1|\n", "uploadtime": 1746126044, "views": 5, "formatid": "gen9vgc2025regibo3", "rating": null, "private": 0, "password": null}