{"id": "gen9vgc2025regibo3-2353677622", "format": "[Gen 9] VGC 2025 Reg I (Bo3)", "players": ["tokyosoda", "Iranupagoat"], "log": "|j|\u2606tokyosoda\n|j|\u2606Iranupagoat\n|html|<table width=\"100%\"><tr><td align=\"left\">tokyosoda</td><td align=\"right\">Iranupagoat</tr><tr><td align=\"left\"><i class=\"fa fa-circle-o\"></i> <i class=\"fa fa-circle-o\"></i> </td><td align=\"right\"><i class=\"fa fa-circle-o\"></i> <i class=\"fa fa-circle-o\"></i> </tr></table>\n|uhtml|bestof|<h2><strong>Game 1</strong> of <a href=\"/game-bestof3-gen9vgc2025regibo3-2353677620\">a best-of-3</a></h2>\n|t:|1745982405\n|gametype|doubles\n|player|p1|tokyosoda|scientistf|1086\n|player|p2|Iranupagoat|1|1040\n|teamsize|p1|6\n|teamsize|p2|6\n|gen|9\n|tier|[Gen 9] VGC 2025 Reg I (Bo3)\n|rated|\n|rule|Species Clause: Limit one of each Pok\u00e9mon\n|rule|Item Clause: Limit 1 of each item\n|clearpoke\n|poke|p1|Calyrex-Shadow, L50|\n|poke|p1|Koraidon, L50|\n|poke|p1|Whimsicott, L50, M|\n|poke|p1|Clefairy, L50, F|\n|poke|p1|Walking Wake, L50|\n|poke|p1|Chien-Pao, L50|\n|poke|p2|Kyogre, L50|\n|poke|p2|Overqwil, L50, F|\n|poke|p2|Basculegion, L50, M|\n|poke|p2|Archaludon, L50, F|\n|poke|p2|Scrafty, L50, M|\n|poke|p2|Calyrex-Shadow, L50|\n|teampreview|4\n|showteam|p1|Calyrex-Shadow||SpellTag|AsOneSpectrier|Protect,AstralBarrage,Psychic,NastyPlot||||||50|,,,,,Water]Koraidon||LifeOrb|OrichalcumPulse|Protect,CloseCombat,FlareBlitz,FlameCharge||||||50|,,,,,Fire]Whimsicott||CovertCloak|Prankster|Moonblast,Tailwind,CottonSpore,LightScreen|||M|||50|,,,,,Dark]Clefairy||Eviolite|FriendGuard|Protect,FollowMe,AfterYou,HelpingHand|||F|||50|,,,,,Ground]Walking Wake||AssaultVest|Protosynthesis|HydroSteam,Flamethrower,Snarl,DracoMeteor||||||50|,,,,,Fire]Chien-Pao||FocusSash|SwordofRuin|Protect,IceSpinner,ThroatChop,SuckerPunch||||||50|,,,,,Stellar\n|showteam|p2|Kyogre||ChoiceScarf|Drizzle|WaterSpout,OriginPulse,IceBeam,Thunder||||||50|,,,,,Grass]Overqwil||LifeOrb|SwiftSwim|BarbBarrage,ToxicSpikes,Protect,Liquidation|||F|||50|,,,,,Dark]Basculegion||WeaknessPolicy|SwiftSwim|WaveCrash,LastRespects,AquaJet,Protect|||M|||50|,,,,,Water]Archaludon||CovertCloak|Stamina|ElectroShot,BodyPress,DracoMeteor,FlashCannon|||F|||50|,,,,,Fairy]Scrafty||AssaultVest|Intimidate|CloseCombat,FakeOut,BeatUp,KnockOff|||M|||50|,,,,,Steel]Calyrex-Shadow||SafetyGoggles|AsOneSpectrier|AstralBarrage,Psychic,Encore,Protect||||||50|,,,,,Steel\n|\n|t:|1745982431\n|start\n|switch|p1a: Whimsicott|Whimsicott, L50, M|100/100\n|switch|p1b: Calyrex|Calyrex-Shadow, L50|100/100\n|switch|p2a: Scrafty|Scrafty, L50, M|100/100\n|switch|p2b: Calyrex|Calyrex-Shadow, L50|100/100\n|-ability|p1b: Calyrex|As One\n|-ability|p1b: Calyrex|Unnerve\n|-ability|p2b: Calyrex|As One\n|-ability|p2b: Calyrex|Unnerve\n|-ability|p2a: Scrafty|Intimidate|boost\n|-unboost|p1a: Whimsicott|atk|1\n|-unboost|p1b: Calyrex|atk|1\n|turn|1\n|inactive|Battle timer is ON: inactive players will automatically lose when time's up. (requested by tokyosoda)\n|\n|t:|1745982452\n|move|p1b: Calyrex|Protect|p1b: Calyrex\n|-singleturn|p1b: Calyrex|Protect\n|move|p2b: Calyrex|Protect|p2b: Calyrex\n|-singleturn|p2b: Calyrex|Protect\n|move|p1a: Whimsicott|Cotton Spore|p2a: Scrafty|[spread] \n|-activate|p2b: Calyrex|move: Protect\n|-hint|Since gen 7, Dark is immune to Prankster moves.\n|-immune|p2a: Scrafty\n|move|p2a: Scrafty|Knock Off|p1b: Calyrex\n|-activate|p1b: Calyrex|move: Protect\n|\n|upkeep\n|turn|2\n|\n|t:|1745982474\n|switch|p2b: Archaludon|Archaludon, L50, F|100/100\n|-terastallize|p1b: Calyrex|Water\n|move|p1a: Whimsicott|Light Screen|p1a: Whimsicott\n|-sidestart|p1: tokyosoda|move: Light Screen\n|move|p1b: Calyrex|Astral Barrage|p2b: Archaludon|[spread] p2a,p2b\n|-resisted|p2a: Scrafty\n|-damage|p2a: Scrafty|81/100\n|-damage|p2b: Archaludon|10/100\n|-ability|p2b: Archaludon|Stamina|boost\n|-boost|p2b: Archaludon|def|1\n|move|p2a: Scrafty|Knock Off|p1b: Calyrex\n|-damage|p1b: Calyrex|56/100\n|-enditem|p1b: Calyrex|Spell Tag|[from] move: Knock Off|[of] p2a: Scrafty\n|\n|upkeep\n|turn|3\n|\n|t:|1745982499\n|move|p1b: Calyrex|Astral Barrage|p2a: Scrafty|[spread] p2a,p2b\n|-resisted|p2a: Scrafty\n|-damage|p2a: Scrafty|65/100\n|-damage|p2b: Archaludon|0 fnt\n|faint|p2b: Archaludon\n|-ability|p1b: Calyrex|Grim Neigh|boost\n|-boost|p1b: Calyrex|spa|1\n|move|p1a: Whimsicott|Moonblast|p2a: Scrafty\n|-supereffective|p2a: Scrafty\n|-damage|p2a: Scrafty|0 fnt\n|faint|p2a: Scrafty\n|\n|upkeep\n|\n|t:|1745982508\n|switch|p2b: Calyrex|Calyrex-Shadow, L50|100/100\n|switch|p2a: Kyogre|Kyogre, L50|100/100\n|-ability|p2b: Calyrex|As One\n|-ability|p2b: Calyrex|Unnerve\n|-weather|RainDance|[from] ability: Drizzle|[of] p2a: Kyogre\n|turn|4\n|\n|t:|1745982529\n|move|p2b: Calyrex|Protect|p2b: Calyrex\n|-singleturn|p2b: Calyrex|Protect\n|move|p1a: Whimsicott|Tailwind|p1a: Whimsicott\n|-sidestart|p1: tokyosoda|move: Tailwind\n|move|p1b: Calyrex|Astral Barrage|p2b: Calyrex|[spread] p2a\n|-activate|p2b: Calyrex|move: Protect\n|-damage|p2a: Kyogre|47/100\n|move|p2a: Kyogre|Thunder|p1b: Calyrex\n|-supereffective|p1b: Calyrex\n|-damage|p1b: Calyrex|0 fnt\n|faint|p1b: Calyrex\n|\n|-weather|RainDance|[upkeep]\n|upkeep\n|\n|t:|1745982542\n|switch|p1b: Koraidon|Koraidon, L50|100/100\n|-weather|SunnyDay|[from] ability: Orichalcum Pulse|[of] p1b: Koraidon\n|-activate|p1b: Koraidon|Orichalcum Pulse|[source]\n|turn|5\n|\n|t:|1745982562\n|move|p1b: Koraidon|Flare Blitz|p2b: Calyrex\n|-damage|p2b: Calyrex|0 fnt\n|faint|p2b: Calyrex\n|-damage|p1b: Koraidon|68/100|[from] Recoil\n|-damage|p1b: Koraidon|59/100|[from] item: Life Orb\n|move|p1a: Whimsicott|Moonblast|p2a: Kyogre\n|-damage|p2a: Kyogre|26/100\n|move|p2a: Kyogre|Thunder|p1a: Whimsicott\n|-resisted|p1a: Whimsicott\n|-damage|p1a: Whimsicott|85/100\n|\n|-weather|SunnyDay|[upkeep]\n|upkeep\n|turn|6\n|-message|Iranupagoat forfeited.\n|\n|win|tokyosoda\n|l|\u2606Iranupagoat\n|player|p2|\n||Iranupagoat is ready for game 2.\n||tokyosoda is ready for game 2.\n|uhtml|next|Next: <a href=\"/battle-gen9vgc2025regibo3-2353678941\"><strong>Game 2 of 3</strong></a>\n|l|\u2606tokyosoda\n|player|p1|\n", "uploadtime": 1745982859, "views": 6, "formatid": "gen9vgc2025regibo3", "rating": null, "private": 0, "password": null}