{"id": "gen9vgc2025regibo3-2353336237", "format": "[Gen 9] VGC 2025 Reg I (Bo3)", "players": ["BrianJensVGC", "200dollarteam"], "log": "|j|\u2606BrianJensVGC\n|j|\u2606200dollarteam\n|html|<table width=\"100%\"><tr><td align=\"left\">BrianJensVGC</td><td align=\"right\">200dollarteam</tr><tr><td align=\"left\"><i class=\"fa fa-circle\"></i> <i class=\"fa fa-circle-o\"></i> </td><td align=\"right\"><i class=\"fa fa-circle-o\"></i> <i class=\"fa fa-circle\"></i> </tr></table>\n|uhtml|bestof|<h2><strong>Game 3</strong> of <a href=\"/game-bestof3-gen9vgc2025regibo3-2353330453\">a best-of-3</a></h2>\n|t:|1745947416\n|gametype|doubles\n|player|p1|BrianJensVGC|bugsy|1357\n|player|p2|200dollarteam|shauntal|1380\n|teamsize|p1|6\n|teamsize|p2|6\n|gen|9\n|tier|[Gen 9] VGC 2025 Reg I (Bo3)\n|rated|\n|rule|Species Clause: Limit one of each Pok\u00e9mon\n|rule|Item Clause: Limit 1 of each item\n|clearpoke\n|poke|p1|Calyrex-Shadow, L50|\n|poke|p1|Zamazenta-*, L50|\n|poke|p1|Rillaboom, L50, M|\n|poke|p1|Incineroar, L50, M|\n|poke|p1|Smeargle, L50, M|\n|poke|p1|Clefairy, L50, M|\n|poke|p2|Zacian-*, L50|\n|poke|p2|Miraidon, L50|\n|poke|p2|Farigiraf, L50, F|\n|poke|p2|Iron Bundle, L50|\n|poke|p2|Ursaluna, L50, F|\n|poke|p2|Incineroar, L50, F|\n|teampreview|4\n|showteam|p1|Calyrex-Shadow||SpellTag|AsOneSpectrier|AstralBarrage,Protect,Psychic,NastyPlot||||||50|,,,,,Normal]Zamazenta-Crowned||RustedShield|DauntlessShield|BodyPress,WideGuard,Protect,behemothbash||||||50|,,,,,Dragon]Rillaboom||AssaultVest|GrassySurge|GrassyGlide,WoodHammer,FakeOut,Uturn|||M|||50|,,,,,Fire]Incineroar||SafetyGoggles|Intimidate|WillOWisp,KnockOff,FakeOut,PartingShot|||M|||50|,,,,,Water]Smeargle||FocusSash|Moody|FakeOut,FollowMe,WideGuard,Spore|||M|||50|,,,,,Ghost]Clefairy||Eviolite|FriendGuard|FollowMe,AfterYou,HelpingHand,Protect|||M|||50|,,,,,Grass\n|showteam|p2|Zacian-Crowned||RustedSword|IntrepidSword|behemothblade,PlayRough,TeraBlast,Protect||||||50|,,,,,Ground]Miraidon||ChoiceSpecs|HadronEngine|ElectroDrift,DracoMeteor,VoltSwitch,Discharge||||||50|,,,,,Electric]Farigiraf||ElectricSeed|ArmorTail|TeraBlast,FoulPlay,HelpingHand,TrickRoom|||F|||50|,,,,,Ground]Iron Bundle||FocusSash|QuarkDrive|IcyWind,FreezeDry,Encore,Protect||||||50|,,,,,Ground]Ursaluna||FlameOrb|Guts|Facade,HeadlongRush,Substitute,Protect|||F|||50|,,,,,Poison]Incineroar||AssaultVest|Intimidate|KnockOff,FlareBlitz,Uturn,FakeOut|||F|||50|,,,,,Bug\n|inactive|Battle timer is ON: inactive players will automatically lose when time's up. (requested by 200dollarteam)\n|inactive|BrianJensVGC has 60 seconds left.\n|inactive|200dollarteam has 60 seconds left.\n|inactive|BrianJensVGC has 30 seconds left.\n|inactive|BrianJensVGC has 20 seconds left.\n|inactive|BrianJensVGC has 15 seconds left.\n|\n|t:|1745947494\n|start\n|switch|p1a: Zamazenta|Zamazenta-Crowned, L50|100/100\n|switch|p1b: Clefairy|Clefairy, L50, M|100/100\n|switch|p2a: Zacian|Zacian-Crowned, L50|100/100\n|switch|p2b: Miraidon|Miraidon, L50|100/100\n|-fieldstart|move: Electric Terrain|[from] ability: Hadron Engine|[of] p2b: Miraidon\n|-ability|p2a: Zacian|Intrepid Sword|boost\n|-boost|p2a: Zacian|atk|1\n|-ability|p1a: Zamazenta|Dauntless Shield|boost\n|-boost|p1a: Zamazenta|def|1\n|turn|1\n|inactive|200dollarteam has 30 seconds left.\n|\n|t:|1745947521\n|switch|p1b: Incineroar|Incineroar, L50, M|100/100\n|-ability|p1b: Incineroar|Intimidate|boost\n|-unboost|p2a: Zacian|atk|1\n|-unboost|p2b: Miraidon|atk|1\n|-terastallize|p2a: Zacian|Ground\n|move|p1a: Zamazenta|Protect|p1a: Zamazenta\n|-singleturn|p1a: Zamazenta|Protect\n|move|p2b: Miraidon|Discharge|p1a: Zamazenta|[spread] p1b\n|-activate|p1a: Zamazenta|move: Protect\n|-immune|p2a: Zacian\n|-damage|p1b: Incineroar|26/100\n|-status|p1b: Incineroar|par\n|move|p2a: Zacian|Play Rough|p1a: Zamazenta\n|-activate|p1a: Zamazenta|move: Protect\n|\n|upkeep\n|turn|2\n|inactive|BrianJensVGC has 30 seconds left.\n|inactive|BrianJensVGC has 20 seconds left.\n|\n|t:|1745947559\n|move|p1a: Zamazenta|Wide Guard|p1a: Zamazenta\n|-singleturn|p1a: Zamazenta|Wide Guard\n|move|p2b: Miraidon|Discharge|p1b: Incineroar|[spread] \n|-activate|p1a: Zamazenta|move: Wide Guard\n|-activate|p1b: Incineroar|move: Wide Guard\n|-immune|p2a: Zacian\n|move|p2a: Zacian|Tera Blast|p1a: Zamazenta|[anim] Tera Blast Ground\n|-supereffective|p1a: Zamazenta\n|-damage|p1a: Zamazenta|56/100\n|move|p1b: Incineroar|Parting Shot|p2a: Zacian\n|-unboost|p2a: Zacian|atk|1\n|-unboost|p2a: Zacian|spa|1\n|\n|t:|1745947569\n|switch|p1b: Calyrex|Calyrex-Shadow, L50|100/100|[from] Parting Shot\n|-ability|p1b: Calyrex|As One\n|-ability|p1b: Calyrex|Unnerve\n|\n|upkeep\n|turn|3\n|\n|t:|1745947584\n|move|p1a: Zamazenta|Wide Guard|p1a: Zamazenta\n|-singleturn|p1a: Zamazenta|Wide Guard\n|move|p1b: Calyrex|Nasty Plot|p1b: Calyrex\n|-boost|p1b: Calyrex|spa|2\n|move|p2b: Miraidon|Discharge|p1b: Calyrex|[spread] \n|-activate|p1a: Zamazenta|move: Wide Guard\n|-activate|p1b: Calyrex|move: Wide Guard\n|-immune|p2a: Zacian\n|move|p2a: Zacian|Behemoth Blade|p1b: Calyrex\n|-damage|p1b: Calyrex|55/100\n|\n|upkeep\n|turn|4\n|inactive|200dollarteam has 30 seconds left.\n|inactive|200dollarteam has 20 seconds left.\n|\n|t:|1745947619\n|switch|p2b: Farigiraf|Farigiraf, L50, F|100/100\n|-enditem|p2b: Farigiraf|Electric Seed\n|-boost|p2b: Farigiraf|def|1|[from] item: Electric Seed\n|move|p1a: Zamazenta|Wide Guard|p1a: Zamazenta\n|-singleturn|p1a: Zamazenta|Wide Guard\n|move|p1b: Calyrex|Astral Barrage|p2a: Zacian|[spread] p2a\n|-immune|p2b: Farigiraf\n|-damage|p2a: Zacian|1/100\n|move|p2a: Zacian|Behemoth Blade|p1b: Calyrex\n|-damage|p1b: Calyrex|7/100\n|\n|upkeep\n|turn|5\n|inactive|BrianJensVGC has 30 seconds left.\n|inactive|200dollarteam has 30 seconds left.\n|\n|t:|1745947650\n|move|p1b: Calyrex|Psychic|p2b: Farigiraf\n|-resisted|p2b: Farigiraf\n|-damage|p2b: Farigiraf|56/100\n|move|p2a: Zacian|Tera Blast|p1a: Zamazenta|[anim] Tera Blast Ground\n|-supereffective|p1a: Zamazenta\n|-damage|p1a: Zamazenta|29/100\n|move|p1a: Zamazenta|Body Press|p2b: Farigiraf\n|-damage|p2b: Farigiraf|22/100\n|move|p2b: Farigiraf|Trick Room|p2b: Farigiraf\n|-fieldstart|move: Trick Room|[of] p2b: Farigiraf\n|\n|-fieldend|move: Electric Terrain\n|upkeep\n|turn|6\n|\n|t:|1745947671\n|switch|p1a: Clefairy|Clefairy, L50, M|100/100\n|move|p1b: Calyrex|Protect|p1b: Calyrex\n|-singleturn|p1b: Calyrex|Protect\n|move|p2b: Farigiraf|Foul Play|p1b: Calyrex\n|-activate|p1b: Calyrex|move: Protect\n|move|p2a: Zacian|Tera Blast|p1a: Clefairy|[anim] Tera Blast Ground\n|-damage|p1a: Clefairy|75/100\n|\n|upkeep\n|turn|7\n|\n|t:|1745947686\n|move|p1a: Clefairy|Follow Me|p1a: Clefairy\n|-singleturn|p1a: Clefairy|move: Follow Me\n|move|p2b: Farigiraf|Foul Play|p1a: Clefairy\n|-resisted|p1a: Clefairy\n|-damage|p1a: Clefairy|72/100\n|move|p2a: Zacian|Behemoth Blade|p1a: Clefairy\n|-supereffective|p1a: Clefairy\n|-damage|p1a: Clefairy|13/100\n|move|p1b: Calyrex|Psychic|p2b: Farigiraf\n|-resisted|p2b: Farigiraf\n|-crit|p2b: Farigiraf\n|-damage|p2b: Farigiraf|0 fnt\n|faint|p2b: Farigiraf\n|-ability|p1b: Calyrex|Grim Neigh|boost\n|-boost|p1b: Calyrex|spa|1\n|\n|upkeep\n|\n|t:|1745947695\n|switch|p2b: Ursaluna|Ursaluna, L50, F|100/100\n|turn|8\n|\n|t:|1745947713\n|move|p1a: Clefairy|Protect|p1a: Clefairy\n|-singleturn|p1a: Clefairy|Protect\n|move|p1b: Calyrex|Protect|p1b: Calyrex\n|-singleturn|p1b: Calyrex|Protect\n|move|p2b: Ursaluna|Substitute|p2b: Ursaluna\n|-start|p2b: Ursaluna|Substitute\n|-damage|p2b: Ursaluna|76/100\n|move|p2a: Zacian|Behemoth Blade|p1b: Calyrex\n|-activate|p1b: Calyrex|move: Protect\n|\n|-status|p2b: Ursaluna|brn|[from] item: Flame Orb\n|upkeep\n|turn|9\n|inactive|BrianJensVGC has 30 seconds left.\n|inactive|BrianJensVGC has 20 seconds left.\n|\n|t:|1745947751\n|move|p1a: Clefairy|After You|p1b: Calyrex\n|-activate|p1b: Calyrex|move: After You\n|move|p1b: Calyrex|Psychic|p2a: Zacian\n|-damage|p2a: Zacian|0 fnt\n|faint|p2a: Zacian\n|-ability|p1b: Calyrex|Grim Neigh|boost\n|-boost|p1b: Calyrex|spa|1\n|move|p2b: Ursaluna|Headlong Rush|p1b: Calyrex\n|-damage|p1b: Calyrex|0 fnt\n|-unboost|p2b: Ursaluna|def|1\n|-unboost|p2b: Ursaluna|spd|1\n|faint|p1b: Calyrex\n|\n|-damage|p2b: Ursaluna|70/100 brn|[from] brn\n|-fieldend|move: Trick Room\n|upkeep\n|\n|t:|1745947758\n|switch|p1b: Zamazenta|Zamazenta-Crowned, L50|29/100\n|switch|p2a: Miraidon|Miraidon, L50|100/100\n|-fieldstart|move: Electric Terrain|[from] ability: Hadron Engine|[of] p2a: Miraidon\n|turn|10\n|\n|t:|1745947774\n|-terastallize|p1b: Zamazenta|Dragon\n|move|p1a: Clefairy|Helping Hand|p1b: Zamazenta\n|-singleturn|p1b: Zamazenta|Helping Hand|[of] p1a: Clefairy\n|move|p2a: Miraidon|Discharge|p1a: Clefairy|[spread] p1a,p1b\n|-immune|p2b: Ursaluna\n|-resisted|p1b: Zamazenta\n|-crit|p1b: Zamazenta\n|-damage|p1a: Clefairy|0 fnt\n|-damage|p1b: Zamazenta|0 fnt\n|faint|p1a: Clefairy\n|faint|p1b: Zamazenta\n|move|p2b: Ursaluna|Headlong Rush|p1: Clefairy|[notarget]\n|-fail|p2b: Ursaluna\n|\n|-damage|p2b: Ursaluna|64/100 brn|[from] brn\n|upkeep\n|-message|BrianJensVGC forfeited.\n|raw|BrianJensVGC's rating: 1357 &rarr; <strong>1338</strong><br />(-19 for losing)\n|raw|200dollarteam's rating: 1380 &rarr; <strong>1399</strong><br />(+19 for winning)\n|\n|win|200dollarteam\n|l|\u2606BrianJensVGC\n|player|p1|\n", "uploadtime": 1745947788, "views": 47, "formatid": "gen9vgc2025regibo3", "rating": 1338, "private": 0, "password": null}