{"id": "gen9vgc2025regibo3-2354843758", "format": "[Gen 9] VGC 2025 Reg I (Bo3)", "players": ["Ziik", "laZb0nes2"], "log": "|j|\u2606Ziik\n|j|\u2606laZb0nes2\n|html|<table width=\"100%\"><tr><td align=\"left\">Ziik</td><td align=\"right\">laZb0nes2</tr><tr><td align=\"left\"><i class=\"fa fa-circle\"></i> <i class=\"fa fa-circle-o\"></i> </td><td align=\"right\"><i class=\"fa fa-circle-o\"></i> <i class=\"fa fa-circle-o\"></i> </tr></table>\n|uhtml|bestof|<h2><strong>Game 2</strong> of <a href=\"/game-bestof3-gen9vgc2025regibo3-2354837178\">a best-of-3</a></h2>\n|t:|1746124622\n|gametype|doubles\n|player|p1|Ziik|psychic|1100\n|player|p2|laZb0nes2|waiter-gen4|1117\n|teamsize|p1|6\n|teamsize|p2|6\n|gen|9\n|tier|[Gen 9] VGC 2025 Reg I (Bo3)\n|rated|\n|rule|Species Clause: Limit one of each Pok\u00e9mon\n|rule|Item Clause: Limit 1 of each item\n|clearpoke\n|poke|p1|Gouging Fire, L50|\n|poke|p1|Koraidon, L50|\n|poke|p1|Chien-Pao, L50|\n|poke|p1|Flutter Mane, L50|\n|poke|p1|Lunala, L50|\n|poke|p1|Whimsicott, L50, F|\n|poke|p2|Zacian-*, L50|\n|poke|p2|Kyogre, L50|\n|poke|p2|Tornadus, L50, M|\n|poke|p2|Amoonguss, L50, M|\n|poke|p2|Incineroar, L50, F|\n|poke|p2|Urshifu-*, L50, F|\n|teampreview|4\n|showteam|p1|Gouging Fire||ClearAmulet|Protosynthesis|BurningBulwark,Howl,Crunch,FlareBlitz||||||50|,,,,,Fairy]Koraidon||LifeOrb|OrichalcumPulse|Protect,BreakingSwipe,FlareBlitz,CloseCombat||||||50|,,,,,Fire]Chien-Pao||FocusSash|SwordofRuin|Protect,SuckerPunch,SacredSword,IceSpinner||||||50|,,,,,Ghost]Flutter Mane||BoosterEnergy|Protosynthesis|Protect,IcyWind,Moonblast,Taunt||||||50|,,,,,Normal]Lunala||PowerHerb|ShadowShield|MeteorBeam,MoongeistBeam,ExpandingForce,WideGuard||||||50|,,,,,Fairy]Whimsicott||CovertCloak|Prankster|Tailwind,LightScreen,Encore,Moonblast|||F|||50|,,,,,Dark\n|showteam|p2|Zacian-Crowned||RustedSword|IntrepidSword|behemothblade,PlayRough,Substitute,Protect||||||50|,,,,,Fairy]Kyogre||MysticWater|Drizzle|WaterSpout,OriginPulse,IceBeam,Protect||||||50|,,,,,Grass]Tornadus||CovertCloak|Prankster|BleakwindStorm,Tailwind,RainDance,Taunt|||M|||50|,,,,,Dark]Amoonguss||RockyHelmet|Regenerator|PollenPuff,Spore,RagePowder,Protect|||M|||50|,,,,,Steel]Incineroar||SafetyGoggles|Intimidate|KnockOff,FakeOut,WillOWisp,PartingShot|||F|||50|,,,,,Water]Urshifu-Rapid-Strike||ChoiceScarf|UnseenFist|SurgingStrikes,CloseCombat,AquaJet,Uturn|||F|||50|,,,,,Ghost\n|inactive|Battle timer is ON: inactive players will automatically lose when time's up. (requested by Ziik)\n|\n|t:|1746124646\n|start\n|switch|p1a: Gouging Fire|Gouging Fire, L50|100/100\n|switch|p1b: Koraidon|Koraidon, L50|100/100\n|switch|p2a: Kyogre|Kyogre, L50|100/100\n|switch|p2b: Tornadus|Tornadus, L50, M|100/100\n|-weather|SunnyDay|[from] ability: Orichalcum Pulse|[of] p1b: Koraidon\n|-activate|p1a: Gouging Fire|ability: Protosynthesis\n|-start|p1a: Gouging Fire|protosynthesisspe\n|-activate|p1b: Koraidon|Orichalcum Pulse|[source]\n|-weather|RainDance|[from] ability: Drizzle|[of] p2a: Kyogre\n|-end|p1a: Gouging Fire|Protosynthesis\n|turn|1\n|inactive|laZb0nes2 has 30 seconds left.\n|\n|t:|1746124676\n|switch|p1b: Whimsicott|Whimsicott, L50, F|100/100\n|move|p1a: Gouging Fire|Burning Bulwark|p1a: Gouging Fire\n|-singleturn|p1a: Gouging Fire|move: Protect\n|move|p2b: Tornadus|Tailwind|p2b: Tornadus\n|-sidestart|p2: laZb0nes2|move: Tailwind\n|move|p2a: Kyogre|Water Spout|p1a: Gouging Fire|[spread] p1b\n|-activate|p1a: Gouging Fire|move: Protect\n|-resisted|p1b: Whimsicott\n|-damage|p1b: Whimsicott|24/100\n|\n|-weather|RainDance|[upkeep]\n|upkeep\n|turn|2\n|inactive|laZb0nes2 has 30 seconds left.\n|\n|t:|1746124704\n|switch|p2b: Incineroar|Incineroar, L50, F|100/100\n|-ability|p2b: Incineroar|Intimidate|boost\n|-fail|p1a: Gouging Fire|unboost|[from] item: Clear Amulet|[of] p1a: Gouging Fire\n|-unboost|p1b: Whimsicott|atk|1\n|-end|p1a: Gouging Fire|Protosynthesis|[silent]\n|switch|p1a: Lunala|Lunala, L50|100/100\n|move|p1b: Whimsicott|Tailwind|p1b: Whimsicott\n|-sidestart|p1: Ziik|move: Tailwind\n|move|p2a: Kyogre|Ice Beam|p1b: Whimsicott\n|-supereffective|p1b: Whimsicott\n|-damage|p1b: Whimsicott|0 fnt\n|faint|p1b: Whimsicott\n|\n|-weather|RainDance|[upkeep]\n|upkeep\n|\n|t:|1746124717\n|switch|p1b: Koraidon|Koraidon, L50|100/100\n|-weather|SunnyDay|[from] ability: Orichalcum Pulse|[of] p1b: Koraidon\n|-activate|p1b: Koraidon|Orichalcum Pulse|[source]\n|turn|3\n|inactive|laZb0nes2 has 30 seconds left.\n|inactive|laZb0nes2 has 20 seconds left.\n|inactive|laZb0nes2 has 15 seconds left.\n|\n|t:|1746124761\n|switch|p2b: Zacian|Zacian-Crowned, L50|100/100\n|-ability|p2b: Zacian|Intrepid Sword|boost\n|-boost|p2b: Zacian|atk|1\n|move|p1b: Koraidon|Protect|p1b: Koraidon\n|-singleturn|p1b: Koraidon|Protect\n|move|p2a: Kyogre|Protect|p2a: Kyogre\n|-singleturn|p2a: Kyogre|Protect\n|move|p1a: Lunala|Meteor Beam||[still]\n|-prepare|p1a: Lunala|Meteor Beam\n|-boost|p1a: Lunala|spa|1\n|-enditem|p1a: Lunala|Power Herb\n|-anim|p1a: Lunala|Meteor Beam|p2b: Zacian\n|-resisted|p2b: Zacian\n|-damage|p2b: Zacian|77/100\n|\n|-weather|SunnyDay|[upkeep]\n|upkeep\n|turn|4\n|inactive|Ziik has 30 seconds left.\n|inactive|laZb0nes2 has 30 seconds left.\n|inactive|laZb0nes2 has 20 seconds left.\n|inactive|laZb0nes2 has 15 seconds left.\n|inactive|laZb0nes2 has 10 seconds left.\n|inactive|laZb0nes2 has 5 seconds left.\n|\n|t:|1746124814\n|switch|p2a: Incineroar|Incineroar, L50, F|100/100\n|-ability|p2a: Incineroar|Intimidate|boost\n|-unboost|p1a: Lunala|atk|1\n|-unboost|p1b: Koraidon|atk|1\n|-terastallize|p1b: Koraidon|Fire\n|move|p1b: Koraidon|Close Combat|p2a: Incineroar\n|-supereffective|p2a: Incineroar\n|-damage|p2a: Incineroar|0 fnt\n|-unboost|p1b: Koraidon|def|1\n|-unboost|p1b: Koraidon|spd|1\n|faint|p2a: Incineroar\n|-damage|p1b: Koraidon|91/100|[from] item: Life Orb\n|move|p2b: Zacian|Substitute|p2b: Zacian\n|-start|p2b: Zacian|Substitute\n|-damage|p2b: Zacian|52/100\n|move|p1a: Lunala|Moongeist Beam|p2b: Zacian\n|-end|p2b: Zacian|Substitute\n|\n|-weather|SunnyDay|[upkeep]\n|-sideend|p2: laZb0nes2|move: Tailwind\n|upkeep\n|inactive|laZb0nes2 has 30 seconds left.\n|\n|t:|1746124842\n|switch|p2a: Tornadus|Tornadus, L50, M|100/100\n|turn|5\n|\n|t:|1746124856\n|move|p2b: Zacian|Protect|p2b: Zacian\n|-singleturn|p2b: Zacian|Protect\n|move|p2a: Tornadus|Rain Dance|p2a: Tornadus\n|-weather|RainDance\n|move|p1b: Koraidon|Close Combat|p2b: Zacian\n|-activate|p2b: Zacian|move: Protect\n|move|p1a: Lunala|Moongeist Beam|p2a: Tornadus\n|-damage|p2a: Tornadus|21/100\n|\n|-weather|RainDance|[upkeep]\n|-sideend|p1: Ziik|move: Tailwind\n|upkeep\n|turn|6\n|inactive|laZb0nes2 has 30 seconds left.\n|inactive|laZb0nes2 has 20 seconds left.\n|inactive|laZb0nes2 has 15 seconds left.\n|inactive|laZb0nes2 has 10 seconds left.\n|inactive|laZb0nes2 has 5 seconds left.\n|\n|t:|1746124906\n|move|p1b: Koraidon|Protect|p1b: Koraidon\n|-singleturn|p1b: Koraidon|Protect\n|move|p2a: Tornadus|Tailwind|p2a: Tornadus\n|-sidestart|p2: laZb0nes2|move: Tailwind\n|move|p2b: Zacian|Substitute|p2b: Zacian\n|-start|p2b: Zacian|Substitute\n|-damage|p2b: Zacian|27/100\n|move|p1a: Lunala|Moongeist Beam|p2a: Tornadus\n|-damage|p2a: Tornadus|0 fnt\n|faint|p2a: Tornadus\n|\n|-weather|RainDance|[upkeep]\n|upkeep\n|\n|t:|1746124919\n|switch|p2a: Kyogre|Kyogre, L50|100/100\n|turn|7\n|\n|t:|1746124940\n|-terastallize|p2b: Zacian|Fairy\n|move|p1a: Lunala|Wide Guard|p1a: Lunala\n|-singleturn|p1a: Lunala|Wide Guard\n|move|p2b: Zacian|Play Rough|p1a: Lunala\n|-damage|p1a: Lunala|66/100\n|move|p2a: Kyogre|Ice Beam|p1a: Lunala\n|-damage|p1a: Lunala|44/100\n|move|p1b: Koraidon|Close Combat|p2a: Kyogre\n|-damage|p2a: Kyogre|52/100\n|-unboost|p1b: Koraidon|def|1\n|-unboost|p1b: Koraidon|spd|1\n|-damage|p1b: Koraidon|81/100|[from] item: Life Orb\n|\n|-weather|RainDance|[upkeep]\n|upkeep\n|turn|8\n|inactive|Ziik has 30 seconds left.\n|\n|t:|1746124970\n|switch|p1b: Gouging Fire|Gouging Fire, L50|100/100\n|move|p2a: Kyogre|Protect|p2a: Kyogre\n|-singleturn|p2a: Kyogre|Protect\n|move|p2b: Zacian|Play Rough|p1a: Lunala\n|-damage|p1a: Lunala|0 fnt\n|faint|p1a: Lunala\n|\n|-weather|RainDance|[upkeep]\n|upkeep\n|\n|t:|1746124980\n|switch|p1a: Koraidon|Koraidon, L50, tera:Fire|81/100\n|-weather|SunnyDay|[from] ability: Orichalcum Pulse|[of] p1a: Koraidon\n|-activate|p1b: Gouging Fire|ability: Protosynthesis\n|-start|p1b: Gouging Fire|protosynthesisspe\n|-activate|p1a: Koraidon|Orichalcum Pulse|[source]\n|turn|9\n|inactive|laZb0nes2 has 30 seconds left.\n|\n|t:|1746125013\n|move|p1b: Gouging Fire|Burning Bulwark|p1b: Gouging Fire\n|-singleturn|p1b: Gouging Fire|move: Protect\n|move|p1a: Koraidon|Protect|p1a: Koraidon\n|-singleturn|p1a: Koraidon|Protect\n|move|p2b: Zacian|Play Rough|p1b: Gouging Fire\n|-activate|p1b: Gouging Fire|move: Protect\n|-status|p2b: Zacian|brn\n|move|p2a: Kyogre|Water Spout|p1a: Koraidon|[spread] \n|-activate|p1a: Koraidon|move: Protect\n|-activate|p1b: Gouging Fire|move: Protect\n|\n|-weather|SunnyDay|[upkeep]\n|-damage|p2b: Zacian|21/100 brn|[from] brn\n|-sideend|p2: laZb0nes2|move: Tailwind\n|upkeep\n|turn|10\n|c|\u2606laZb0nes2|ggs!\n|-message|laZb0nes2 forfeited.\n|\n|win|Ziik\n|raw|Ziik's rating: 1100 &rarr; <strong>1126</strong><br />(+26 for winning)\n|raw|laZb0nes2's rating: 1117 &rarr; <strong>1091</strong><br />(-26 for losing)\n|l|\u2606laZb0nes2\n|player|p2|\n|c|\u2606Ziik|gg\n", "uploadtime": 1746125047, "views": 7, "formatid": "gen9vgc2025regibo3", "rating": 1091, "private": 0, "password": null}