{"id": "gen9vgc2025regibo3-2354297031", "format": "[Gen 9] VGC 2025 Reg I (Bo3)", "players": ["breakingsparkz", "zinger9707"], "log": "|j|\u2606breakingsparkz\n|j|\u2606zinger9707\n|html|<table width=\"100%\"><tr><td align=\"left\">breakingsparkz</td><td align=\"right\">zinger9707</tr><tr><td align=\"left\"><i class=\"fa fa-circle-o\"></i> <i class=\"fa fa-circle-o\"></i> </td><td align=\"right\"><i class=\"fa fa-circle-o\"></i> <i class=\"fa fa-circle-o\"></i> </tr></table>\n|uhtml|bestof|<h2><strong>Game 1</strong> of <a href=\"/game-bestof3-gen9vgc2025regibo3-2354297030\">a best-of-3</a></h2>\n|t:|1746054267\n|gametype|doubles\n|player|p1|breakingsparkz|benga|1200\n|player|p2|zinger9707|1|1149\n|teamsize|p1|6\n|teamsize|p2|6\n|gen|9\n|tier|[Gen 9] VGC 2025 Reg I (Bo3)\n|rated|\n|rule|Species Clause: Limit one of each Pok\u00e9mon\n|rule|Item Clause: Limit 1 of each item\n|clearpoke\n|poke|p1|Miraidon, L50|\n|poke|p1|Lunala, L50|\n|poke|p1|Whimsicott, L50, M|\n|poke|p1|Iron Hands, L50|\n|poke|p1|Chi-Yu, L50|\n|poke|p1|Urshifu-*, L50, M|\n|poke|p2|Terapagos, L50, M|\n|poke|p2|Lugia, L50|\n|poke|p2|Comfey, L50, F|\n|poke|p2|Rillaboom, L50, F|\n|poke|p2|Amoonguss, L50, M|\n|poke|p2|Incineroar, L50, F|\n|teampreview|4\n|showteam|p1|Miraidon||ChoiceSpecs|HadronEngine|ElectroDrift,VoltSwitch,DracoMeteor,DazzlingGleam||||||50|,,,,,Fairy]Lunala||ElectricSeed|ShadowShield|MoongeistBeam,Psyshock,TrickRoom,WideGuard||||||50|,,,,,Water]Whimsicott||CovertCloak|Prankster|Moonblast,Tailwind,Encore,LightScreen|||M|||50|,,,,,Dark]Iron Hands||AssaultVest|QuarkDrive|DrainPunch,LowKick,WildCharge,FakeOut||||||50|,,,,,Bug]Chi-Yu||ChoiceScarf|BeadsofRuin|HeatWave,DarkPulse,Overheat,Snarl||||||50|,,,,,Ghost]Urshifu-Rapid-Strike||FocusSash|UnseenFist|SurgingStrikes,CloseCombat,AquaJet,Detect|||M|||50|,,,,,Stellar\n|showteam|p2|Terapagos||Leftovers|TeraShift|TeraStarstorm,EarthPower,CalmMind,Protect|||M|||50|,,,,,Stellar]Lugia||CovertCloak|Multiscale|Aeroblast,EarthPower,PsychUp,Protect||||||50|,,,,,Fairy]Comfey||SitrusBerry|Triage|FloralHealing,TrickRoom,DrainingKiss,Protect|||F|||50|,,,,,Water]Rillaboom||AssaultVest|GrassySurge|WoodHammer,GrassyGlide,FakeOut,Uturn|||F|||50|,,,,,Fire]Amoonguss||RockyHelmet|Regenerator|PollenPuff,Spore,RagePowder,Toxic|||M|||50|,,,,,Water]Incineroar||SafetyGoggles|Intimidate|KnockOff,PartingShot,WillOWisp,FakeOut|||F|||50|,,,,,Bug\n|inactive|Battle timer is ON: inactive players will automatically lose when time's up. (requested by breakingsparkz)\n|j| WoomyInverso\n|inactive|zinger9707 has 60 seconds left.\n|\n|t:|1746054310\n|start\n|switch|p1a: Lunala|Lunala, L50|100/100\n|switch|p1b: Iron Hands|Iron Hands, L50|100/100\n|switch|p2a: Terapagos|Terapagos, L50, M|100/100\n|switch|p2b: Incineroar|Incineroar, L50, F|100/100\n|-activate|p2a: Terapagos|ability: Tera Shift\n|detailschange|p2a: Terapagos|Terapagos-Terastal, L50, M\n|-heal|p2a: Terapagos|100/100|[silent]\n|-ability|p2b: Incineroar|Intimidate|boost\n|-unboost|p1a: Lunala|atk|1\n|-unboost|p1b: Iron Hands|atk|1\n|turn|1\n|\n|t:|1746054332\n|switch|p1a: Chi-Yu|Chi-Yu, L50|100/100\n|-ability|p1a: Chi-Yu|Beads of Ruin\n|move|p1b: Iron Hands|Fake Out|p2a: Terapagos\n|-activate|p2a: Terapagos|ability: Tera Shell\n|-resisted|p2a: Terapagos\n|-damage|p2a: Terapagos|97/100\n|cant|p2a: Terapagos|flinch\n|move|p2b: Incineroar|Will-O-Wisp|p1b: Iron Hands\n|-status|p1b: Iron Hands|brn\n|\n|-heal|p2a: Terapagos|100/100|[from] item: Leftovers\n|-damage|p1b: Iron Hands|94/100 brn|[from] brn\n|upkeep\n|turn|2\n|inactive|zinger9707 has 30 seconds left.\n|\n|t:|1746054364\n|-end|p1b: Iron Hands|Quark Drive|[silent]\n|switch|p1b: Miraidon|Miraidon, L50|100/100\n|-fieldstart|move: Electric Terrain|[from] ability: Hadron Engine|[of] p1b: Miraidon\n|move|p1a: Chi-Yu|Snarl|p2a: Terapagos|[spread] p2a,p2b\n|-activate|p2a: Terapagos|ability: Tera Shell\n|-resisted|p2a: Terapagos\n|-resisted|p2b: Incineroar\n|-damage|p2a: Terapagos|88/100\n|-damage|p2b: Incineroar|88/100\n|-unboost|p2a: Terapagos|spa|1\n|-unboost|p2b: Incineroar|spa|1\n|move|p2a: Terapagos|Calm Mind|p2a: Terapagos\n|-boost|p2a: Terapagos|spa|1\n|-boost|p2a: Terapagos|spd|1\n|move|p2b: Incineroar|Knock Off|p1a: Chi-Yu\n|-resisted|p1a: Chi-Yu\n|-damage|p1a: Chi-Yu|70/100\n|-enditem|p1a: Chi-Yu|Choice Scarf|[from] move: Knock Off|[of] p2b: Incineroar\n|\n|-heal|p2a: Terapagos|94/100|[from] item: Leftovers\n|upkeep\n|turn|3\n|inactive|zinger9707 has 30 seconds left.\n|\n|t:|1746054394\n|switch|p2b: Rillaboom|Rillaboom, L50, F|100/100\n|-fieldstart|move: Grassy Terrain|[from] ability: Grassy Surge|[of] p2b: Rillaboom\n|move|p2a: Terapagos|Protect|p2a: Terapagos\n|-singleturn|p2a: Terapagos|Protect\n|move|p1b: Miraidon|Electro Drift|p2b: Rillaboom\n|-resisted|p2b: Rillaboom\n|-damage|p2b: Rillaboom|70/100\n|move|p1a: Chi-Yu|Snarl|p2a: Terapagos|[spread] p2b\n|-activate|p2a: Terapagos|move: Protect\n|-damage|p2b: Rillaboom|50/100\n|-unboost|p2b: Rillaboom|spa|1\n|\n|-heal|p1a: Chi-Yu|77/100|[from] Grassy Terrain\n|-heal|p2a: Terapagos|100/100|[from] Grassy Terrain\n|-heal|p2b: Rillaboom|56/100|[from] Grassy Terrain\n|upkeep\n|turn|4\n|inactive|zinger9707 has 30 seconds left.\n|\n|t:|1746054426\n|switch|p1b: Iron Hands|Iron Hands, L50|94/100 brn\n|-terastallize|p1a: Chi-Yu|Ghost\n|move|p2b: Rillaboom|Fake Out|p1a: Chi-Yu\n|-immune|p1a: Chi-Yu\n|move|p1a: Chi-Yu|Snarl|p2b: Rillaboom|[spread] p2a,p2b\n|-activate|p2a: Terapagos|ability: Tera Shell\n|-resisted|p2a: Terapagos\n|-damage|p2a: Terapagos|93/100\n|-damage|p2b: Rillaboom|34/100\n|-unboost|p2a: Terapagos|spa|1\n|-unboost|p2b: Rillaboom|spa|1\n|move|p2a: Terapagos|Calm Mind|p2a: Terapagos\n|-boost|p2a: Terapagos|spa|1\n|-boost|p2a: Terapagos|spd|1\n|\n|-heal|p1a: Chi-Yu|83/100|[from] Grassy Terrain\n|-heal|p2a: Terapagos|99/100|[from] Grassy Terrain\n|-heal|p2a: Terapagos|100/100|[from] item: Leftovers\n|-heal|p2b: Rillaboom|40/100|[from] Grassy Terrain\n|-heal|p1b: Iron Hands|100/100 brn|[from] Grassy Terrain\n|-damage|p1b: Iron Hands|94/100 brn|[from] brn\n|upkeep\n|turn|5\n|inactive|zinger9707 has 30 seconds left.\n|\n|t:|1746054457\n|switch|p2b: Incineroar|Incineroar, L50, F|88/100\n|-ability|p2b: Incineroar|Intimidate|boost\n|-unboost|p1a: Chi-Yu|atk|1\n|-unboost|p1b: Iron Hands|atk|1\n|move|p2a: Terapagos|Protect|p2a: Terapagos\n|-singleturn|p2a: Terapagos|Protect\n|move|p1a: Chi-Yu|Snarl|p2b: Incineroar|[spread] p2b\n|-activate|p2a: Terapagos|move: Protect\n|-resisted|p2b: Incineroar\n|-damage|p2b: Incineroar|76/100\n|-unboost|p2b: Incineroar|spa|1\n|move|p1b: Iron Hands|Low Kick|p2b: Incineroar\n|-supereffective|p2b: Incineroar\n|-damage|p2b: Incineroar|49/100\n|\n|-heal|p1a: Chi-Yu|89/100|[from] Grassy Terrain\n|-heal|p2b: Incineroar|55/100|[from] Grassy Terrain\n|-heal|p1b: Iron Hands|100/100 brn|[from] Grassy Terrain\n|-damage|p1b: Iron Hands|94/100 brn|[from] brn\n|upkeep\n|turn|6\n|inactive|zinger9707 has 30 seconds left.\n|inactive|zinger9707 has 20 seconds left.\n|inactive|zinger9707 has 15 seconds left.\n|\n|t:|1746054497\n|move|p1a: Chi-Yu|Snarl|p2b: Incineroar|[spread] p2a,p2b\n|-activate|p2a: Terapagos|ability: Tera Shell\n|-resisted|p2a: Terapagos\n|-resisted|p2b: Incineroar\n|-damage|p2a: Terapagos|94/100\n|-damage|p2b: Incineroar|43/100\n|-unboost|p2a: Terapagos|spa|1\n|-unboost|p2b: Incineroar|spa|1\n|move|p2a: Terapagos|Earth Power|p1b: Iron Hands\n|-supereffective|p1b: Iron Hands\n|-damage|p1b: Iron Hands|71/100 brn\n|move|p2b: Incineroar|Knock Off|p1a: Chi-Yu\n|-supereffective|p1a: Chi-Yu\n|-damage|p1a: Chi-Yu|10/100\n|move|p1b: Iron Hands|Low Kick|p2a: Terapagos\n|-supereffective|p2a: Terapagos\n|-damage|p2a: Terapagos|85/100\n|\n|-heal|p1a: Chi-Yu|17/100|[from] Grassy Terrain\n|-heal|p2a: Terapagos|91/100|[from] Grassy Terrain\n|-heal|p2a: Terapagos|97/100|[from] item: Leftovers\n|-heal|p2b: Incineroar|49/100|[from] Grassy Terrain\n|-heal|p1b: Iron Hands|77/100 brn|[from] Grassy Terrain\n|-damage|p1b: Iron Hands|71/100 brn|[from] brn\n|upkeep\n|turn|7\n|inactive|zinger9707 has 30 seconds left.\n|inactive|zinger9707 has 20 seconds left.\n|\n|t:|1746054533\n|move|p1a: Chi-Yu|Snarl|p2b: Incineroar|[spread] p2a,p2b\n|-resisted|p2b: Incineroar\n|-damage|p2a: Terapagos|86/100\n|-damage|p2b: Incineroar|37/100\n|-unboost|p2a: Terapagos|spa|1\n|-unboost|p2b: Incineroar|spa|1\n|move|p2a: Terapagos|Calm Mind|p2a: Terapagos\n|-boost|p2a: Terapagos|spa|1\n|-boost|p2a: Terapagos|spd|1\n|move|p2b: Incineroar|Knock Off|p1a: Chi-Yu\n|-supereffective|p1a: Chi-Yu\n|-damage|p1a: Chi-Yu|0 fnt\n|faint|p1a: Chi-Yu\n|move|p1b: Iron Hands|Drain Punch|p2a: Terapagos\n|-supereffective|p2a: Terapagos\n|-damage|p2a: Terapagos|65/100\n|-heal|p1b: Iron Hands|79/100 brn|[from] drain|[of] p2a: Terapagos\n|\n|-heal|p2a: Terapagos|71/100|[from] Grassy Terrain\n|-heal|p2a: Terapagos|78/100|[from] item: Leftovers\n|-heal|p2b: Incineroar|43/100|[from] Grassy Terrain\n|-heal|p1b: Iron Hands|85/100 brn|[from] Grassy Terrain\n|-damage|p1b: Iron Hands|79/100 brn|[from] brn\n|-fieldend|move: Grassy Terrain\n|upkeep\n|\n|t:|1746054546\n|switch|p1a: Miraidon|Miraidon, L50|100/100\n|-fieldstart|move: Electric Terrain|[from] ability: Hadron Engine|[of] p1a: Miraidon\n|-activate|p1b: Iron Hands|ability: Quark Drive\n|-start|p1b: Iron Hands|quarkdriveatk\n|turn|8\n|inactive|zinger9707 has 30 seconds left.\n|inactive|zinger9707 has 20 seconds left.\n|\n|t:|1746054583\n|switch|p2b: Rillaboom|Rillaboom, L50, F|40/100\n|-fieldstart|move: Grassy Terrain|[from] ability: Grassy Surge|[of] p2b: Rillaboom\n|-end|p1b: Iron Hands|Quark Drive\n|move|p2a: Terapagos|Protect|p2a: Terapagos\n|-singleturn|p2a: Terapagos|Protect\n|move|p1a: Miraidon|Electro Drift|p2b: Rillaboom\n|-resisted|p2b: Rillaboom\n|-damage|p2b: Rillaboom|15/100\n|move|p1b: Iron Hands|Drain Punch|p2b: Rillaboom\n|-damage|p2b: Rillaboom|1/100\n|-heal|p1b: Iron Hands|85/100 brn|[from] drain|[of] p2b: Rillaboom\n|\n|-heal|p2a: Terapagos|84/100|[from] Grassy Terrain\n|-heal|p2a: Terapagos|90/100|[from] item: Leftovers\n|-heal|p2b: Rillaboom|7/100|[from] Grassy Terrain\n|-heal|p1b: Iron Hands|91/100 brn|[from] Grassy Terrain\n|-damage|p1b: Iron Hands|85/100 brn|[from] brn\n|upkeep\n|turn|9\n|\n|t:|1746054606\n|switch|p1a: Lunala|Lunala, L50|100/100\n|switch|p2b: Incineroar|Incineroar, L50, F|43/100\n|-ability|p2b: Incineroar|Intimidate|boost\n|-unboost|p1a: Lunala|atk|1\n|-unboost|p1b: Iron Hands|atk|1\n|move|p2a: Terapagos|Calm Mind|p2a: Terapagos\n|-boost|p2a: Terapagos|spa|1\n|-boost|p2a: Terapagos|spd|1\n|move|p1b: Iron Hands|Drain Punch|p2b: Incineroar\n|-supereffective|p2b: Incineroar\n|-damage|p2b: Incineroar|24/100\n|-heal|p1b: Iron Hands|92/100 brn|[from] drain|[of] p2b: Incineroar\n|\n|-heal|p2a: Terapagos|96/100|[from] Grassy Terrain\n|-heal|p2a: Terapagos|100/100|[from] item: Leftovers\n|-heal|p2b: Incineroar|30/100|[from] Grassy Terrain\n|-heal|p1b: Iron Hands|99/100 brn|[from] Grassy Terrain\n|-damage|p1b: Iron Hands|92/100 brn|[from] brn\n|upkeep\n|turn|10\n|inactive|zinger9707 has 30 seconds left.\n|inactive|zinger9707 has 20 seconds left.\n|\n|t:|1746054644\n|switch|p2b: Lugia|Lugia, L50|100/100\n|-end|p1b: Iron Hands|Quark Drive|[silent]\n|switch|p1b: Miraidon|Miraidon, L50|100/100\n|-fieldstart|move: Electric Terrain|[from] ability: Hadron Engine|[of] p1b: Miraidon\n|-enditem|p1a: Lunala|Electric Seed\n|-boost|p1a: Lunala|def|1|[from] item: Electric Seed\n|move|p1a: Lunala|Psyshock|p2a: Terapagos\n|-activate|p2a: Terapagos|ability: Tera Shell\n|-resisted|p2a: Terapagos\n|-damage|p2a: Terapagos|85/100\n|move|p2a: Terapagos|Calm Mind|p2a: Terapagos\n|-boost|p2a: Terapagos|spa|1\n|-boost|p2a: Terapagos|spd|1\n|\n|-heal|p2a: Terapagos|92/100|[from] item: Leftovers\n|upkeep\n|turn|11\n|\n|t:|1746054667\n|move|p2b: Lugia|Protect|p2b: Lugia\n|-singleturn|p2b: Lugia|Protect\n|move|p1a: Lunala|Wide Guard|p1a: Lunala\n|-singleturn|p1a: Lunala|Wide Guard\n|move|p1b: Miraidon|Electro Drift|p2a: Terapagos\n|-damage|p2a: Terapagos|60/100\n|move|p2a: Terapagos|Calm Mind|p2a: Terapagos\n|-boost|p2a: Terapagos|spa|1\n|-boost|p2a: Terapagos|spd|1\n|\n|-heal|p2a: Terapagos|66/100|[from] item: Leftovers\n|upkeep\n|turn|12\n|\n|t:|1746054690\n|switch|p2b: Rillaboom|Rillaboom, L50, F|7/100\n|-fieldstart|move: Grassy Terrain|[from] ability: Grassy Surge|[of] p2b: Rillaboom\n|move|p2a: Terapagos|Protect|p2a: Terapagos\n|-singleturn|p2a: Terapagos|Protect\n|move|p1b: Miraidon|Electro Drift|p2b: Rillaboom\n|-resisted|p2b: Rillaboom\n|-damage|p2b: Rillaboom|0 fnt\n|faint|p2b: Rillaboom\n|move|p1a: Lunala|Moongeist Beam|p2a: Terapagos\n|-activate|p2a: Terapagos|move: Protect\n|\n|-heal|p2a: Terapagos|72/100|[from] Grassy Terrain\n|-heal|p2a: Terapagos|79/100|[from] item: Leftovers\n|upkeep\n|\n|t:|1746054712\n|switch|p2b: Lugia|Lugia, L50|100/100\n|turn|13\n|\n|t:|1746054735\n|move|p2b: Lugia|Protect|p2b: Lugia\n|-singleturn|p2b: Lugia|Protect\n|move|p1b: Miraidon|Electro Drift|p2a: Terapagos\n|-damage|p2a: Terapagos|60/100\n|move|p1a: Lunala|Psyshock|p2a: Terapagos\n|-damage|p2a: Terapagos|25/100\n|move|p2a: Terapagos|Earth Power|p1b: Miraidon\n|-supereffective|p1b: Miraidon\n|-damage|p1b: Miraidon|14/100\n|\n|-heal|p1b: Miraidon|20/100|[from] Grassy Terrain\n|-heal|p2a: Terapagos|32/100|[from] Grassy Terrain\n|-heal|p2a: Terapagos|38/100|[from] item: Leftovers\n|upkeep\n|turn|14\n|inactive|zinger9707 has 30 seconds left.\n|inactive|zinger9707 has 20 seconds left.\n|inactive|zinger9707 has 15 seconds left.\n|inactive|zinger9707 has 10 seconds left.\n|\n|t:|1746054764\n|-terastallize|p2a: Terapagos|Stellar\n|detailschange|p2a: Terapagos|Terapagos-Stellar, L50, M, tera:Stellar\n|-heal|p2a: Terapagos|54/100|[silent]\n|-ability|p2a: Terapagos|Teraform Zero\n|-fieldend|move: Grassy Terrain\n|move|p2a: Terapagos|Protect|p2a: Terapagos\n|-singleturn|p2a: Terapagos|Protect\n|move|p1b: Miraidon|Electro Drift|p2b: Lugia\n|-supereffective|p2b: Lugia\n|-damage|p2b: Lugia|40/100\n|move|p2b: Lugia|Psych Up|p2a: Terapagos\n|-copyboost|p2b: Lugia|p2a: Terapagos|[from] move: Psych Up\n|move|p1a: Lunala|Moongeist Beam|p2b: Lugia\n|-supereffective|p2b: Lugia\n|-damage|p2b: Lugia|23/100\n|\n|-heal|p2a: Terapagos|60/100|[from] item: Leftovers\n|upkeep\n|turn|15\n|inactive|zinger9707 has 10 seconds left this turn.\n|inactive|zinger9707 has 5 seconds left.\n|-message|zinger9707 lost due to inactivity.\n|\n|win|breakingsparkz\n||breakingsparkz is ready for game 2.\n|inactive|zinger9707 has 30 seconds to confirm battle start!\n|l| WoomyInverso\n|l|\u2606zinger9707\n|player|p2|\n|inactive|zinger9707 has 20 seconds to confirm battle start!\n|raw|breakingsparkz's rating: 1200 &rarr; <strong>1221</strong><br />(+21 for winning)\n|raw|zinger9707's rating: 1149 &rarr; <strong>1128</strong><br />(-21 for losing)\n|l|\u2606breakingsparkz\n|player|p1|\n", "uploadtime": 1746055037, "views": 7, "formatid": "gen9vgc2025regibo3", "rating": 1128, "private": 0, "password": null}