{"id": "gen9vgc2025regibo3-2354532018", "format": "[Gen 9] VGC 2025 Reg I (Bo3)", "players": ["Totalstorm", "elyx_1"], "log": "|j|\u2606Totalstorm\n|j|\u2606elyx_1\n|html|<table width=\"100%\"><tr><td align=\"left\">Totalstorm</td><td align=\"right\">elyx_1</tr><tr><td align=\"left\"><i class=\"fa fa-circle-o\"></i> <i class=\"fa fa-circle-o\"></i> </td><td align=\"right\"><i class=\"fa fa-circle-o\"></i> <i class=\"fa fa-circle-o\"></i> </tr></table>\n|uhtml|bestof|<h2><strong>Game 1</strong> of <a href=\"/game-bestof3-gen9vgc2025regibo3-2354532017\">a best-of-3</a></h2>\n|t:|1746089123\n|gametype|doubles\n|player|p1|Totalstorm|1|1167\n|player|p2|elyx_1|1|1248\n|teamsize|p1|6\n|teamsize|p2|6\n|gen|9\n|tier|[Gen 9] VGC 2025 Reg I (Bo3)\n|rated|\n|rule|Species Clause: Limit one of each Pok\u00e9mon\n|rule|Item Clause: Limit 1 of each item\n|clearpoke\n|poke|p1|Calyrex-Shadow, L50|\n|poke|p1|Chi-Yu, L50|\n|poke|p1|Miraidon, L50|\n|poke|p1|Whimsicott, L50, F|\n|poke|p1|Incineroar, L50, F|\n|poke|p1|Ninetales-Alola, L50, F|\n|poke|p2|Zamazenta-*, L50|\n|poke|p2|Calyrex-Shadow, L50|\n|poke|p2|Tornadus, L50, M|\n|poke|p2|Urshifu-*, L50, F|\n|poke|p2|Rillaboom, L50, M|\n|poke|p2|Chien-Pao, L50|\n|teampreview|4\n|showteam|p1|Calyrex-Shadow||LifeOrb|AsOneSpectrier|Protect,AstralBarrage,Psychic,TeraBlast||||||50|,,,,,Fighting]Chi-Yu||ChoiceScarf|BeadsofRuin|HeatWave,DarkPulse,Psychic,Ruination||||||50|,,,,,Ghost]Miraidon||ChoiceSpecs|HadronEngine|VoltSwitch,ElectroDrift,DracoMeteor,DazzlingGleam||||||50|,,,,,Fairy]Whimsicott||CovertCloak|Prankster|Moonblast,Tailwind,Encore,FakeTears|||F|||50|,,,,,Steel]Incineroar||RockyHelmet|Intimidate|Protect,KnockOff,FakeOut,PartingShot|||F|||50|,,,,,Flying]Ninetales-Alola||LightClay|SnowWarning|Protect,AuroraVeil,IcyWind,HelpingHand|||F|||50|,,,,,Ice\n|showteam|p2|Zamazenta-Crowned||RustedShield|DauntlessShield|BodyPress,HeavySlam,WideGuard,Protect||||||50|,,,,,Ghost]Calyrex-Shadow||FocusSash|AsOneSpectrier|AstralBarrage,Psychic,Encore,Protect||||||50|,,,,,Ghost]Tornadus||RockyHelmet|Prankster|BleakwindStorm,Tailwind,RainDance,Protect|||M|||50|,,,,,Dark]Urshifu-Rapid-Strike||MysticWater|UnseenFist|SurgingStrikes,CloseCombat,AquaJet,Detect|||F|||50|,,,,,Water]Rillaboom||AssaultVest|GrassySurge|WoodHammer,GrassyGlide,Uturn,FakeOut|||M|||50|,,,,,Fire]Chien-Pao||LifeOrb|SwordofRuin|SuckerPunch,IceSpinner,IceShard,Protect||||||50|,,,,,Stellar\n|inactive|Battle timer is ON: inactive players will automatically lose when time's up. (requested by elyx_1)\n|inactive|Totalstorm has 60 seconds left.\n|\n|t:|1746089167\n|start\n|switch|p1a: Chi-Yu|Chi-Yu, L50|100/100\n|switch|p1b: Whimsicott|Whimsicott, L50, F|100/100\n|switch|p2a: Zamazenta|Zamazenta-Crowned, L50|100/100\n|switch|p2b: Chien-Pao|Chien-Pao, L50|100/100\n|-ability|p1a: Chi-Yu|Beads of Ruin\n|-ability|p2b: Chien-Pao|Sword of Ruin\n|-ability|p2a: Zamazenta|Dauntless Shield|boost\n|-boost|p2a: Zamazenta|def|1\n|turn|1\n|inactive|Totalstorm has 30 seconds left.\n|inactive|elyx_1 has 30 seconds left.\n|inactive|Totalstorm has 20 seconds left.\n|inactive|elyx_1 has 20 seconds left.\n|inactive|Totalstorm has 15 seconds left.\n|inactive|elyx_1 has 15 seconds left.\n|inactive|Totalstorm has 10 seconds left.\n|inactive|elyx_1 has 10 seconds left.\n|\n|t:|1746089216\n|-terastallize|p2a: Zamazenta|Ghost\n|move|p2b: Chien-Pao|Protect|p2b: Chien-Pao\n|-singleturn|p2b: Chien-Pao|Protect\n|move|p1a: Chi-Yu|Ruination|p2a: Zamazenta\n|-damage|p2a: Zamazenta|51/100\n|move|p1b: Whimsicott|Moonblast|p2b: Chien-Pao\n|-activate|p2b: Chien-Pao|move: Protect\n|move|p2a: Zamazenta|Body Press|p1a: Chi-Yu\n|-supereffective|p1a: Chi-Yu\n|-damage|p1a: Chi-Yu|0 fnt\n|faint|p1a: Chi-Yu\n|\n|upkeep\n|\n|t:|1746089234\n|switch|p1a: Miraidon|Miraidon, L50|100/100\n|-fieldstart|move: Electric Terrain|[from] ability: Hadron Engine|[of] p1a: Miraidon\n|turn|2\n|inactive|elyx_1 has 30 seconds left.\n|inactive|elyx_1 has 20 seconds left.\n|inactive|elyx_1 has 15 seconds left.\n|\n|t:|1746089275\n|switch|p2b: Rillaboom|Rillaboom, L50, M|100/100\n|-fieldstart|move: Grassy Terrain|[from] ability: Grassy Surge|[of] p2b: Rillaboom\n|move|p2a: Zamazenta|Protect|p2a: Zamazenta\n|-singleturn|p2a: Zamazenta|Protect\n|move|p1b: Whimsicott|Tailwind|p1b: Whimsicott\n|-sidestart|p1: Totalstorm|move: Tailwind\n|move|p1a: Miraidon|Dazzling Gleam|p2a: Zamazenta|[spread] p2b\n|-activate|p2a: Zamazenta|move: Protect\n|-crit|p2b: Rillaboom\n|-damage|p2b: Rillaboom|72/100\n|\n|-heal|p2a: Zamazenta|57/100|[from] Grassy Terrain\n|-heal|p2b: Rillaboom|78/100|[from] Grassy Terrain\n|upkeep\n|turn|3\n|\n|t:|1746089300\n|switch|p1a: Calyrex|Calyrex-Shadow, L50|100/100\n|-ability|p1a: Calyrex|As One\n|-ability|p1a: Calyrex|Unnerve\n|switch|p2a: Chien-Pao|Chien-Pao, L50|100/100\n|-ability|p2a: Chien-Pao|Sword of Ruin\n|move|p2b: Rillaboom|Fake Out|p1a: Calyrex\n|-immune|p1a: Calyrex\n|move|p1b: Whimsicott|Encore|p2a: Chien-Pao\n|-hint|Since gen 7, Dark is immune to Prankster moves.\n|-immune|p2a: Chien-Pao\n|\n|-heal|p2b: Rillaboom|84/100|[from] Grassy Terrain\n|upkeep\n|turn|4\n|inactive|Totalstorm has 30 seconds left.\n|inactive|elyx_1 has 30 seconds left.\n|inactive|elyx_1 has 20 seconds left.\n|inactive|elyx_1 has 15 seconds left.\n|inactive|elyx_1 has 10 seconds left.\n|\n|t:|1746089345\n|switch|p1b: Miraidon|Miraidon, L50|100/100\n|-fieldstart|move: Electric Terrain|[from] ability: Hadron Engine|[of] p1b: Miraidon\n|-terastallize|p1a: Calyrex|Fighting\n|move|p1a: Calyrex|Tera Blast|p2a: Chien-Pao|[anim] Tera Blast Fighting\n|-supereffective|p2a: Chien-Pao\n|-damage|p2a: Chien-Pao|0 fnt\n|faint|p2a: Chien-Pao\n|-ability|p1a: Calyrex|Grim Neigh|boost\n|-boost|p1a: Calyrex|spa|1\n|-damage|p1a: Calyrex|91/100|[from] item: Life Orb\n|move|p2b: Rillaboom|U-turn|p1a: Calyrex\n|-resisted|p1a: Calyrex\n|-damage|p1a: Calyrex|78/100\n|\n|t:|1746089364\n|switch|p2b: Calyrex|Calyrex-Shadow, L50|100/100|[from] U-turn\n|-ability|p2b: Calyrex|As One\n|-ability|p2b: Calyrex|Unnerve\n|\n|upkeep\n|\n|t:|1746089371\n|switch|p2a: Rillaboom|Rillaboom, L50, M|84/100\n|-fieldstart|move: Grassy Terrain|[from] ability: Grassy Surge|[of] p2a: Rillaboom\n|turn|5\n|\n|t:|1746089387\n|switch|p1b: Whimsicott|Whimsicott, L50, F|100/100\n|move|p2a: Rillaboom|Fake Out|p1b: Whimsicott\n|-damage|p1b: Whimsicott|81/100\n|move|p1a: Calyrex|Astral Barrage|p2a: Rillaboom|[spread] p2a,p2b\n|-supereffective|p2b: Calyrex\n|-damage|p2a: Rillaboom|21/100\n|-enditem|p2b: Calyrex|Focus Sash\n|-damage|p2b: Calyrex|1/100\n|-damage|p1a: Calyrex|68/100|[from] item: Life Orb\n|move|p2b: Calyrex|Astral Barrage|p1b: Whimsicott|[spread] p1a,p1b\n|-damage|p1a: Calyrex|16/100\n|-damage|p1b: Whimsicott|11/100\n|\n|-heal|p1a: Calyrex|22/100|[from] Grassy Terrain\n|-heal|p1b: Whimsicott|17/100|[from] Grassy Terrain\n|-heal|p2b: Calyrex|7/100|[from] Grassy Terrain\n|-heal|p2a: Rillaboom|27/100|[from] Grassy Terrain\n|-sideend|p1: Totalstorm|move: Tailwind\n|upkeep\n|turn|6\n|inactive|elyx_1 has 30 seconds left.\n|inactive|elyx_1 has 20 seconds left.\n|inactive|elyx_1 has 15 seconds left.\n|\n|t:|1746089428\n|move|p1b: Whimsicott|Tailwind|p1b: Whimsicott\n|-sidestart|p1: Totalstorm|move: Tailwind\n|move|p2a: Rillaboom|Grassy Glide|p1b: Whimsicott\n|-resisted|p1b: Whimsicott\n|-damage|p1b: Whimsicott|0 fnt\n|faint|p1b: Whimsicott\n|move|p1a: Calyrex|Astral Barrage|p2b: Calyrex|[spread] p2a,p2b\n|-supereffective|p2b: Calyrex\n|-damage|p2a: Rillaboom|0 fnt\n|-damage|p2b: Calyrex|0 fnt\n|faint|p2a: Rillaboom\n|faint|p2b: Calyrex\n|-ability|p1a: Calyrex|Grim Neigh|boost\n|-boost|p1a: Calyrex|spa|2\n|-damage|p1a: Calyrex|12/100|[from] item: Life Orb\n|\n|-heal|p1a: Calyrex|18/100|[from] Grassy Terrain\n|upkeep\n|-message|elyx_1 forfeited.\n|\n|win|Totalstorm\n|l|\u2606elyx_1\n|player|p2|\n||elyx_1 is ready for game 2.\n||Totalstorm is ready for game 2.\n|uhtml|next|Next: <a href=\"/battle-gen9vgc2025regibo3-2354533663\"><strong>Game 2 of 3</strong></a>\n|l|\u2606Totalstorm\n|player|p1|\n", "uploadtime": 1746089749, "views": 12, "formatid": "gen9vgc2025regibo3", "rating": null, "private": 0, "password": null}