{"id": "gen9vgc2025regibo3-2354604060", "format": "[Gen 9] VGC 2025 Reg I (Bo3)", "players": ["Carlitos Alcazar", "aviles0036"], "log": "|j|\u2606Carlitos Alcazar\n|j|\u2606aviles0036\n|html|<table width=\"100%\"><tr><td align=\"left\">Carlitos Alcazar</td><td align=\"right\">aviles0036</tr><tr><td align=\"left\"><i class=\"fa fa-circle\"></i> <i class=\"fa fa-circle-o\"></i> </td><td align=\"right\"><i class=\"fa fa-circle-o\"></i> <i class=\"fa fa-circle\"></i> </tr></table>\n|uhtml|bestof|<h2><strong>Game 3</strong> of <a href=\"/game-bestof3-gen9vgc2025regibo3-2354599642\">a best-of-3</a></h2>\n|t:|1746101642\n|gametype|doubles\n|player|p1|Carlitos Alcazar|roughneck|1215\n|player|p2|aviles0036|noland-gen3|1129\n|teamsize|p1|6\n|teamsize|p2|6\n|gen|9\n|tier|[Gen 9] VGC 2025 Reg I (Bo3)\n|rated|\n|rule|Species Clause: Limit one of each Pok\u00e9mon\n|rule|Item Clause: Limit 1 of each item\n|clearpoke\n|poke|p1|Miraidon, L50|\n|poke|p1|Calyrex-Ice, L50|\n|poke|p1|Whimsicott, L50, F|\n|poke|p1|Ogerpon-Hearthflame, L50, F|\n|poke|p1|Farigiraf, L50, F|\n|poke|p1|Iron Hands, L50|\n|poke|p2|Terapagos, L50, M|\n|poke|p2|Incineroar, L50, M|\n|poke|p2|Ogerpon-Cornerstone, L50, F|\n|poke|p2|Urshifu-*, L50, F|\n|poke|p2|Calyrex-Shadow, L50|\n|poke|p2|Rillaboom, L50, M|\n|teampreview|4\n|showteam|p1|Miraidon||ChoiceSpecs|HadronEngine|ElectroDrift,DracoMeteor,VoltSwitch,DazzlingGleam||||||50|,,,,,Fairy]Calyrex-Ice||ClearAmulet|AsOneGlastrier|GlacialLance,HighHorsepower,TrickRoom,Protect||||||50|,,,,,Water]Whimsicott||CovertCloak|Prankster|Moonblast,Tailwind,LightScreen,Encore|||F|||50|,,,,,Dark]Ogerpon-Hearthflame||HearthflameMask|MoldBreaker|IvyCudgel,WoodHammer,FollowMe,SpikyShield|||F|||50|,,,,,Fire]Farigiraf||ElectricSeed|ArmorTail|FoulPlay,PsychicNoise,TrickRoom,HelpingHand|||F|||50|,,,,,Water]Iron Hands||AssaultVest|QuarkDrive|DrainPunch,WildCharge,HeavySlam,FakeOut||||||50|,,,,,Water\n|showteam|p2|Terapagos||Leftovers|TeraShift|TeraStarstorm,Protect,EarthPower,CalmMind|||M|||50|,,,,,Stellar]Incineroar||RockyHelmet|Intimidate|KnockOff,FakeOut,WillOWisp,PartingShot|||M|||50|,,,,,Ghost]Ogerpon-Cornerstone||CornerstoneMask|Sturdy|IvyCudgel,PowerWhip,SpikyShield,FollowMe|||F|||50|,,,,,Rock]Urshifu-Rapid-Strike||MysticWater|UnseenFist|SurgingStrikes,CloseCombat,Taunt,Protect|||F|||50|,,,,,Stellar]Calyrex-Shadow||FocusSash|AsOneSpectrier|AstralBarrage,Encore,PollenPuff,Protect||||||50|,,,,,Dark]Rillaboom||AssaultVest|GrassySurge|FakeOut,WoodHammer,Uturn,GrassyGlide|||M|||50|,,,,,Water\n|inactive|Battle timer is ON: inactive players will automatically lose when time's up. (requested by aviles0036)\n|inactive|Carlitos Alcazar has 60 seconds left.\n|\n|t:|1746101692\n|start\n|switch|p1a: Miraidon|Miraidon, L50|100/100\n|switch|p1b: Ogerpon|Ogerpon-Hearthflame, L50, F|100/100\n|switch|p2a: Terapagos|Terapagos, L50, M|100/100\n|switch|p2b: Rillaboom|Rillaboom, L50, M|100/100\n|-activate|p2a: Terapagos|ability: Tera Shift\n|detailschange|p2a: Terapagos|Terapagos-Terastal, L50, M\n|-heal|p2a: Terapagos|100/100|[silent]\n|-fieldstart|move: Electric Terrain|[from] ability: Hadron Engine|[of] p1a: Miraidon\n|-ability|p1b: Ogerpon|Mold Breaker\n|-fieldstart|move: Grassy Terrain|[from] ability: Grassy Surge|[of] p2b: Rillaboom\n|turn|1\n|inactive|Carlitos Alcazar has 30 seconds left.\n|\n|t:|1746101721\n|switch|p1a: Whimsicott|Whimsicott, L50, F|100/100\n|switch|p2b: Incineroar|Incineroar, L50, M|100/100\n|-ability|p2b: Incineroar|Intimidate|boost\n|-unboost|p1a: Whimsicott|atk|1\n|-unboost|p1b: Ogerpon|atk|1\n|move|p1b: Ogerpon|Spiky Shield|p1b: Ogerpon\n|-singleturn|p1b: Ogerpon|move: Protect\n|move|p2a: Terapagos|Protect||[still]\n|-fail|p2a: Terapagos\n|\n|upkeep\n|turn|2\n|inactive|Carlitos Alcazar has 30 seconds left.\n|inactive|Carlitos Alcazar has 20 seconds left.\n|inactive|Carlitos Alcazar has 15 seconds left.\n|inactive|Carlitos Alcazar has 10 seconds left.\n|\n|t:|1746101770\n|switch|p1b: Miraidon|Miraidon, L50|100/100\n|-fieldstart|move: Electric Terrain|[from] ability: Hadron Engine|[of] p1b: Miraidon\n|move|p1a: Whimsicott|Encore|p2a: Terapagos\n|-start|p2a: Terapagos|Encore\n|move|p2a: Terapagos|Protect|p2a: Terapagos\n|-singleturn|p2a: Terapagos|Protect\n|move|p2b: Incineroar|Parting Shot|p1b: Miraidon\n|-unboost|p1b: Miraidon|atk|1\n|-unboost|p1b: Miraidon|spa|1\n|\n|t:|1746101776\n|switch|p2b: Rillaboom|Rillaboom, L50, M|100/100|[from] Parting Shot\n|-fieldstart|move: Grassy Terrain|[from] ability: Grassy Surge|[of] p2b: Rillaboom\n|\n|upkeep\n|turn|3\n|\n|t:|1746101796\n|switch|p1b: Ogerpon|Ogerpon-Hearthflame, L50, F|100/100\n|-ability|p1b: Ogerpon|Mold Breaker\n|switch|p2a: Incineroar|Incineroar, L50, M|100/100\n|-ability|p2a: Incineroar|Intimidate|boost\n|-unboost|p1a: Whimsicott|atk|1\n|-unboost|p1b: Ogerpon|atk|1\n|move|p1a: Whimsicott|Light Screen|p1a: Whimsicott\n|-sidestart|p1: Carlitos Alcazar|move: Light Screen\n|move|p2b: Rillaboom|U-turn|p1a: Whimsicott\n|-damage|p1a: Whimsicott|69/100\n|\n|t:|1746101807\n|switch|p2b: Terapagos|Terapagos-Terastal, L50, M|100/100|[from] U-turn\n|\n|-heal|p1a: Whimsicott|75/100|[from] Grassy Terrain\n|upkeep\n|turn|4\n|inactive|Carlitos Alcazar has 30 seconds left.\n|\n|t:|1746101836\n|-terastallize|p1b: Ogerpon|Fire\n|detailschange|p1b: Ogerpon|Ogerpon-Hearthflame-Tera, L50, F, tera:Fire\n|-ability|p1b: Ogerpon|Embody Aspect (Hearthflame)|boost\n|-boost|p1b: Ogerpon|atk|1\n|move|p1a: Whimsicott|Tailwind|p1a: Whimsicott\n|-sidestart|p1: Carlitos Alcazar|move: Tailwind\n|move|p1b: Ogerpon|Ivy Cudgel|p2b: Terapagos|[anim] Ivy Cudgel Fire\n|-activate|p2b: Terapagos|ability: Tera Shell\n|-resisted|p2b: Terapagos\n|-crit|p2b: Terapagos\n|-damage|p2b: Terapagos|65/100\n|move|p2b: Terapagos|Tera Starstorm|p1a: Whimsicott\n|-damage|p1a: Whimsicott|37/100\n|move|p2a: Incineroar|Knock Off|p1a: Whimsicott\n|-resisted|p1a: Whimsicott\n|-damage|p1a: Whimsicott|13/100\n|-enditem|p1a: Whimsicott|Covert Cloak|[from] move: Knock Off|[of] p2a: Incineroar\n|\n|-heal|p1a: Whimsicott|19/100|[from] Grassy Terrain\n|-heal|p2b: Terapagos|71/100|[from] Grassy Terrain\n|-heal|p2b: Terapagos|78/100|[from] item: Leftovers\n|upkeep\n|turn|5\n|inactive|Carlitos Alcazar has 30 seconds left.\n|inactive|Carlitos Alcazar has 20 seconds left.\n|\n|t:|1746101872\n|switch|p1a: Miraidon|Miraidon, L50|100/100\n|-fieldstart|move: Electric Terrain|[from] ability: Hadron Engine|[of] p1a: Miraidon\n|move|p2b: Terapagos|Protect|p2b: Terapagos\n|-singleturn|p2b: Terapagos|Protect\n|move|p1b: Ogerpon|Ivy Cudgel|p2b: Terapagos|[anim] Ivy Cudgel Fire\n|-activate|p2b: Terapagos|move: Protect\n|move|p2a: Incineroar|Parting Shot|p1b: Ogerpon\n|-unboost|p1b: Ogerpon|atk|1\n|-unboost|p1b: Ogerpon|spa|1\n|\n|t:|1746101880\n|switch|p2a: Rillaboom|Rillaboom, L50, M|100/100|[from] Parting Shot\n|-fieldstart|move: Grassy Terrain|[from] ability: Grassy Surge|[of] p2a: Rillaboom\n|\n|-heal|p2b: Terapagos|84/100|[from] Grassy Terrain\n|-heal|p2b: Terapagos|90/100|[from] item: Leftovers\n|upkeep\n|turn|6\n|inactive|Carlitos Alcazar has 30 seconds left.\n|\n|t:|1746101906\n|switch|p2a: Incineroar|Incineroar, L50, M|100/100\n|-ability|p2a: Incineroar|Intimidate|boost\n|-unboost|p1a: Miraidon|atk|1\n|-unboost|p1b: Ogerpon|atk|1\n|move|p2b: Terapagos|Protect|p2b: Terapagos\n|-singleturn|p2b: Terapagos|Protect\n|move|p1a: Miraidon|Volt Switch|p2b: Terapagos\n|-activate|p2b: Terapagos|move: Protect\n|move|p1b: Ogerpon|Ivy Cudgel|p2b: Terapagos|[anim] Ivy Cudgel Fire\n|-activate|p2b: Terapagos|move: Protect\n|\n|-heal|p2b: Terapagos|96/100|[from] Grassy Terrain\n|-heal|p2b: Terapagos|100/100|[from] item: Leftovers\n|upkeep\n|turn|7\n|\n|t:|1746101928\n|-terastallize|p2b: Terapagos|Stellar\n|detailschange|p2b: Terapagos|Terapagos-Stellar, L50, M, tera:Stellar\n|-heal|p2b: Terapagos|100/100|[silent]\n|-ability|p2b: Terapagos|Teraform Zero\n|-fieldend|move: Grassy Terrain\n|move|p1a: Miraidon|Volt Switch|p2b: Terapagos\n|-damage|p2b: Terapagos|58/100\n|\n|t:|1746101944\n|switch|p1a: Calyrex|Calyrex-Ice, L50|100/100|[from] Volt Switch\n|-ability|p1a: Calyrex|As One\n|-ability|p1a: Calyrex|Unnerve\n|move|p1b: Ogerpon|Ivy Cudgel|p2b: Terapagos|[anim] Ivy Cudgel Fire\n|-damage|p2b: Terapagos|40/100\n|move|p2b: Terapagos|Tera Starstorm|p1b: Ogerpon|[spread] p1a,p1b\n|-supereffective|p1b: Ogerpon\n|-damage|p1a: Calyrex|85/100\n|-damage|p1b: Ogerpon|60/100\n|move|p2a: Incineroar|Will-O-Wisp|p1a: Calyrex\n|-status|p1a: Calyrex|brn\n|\n|-heal|p2b: Terapagos|46/100|[from] item: Leftovers\n|-damage|p1a: Calyrex|79/100 brn|[from] brn\n|-sideend|p1: Carlitos Alcazar|move: Light Screen\n|-sideend|p1: Carlitos Alcazar|move: Tailwind\n|upkeep\n|turn|8\n|inactive|Carlitos Alcazar has 30 seconds left.\n|\n|t:|1746101972\n|switch|p1b: Miraidon|Miraidon, L50|100/100\n|-fieldstart|move: Electric Terrain|[from] ability: Hadron Engine|[of] p1b: Miraidon\n|move|p2b: Terapagos|Tera Starstorm|p1a: Calyrex|[spread] p1a,p1b\n|-damage|p1a: Calyrex|55/100 brn\n|-damage|p1b: Miraidon|71/100\n|move|p1a: Calyrex|High Horsepower|p2a: Incineroar\n|-supereffective|p2a: Incineroar\n|-damage|p2a: Incineroar|69/100\n|-damage|p1a: Calyrex|39/100 brn|[from] item: Rocky Helmet|[of] p2a: Incineroar\n|move|p2a: Incineroar|Knock Off|p1a: Calyrex\n|-supereffective|p1a: Calyrex\n|-damage|p1a: Calyrex|0 fnt\n|-enditem|p1a: Calyrex|Clear Amulet|[from] move: Knock Off|[of] p2a: Incineroar\n|faint|p1a: Calyrex\n|\n|-heal|p2b: Terapagos|53/100|[from] item: Leftovers\n|upkeep\n|\n|t:|1746101989\n|switch|p1a: Ogerpon|Ogerpon-Hearthflame-Tera, L50, F, tera:Fire|60/100\n|-ability|p1a: Ogerpon|Embody Aspect (Hearthflame)|boost\n|-boost|p1a: Ogerpon|atk|1\n|turn|9\n|\n|t:|1746102008\n|switch|p2a: Rillaboom|Rillaboom, L50, M|100/100\n|-fieldstart|move: Grassy Terrain|[from] ability: Grassy Surge|[of] p2a: Rillaboom\n|move|p2b: Terapagos|Protect|p2b: Terapagos\n|-singleturn|p2b: Terapagos|Protect\n|move|p1b: Miraidon|Volt Switch|p2a: Rillaboom\n|-resisted|p2a: Rillaboom\n|-damage|p2a: Rillaboom|79/100\n|\n|t:|1746102017\n|switch|p1b: Whimsicott|Whimsicott, L50, F|19/100|[from] Volt Switch\n|move|p1a: Ogerpon|Ivy Cudgel|p2a: Rillaboom|[anim] Ivy Cudgel Fire\n|-supereffective|p2a: Rillaboom\n|-damage|p2a: Rillaboom|0 fnt\n|faint|p2a: Rillaboom\n|\n|-heal|p1b: Whimsicott|25/100|[from] Grassy Terrain\n|-heal|p1a: Ogerpon|66/100|[from] Grassy Terrain\n|-heal|p2b: Terapagos|59/100|[from] Grassy Terrain\n|-heal|p2b: Terapagos|65/100|[from] item: Leftovers\n|upkeep\n|\n|t:|1746102021\n|switch|p2a: Incineroar|Incineroar, L50, M|69/100\n|-ability|p2a: Incineroar|Intimidate|boost\n|-unboost|p1a: Ogerpon|atk|1\n|-unboost|p1b: Whimsicott|atk|1\n|turn|10\n|inactive|Carlitos Alcazar has 30 seconds left.\n|\n|t:|1746102051\n|move|p1b: Whimsicott|Encore|p2b: Terapagos\n|-start|p2b: Terapagos|Encore\n|move|p1a: Ogerpon|Ivy Cudgel|p2b: Terapagos|[anim] Ivy Cudgel Fire\n|-damage|p2b: Terapagos|27/100\n|move|p2b: Terapagos|Protect||[still]\n|-fail|p2b: Terapagos\n|move|p2a: Incineroar|Parting Shot|p1a: Ogerpon\n|-unboost|p1a: Ogerpon|atk|1\n|-unboost|p1a: Ogerpon|spa|1\n|\n|t:|1746102059\n|switch|p2a: Calyrex|Calyrex-Shadow, L50|100/100|[from] Parting Shot\n|-ability|p2a: Calyrex|As One\n|-ability|p2a: Calyrex|Unnerve\n|\n|-heal|p1b: Whimsicott|31/100|[from] Grassy Terrain\n|-heal|p1a: Ogerpon|72/100|[from] Grassy Terrain\n|-heal|p2b: Terapagos|33/100|[from] Grassy Terrain\n|-heal|p2b: Terapagos|39/100|[from] item: Leftovers\n|upkeep\n|turn|11\n|inactive|Carlitos Alcazar has 30 seconds left.\n|\n|t:|1746102094\n|switch|p2b: Incineroar|Incineroar, L50, M|69/100\n|-ability|p2b: Incineroar|Intimidate|boost\n|-unboost|p1a: Ogerpon|atk|1\n|-unboost|p1b: Whimsicott|atk|1\n|move|p1b: Whimsicott|Tailwind|p1b: Whimsicott\n|-sidestart|p1: Carlitos Alcazar|move: Tailwind\n|move|p1a: Ogerpon|Wood Hammer|p2a: Calyrex\n|-damage|p2a: Calyrex|56/100\n|-damage|p1a: Ogerpon|57/100|[from] Recoil\n|move|p2a: Calyrex|Astral Barrage|p1b: Whimsicott|[spread] p1a,p1b\n|-damage|p1a: Ogerpon|5/100\n|-damage|p1b: Whimsicott|0 fnt\n|faint|p1b: Whimsicott\n|-ability|p2a: Calyrex|Grim Neigh|boost\n|-boost|p2a: Calyrex|spa|1\n|\n|-heal|p1a: Ogerpon|11/100|[from] Grassy Terrain\n|-heal|p2a: Calyrex|62/100|[from] Grassy Terrain\n|-heal|p2b: Incineroar|75/100|[from] Grassy Terrain\n|upkeep\n|\n|t:|1746102111\n|switch|p1b: Miraidon|Miraidon, L50|71/100\n|-fieldstart|move: Electric Terrain|[from] ability: Hadron Engine|[of] p1b: Miraidon\n|turn|12\n|\n|t:|1746102134\n|move|p2b: Incineroar|Fake Out|p1b: Miraidon\n|-damage|p1b: Miraidon|60/100\n|move|p1a: Ogerpon|Follow Me|p1a: Ogerpon\n|-singleturn|p1a: Ogerpon|move: Follow Me\n|cant|p1b: Miraidon|flinch\n|move|p2a: Calyrex|Astral Barrage|p1a: Ogerpon|[spread] p1a,p1b\n|-damage|p1a: Ogerpon|0 fnt\n|-damage|p1b: Miraidon|0 fnt\n|faint|p1a: Ogerpon\n|faint|p1b: Miraidon\n|\n|win|aviles0036\n|raw|Carlitos Alcazar's rating: 1215 &rarr; <strong>1184</strong><br />(-31 for losing)\n|raw|aviles0036's rating: 1129 &rarr; <strong>1160</strong><br />(+31 for winning)\n|c|\u2606aviles0036|pls no crit\n|c|\u2606aviles0036|wp\n|l|\u2606aviles0036\n|player|p2|\n", "uploadtime": 1746102202, "views": 11, "formatid": "gen9vgc2025regibo3", "rating": 1160, "private": 0, "password": null}