{"id": "gen9vgc2025regibo3-2353483106", "format": "[Gen 9] VGC 2025 Reg I (Bo3)", "players": ["LunaSunChris", "MHSS21"], "log": "|j|\u2606LunaSunChris\n|j|\u2606MHSS21\n|html|<table width=\"100%\"><tr><td align=\"left\">LunaSunChris</td><td align=\"right\">MHSS21</tr><tr><td align=\"left\"><i class=\"fa fa-circle\"></i> <i class=\"fa fa-circle-o\"></i> </td><td align=\"right\"><i class=\"fa fa-circle-o\"></i> <i class=\"fa fa-circle\"></i> </tr></table>\n|uhtml|bestof|<h2><strong>Game 3</strong> of <a href=\"/game-bestof3-gen9vgc2025regibo3-2353475071\">a best-of-3</a></h2>\n|t:|1745960144\n|gametype|doubles\n|player|p1|LunaSunChris|rood|1220\n|player|p2|MHSS21|dawn|1117\n|teamsize|p1|6\n|teamsize|p2|6\n|gen|9\n|tier|[Gen 9] VGC 2025 Reg I (Bo3)\n|rated|\n|rule|Species Clause: Limit one of each Pok\u00e9mon\n|rule|Item Clause: Limit 1 of each item\n|clearpoke\n|poke|p1|Groudon, L50|\n|poke|p1|Lunala, L50|\n|poke|p1|Incineroar, L50, F|\n|poke|p1|Ogerpon-Hearthflame, L50, F|\n|poke|p1|Walking Wake, L50|\n|poke|p1|Rillaboom, L50, M|\n|poke|p2|Kyogre, L50|\n|poke|p2|Calyrex-Shadow, L50|\n|poke|p2|Incineroar, L50, M|\n|poke|p2|Rillaboom, L50, M|\n|poke|p2|Urshifu-*, L50, M|\n|poke|p2|Roaring Moon, L50|\n|teampreview|4\n|showteam|p1|Groudon||ClearAmulet|Drought|PrecipiceBlades,HeatCrash,StompingTantrum,Protect||||||50|,,,,,Fire]Lunala||PowerHerb|ShadowShield|MoongeistBeam,MeteorBeam,WideGuard,TrickRoom||||||50|,,,,,Fairy]Incineroar||SafetyGoggles|Intimidate|KnockOff,FakeOut,FlareBlitz,PartingShot|||F|||50|,,,,,Ghost]Ogerpon-Hearthflame||HearthflameMask|MoldBreaker|IvyCudgel,WoodHammer,FollowMe,SpikyShield|||F|||50|,,,,,Fire]Walking Wake||LifeOrb|Protosynthesis|WeatherBall,HydroSteam,DracoMeteor,Protect||||||50|,,,,,Fire]Rillaboom||AssaultVest|GrassySurge|FakeOut,GrassyGlide,Uturn,WoodHammer|||M|||50|,,,,,Fire\n|showteam|p2|Kyogre||MysticWater|Drizzle|Protect,WaterSpout,OriginPulse,IceBeam||||||50|,,,,,Grass]Calyrex-Shadow||LifeOrb|AsOneSpectrier|Protect,AstralBarrage,Encore,Disable||||||50|,,,,,Dark]Incineroar||RockyHelmet|Intimidate|FakeOut,PartingShot,KnockOff,FlareBlitz|||M|||50|,,,,,Bug]Rillaboom||AssaultVest|GrassySurge|FakeOut,Uturn,GrassyGlide,WoodHammer|||M|||50|,,,,,Fire]Urshifu-Rapid-Strike||FocusSash|UnseenFist|Detect,SurgingStrikes,AquaJet,CloseCombat|||M|||50|,,,,,Stellar]Roaring Moon||BoosterEnergy|Protosynthesis|Protect,Tailwind,KnockOff,Acrobatics||||||50|,,,,,Flying\n|inactive|Battle timer is ON: inactive players will automatically lose when time's up. (requested by MHSS21)\n|inactive|LunaSunChris has 60 seconds left.\n|inactive|LunaSunChris has 30 seconds left.\n|\n|t:|1745960206\n|start\n|switch|p1a: Lunala|Lunala, L50|100/100\n|switch|p1b: Rillaboom|Rillaboom, L50, M|100/100\n|switch|p2a: Kyogre|Kyogre, L50, shiny|100/100\n|switch|p2b: Urshifu|Urshifu-Rapid-Strike, L50, M|100/100\n|-weather|RainDance|[from] ability: Drizzle|[of] p2a: Kyogre\n|-fieldstart|move: Grassy Terrain|[from] ability: Grassy Surge|[of] p1b: Rillaboom\n|turn|1\n|inactive|LunaSunChris has 30 seconds left.\n|inactive|LunaSunChris has 20 seconds left.\n|inactive|LunaSunChris has 15 seconds left.\n|inactive|LunaSunChris has 10 seconds left.\n|inactive|LunaSunChris has 5 seconds left.\n|\n|t:|1745960257\n|switch|p1b: Groudon|Groudon, L50|100/100\n|-weather|SunnyDay|[from] ability: Drought|[of] p1b: Groudon\n|move|p2b: Urshifu|Surging Strikes|p1a: Lunala\n|-crit|p1a: Lunala\n|-damage|p1a: Lunala|97/100\n|-crit|p1a: Lunala\n|-damage|p1a: Lunala|88/100\n|-crit|p1a: Lunala\n|-damage|p1a: Lunala|80/100\n|-hitcount|p1a: Lunala|3\n|move|p2a: Kyogre|Ice Beam|p1b: Groudon\n|-supereffective|p1b: Groudon\n|-damage|p1b: Groudon|38/100\n|move|p1a: Lunala|Trick Room|p1a: Lunala\n|-fieldstart|move: Trick Room|[of] p1a: Lunala\n|\n|-weather|SunnyDay|[upkeep]\n|-heal|p1b: Groudon|44/100|[from] Grassy Terrain\n|-heal|p1a: Lunala|87/100|[from] Grassy Terrain\n|upkeep\n|turn|2\n|inactive|MHSS21 has 30 seconds left.\n|\n|t:|1745960282\n|switch|p2a: Rillaboom|Rillaboom, L50, M, shiny|100/100\n|move|p2b: Urshifu|Detect|p2b: Urshifu\n|-singleturn|p2b: Urshifu|Protect\n|move|p1b: Groudon|Precipice Blades|p2a: Rillaboom|[spread] \n|-activate|p2b: Urshifu|move: Protect\n|-miss|p1b: Groudon|p2a: Rillaboom\n|move|p1a: Lunala|Moongeist Beam|p2a: Rillaboom\n|-damage|p2a: Rillaboom|61/100\n|\n|-weather|SunnyDay|[upkeep]\n|-heal|p2a: Rillaboom|67/100|[from] Grassy Terrain\n|-heal|p1b: Groudon|50/100|[from] Grassy Terrain\n|-heal|p1a: Lunala|93/100|[from] Grassy Terrain\n|upkeep\n|turn|3\n|inactive|LunaSunChris has 30 seconds left.\n|inactive|MHSS21 has 30 seconds left.\n|\n|t:|1745960315\n|-terastallize|p1b: Groudon|Fire\n|move|p2a: Rillaboom|Wood Hammer|p1a: Lunala\n|-damage|p1a: Lunala|28/100\n|-damage|p2a: Rillaboom|40/100|[from] Recoil\n|move|p1b: Groudon|Stomping Tantrum|p2b: Urshifu\n|-damage|p2b: Urshifu|15/100\n|move|p1a: Lunala|Meteor Beam||[still]\n|-prepare|p1a: Lunala|Meteor Beam\n|-boost|p1a: Lunala|spa|1\n|-enditem|p1a: Lunala|Power Herb\n|-anim|p1a: Lunala|Meteor Beam|p2b: Urshifu\n|-resisted|p2b: Urshifu\n|-damage|p2b: Urshifu|0 fnt\n|faint|p2b: Urshifu\n|\n|-weather|SunnyDay|[upkeep]\n|-heal|p2a: Rillaboom|46/100|[from] Grassy Terrain\n|-heal|p1b: Groudon|56/100|[from] Grassy Terrain\n|-heal|p1a: Lunala|35/100|[from] Grassy Terrain\n|upkeep\n|inactive|MHSS21 has 30 seconds left.\n|inactive|MHSS21 has 20 seconds left.\n|\n|t:|1745960352\n|switch|p2b: Calyrex|Calyrex-Shadow, L50|100/100\n|-ability|p2b: Calyrex|As One\n|-ability|p2b: Calyrex|Unnerve\n|turn|4\n|inactive|MHSS21 has 30 seconds left.\n|\n|t:|1745960382\n|move|p2b: Calyrex|Protect|p2b: Calyrex\n|-singleturn|p2b: Calyrex|Protect\n|move|p1a: Lunala|Wide Guard|p1a: Lunala\n|-singleturn|p1a: Lunala|Wide Guard\n|move|p2a: Rillaboom|Wood Hammer|p1a: Lunala\n|-damage|p1a: Lunala|0 fnt\n|faint|p1a: Lunala\n|-damage|p2a: Rillaboom|32/100|[from] Recoil\n|move|p1b: Groudon|Heat Crash|p2a: Rillaboom\n|-supereffective|p2a: Rillaboom\n|-damage|p2a: Rillaboom|0 fnt\n|faint|p2a: Rillaboom\n|\n|-weather|SunnyDay|[upkeep]\n|-heal|p1b: Groudon|62/100|[from] Grassy Terrain\n|upkeep\n|inactive|LunaSunChris has 30 seconds left.\n|inactive|LunaSunChris has 20 seconds left.\n|inactive|LunaSunChris has 15 seconds left.\n|\n|t:|1745960423\n|switch|p2a: Kyogre|Kyogre, L50, shiny|100/100\n|switch|p1a: Rillaboom|Rillaboom, L50, M|100/100\n|-weather|RainDance|[from] ability: Drizzle|[of] p2a: Kyogre\n|turn|5\n|\n|t:|1745960444\n|switch|p1b: Walking Wake|Walking Wake, L50|100/100\n|move|p2a: Kyogre|Protect|p2a: Kyogre\n|-singleturn|p2a: Kyogre|Protect\n|move|p1a: Rillaboom|Wood Hammer|p2b: Calyrex\n|-damage|p2b: Calyrex|22/100\n|-damage|p1a: Rillaboom|77/100|[from] Recoil\n|move|p2b: Calyrex|Astral Barrage|p1a: Rillaboom|[spread] p1a,p1b\n|-damage|p1a: Rillaboom|33/100\n|-damage|p1b: Walking Wake|20/100\n|-damage|p2b: Calyrex|12/100|[from] item: Life Orb\n|\n|-weather|RainDance|[upkeep]\n|-heal|p1a: Rillaboom|39/100|[from] Grassy Terrain\n|-heal|p1b: Walking Wake|26/100|[from] Grassy Terrain\n|-heal|p2b: Calyrex|18/100|[from] Grassy Terrain\n|-fieldend|move: Trick Room\n|-fieldend|move: Grassy Terrain\n|upkeep\n|turn|6\n|\n|t:|1745960468\n|switch|p1a: Groudon|Groudon, L50, tera:Fire|62/100\n|-weather|SunnyDay|[from] ability: Drought|[of] p1a: Groudon\n|-activate|p1b: Walking Wake|ability: Protosynthesis\n|-start|p1b: Walking Wake|protosynthesisspe\n|-terastallize|p2a: Kyogre|Grass\n|move|p1b: Walking Wake|Protect|p1b: Walking Wake\n|-singleturn|p1b: Walking Wake|Protect\n|move|p2b: Calyrex|Protect|p2b: Calyrex\n|-singleturn|p2b: Calyrex|Protect\n|move|p2a: Kyogre|Ice Beam|p1b: Walking Wake\n|-activate|p1b: Walking Wake|move: Protect\n|\n|-weather|SunnyDay|[upkeep]\n|upkeep\n|turn|7\n|c|\u2606MHSS21|gg\n|inactive|LunaSunChris has 30 seconds left.\n|inactive|LunaSunChris has 20 seconds left.\n|inactive|LunaSunChris has 15 seconds left.\n|inactive|LunaSunChris has 10 seconds left.\n|\n|t:|1745960513\n|move|p1b: Walking Wake|Hydro Steam|p2b: Calyrex\n|-damage|p2b: Calyrex|0 fnt\n|faint|p2b: Calyrex\n|-damage|p1b: Walking Wake|16/100|[from] item: Life Orb\n|move|p2a: Kyogre|Origin Pulse|p1b: Walking Wake|[spread] p1a,p1b\n|-supereffective|p1a: Groudon\n|-resisted|p1b: Walking Wake\n|-damage|p1a: Groudon|9/100\n|-damage|p1b: Walking Wake|8/100\n|move|p1a: Groudon|Heat Crash|p2a: Kyogre\n|-supereffective|p2a: Kyogre\n|-damage|p2a: Kyogre|3/100\n|\n|-weather|SunnyDay|[upkeep]\n|upkeep\n|turn|8\n|c|\u2606LunaSunChris|ggs\n|\n|t:|1745960530\n|move|p1b: Walking Wake|Weather Ball|p2a: Kyogre\n|-supereffective|p2a: Kyogre\n|-damage|p2a: Kyogre|0 fnt\n|faint|p2a: Kyogre\n|-damage|p1b: Walking Wake|0 fnt|[from] item: Life Orb\n|faint|p1b: Walking Wake\n|-end|p1b: Walking Wake|Protosynthesis|[silent]\n|\n|win|LunaSunChris\n|raw|LunaSunChris's rating: 1220 &rarr; <strong>1238</strong><br />(+18 for winning)\n|raw|MHSS21's rating: 1117 &rarr; <strong>1099</strong><br />(-18 for losing)\n", "uploadtime": 1745960533, "views": 33, "formatid": "gen9vgc2025regibo3", "rating": 1099, "private": 0, "password": null}