{"id": "gen9vgc2025regibo3-2354483277", "format": "[Gen 9] VGC 2025 Reg I (Bo3)", "players": ["scottedstone", "LastChanceShot"], "log": "|j|\u2606scottedstone\n|j|\u2606LastChanceShot\n|html|<table width=\"100%\"><tr><td align=\"left\">scottedstone</td><td align=\"right\">LastChanceShot</tr><tr><td align=\"left\"><i class=\"fa fa-circle\"></i> <i class=\"fa fa-circle-o\"></i> </td><td align=\"right\"><i class=\"fa fa-circle-o\"></i> <i class=\"fa fa-circle-o\"></i> </tr></table>\n|uhtml|bestof|<h2><strong>Game 2</strong> of <a href=\"/game-bestof3-gen9vgc2025regibo3-2354481731\">a best-of-3</a></h2>\n|t:|1746079160\n|gametype|doubles\n|player|p1|scottedstone|265|1227\n|player|p2|LastChanceShot|265|1010\n|teamsize|p1|6\n|teamsize|p2|6\n|gen|9\n|tier|[Gen 9] VGC 2025 Reg I (Bo3)\n|rated|\n|rule|Species Clause: Limit one of each Pok\u00e9mon\n|rule|Item Clause: Limit 1 of each item\n|clearpoke\n|poke|p1|Miraidon, L50|\n|poke|p1|Iron Hands, L50|\n|poke|p1|Farigiraf, L50, M|\n|poke|p1|Ogerpon-Hearthflame, L50, F|\n|poke|p1|Whimsicott, L50, F|\n|poke|p1|Calyrex-Ice, L50|\n|poke|p2|Chien-Pao, L50|\n|poke|p2|Indeedee-F, L50, F|\n|poke|p2|Calyrex-Shadow, L50|\n|poke|p2|Koraidon, L50|\n|poke|p2|Chi-Yu, L50|\n|poke|p2|Whimsicott, L50, F|\n|teampreview|4\n|showteam|p1|Miraidon||ChoiceSpecs|HadronEngine|ElectroDrift,VoltSwitch,DracoMeteor,DazzlingGleam||||||50|,,,,,Fairy]Iron Hands||AssaultVest|QuarkDrive|DrainPunch,HeavySlam,LowKick,FakeOut||||||50|,,,,,Water]Farigiraf||ElectricSeed|ArmorTail|TrickRoom,Psychic,HelpingHand,FoulPlay|||M|||50|,,,,,Water]Ogerpon-Hearthflame||HearthflameMask|MoldBreaker|IvyCudgel,WoodHammer,FollowMe,SpikyShield|||F|||50|,,,,,Fire]Whimsicott||CovertCloak|Prankster|Moonblast,LightScreen,Encore,Tailwind|||F|||50|,,,,,Dark]Calyrex-Ice||ClearAmulet|AsOneGlastrier|GlacialLance,Protect,TrickRoom,HighHorsepower||||||50|,,,,,Fire\n|showteam|p2|Chien-Pao||FocusSash|SwordofRuin|Protect,SuckerPunch,IcicleCrash,SacredSword||||||50|,,,,,Fighting]Indeedee-F||PsychicSeed|PsychicSurge|ShadowBall,FollowMe,TrickRoom,HelpingHand|||F|||50|,,,,,Psychic]Calyrex-Shadow||LifeOrb|AsOneSpectrier|AstralBarrage,PollenPuff,Protect,Encore||||||50|,,,,,Dark]Koraidon||ClearAmulet|OrichalcumPulse|FlareBlitz,ScaleShot,CloseCombat,Protect||||||50|,,,,,Fire]Chi-Yu||ChoiceScarf|BeadsofRuin|HeatWave,Overheat,DarkPulse,Snarl||||||50|,,,,,Dark]Whimsicott||CovertCloak|Prankster|Encore,Tailwind,Moonblast,FakeTears|||F|||50|,,,,,Grass\n|inactive|Battle timer is ON: inactive players will automatically lose when time's up. (requested by scottedstone)\n|\n|t:|1746079178\n|start\n|switch|p1a: Miraidon|Miraidon, L50|100/100\n|switch|p1b: Farigiraf|Farigiraf, L50, M|100/100\n|switch|p2a: Indeedee|Indeedee-F, L50, F|100/100\n|switch|p2b: Chi-Yu|Chi-Yu, L50|100/100\n|-ability|p2b: Chi-Yu|Beads of Ruin\n|-fieldstart|move: Electric Terrain|[from] ability: Hadron Engine|[of] p1a: Miraidon\n|-enditem|p1b: Farigiraf|Electric Seed\n|-boost|p1b: Farigiraf|def|1|[from] item: Electric Seed\n|-fieldstart|move: Psychic Terrain|[from] ability: Psychic Surge|[of] p2a: Indeedee\n|-enditem|p2a: Indeedee|Psychic Seed\n|-boost|p2a: Indeedee|spd|1|[from] item: Psychic Seed\n|turn|1\n|inactive|scottedstone has 30 seconds left.\n|\n|t:|1746079207\n|-terastallize|p1a: Miraidon|Fairy\n|move|p1b: Farigiraf|Helping Hand|p1a: Miraidon\n|-singleturn|p1a: Miraidon|Helping Hand|[of] p1b: Farigiraf\n|move|p2a: Indeedee|Follow Me|p2a: Indeedee\n|-singleturn|p2a: Indeedee|move: Follow Me\n|move|p2b: Chi-Yu|Snarl|p1b: Farigiraf|[spread] p1a,p1b\n|-resisted|p1a: Miraidon\n|-supereffective|p1b: Farigiraf\n|-damage|p1a: Miraidon|87/100\n|-damage|p1b: Farigiraf|38/100\n|-unboost|p1a: Miraidon|spa|1\n|-unboost|p1b: Farigiraf|spa|1\n|move|p1a: Miraidon|Dazzling Gleam|p2a: Indeedee|[spread] p2a,p2b\n|-damage|p2a: Indeedee|67/100\n|-damage|p2b: Chi-Yu|43/100\n|\n|upkeep\n|turn|2\n|inactive|scottedstone has 30 seconds left.\n|inactive|scottedstone has 20 seconds left.\n|inactive|scottedstone has 15 seconds left.\n|inactive|scottedstone has 10 seconds left.\n|\n|t:|1746079255\n|switch|p1a: Iron Hands|Iron Hands, L50|100/100\n|move|p2a: Indeedee|Follow Me|p2a: Indeedee\n|-singleturn|p2a: Indeedee|move: Follow Me\n|move|p2b: Chi-Yu|Snarl|p1b: Farigiraf|[spread] p1a,p1b\n|-resisted|p1a: Iron Hands\n|-supereffective|p1b: Farigiraf\n|-damage|p1a: Iron Hands|92/100\n|-damage|p1b: Farigiraf|0 fnt\n|-unboost|p1a: Iron Hands|spa|1\n|faint|p1b: Farigiraf\n|\n|upkeep\n|\n|t:|1746079275\n|switch|p1b: Calyrex|Calyrex-Ice, L50|100/100\n|-ability|p1b: Calyrex|As One\n|-ability|p1b: Calyrex|Unnerve\n|turn|3\n|\n|t:|1746079298\n|move|p2a: Indeedee|Helping Hand|p2b: Chi-Yu\n|-singleturn|p2b: Chi-Yu|Helping Hand|[of] p2a: Indeedee\n|move|p2b: Chi-Yu|Snarl|p1a: Iron Hands|[spread] p1a,p1b\n|-resisted|p1a: Iron Hands\n|-supereffective|p1b: Calyrex\n|-damage|p1a: Iron Hands|79/100\n|-damage|p1b: Calyrex|42/100\n|-unboost|p1a: Iron Hands|spa|1\n|move|p1a: Iron Hands|Drain Punch|p2b: Chi-Yu\n|-supereffective|p2b: Chi-Yu\n|-damage|p2b: Chi-Yu|0 fnt\n|-heal|p1a: Iron Hands|90/100|[from] drain|[of] p2b: Chi-Yu\n|faint|p2b: Chi-Yu\n|move|p1b: Calyrex|Trick Room|p1b: Calyrex\n|-fieldstart|move: Trick Room|[of] p1b: Calyrex\n|\n|upkeep\n|\n|t:|1746079316\n|switch|p2b: Calyrex|Calyrex-Shadow, L50|100/100\n|-ability|p2b: Calyrex|As One\n|-ability|p2b: Calyrex|Unnerve\n|turn|4\n|inactive|scottedstone has 30 seconds left.\n|inactive|LastChanceShot has 30 seconds left.\n|inactive|scottedstone has 20 seconds left.\n|\n|t:|1746079351\n|move|p2b: Calyrex|Protect|p2b: Calyrex\n|-singleturn|p2b: Calyrex|Protect\n|move|p1a: Iron Hands|Heavy Slam|p2b: Calyrex\n|-activate|p2b: Calyrex|move: Protect\n|move|p1b: Calyrex|Glacial Lance|p2b: Calyrex|[spread] p2a\n|-activate|p2b: Calyrex|move: Protect\n|-damage|p2a: Indeedee|8/100\n|move|p2a: Indeedee|Trick Room|p2a: Indeedee\n|-fieldend|move: Trick Room\n|\n|upkeep\n|turn|5\n|\n|t:|1746079371\n|switch|p1b: Miraidon|Miraidon, L50, tera:Fairy|87/100\n|-fieldstart|move: Electric Terrain|[from] ability: Hadron Engine|[of] p1b: Miraidon\n|-activate|p1a: Iron Hands|ability: Quark Drive\n|-start|p1a: Iron Hands|quarkdriveatk\n|move|p2a: Indeedee|Helping Hand|p2b: Calyrex\n|-singleturn|p2b: Calyrex|Helping Hand|[of] p2a: Indeedee\n|move|p2b: Calyrex|Astral Barrage|p1a: Iron Hands|[spread] p1a,p1b\n|-damage|p1a: Iron Hands|36/100\n|-damage|p1b: Miraidon|0 fnt\n|faint|p1b: Miraidon\n|-ability|p2b: Calyrex|Grim Neigh|boost\n|-boost|p2b: Calyrex|spa|1\n|-damage|p2b: Calyrex|91/100|[from] item: Life Orb\n|move|p1a: Iron Hands|Heavy Slam|p2b: Calyrex\n|-damage|p2b: Calyrex|17/100\n|\n|upkeep\n|\n|t:|1746079388\n|switch|p1b: Calyrex|Calyrex-Ice, L50|42/100\n|-ability|p1b: Calyrex|As One\n|-ability|p1b: Calyrex|Unnerve\n|turn|6\n|\n|t:|1746079405\n|move|p2a: Indeedee|Helping Hand|p2b: Calyrex\n|-singleturn|p2b: Calyrex|Helping Hand|[of] p2a: Indeedee\n|move|p2b: Calyrex|Astral Barrage|p1b: Calyrex|[spread] p1a,p1b\n|-supereffective|p1b: Calyrex\n|-damage|p1a: Iron Hands|0 fnt\n|-damage|p1b: Calyrex|0 fnt\n|faint|p1a: Iron Hands\n|-end|p1a: Iron Hands|Quark Drive|[silent]\n|faint|p1b: Calyrex\n|-damage|p2b: Calyrex|7/100|[from] item: Life Orb\n|\n|win|LastChanceShot\n", "uploadtime": 1746079408, "views": 10, "formatid": "gen9vgc2025regibo3", "rating": null, "private": 0, "password": null}