{"id": "gen9vgc2025regibo3-2353723830", "format": "[Gen 9] VGC 2025 Reg I (Bo3)", "players": ["cap4816", "TubbbbbyToucan"], "log": "|j|\u2606cap4816\n|j|\u2606TubbbbbyToucan\n|html|<table width=\"100%\"><tr><td align=\"left\">cap4816</td><td align=\"right\">TubbbbbyToucan</tr><tr><td align=\"left\"><i class=\"fa fa-circle-o\"></i> <i class=\"fa fa-circle-o\"></i> </td><td align=\"right\"><i class=\"fa fa-circle-o\"></i> <i class=\"fa fa-circle-o\"></i> </tr></table>\n|uhtml|bestof|<h2><strong>Game 1</strong> of <a href=\"/game-bestof3-gen9vgc2025regibo3-2353723827\">a best-of-3</a></h2>\n|t:|1745989017\n|gametype|doubles\n|player|p1|cap4816|pokekid|1101\n|player|p2|TubbbbbyToucan|169|1128\n|teamsize|p1|6\n|teamsize|p2|6\n|gen|9\n|tier|[Gen 9] VGC 2025 Reg I (Bo3)\n|rated|\n|rule|Species Clause: Limit one of each Pok\u00e9mon\n|rule|Item Clause: Limit 1 of each item\n|clearpoke\n|poke|p1|Flygon, L50, F|\n|poke|p1|Whimsicott, L50, F|\n|poke|p1|Solgaleo, L50|\n|poke|p1|Giratina, L50|\n|poke|p1|Incineroar, L50, M|\n|poke|p1|Landorus, L50, M|\n|poke|p2|Calyrex-Ice, L50|\n|poke|p2|Kyogre, L50|\n|poke|p2|Urshifu-*, L50, M|\n|poke|p2|Landorus, L50, M|\n|poke|p2|Roaring Moon, L50|\n|poke|p2|Rillaboom, L50, F|\n|teampreview|4\n|showteam|p1|Flygon||ClearAmulet|Levitate|Earthquake,ThroatChop,DragonDance,Protect|||F|||50|,,,,,Normal]Whimsicott||CovertCloak|Prankster|DazzlingGleam,Tailwind,Encore,Protect|||F|||50|,,,,,Dark]Solgaleo||WeaknessPolicy|FullMetalBody|SunsteelStrike,PsychicFangs,Earthquake,Protect||||||50|,,,,,Stellar]Giratina||Leftovers|Pressure|ShadowSneak,Poltergeist,Bulldoze,WillOWisp||||||50|,,,,,Dark]Incineroar||RockyHelmet|Intimidate|FakeOut,FlareBlitz,Snarl,PartingShot|||M|||50|,,,,,Grass]Landorus||LifeOrb|SheerForce|SandsearStorm,SludgeBomb,Taunt,Protect|||M|||50|,,,,,Ghost\n|showteam|p2|Calyrex-Ice||ClearAmulet|AsOneGlastrier|GlacialLance,HighHorsepower,TrickRoom,Protect||||||50|,,,,,Water]Kyogre||Leftovers|Drizzle|OriginPulse,IceBeam,CalmMind,Protect||||||50|,,,,,Grass]Urshifu-Rapid-Strike||ChoiceScarf|UnseenFist|SurgingStrikes,CloseCombat,Uturn,Coaching|||M|||50|,,,,,Water]Landorus||LifeOrb|SheerForce|EarthPower,SandsearStorm,SludgeBomb,Protect|||M|||50|,,,,,Water]Roaring Moon||BoosterEnergy|Protosynthesis|KnockOff,Acrobatics,Tailwind,Protect||||||50|,,,,,Flying]Rillaboom||AssaultVest|GrassySurge|FakeOut,WoodHammer,GrassyGlide,Uturn|||F|||50|,,,,,Steel\n|c|\u2606TubbbbbyToucan|jarvis what am i looking at\n|c|\u2606cap4816|Flygon\n|\n|t:|1745989071\n|start\n|switch|p1a: Whimsicott|Whimsicott, L50, F, shiny|100/100\n|switch|p1b: Incineroar|Incineroar, L50, M|100/100\n|switch|p2a: Urshifu|Urshifu-Rapid-Strike, L50, M|100/100\n|switch|p2b: Roaring Moon|Roaring Moon, L50|100/100\n|-ability|p1b: Incineroar|Intimidate|boost\n|-unboost|p2a: Urshifu|atk|1\n|-unboost|p2b: Roaring Moon|atk|1\n|-enditem|p2b: Roaring Moon|Booster Energy\n|-activate|p2b: Roaring Moon|ability: Protosynthesis|[fromitem]\n|-start|p2b: Roaring Moon|protosynthesisspe\n|turn|1\n|c|\u2606cap4816|I love Flygon\n|c|\u2606cap4816|big fan\n|c|\u2606TubbbbbyToucan|hey man nothin wrong with that\n|c|\u2606TubbbbbyToucan|im more worried about the giratina\n|c|\u2606TubbbbbyToucan|its just so eh\n|c|\u2606TubbbbbyToucan|its like ho oh but hits like a pichu\n|inactive|Battle timer is ON: inactive players will automatically lose when time's up. (requested by TubbbbbyToucan)\n|\n|t:|1745989144\n|-terastallize|p2b: Roaring Moon|Flying\n|move|p1b: Incineroar|Fake Out|p2a: Urshifu\n|-damage|p2a: Urshifu|90/100\n|move|p2b: Roaring Moon|Acrobatics|p1a: Whimsicott\n|-supereffective|p1a: Whimsicott\n|-damage|p1a: Whimsicott|6/100\n|cant|p2a: Urshifu|flinch\n|move|p1a: Whimsicott|Dazzling Gleam|p2a: Urshifu|[spread] p2a,p2b\n|-supereffective|p2a: Urshifu\n|-damage|p2a: Urshifu|38/100\n|-damage|p2b: Roaring Moon|84/100\n|\n|upkeep\n|turn|2\n|c|\u2606cap4816|sad pichu\n|inactive|cap4816 has 30 seconds left.\n|\n|t:|1745989179\n|switch|p1b: Giratina|Giratina, L50|100/100\n|-ability|p1b: Giratina|Pressure\n|move|p1a: Whimsicott|Tailwind|p1a: Whimsicott\n|-sidestart|p1: cap4816|move: Tailwind\n|move|p2b: Roaring Moon|Tailwind|p2b: Roaring Moon\n|-sidestart|p2: TubbbbbyToucan|move: Tailwind\n|move|p2a: Urshifu|Surging Strikes|p1a: Whimsicott\n|-resisted|p1a: Whimsicott\n|-crit|p1a: Whimsicott\n|-damage|p1a: Whimsicott|0 fnt\n|faint|p1a: Whimsicott\n|-hitcount|p1: Whimsicott|1\n|\n|upkeep\n|inactive|cap4816 has 30 seconds left.\n|\n|t:|1745989205\n|switch|p1a: Solgaleo|Solgaleo, L50|100/100\n|turn|3\n|inactive|cap4816 has 30 seconds left.\n|\n|t:|1745989239\n|move|p2b: Roaring Moon|Knock Off|p1b: Giratina\n|-supereffective|p1b: Giratina\n|-damage|p1b: Giratina|65/100\n|-enditem|p1b: Giratina|Leftovers|[from] move: Knock Off|[of] p2b: Roaring Moon\n|move|p2a: Urshifu|Surging Strikes|p1a: Solgaleo\n|-crit|p1a: Solgaleo\n|-damage|p1a: Solgaleo|88/100\n|-crit|p1a: Solgaleo\n|-damage|p1a: Solgaleo|75/100\n|-crit|p1a: Solgaleo\n|-damage|p1a: Solgaleo|63/100\n|-hitcount|p1a: Solgaleo|3\n|move|p1b: Giratina|Poltergeist|p2a: Urshifu\n|-activate|p2a: Urshifu|move: Poltergeist|Choice Scarf\n|-damage|p2a: Urshifu|1/100\n|move|p1a: Solgaleo|Sunsteel Strike|p2b: Roaring Moon\n|-damage|p2b: Roaring Moon|17/100\n|\n|upkeep\n|turn|4\n|c|\u2606TubbbbbyToucan|like that damage tho\n|c|\u2606cap4816|what\n|c|\u2606TubbbbbyToucan|its criminal\n|inactive|cap4816 has 30 seconds left.\n|inactive|TubbbbbyToucan has 30 seconds left.\n|c|\u2606TubbbbbyToucan|how does that not kill i have like barely any bulk\n|inactive|cap4816 has 20 seconds left.\n|inactive|cap4816 has 15 seconds left.\n|inactive|cap4816 has 10 seconds left.\n|inactive|cap4816 has 5 seconds left.\n|\n|t:|1745989290\n|move|p2b: Roaring Moon|Knock Off|p1a: Solgaleo\n|-supereffective|p1a: Solgaleo\n|-crit|p1a: Solgaleo\n|-damage|p1a: Solgaleo|0 fnt\n|-enditem|p1a: Solgaleo|Weakness Policy|[from] move: Knock Off|[of] p2b: Roaring Moon\n|faint|p1a: Solgaleo\n|move|p2a: Urshifu|Surging Strikes|p1b: Giratina\n|-resisted|p1b: Giratina\n|-crit|p1b: Giratina\n|-damage|p1b: Giratina|60/100\n|-resisted|p1b: Giratina\n|-crit|p1b: Giratina\n|-damage|p1b: Giratina|55/100\n|-resisted|p1b: Giratina\n|-crit|p1b: Giratina\n|-damage|p1b: Giratina|50/100\n|-hitcount|p1b: Giratina|3\n|move|p1b: Giratina|Bulldoze|p2a: Urshifu|[spread] p2a\n|-immune|p2b: Roaring Moon\n|-damage|p2a: Urshifu|0 fnt\n|faint|p2a: Urshifu\n|\n|upkeep\n|c|\u2606cap4816|ok\n|\n|t:|1745989310\n|switch|p2a: Landorus|Landorus, L50, M|100/100\n|switch|p1a: Incineroar|Incineroar, L50, M|100/100\n|-ability|p1a: Incineroar|Intimidate|boost\n|-unboost|p2a: Landorus|atk|1\n|-unboost|p2b: Roaring Moon|atk|1\n|turn|5\n|c|\u2606cap4816|becuz\n|c|\u2606cap4816|weakness policy\n|inactive|cap4816 has 30 seconds left.\n|c|\u2606TubbbbbyToucan|yeah but u dont need to use your restricted to buldoze\n|\n|t:|1745989342\n|-terastallize|p1a: Incineroar|Grass\n|move|p2b: Roaring Moon|Protect|p2b: Roaring Moon\n|-singleturn|p2b: Roaring Moon|Protect\n|move|p2a: Landorus|Protect|p2a: Landorus\n|-singleturn|p2a: Landorus|Protect\n|move|p1b: Giratina|Shadow Sneak|p2b: Roaring Moon\n|-activate|p2b: Roaring Moon|move: Protect\n|move|p1a: Incineroar|Snarl|p2b: Roaring Moon|[spread] \n|-activate|p2a: Landorus|move: Protect\n|-activate|p2b: Roaring Moon|move: Protect\n|\n|-sideend|p2: TubbbbbyToucan|move: Tailwind\n|-sideend|p1: cap4816|move: Tailwind\n|upkeep\n|turn|6\n|\n|t:|1745989357\n|move|p1b: Giratina|Shadow Sneak|p2b: Roaring Moon\n|-crit|p2b: Roaring Moon\n|-damage|p2b: Roaring Moon|0 fnt\n|faint|p2b: Roaring Moon\n|-end|p2b: Roaring Moon|Protosynthesis|[silent]\n|move|p2a: Landorus|Sludge Bomb|p1a: Incineroar\n|-supereffective|p1a: Incineroar\n|-damage|p1a: Incineroar|32/100\n|move|p1a: Incineroar|Snarl|p2a: Landorus\n|-crit|p2a: Landorus\n|-damage|p2a: Landorus|78/100\n|-unboost|p2a: Landorus|spa|1\n|\n|upkeep\n|\n|t:|1745989367\n|switch|p2b: Calyrex|Calyrex-Ice, L50|100/100\n|-ability|p2b: Calyrex|As One\n|-ability|p2b: Calyrex|Unnerve\n|turn|7\n|\n|t:|1745989384\n|move|p2a: Landorus|Earth Power|p1b: Giratina\n|-damage|p1b: Giratina|24/100\n|move|p1b: Giratina|Will-O-Wisp|p2b: Calyrex\n|-status|p2b: Calyrex|brn\n|move|p1a: Incineroar|Snarl|p2a: Landorus|[spread] p2a,p2b\n|-supereffective|p2b: Calyrex\n|-damage|p2a: Landorus|65/100\n|-damage|p2b: Calyrex|84/100 brn\n|-unboost|p2a: Landorus|spa|1\n|move|p2b: Calyrex|Glacial Lance|p1a: Incineroar|[spread] p1a,p1b\n|-supereffective|p1a: Incineroar\n|-supereffective|p1b: Giratina\n|-damage|p1a: Incineroar|0 fnt\n|-damage|p1b: Giratina|0 fnt\n|faint|p1a: Incineroar\n|faint|p1b: Giratina\n|\n|win|TubbbbbyToucan\n||cap4816 is ready for game 2.\n|inactive|TubbbbbyToucan has 30 seconds to confirm battle start!\n||TubbbbbyToucan is ready for game 2.\n|uhtml|next|Next: <a href=\"/battle-gen9vgc2025regibo3-2353726116\"><strong>Game 2 of 3</strong></a>\n|l|\u2606TubbbbbyToucan\n|player|p2|\n|l|\u2606cap4816\n|player|p1|\n", "uploadtime": 1745989780, "views": 6, "formatid": "gen9vgc2025regibo3", "rating": null, "private": 0, "password": null}