{"id": "gen9vgc2025regibo3-2353748293", "format": "[Gen 9] VGC 2025 Reg I (Bo3)", "players": ["7enzc7", "Fernanditouh"], "log": "|j|\u26067enzc7\n|j|\u2606Fernanditouh\n|html|<table width=\"100%\"><tr><td align=\"left\">7enzc7</td><td align=\"right\">Fernanditouh</tr><tr><td align=\"left\"><i class=\"fa fa-circle\"></i> <i class=\"fa fa-circle-o\"></i> </td><td align=\"right\"><i class=\"fa fa-circle-o\"></i> <i class=\"fa fa-circle\"></i> </tr></table>\n|uhtml|bestof|<h2><strong>Game 3</strong> of <a href=\"/game-bestof3-gen9vgc2025regibo3-2353745392\">a best-of-3</a></h2>\n|t:|1745993246\n|gametype|doubles\n|player|p1|7enzc7|265|1073\n|player|p2|Fernanditouh|dawn|1110\n|teamsize|p1|6\n|teamsize|p2|6\n|gen|9\n|tier|[Gen 9] VGC 2025 Reg I (Bo3)\n|rated|\n|rule|Species Clause: Limit one of each Pok\u00e9mon\n|rule|Item Clause: Limit 1 of each item\n|clearpoke\n|poke|p1|Calyrex-Shadow, L50|\n|poke|p1|Koraidon, L50|\n|poke|p1|Brute Bonnet, L50|\n|poke|p1|Raging Bolt, L50|\n|poke|p1|Incineroar, L50, M|\n|poke|p1|Ogerpon-Cornerstone, L50, F|\n|poke|p2|Lunala, L50|\n|poke|p2|Koraidon, L50|\n|poke|p2|Flutter Mane, L50|\n|poke|p2|Chi-Yu, L50|\n|poke|p2|Ursaluna, L50, M|\n|poke|p2|Brute Bonnet, L50|\n|teampreview|4\n|showteam|p1|Calyrex-Shadow||FocusSash|AsOneSpectrier|AstralBarrage,Psychic,Encore,Protect||||||50|,,,,,Ghost]Koraidon||LifeOrb|OrichalcumPulse|CloseCombat,FlareBlitz,FlameCharge,Protect||||||50|,,,,,Fire]Brute Bonnet||CovertCloak|Protosynthesis|Spore,RagePowder,SuckerPunch,Protect||||||50|,,,,,Water]Raging Bolt||AssaultVest|Protosynthesis|Thunderbolt,Thunderclap,DracoMeteor,Electroweb||||||50|,,,,,Fairy]Incineroar||SafetyGoggles|Intimidate|KnockOff,Taunt,PartingShot,FakeOut|||M|||50|,,,,,Ghost]Ogerpon-Cornerstone||CornerstoneMask|Sturdy|IvyCudgel,FollowMe,SpikyShield,PowerWhip|||F|||50|,,,,,Rock\n|showteam|p2|Lunala||Leftovers|ShadowShield|Moonblast,MoongeistBeam,WideGuard,TrickRoom||||||50|,,,,,Fairy]Koraidon||LifeOrb|OrichalcumPulse|Protect,CloseCombat,FlameCharge,FlareBlitz||||||50|,,,,,Fire]Flutter Mane||FocusSash|Protosynthesis|Moonblast,IcyWind,ShadowBall,Protect||||||50|,,,,,Normal]Chi-Yu||ChoiceScarf|BeadsofRuin|DarkPulse,HeatWave,Overheat,Snarl||||||50|,,,,,Ghost]Ursaluna||FlameOrb|Guts|Earthquake,Facade,HeadlongRush,Protect|||M|||50|,,,,,Poison]Brute Bonnet||CovertCloak|Protosynthesis|SeedBomb,SuckerPunch,Spore,RagePowder||||||50|,,,,,Water\n|inactive|Battle timer is ON: inactive players will automatically lose when time's up. (requested by Fernanditouh)\n|\n|t:|1745993276\n|start\n|switch|p1a: Calyrex|Calyrex-Shadow, L50|100/100\n|switch|p1b: Brute Bonnet|Brute Bonnet, L50|100/100\n|switch|p2a: Flutter Mane|Flutter Mane, L50|100/100\n|switch|p2b: Lunala|Lunala, L50|100/100\n|-ability|p1a: Calyrex|As One\n|-ability|p1a: Calyrex|Unnerve\n|turn|1\n|inactive|Fernanditouh has 30 seconds left.\n|\n|t:|1745993310\n|-terastallize|p1b: Brute Bonnet|Water\n|move|p1b: Brute Bonnet|Sucker Punch|p2a: Flutter Mane\n|-damage|p2a: Flutter Mane|56/100\n|move|p1a: Calyrex|Astral Barrage|p2a: Flutter Mane|[spread] p2a,p2b\n|-supereffective|p2a: Flutter Mane\n|-supereffective|p2b: Lunala\n|-damage|p2a: Flutter Mane|0 fnt\n|-damage|p2b: Lunala|22/100\n|faint|p2a: Flutter Mane\n|-end|p2a: Flutter Mane|Protosynthesis|[silent]\n|-ability|p1a: Calyrex|Grim Neigh|boost\n|-boost|p1a: Calyrex|spa|1\n|move|p2b: Lunala|Moongeist Beam|p1a: Calyrex\n|-supereffective|p1a: Calyrex\n|-crit|p1a: Calyrex\n|-enditem|p1a: Calyrex|Focus Sash\n|-damage|p1a: Calyrex|1/100\n|\n|-heal|p2b: Lunala|29/100|[from] item: Leftovers\n|upkeep\n|\n|t:|1745993327\n|switch|p2a: Brute Bonnet|Brute Bonnet, L50|100/100\n|turn|2\n|\n|t:|1745993352\n|-end|p1b: Brute Bonnet|Protosynthesis|[silent]\n|switch|p1b: Ogerpon|Ogerpon-Cornerstone, L50, F|100/100\n|-terastallize|p2b: Lunala|Fairy\n|move|p1a: Calyrex|Protect|p1a: Calyrex\n|-singleturn|p1a: Calyrex|Protect\n|move|p2a: Brute Bonnet|Sucker Punch||[still]\n|-fail|p2a: Brute Bonnet\n|move|p2b: Lunala|Moonblast|p1b: Ogerpon\n|-damage|p1b: Ogerpon|36/100\n|\n|-heal|p2b: Lunala|35/100|[from] item: Leftovers\n|upkeep\n|turn|3\n|inactive|7enzc7 has 30 seconds left.\n|inactive|Fernanditouh has 30 seconds left.\n|\n|t:|1745993389\n|move|p2b: Lunala|Wide Guard|p2b: Lunala\n|-singleturn|p2b: Lunala|Wide Guard\n|move|p1b: Ogerpon|Follow Me|p1b: Ogerpon\n|-singleturn|p1b: Ogerpon|move: Follow Me\n|move|p1a: Calyrex|Astral Barrage|p2a: Brute Bonnet|[spread] \n|-activate|p2a: Brute Bonnet|move: Wide Guard\n|-activate|p2b: Lunala|move: Wide Guard\n|move|p2a: Brute Bonnet|Seed Bomb|p1b: Ogerpon\n|-damage|p1b: Ogerpon|0 fnt\n|faint|p1b: Ogerpon\n|\n|-heal|p2b: Lunala|41/100|[from] item: Leftovers\n|upkeep\n|\n|t:|1745993405\n|switch|p1b: Koraidon|Koraidon, L50|100/100\n|-weather|SunnyDay|[from] ability: Orichalcum Pulse|[of] p1b: Koraidon\n|-activate|p2a: Brute Bonnet|ability: Protosynthesis\n|-start|p2a: Brute Bonnet|protosynthesisdef\n|-activate|p1b: Koraidon|Orichalcum Pulse|[source]\n|turn|4\n|inactive|Fernanditouh has 30 seconds left.\n|\n|t:|1745993437\n|switch|p2b: Koraidon|Koraidon, L50|100/100\n|-activate|p2b: Koraidon|ability: Orichalcum Pulse\n|move|p2a: Brute Bonnet|Sucker Punch||[still]\n|-fail|p2a: Brute Bonnet\n|move|p1a: Calyrex|Encore||[still]\n|-fail|p1a: Calyrex\n|move|p1b: Koraidon|Flare Blitz|p2a: Brute Bonnet\n|-supereffective|p2a: Brute Bonnet\n|-damage|p2a: Brute Bonnet|0 fnt\n|faint|p2a: Brute Bonnet\n|-end|p2a: Brute Bonnet|Protosynthesis|[silent]\n|-damage|p1b: Koraidon|60/100|[from] Recoil\n|-damage|p1b: Koraidon|50/100|[from] item: Life Orb\n|\n|-weather|SunnyDay|[upkeep]\n|upkeep\n|\n|t:|1745993450\n|switch|p2a: Lunala|Lunala, L50, tera:Fairy|41/100\n|turn|5\n|\n|t:|1745993465\n|move|p2b: Koraidon|Protect|p2b: Koraidon\n|-singleturn|p2b: Koraidon|Protect\n|move|p1a: Calyrex|Psychic|p2b: Koraidon\n|-activate|p2b: Koraidon|move: Protect\n|move|p1b: Koraidon|Flare Blitz|p2a: Lunala\n|-damage|p2a: Lunala|0 fnt\n|faint|p2a: Lunala\n|-damage|p1b: Koraidon|32/100|[from] Recoil\n|-damage|p1b: Koraidon|22/100|[from] item: Life Orb\n|\n|-weather|SunnyDay|[upkeep]\n|upkeep\n|turn|6\n|\n|t:|1745993486\n|move|p1a: Calyrex|Psychic|p2b: Koraidon\n|-supereffective|p2b: Koraidon\n|-damage|p2b: Koraidon|0 fnt\n|faint|p2b: Koraidon\n|\n|win|7enzc7\n|raw|7enzc7's rating: 1073 &rarr; <strong>1105</strong><br />(+32 for winning)\n|raw|Fernanditouh's rating: 1110 &rarr; <strong>1082</strong><br />(-28 for losing)\n|l|\u2606Fernanditouh\n|player|p2|\n", "uploadtime": 1745993512, "views": 18, "formatid": "gen9vgc2025regibo3", "rating": 1082, "private": 0, "password": null}