{"id": "gen9vgc2025regibo3-2354647078", "format": "[Gen 9] VGC 2025 Reg I (Bo3)", "players": ["Czacho", "casperition1"], "log": "|j|\u2606Czacho\n|j|\u2606casperition1\n|html|<table width=\"100%\"><tr><td align=\"left\">Czacho</td><td align=\"right\">casperition1</tr><tr><td align=\"left\"><i class=\"fa fa-circle-o\"></i> <i class=\"fa fa-circle-o\"></i> </td><td align=\"right\"><i class=\"fa fa-circle-o\"></i> <i class=\"fa fa-circle-o\"></i> </tr></table>\n|uhtml|bestof|<h2><strong>Game 1</strong> of <a href=\"/game-bestof3-gen9vgc2025regibo3-2354647077\">a best-of-3</a></h2>\n|t:|1746106775\n|gametype|doubles\n|player|p1|Czacho|102|1041\n|player|p2|casperition1|1|1103\n|teamsize|p1|6\n|teamsize|p2|6\n|gen|9\n|tier|[Gen 9] VGC 2025 Reg I (Bo3)\n|rated|\n|rule|Species Clause: Limit one of each Pok\u00e9mon\n|rule|Item Clause: Limit 1 of each item\n|clearpoke\n|poke|p1|Eternatus, L50|\n|poke|p1|Calyrex-Shadow, L50|\n|poke|p1|Tatsugiri-Stretchy, L50, F|\n|poke|p1|Dondozo, L50, M|\n|poke|p1|Weezing-Galar, L50, M|\n|poke|p1|Roaring Moon, L50|\n|poke|p2|Kyogre, L50|\n|poke|p2|Tornadus, L50, M|\n|poke|p2|Basculegion, L50, M|\n|poke|p2|Tsareena, L50, F|\n|poke|p2|Landorus, L50, M|\n|poke|p2|Palkia-Origin, L50|\n|teampreview|4\n|showteam|p1|Eternatus||PowerHerb|Pressure|DynamaxCannon,Venoshock,Protect,MeteorBeam||||||50|,,,,,Fairy]Calyrex-Shadow||LifeOrb|AsOneSpectrier|TeraBlast,AstralBarrage,Protect,NastyPlot||||||50|,,,,,Fighting]Tatsugiri-Stretchy||FocusSash|Commander|HelpingHand,DracoMeteor,IcyWind,Protect|||F|||50|,,,,,Normal]Dondozo||Leftovers|Unaware|Earthquake,SleepTalk,OrderUp,WaveCrash|||M|||50|,,,,,Ghost]Weezing-Galar||CovertCloak|NeutralizingGas|Protect,Flamethrower,ToxicSpikes,PoisonGas|||M|||50|,,,,,Fire]Roaring Moon||BoosterEnergy|Protosynthesis|Tailwind,KnockOff,Acrobatics,Protect||||||50|,,,,,Flying\n|showteam|p2|Kyogre||AssaultVest|Drizzle|WaterSpout,OriginPulse,IceBeam,Thunder||||||50|,,,,,Grass]Tornadus||CovertCloak|Prankster|BleakwindStorm,Tailwind,RainDance,Taunt|||M|||50|,,,,,Dark]Basculegion||LifeOrb|SwiftSwim|WaveCrash,LastRespects,AquaJet,Protect|||M|||50|,,,,,Grass]Tsareena||WideLens|QueenlyMajesty|TripleAxel,Taunt,Protect,PowerWhip|||F|||50|,,,,,Ice]Landorus||ChoiceScarf|SheerForce|EarthPower,SandsearStorm,SludgeBomb,Taunt|||M|||50|,,,,,Ghost]Palkia-Origin||LustrousGlobe|Pressure|HydroPump,SpacialRend,PowerGem,Protect||||||50|,,,,,Steel\n|\n|t:|1746106825\n|start\n|switch|p1a: Calyrex|Calyrex-Shadow, L50|100/100\n|switch|p1b: Weezing|Weezing-Galar, L50, M|100/100\n|switch|p2a: Kyogre|Kyogre, L50, shiny|100/100\n|switch|p2b: Landorus|Landorus, L50, M|100/100\n|-ability|p1b: Weezing|Neutralizing Gas\n|-ability|p1a: Calyrex|As One\n|-ability|p1a: Calyrex|Unnerve\n|turn|1\n|\n|t:|1746106854\n|switch|p2a: Palkia|Palkia-Origin, L50, shiny|100/100\n|move|p2b: Landorus|Sandsear Storm|p1a: Calyrex|[spread] p1a,p1b\n|-supereffective|p1b: Weezing\n|-damage|p1a: Calyrex|67/100\n|-damage|p1b: Weezing|19/100\n|move|p1a: Calyrex|Astral Barrage|p2b: Landorus|[spread] p2a,p2b\n|-damage|p2a: Palkia|39/100\n|-damage|p2b: Landorus|18/100\n|-damage|p1a: Calyrex|57/100|[from] item: Life Orb\n|move|p1b: Weezing|Toxic Spikes|p2b: Landorus\n|-sidestart|p2: casperition1|move: Toxic Spikes\n|\n|upkeep\n|turn|2\n|\n|t:|1746106875\n|move|p2b: Landorus|Sandsear Storm|p1b: Weezing|[spread] p1a,p1b\n|-supereffective|p1b: Weezing\n|-damage|p1a: Calyrex|22/100\n|-damage|p1b: Weezing|0 fnt\n|faint|p1b: Weezing\n|-end|p1b: Weezing|ability: Neutralizing Gas\n|-ability|p2a: Palkia|Pressure\n|move|p1a: Calyrex|Astral Barrage|p2a: Palkia|[spread] p2a,p2b\n|-damage|p2a: Palkia|0 fnt\n|-damage|p2b: Landorus|0 fnt\n|faint|p2a: Palkia\n|faint|p2b: Landorus\n|-ability|p1a: Calyrex|Grim Neigh|boost\n|-boost|p1a: Calyrex|spa|2\n|-damage|p1a: Calyrex|13/100|[from] item: Life Orb\n|\n|upkeep\n|\n|t:|1746106895\n|switch|p2a: Kyogre|Kyogre, L50, shiny|100/100\n|switch|p2b: Basculegion|Basculegion, L50, M, shiny|100/100\n|switch|p1b: Eternatus|Eternatus, L50|100/100\n|-ability|p1b: Eternatus|Pressure\n|-status|p2a: Kyogre|psn\n|-weather|RainDance|[from] ability: Drizzle|[of] p2a: Kyogre\n|-status|p2b: Basculegion|psn\n|turn|3\n|\n|t:|1746106917\n|switch|p1a: Roaring Moon|Roaring Moon, L50|100/100\n|-enditem|p1a: Roaring Moon|Booster Energy\n|-activate|p1a: Roaring Moon|ability: Protosynthesis|[fromitem]\n|-start|p1a: Roaring Moon|protosynthesisspe\n|-terastallize|p1b: Eternatus|Fairy\n|move|p2b: Basculegion|Last Respects|p1a: Roaring Moon\n|-resisted|p1a: Roaring Moon\n|-damage|p1a: Roaring Moon|42/100\n|-damage|p2b: Basculegion|91/100 psn|[from] item: Life Orb\n|move|p1b: Eternatus|Venoshock|p2a: Kyogre\n|-damage|p2a: Kyogre|59/100 psn\n|move|p2a: Kyogre|Ice Beam|p1b: Eternatus\n|-damage|p1b: Eternatus|72/100\n|\n|-weather|RainDance|[upkeep]\n|-damage|p2b: Basculegion|79/100 psn|[from] psn\n|-damage|p2a: Kyogre|47/100 psn|[from] psn\n|upkeep\n|turn|4\n|\n|t:|1746106941\n|move|p1a: Roaring Moon|Tailwind|p1a: Roaring Moon\n|-sidestart|p1: Czacho|move: Tailwind\n|move|p1b: Eternatus|Venoshock|p2a: Kyogre\n|-damage|p2a: Kyogre|9/100 psn\n|move|p2b: Basculegion|Last Respects|p1b: Eternatus\n|-damage|p1b: Eternatus|0 fnt\n|faint|p1b: Eternatus\n|-damage|p2b: Basculegion|69/100 psn|[from] item: Life Orb\n|move|p2a: Kyogre|Ice Beam|p1a: Roaring Moon\n|-supereffective|p1a: Roaring Moon\n|-crit|p1a: Roaring Moon\n|-damage|p1a: Roaring Moon|0 fnt\n|faint|p1a: Roaring Moon\n|-end|p1a: Roaring Moon|Protosynthesis|[silent]\n|\n|-weather|RainDance|[upkeep]\n|-damage|p2b: Basculegion|57/100 psn|[from] psn\n|-damage|p2a: Kyogre|0 fnt|[from] psn\n|faint|p2a: Kyogre\n|upkeep\n|\n|t:|1746106960\n|switch|p1b: Calyrex|Calyrex-Shadow, L50|13/100\n|-ability|p1b: Calyrex|As One\n|-ability|p1b: Calyrex|Unnerve\n|turn|5\n|\n|t:|1746106969\n|move|p1b: Calyrex|Protect|p1b: Calyrex\n|-singleturn|p1b: Calyrex|Protect\n|move|p2b: Basculegion|Aqua Jet|p1b: Calyrex\n|-activate|p1b: Calyrex|move: Protect\n|\n|-weather|RainDance|[upkeep]\n|-damage|p2b: Basculegion|45/100 psn|[from] psn\n|upkeep\n|turn|6\n|\n|t:|1746106992\n|move|p2b: Basculegion|Aqua Jet|p1b: Calyrex\n|-damage|p1b: Calyrex|0 fnt\n|faint|p1b: Calyrex\n|-damage|p2b: Basculegion|36/100 psn|[from] item: Life Orb\n|\n|win|casperition1\n||Czacho is ready for game 2.\n||casperition1 is ready for game 2.\n|uhtml|next|Next: <a href=\"/battle-gen9vgc2025regibo3-2354649229\"><strong>Game 2 of 3</strong></a>\n", "uploadtime": 1746107292, "views": 5, "formatid": "gen9vgc2025regibo3", "rating": null, "private": 0, "password": null}