{"id": "gen9vgc2025regibo3-2353469994", "format": "[Gen 9] VGC 2025 Reg I (Bo3)", "players": ["Gonsute", "Ljwarrior"], "log": "|j|\u2606Gonsute\n|j|\u2606Ljwarrior\n|html|<table width=\"100%\"><tr><td align=\"left\">Gonsute</td><td align=\"right\">Ljwarrior</tr><tr><td align=\"left\"><i class=\"fa fa-circle-o\"></i> <i class=\"fa fa-circle-o\"></i> </td><td align=\"right\"><i class=\"fa fa-circle-o\"></i> <i class=\"fa fa-circle\"></i> </tr></table>\n|uhtml|bestof|<h2><strong>Game 2</strong> of <a href=\"/game-bestof3-gen9vgc2025regibo3-2353467436\">a best-of-3</a></h2>\n|t:|1745958869\n|gametype|doubles\n|player|p1|Gonsute|102|1265\n|player|p2|Ljwarrior|pokemonranger|1249\n|teamsize|p1|6\n|teamsize|p2|6\n|gen|9\n|tier|[Gen 9] VGC 2025 Reg I (Bo3)\n|rated|\n|rule|Species Clause: Limit one of each Pok\u00e9mon\n|rule|Item Clause: Limit 1 of each item\n|clearpoke\n|poke|p1|Miraidon, L50|\n|poke|p1|Lunala, L50|\n|poke|p1|Whimsicott, L50, M|\n|poke|p1|Chi-Yu, L50|\n|poke|p1|Urshifu-*, L50, M|\n|poke|p1|Iron Hands, L50|\n|poke|p2|Miraidon, L50|\n|poke|p2|Ho-Oh, L50|\n|poke|p2|Iron Hands, L50|\n|poke|p2|Farigiraf, L50, F|\n|poke|p2|Iron Valiant, L50|\n|poke|p2|Urshifu-*, L50, M|\n|teampreview|4\n|showteam|p1|Miraidon||ChoiceSpecs|HadronEngine|ElectroDrift,VoltSwitch,DracoMeteor,DazzlingGleam||||||50|,,,,,Fairy]Lunala||ElectricSeed|ShadowShield|MoongeistBeam,Psyshock,TrickRoom,WideGuard||||||50|,,,,,Water]Whimsicott||CovertCloak|Prankster|Moonblast,Tailwind,Encore,LightScreen|||M|||50|,,,,,Dark]Chi-Yu||ChoiceScarf|BeadsofRuin|HeatWave,DarkPulse,Overheat,Snarl||||||50|,,,,,Ghost]Urshifu-Rapid-Strike||FocusSash|UnseenFist|SurgingStrikes,CloseCombat,AquaJet,Detect|||M|||50|,,,,,Water]Iron Hands||AssaultVest|QuarkDrive|DrainPunch,LowKick,HeavySlam,FakeOut||||||50|,,,,,Water\n|showteam|p2|Miraidon||ChoiceSpecs|HadronEngine|ElectroDrift,DracoMeteor,DazzlingGleam,VoltSwitch||||||50|,,,,,Fairy]Ho-Oh||ClearAmulet|Regenerator|SacredFire,BraveBird,Tailwind,Protect||||||50|,,,,,Grass]Iron Hands||AssaultVest|QuarkDrive|WildCharge,DrainPunch,LowKick,FakeOut||||||50|,,,,,Water]Farigiraf||ElectricSeed|ArmorTail|FoulPlay,Psychic,HelpingHand,TrickRoom|||F|||50|,,,,,Fairy]Iron Valiant||FocusSash|QuarkDrive|Moonblast,WideGuard,Coaching,Protect||||||50|,,,,,Ghost]Urshifu-Rapid-Strike||ChoiceScarf|UnseenFist|SurgingStrikes,CloseCombat,AquaJet,Uturn|||M|||50|,,,,,Water\n|inactive|Battle timer is ON: inactive players will automatically lose when time's up. (requested by Gonsute)\n|j| acetrainerjuno\n|\n|t:|1745958899\n|start\n|switch|p1a: Whimsicott|Whimsicott, L50, M|100/100\n|switch|p1b: Miraidon|Miraidon, L50|100/100\n|switch|p2a: Ho-Oh|Ho-Oh, L50, shiny|100/100\n|switch|p2b: Iron Hands|Iron Hands, L50|100/100\n|-fieldstart|move: Electric Terrain|[from] ability: Hadron Engine|[of] p1b: Miraidon\n|-activate|p2b: Iron Hands|ability: Quark Drive\n|-start|p2b: Iron Hands|quarkdriveatk\n|turn|1\n|inactive|Gonsute has 30 seconds left.\n|inactive|Ljwarrior has 30 seconds left.\n|inactive|Ljwarrior has 20 seconds left.\n|\n|t:|1745958938\n|move|p2b: Iron Hands|Fake Out|p1b: Miraidon\n|-damage|p1b: Miraidon|82/100\n|move|p1a: Whimsicott|Tailwind|p1a: Whimsicott\n|-sidestart|p1: Gonsute|move: Tailwind\n|cant|p1b: Miraidon|flinch\n|move|p2a: Ho-Oh|Sacred Fire|p1a: Whimsicott\n|-supereffective|p1a: Whimsicott\n|-damage|p1a: Whimsicott|0 fnt\n|faint|p1a: Whimsicott\n|\n|upkeep\n|\n|t:|1745958951\n|switch|p1a: Lunala|Lunala, L50|100/100\n|-enditem|p1a: Lunala|Electric Seed\n|-boost|p1a: Lunala|def|1|[from] item: Electric Seed\n|turn|2\n|\n|t:|1745958966\n|-terastallize|p2b: Iron Hands|Water\n|move|p1b: Miraidon|Electro Drift|p2a: Ho-Oh\n|-supereffective|p2a: Ho-Oh\n|-damage|p2a: Ho-Oh|0 fnt\n|faint|p2a: Ho-Oh\n|move|p1a: Lunala|Psyshock|p2b: Iron Hands\n|-damage|p2b: Iron Hands|66/100\n|move|p2b: Iron Hands|Low Kick|p1b: Miraidon\n|-damage|p1b: Miraidon|0 fnt\n|faint|p1b: Miraidon\n|\n|upkeep\n|\n|t:|1745958977\n|switch|p1b: Chi-Yu|Chi-Yu, L50|100/100\n|switch|p2a: Iron Valiant|Iron Valiant, L50, shiny|100/100\n|-ability|p1b: Chi-Yu|Beads of Ruin\n|-activate|p2a: Iron Valiant|ability: Quark Drive\n|-start|p2a: Iron Valiant|quarkdrivespe\n|turn|3\n|inactive|Gonsute has 30 seconds left.\n|\n|t:|1745959011\n|move|p1b: Chi-Yu|Snarl|p2a: Iron Valiant|[spread] p2a,p2b\n|-resisted|p2a: Iron Valiant\n|-damage|p2a: Iron Valiant|88/100\n|-damage|p2b: Iron Hands|50/100\n|-unboost|p2a: Iron Valiant|spa|1\n|-unboost|p2b: Iron Hands|spa|1\n|move|p2a: Iron Valiant|Moonblast|p1a: Lunala\n|-damage|p1a: Lunala|87/100\n|move|p1a: Lunala|Moongeist Beam|p2b: Iron Hands\n|-damage|p2b: Iron Hands|10/100\n|move|p2b: Iron Hands|Wild Charge|p1a: Lunala\n|-damage|p1a: Lunala|47/100\n|-damage|p2b: Iron Hands|0 fnt|[from] Recoil\n|faint|p2b: Iron Hands\n|-end|p2b: Iron Hands|Quark Drive|[silent]\n|\n|upkeep\n|\n|t:|1745959025\n|switch|p2b: Miraidon|Miraidon, L50|100/100\n|-activate|p2b: Miraidon|ability: Hadron Engine\n|turn|4\n|c|\u2606Ljwarrior|gg\n|\n|t:|1745959042\n|move|p1b: Chi-Yu|Snarl|p2b: Miraidon|[spread] p2a,p2b\n|-resisted|p2a: Iron Valiant\n|-damage|p2a: Iron Valiant|76/100\n|-damage|p2b: Miraidon|73/100\n|-unboost|p2a: Iron Valiant|spa|1\n|-unboost|p2b: Miraidon|spa|1\n|move|p2a: Iron Valiant|Moonblast|p1a: Lunala\n|-damage|p1a: Lunala|27/100\n|-unboost|p1a: Lunala|spa|1\n|move|p1a: Lunala|Moongeist Beam|p2b: Miraidon\n|-damage|p2b: Miraidon|29/100\n|move|p2b: Miraidon|Electro Drift|p1a: Lunala\n|-damage|p1a: Lunala|0 fnt\n|faint|p1a: Lunala\n|\n|-sideend|p1: Gonsute|move: Tailwind\n|upkeep\n|turn|5\n|\n|t:|1745959060\n|move|p2a: Iron Valiant|Moonblast|p1b: Chi-Yu\n|-damage|p1b: Chi-Yu|74/100\n|-unboost|p1b: Chi-Yu|spa|1\n|move|p1b: Chi-Yu|Snarl|p2b: Miraidon|[spread] p2a,p2b\n|-resisted|p2a: Iron Valiant\n|-crit|p2b: Miraidon\n|-damage|p2a: Iron Valiant|67/100\n|-damage|p2b: Miraidon|0 fnt\n|-unboost|p2a: Iron Valiant|spa|1\n|faint|p2b: Miraidon\n|\n|-fieldend|move: Electric Terrain\n|-end|p2a: Iron Valiant|Quark Drive\n|upkeep\n|turn|6\n|\n|t:|1745959071\n|move|p2a: Iron Valiant|Protect|p2a: Iron Valiant\n|-singleturn|p2a: Iron Valiant|Protect\n|move|p1b: Chi-Yu|Snarl|p2a: Iron Valiant\n|-activate|p2a: Iron Valiant|move: Protect\n|\n|upkeep\n|turn|7\n|\n|t:|1745959077\n|-terastallize|p1b: Chi-Yu|Ghost\n|move|p1b: Chi-Yu|Snarl|p2a: Iron Valiant\n|-resisted|p2a: Iron Valiant\n|-damage|p2a: Iron Valiant|57/100\n|-unboost|p2a: Iron Valiant|spa|1\n|move|p2a: Iron Valiant|Moonblast|p1b: Chi-Yu\n|-damage|p1b: Chi-Yu|57/100\n|-unboost|p1b: Chi-Yu|spa|1\n|\n|upkeep\n|turn|8\n|\n|t:|1745959086\n|move|p2a: Iron Valiant|Protect|p2a: Iron Valiant\n|-singleturn|p2a: Iron Valiant|Protect\n|move|p1b: Chi-Yu|Snarl|p2a: Iron Valiant\n|-activate|p2a: Iron Valiant|move: Protect\n|\n|upkeep\n|turn|9\n|\n|t:|1745959093\n|move|p1b: Chi-Yu|Snarl|p2a: Iron Valiant\n|-resisted|p2a: Iron Valiant\n|-damage|p2a: Iron Valiant|48/100\n|-unboost|p2a: Iron Valiant|spa|1\n|move|p2a: Iron Valiant|Moonblast|p1b: Chi-Yu\n|-damage|p1b: Chi-Yu|44/100\n|\n|upkeep\n|turn|10\n|\n|t:|1745959100\n|move|p2a: Iron Valiant|Wide Guard|p2a: Iron Valiant\n|-singleturn|p2a: Iron Valiant|Wide Guard\n|move|p1b: Chi-Yu|Snarl|p2a: Iron Valiant\n|-activate|p2a: Iron Valiant|move: Wide Guard\n|\n|upkeep\n|turn|11\n|c|\u2606Gonsute|3 times worked ur ten % :(\n|c|\u2606Ljwarrior|lol im stupid i can just wide guard\n|\n|t:|1745959116\n|move|p2a: Iron Valiant|Wide Guard|p2a: Iron Valiant\n|-singleturn|p2a: Iron Valiant|Wide Guard\n|move|p1b: Chi-Yu|Snarl|p2a: Iron Valiant\n|-activate|p2a: Iron Valiant|move: Wide Guard\n|\n|upkeep\n|turn|12\n|c|\u2606Gonsute|o\n|c|\u2606Gonsute|yes\n|c|\u2606Gonsute|gg\n|-message|Gonsute forfeited.\n|\n|win|Ljwarrior\n|raw|Gonsute's rating: 1265 &rarr; <strong>1239</strong><br />(-26 for losing)\n|raw|Ljwarrior's rating: 1249 &rarr; <strong>1275</strong><br />(+26 for winning)\n|l|\u2606Gonsute\n|player|p1|\n|c|\u2606Ljwarrior|gg\n|l| acetrainerjuno\n", "uploadtime": 1745959193, "views": 28, "formatid": "gen9vgc2025regibo3", "rating": 1239, "private": 0, "password": null}