{"id": "gen9vgc2025regibo3-2354736612", "format": "[Gen 9] VGC 2025 Reg I (Bo3)", "players": ["venutor", "Lacossg"], "log": "|j|\u2606venutor\n|j|\u2606Lacossg\n|html|<table width=\"100%\"><tr><td align=\"left\">venutor</td><td align=\"right\">Lacossg</tr><tr><td align=\"left\"><i class=\"fa fa-circle\"></i> <i class=\"fa fa-circle-o\"></i> </td><td align=\"right\"><i class=\"fa fa-circle-o\"></i> <i class=\"fa fa-circle\"></i> </tr></table>\n|uhtml|bestof|<h2><strong>Game 3</strong> of <a href=\"/game-bestof3-gen9vgc2025regibo3-2354732343\">a best-of-3</a></h2>\n|t:|1746115255\n|gametype|doubles\n|player|p1|venutor|swimmer-gen4|1344\n|player|p2|Lacossg|170|1379\n|teamsize|p1|6\n|teamsize|p2|6\n|gen|9\n|tier|[Gen 9] VGC 2025 Reg I (Bo3)\n|rated|\n|rule|Species Clause: Limit one of each Pok\u00e9mon\n|rule|Item Clause: Limit 1 of each item\n|clearpoke\n|poke|p1|Koraidon, L50|\n|poke|p1|Lunala, L50|\n|poke|p1|Chi-Yu, L50|\n|poke|p1|Ursaluna, L50, F|\n|poke|p1|Brute Bonnet, L50|\n|poke|p1|Flutter Mane, L50|\n|poke|p2|Calyrex-Shadow, L50|\n|poke|p2|Tyranitar, L50, F|\n|poke|p2|Excadrill, L50, F|\n|poke|p2|Indeedee-F, L50, F|\n|poke|p2|Raging Bolt, L50|\n|poke|p2|Zamazenta-*, L50|\n|teampreview|4\n|showteam|p1|Koraidon||LifeOrb|OrichalcumPulse|FlareBlitz,FlameCharge,CloseCombat,Protect||||||50|,,,,,Fire]Lunala||PowerHerb|ShadowShield|MoongeistBeam,MeteorBeam,WideGuard,TrickRoom||||||50|,,,,,Water]Chi-Yu||ChoiceScarf|BeadsofRuin|Overheat,HeatWave,DarkPulse,Snarl||||||50|,,,,,Ghost]Ursaluna||FlameOrb|Guts|Facade,Earthquake,HeadlongRush,Protect|||F|||50|,,,,,Water]Brute Bonnet||CovertCloak|Protosynthesis|SeedBomb,SuckerPunch,Spore,RagePowder||||||50|,,,,,Water]Flutter Mane||FocusSash|Protosynthesis|Moonblast,IcyWind,ShadowBall,Protect||||||50|,,,,,Normal\n|showteam|p2|Calyrex-Shadow||LifeOrb|AsOneSpectrier|AstralBarrage,ExpandingForce,Encore,Protect||||||50|,,,,,Normal]Tyranitar||FocusSash|SandStream|KnockOff,RockSlide,Taunt,Snarl|||F|||50|,,,,,Grass]Excadrill||ClearAmulet|SandRush|HighHorsepower,HelpingHand,IronHead,Protect|||F|||50|,,,,,Ground]Indeedee-F||RockyHelmet|PsychicSurge|Imprison,Psychic,TrickRoom,FollowMe|||F|||50|,,,,,Water]Raging Bolt||AssaultVest|Protosynthesis|Thunderclap,Electroweb,DracoMeteor,Snarl||||||50|,,,,,Fairy]Zamazenta-Crowned||RustedShield|DauntlessShield|BodyPress,Imprison,WideGuard,Protect||||||50|,,,,,Dragon\n|\n|t:|1746115276\n|start\n|switch|p1a: Brute Bonnet|Brute Bonnet, L50|100/100\n|switch|p1b: Lunala|Lunala, L50|100/100\n|switch|p2a: Indeedee|Indeedee-F, L50, F|100/100\n|switch|p2b: Tyranitar|Tyranitar, L50, F|100/100\n|-weather|Sandstorm|[from] ability: Sand Stream|[of] p2b: Tyranitar\n|-fieldstart|move: Psychic Terrain|[from] ability: Psychic Surge|[of] p2a: Indeedee\n|turn|1\n|\n|t:|1746115305\n|move|p2b: Tyranitar|Taunt|p1a: Brute Bonnet\n|-start|p1a: Brute Bonnet|move: Taunt\n|move|p1b: Lunala|Meteor Beam||[still]\n|-prepare|p1b: Lunala|Meteor Beam\n|-boost|p1b: Lunala|spa|1\n|-enditem|p1b: Lunala|Power Herb\n|-anim|p1b: Lunala|Meteor Beam|p2b: Tyranitar\n|-damage|p2b: Tyranitar|51/100\n|move|p2a: Indeedee|Imprison|p2a: Indeedee\n|-start|p2a: Indeedee|move: Imprison\n|move|p1a: Brute Bonnet|Seed Bomb|p2b: Tyranitar\n|-supereffective|p2b: Tyranitar\n|-damage|p2b: Tyranitar|0 fnt\n|faint|p2b: Tyranitar\n|\n|-weather|Sandstorm|[upkeep]\n|-damage|p1b: Lunala|94/100|[from] Sandstorm\n|-damage|p2a: Indeedee|94/100|[from] Sandstorm\n|-damage|p1a: Brute Bonnet|95/100|[from] Sandstorm\n|upkeep\n|\n|t:|1746115314\n|switch|p2b: Calyrex|Calyrex-Shadow, L50|100/100\n|-ability|p2b: Calyrex|As One\n|-ability|p2b: Calyrex|Unnerve\n|turn|2\n|\n|t:|1746115334\n|-end|p1a: Brute Bonnet|Protosynthesis|[silent]\n|switch|p1a: Ursaluna|Ursaluna, L50, F|100/100\n|-terastallize|p2b: Calyrex|Normal\n|move|p1b: Lunala|Wide Guard|p1b: Lunala\n|-singleturn|p1b: Lunala|Wide Guard\n|move|p2b: Calyrex|Astral Barrage|p1b: Lunala|[spread] \n|-activate|p1a: Ursaluna|move: Wide Guard\n|-activate|p1b: Lunala|move: Wide Guard\n|move|p2a: Indeedee|Psychic|p1b: Lunala\n|-resisted|p1b: Lunala\n|-damage|p1b: Lunala|82/100\n|\n|-weather|Sandstorm|[upkeep]\n|-damage|p2b: Calyrex|95/100|[from] Sandstorm\n|-damage|p1b: Lunala|76/100|[from] Sandstorm\n|-damage|p2a: Indeedee|88/100|[from] Sandstorm\n|-status|p1a: Ursaluna|brn|[from] item: Flame Orb\n|upkeep\n|turn|3\n|\n|t:|1746115351\n|switch|p2a: Raging Bolt|Raging Bolt, L50|100/100\n|move|p2b: Calyrex|Protect|p2b: Calyrex\n|-singleturn|p2b: Calyrex|Protect\n|move|p1b: Lunala|Wide Guard|p1b: Lunala\n|-singleturn|p1b: Lunala|Wide Guard\n|move|p1a: Ursaluna|Earthquake|p2a: Raging Bolt|[spread] p2a\n|-activate|p1b: Lunala|move: Wide Guard\n|-activate|p2b: Calyrex|move: Protect\n|-supereffective|p2a: Raging Bolt\n|-damage|p2a: Raging Bolt|7/100\n|\n|-weather|Sandstorm|[upkeep]\n|-damage|p2b: Calyrex|89/100|[from] Sandstorm\n|-damage|p1b: Lunala|70/100|[from] Sandstorm\n|-damage|p2a: Raging Bolt|0 fnt|[from] Sandstorm\n|faint|p2a: Raging Bolt\n|-end|p2a: Raging Bolt|Protosynthesis|[silent]\n|-damage|p1a: Ursaluna|95/100 brn|[from] brn\n|upkeep\n|\n|t:|1746115357\n|switch|p2a: Indeedee|Indeedee-F, L50, F|88/100\n|turn|4\n|c|\u2606venutor|Gg\n|\n|t:|1746115376\n|move|p1b: Lunala|Wide Guard|p1b: Lunala\n|-singleturn|p1b: Lunala|Wide Guard\n|move|p2b: Calyrex|Astral Barrage|p1b: Lunala|[spread] \n|-activate|p1a: Ursaluna|move: Wide Guard\n|-activate|p1b: Lunala|move: Wide Guard\n|move|p2a: Indeedee|Psychic|p1a: Ursaluna\n|-damage|p1a: Ursaluna|58/100 brn\n|move|p1a: Ursaluna|Earthquake|p2a: Indeedee|[spread] p2a,p2b\n|-activate|p1b: Lunala|move: Wide Guard\n|-damage|p2a: Indeedee|21/100\n|-damage|p2b: Calyrex|15/100\n|\n|-weather|Sandstorm|[upkeep]\n|-damage|p2b: Calyrex|9/100|[from] Sandstorm\n|-damage|p1b: Lunala|64/100|[from] Sandstorm\n|-damage|p2a: Indeedee|15/100|[from] Sandstorm\n|-damage|p1a: Ursaluna|52/100 brn|[from] brn\n|upkeep\n|turn|5\n|\n|t:|1746115396\n|move|p2b: Calyrex|Protect|p2b: Calyrex\n|-singleturn|p2b: Calyrex|Protect\n|move|p1b: Lunala|Wide Guard|p1b: Lunala\n|-singleturn|p1b: Lunala|Wide Guard\n|move|p2a: Indeedee|Psychic|p1a: Ursaluna\n|-damage|p1a: Ursaluna|17/100 brn\n|move|p1a: Ursaluna|Earthquake|p2b: Calyrex|[spread] p2a\n|-activate|p1b: Lunala|move: Wide Guard\n|-activate|p2b: Calyrex|move: Protect\n|-damage|p2a: Indeedee|0 fnt\n|faint|p2a: Indeedee\n|\n|-weather|none\n|-damage|p1a: Ursaluna|11/100 brn|[from] brn\n|-fieldend|move: Psychic Terrain\n|upkeep\n|turn|6\n|\n|t:|1746115423\n|move|p2b: Calyrex|Expanding Force|p1a: Ursaluna\n|-damage|p1a: Ursaluna|0 fnt\n|faint|p1a: Ursaluna\n|-ability|p2b: Calyrex|Grim Neigh|boost\n|-boost|p2b: Calyrex|spa|1\n|-damage|p2b: Calyrex|0 fnt|[from] item: Life Orb\n|faint|p2b: Calyrex\n|\n|win|venutor\n|raw|venutor's rating: 1344 &rarr; <strong>1366</strong><br />(+22 for winning)\n|raw|Lacossg's rating: 1379 &rarr; <strong>1357</strong><br />(-22 for losing)\n|c|\u2606venutor|Gg\n|l|\u2606Lacossg\n|player|p2|\n|l|\u2606venutor\n|player|p1|\n", "uploadtime": 1746115780, "views": 28, "formatid": "gen9vgc2025regibo3", "rating": 1357, "private": 0, "password": null}