{"id": "gen9vgc2025regibo3-2354119230", "format": "[Gen 9] VGC 2025 Reg I (Bo3)", "players": ["JahalaBoy", "SilvrD"], "log": "|j|\u2606JahalaBoy\n|j|\u2606SilvrD\n|html|<table width=\"100%\"><tr><td align=\"left\">JahalaBoy</td><td align=\"right\">SilvrD</tr><tr><td align=\"left\"><i class=\"fa fa-circle-o\"></i> <i class=\"fa fa-circle-o\"></i> </td><td align=\"right\"><i class=\"fa fa-circle-o\"></i> <i class=\"fa fa-circle-o\"></i> </tr></table>\n|uhtml|bestof|<h2><strong>Game 1</strong> of <a href=\"/game-bestof3-gen9vgc2025regibo3-2354119229\">a best-of-3</a></h2>\n|t:|1746036491\n|gametype|doubles\n|player|p1|JahalaBoy|266|1096\n|player|p2|SilvrD|elesa|1030\n|teamsize|p1|6\n|teamsize|p2|6\n|gen|9\n|tier|[Gen 9] VGC 2025 Reg I (Bo3)\n|rated|\n|rule|Species Clause: Limit one of each Pok\u00e9mon\n|rule|Item Clause: Limit 1 of each item\n|clearpoke\n|poke|p1|Amoonguss, L50, F|\n|poke|p1|Incineroar, L50, M|\n|poke|p1|Kyogre, L50|\n|poke|p1|Kingdra, L50, M|\n|poke|p1|Archaludon, L50, F|\n|poke|p1|Miraidon, L50|\n|poke|p2|Kyogre, L50|\n|poke|p2|Incineroar, L50, F|\n|poke|p2|Archaludon, L50, F|\n|poke|p2|Miraidon, L50|\n|poke|p2|Weezing-Galar, L50, F|\n|poke|p2|Kingdra, L50, M|\n|teampreview|4\n|showteam|p1|Amoonguss||SitrusBerry|Regenerator|PollenPuff,Protect,RagePowder,Spore|||F|||50|,,,,,Fairy]Incineroar||SafetyGoggles|Intimidate|FakeOut,KnockOff,PartingShot,WillOWisp|||M|||50|,,,,,Grass]Kyogre||Leftovers|Drizzle|OriginPulse,CalmMind,IceBeam,Protect||||||50|,,,,,Grass]Kingdra||LifeOrb|SwiftSwim|Hurricane,MuddyWater,DracoMeteor,Protect|||M|||50|,,,,,Stellar]Archaludon||AssaultVest|Stamina|ElectroShot,BodyPress,FlashCannon,DracoMeteor|||F|||50|,,,,,Ghost]Miraidon||ChoiceScarf|HadronEngine|TeraBlast,ElectroDrift,DracoMeteor,VoltSwitch||||||50|,,,,,Ice\n|showteam|p2|Kyogre||ChoiceScarf|Drizzle|WaterSpout,Thunder,TeraBlast,Blizzard||||||50|,,,,,Grass]Incineroar||SafetyGoggles|Intimidate|FakeOut,KnockOff,BrickBreak,PartingShot|||F|||50|,,,,,Bug]Archaludon||AssaultVest|Stamina|ElectroShot,AuraSphere,FlashCannon,DracoMeteor|||F|||50|,,,,,Electric]Miraidon||ChoiceSpecs|HadronEngine|DazzlingGleam,ElectroDrift,DracoMeteor,VoltSwitch||||||50|,,,,,Fairy]Weezing-Galar||FocusSash|NeutralizingGas|ClearSmog,Defog,Explosion,Protect|||F|||50|,,,,,Flying]Kingdra||LifeOrb|SwiftSwim|WeatherBall,DragonPulse,FlashCannon,Protect|||M|||50|,,,,,Steel\n|inactive|Battle timer is ON: inactive players will automatically lose when time's up. (requested by JahalaBoy)\n|c|\u2606JahalaBoy|nice team lol\n|\n|t:|1746036526\n|start\n|switch|p1a: Incineroar|Incineroar, L50, M|100/100\n|switch|p1b: Kingdra|Kingdra, L50, M|100/100\n|switch|p2a: Incineroar|Incineroar, L50, F|100/100\n|switch|p2b: Miraidon|Miraidon, L50|100/100\n|-fieldstart|move: Electric Terrain|[from] ability: Hadron Engine|[of] p2b: Miraidon\n|-ability|p1a: Incineroar|Intimidate|boost\n|-unboost|p2a: Incineroar|atk|1\n|-unboost|p2b: Miraidon|atk|1\n|-ability|p2a: Incineroar|Intimidate|boost\n|-unboost|p1a: Incineroar|atk|1\n|-unboost|p1b: Kingdra|atk|1\n|turn|1\n|c|\u2606SilvrD|yours nice too ;)\n|inactive|SilvrD has 30 seconds left.\n|\n|t:|1746036559\n|-terastallize|p2b: Miraidon|Fairy\n|move|p1b: Kingdra|Protect|p1b: Kingdra\n|-singleturn|p1b: Kingdra|Protect\n|move|p2a: Incineroar|Fake Out|p1b: Kingdra\n|-activate|p1b: Kingdra|move: Protect\n|move|p2b: Miraidon|Dazzling Gleam|p1a: Incineroar|[spread] p1a\n|-activate|p1b: Kingdra|move: Protect\n|-damage|p1a: Incineroar|40/100\n|move|p1a: Incineroar|Parting Shot|p2b: Miraidon\n|-unboost|p2b: Miraidon|atk|1\n|-unboost|p2b: Miraidon|spa|1\n|\n|t:|1746036571\n|switch|p1a: Kyogre|Kyogre, L50|100/100|[from] Parting Shot\n|-weather|RainDance|[from] ability: Drizzle|[of] p1a: Kyogre\n|\n|-weather|RainDance|[upkeep]\n|upkeep\n|turn|2\n|inactive|SilvrD has 30 seconds left.\n|\n|t:|1746036601\n|switch|p2b: Kyogre|Kyogre, L50|100/100\n|-terastallize|p1a: Kyogre|Grass\n|move|p1b: Kingdra|Muddy Water|p2b: Kyogre|[spread] p2a,p2b\n|-supereffective|p2a: Incineroar\n|-resisted|p2b: Kyogre\n|-damage|p2a: Incineroar|0 fnt\n|-damage|p2b: Kyogre|78/100\n|faint|p2a: Incineroar\n|-damage|p1b: Kingdra|91/100|[from] item: Life Orb\n|move|p1a: Kyogre|Origin Pulse|p2b: Kyogre|[miss]\n|-miss|p1a: Kyogre|p2b: Kyogre\n|\n|-weather|RainDance|[upkeep]\n|upkeep\n|\n|t:|1746036612\n|switch|p2a: Miraidon|Miraidon, L50, tera:Fairy|100/100\n|-activate|p2a: Miraidon|ability: Hadron Engine\n|turn|3\n|inactive|JahalaBoy has 30 seconds left.\n|inactive|JahalaBoy has 20 seconds left.\n|\n|t:|1746036648\n|switch|p1b: Incineroar|Incineroar, L50, M|40/100\n|-ability|p1b: Incineroar|Intimidate|boost\n|-unboost|p2a: Miraidon|atk|1\n|-unboost|p2b: Kyogre|atk|1\n|move|p2b: Kyogre|Blizzard|p1a: Kyogre|[spread] p1a\n|-miss|p2b: Kyogre|p1b: Incineroar\n|-supereffective|p1a: Kyogre\n|-damage|p1a: Kyogre|56/100\n|move|p2a: Miraidon|Dazzling Gleam|p1a: Kyogre|[spread] p1a,p1b\n|-damage|p1a: Kyogre|11/100\n|-damage|p1b: Incineroar|0 fnt\n|faint|p1b: Incineroar\n|move|p1a: Kyogre|Calm Mind|p1a: Kyogre\n|-boost|p1a: Kyogre|spa|1\n|-boost|p1a: Kyogre|spd|1\n|\n|-weather|RainDance|[upkeep]\n|-heal|p1a: Kyogre|18/100|[from] item: Leftovers\n|upkeep\n|\n|t:|1746036653\n|switch|p1b: Kingdra|Kingdra, L50, M|91/100\n|turn|4\n|\n|t:|1746036673\n|move|p1a: Kyogre|Protect|p1a: Kyogre\n|-singleturn|p1a: Kyogre|Protect\n|move|p1b: Kingdra|Draco Meteor|p2b: Kyogre\n|-damage|p2b: Kyogre|16/100\n|-unboost|p1b: Kingdra|spa|2\n|-damage|p1b: Kingdra|81/100|[from] item: Life Orb\n|move|p2b: Kyogre|Blizzard|p1b: Kingdra|[spread] \n|-activate|p1a: Kyogre|move: Protect\n|-miss|p2b: Kyogre|p1b: Kingdra\n|move|p2a: Miraidon|Dazzling Gleam|p1b: Kingdra|[spread] p1b\n|-activate|p1a: Kyogre|move: Protect\n|-supereffective|p1b: Kingdra\n|-damage|p1b: Kingdra|0 fnt\n|faint|p1b: Kingdra\n|\n|-weather|RainDance|[upkeep]\n|-heal|p1a: Kyogre|24/100|[from] item: Leftovers\n|upkeep\n|\n|t:|1746036679\n|switch|p1b: Miraidon|Miraidon, L50|100/100\n|-activate|p1b: Miraidon|ability: Hadron Engine\n|turn|5\n|\n|t:|1746036693\n|move|p1b: Miraidon|Electro Drift|p2a: Miraidon\n|-damage|p2a: Miraidon|13/100\n|move|p2b: Kyogre|Blizzard|p1a: Kyogre|[spread] p1a,p1b\n|-supereffective|p1a: Kyogre\n|-supereffective|p1b: Miraidon\n|-damage|p1a: Kyogre|0 fnt\n|-damage|p1b: Miraidon|51/100\n|faint|p1a: Kyogre\n|move|p2a: Miraidon|Dazzling Gleam|p1b: Miraidon\n|-supereffective|p1b: Miraidon\n|-damage|p1b: Miraidon|0 fnt\n|faint|p1b: Miraidon\n|\n|win|SilvrD\n||JahalaBoy is ready for game 2.\n|l|\u2606SilvrD\n|player|p2|\n||SilvrD is ready for game 2.\n|uhtml|next|Next: <a href=\"/battle-gen9vgc2025regibo3-2354121648\"><strong>Game 2 of 3</strong></a>\n", "uploadtime": 1746037015, "views": 7, "formatid": "gen9vgc2025regibo3", "rating": null, "private": 0, "password": null}