{"id": "gen9vgc2025regibo3-2353535344", "format": "[Gen 9] VGC 2025 Reg I (Bo3)", "players": ["Titi96", "databull"], "log": "|j|\u2606Titi96\n|j|\u2606databull\n|html|<table width=\"100%\"><tr><td align=\"left\">Titi96</td><td align=\"right\">databull</tr><tr><td align=\"left\"><i class=\"fa fa-circle-o\"></i> <i class=\"fa fa-circle-o\"></i> </td><td align=\"right\"><i class=\"fa fa-circle-o\"></i> <i class=\"fa fa-circle-o\"></i> </tr></table>\n|uhtml|bestof|<h2><strong>Game 1</strong> of <a href=\"/game-bestof3-gen9vgc2025regibo3-2353535343\">a best-of-3</a></h2>\n|t:|1745965554\n|gametype|doubles\n|player|p1|Titi96|caitlin|1113\n|player|p2|databull|skierf|1032\n|teamsize|p1|6\n|teamsize|p2|6\n|gen|9\n|tier|[Gen 9] VGC 2025 Reg I (Bo3)\n|rated|\n|rule|Species Clause: Limit one of each Pok\u00e9mon\n|rule|Item Clause: Limit 1 of each item\n|clearpoke\n|poke|p1|Miraidon, L50|\n|poke|p1|Incineroar, L50, F|\n|poke|p1|Urshifu-*, L50, F|\n|poke|p1|Tornadus, L50, M|\n|poke|p1|Farigiraf, L50, M|\n|poke|p1|Terapagos, L50, M|\n|poke|p2|Koraidon, L50|\n|poke|p2|Ogerpon-Cornerstone, L50, F|\n|poke|p2|Flutter Mane, L50|\n|poke|p2|Terapagos, L50, M|\n|poke|p2|Rillaboom, L50, M|\n|poke|p2|Incineroar, L50, F|\n|teampreview|4\n|showteam|p1|Miraidon||LifeOrb|HadronEngine|VoltSwitch,DracoMeteor,DazzlingGleam,ElectroDrift||||||50|,,,,,Electric]Incineroar||SafetyGoggles|Intimidate|FlareBlitz,KnockOff,FakeOut,PartingShot|||F|||50|,,,,,Grass]Urshifu-Rapid-Strike||MysticWater|UnseenFist|AquaJet,SurgingStrikes,Detect,CloseCombat|||F|||50|,,,,,Water]Tornadus||SitrusBerry|Prankster|Taunt,Tailwind,RainDance,BleakwindStorm|||M|||50|,,,,,Steel]Farigiraf||ElectricSeed|ArmorTail|HyperVoice,TrickRoom,FoulPlay,RainDance|||M|||50|,,,,,Normal]Terapagos||Leftovers|TeraShift|TeraStarstorm,FlashCannon,Protect,CalmMind|||M|||50|,,,,,Stellar\n|showteam|p2|Koraidon||LifeOrb|OrichalcumPulse|FlareBlitz,CloseCombat,FlameCharge,Protect||||||50|,,,,,Fire]Ogerpon-Cornerstone||CornerstoneMask|Sturdy|IvyCudgel,PowerWhip,FollowMe,SpikyShield|||F|||50|,,,,,Rock]Flutter Mane||FocusSash|Protosynthesis|Moonblast,IcyWind,ShadowBall,Protect||||||50|,,,,,Normal]Terapagos||Leftovers|TeraShift|TeraStarstorm,EarthPower,CalmMind,Protect|||M|||50|,,,,,Stellar]Rillaboom||AssaultVest|GrassySurge|WoodHammer,GrassyGlide,Uturn,FakeOut|||M|||50|,,,,,Grass]Incineroar||RockyHelmet|Intimidate|KnockOff,FakeOut,WillOWisp,PartingShot|||F|||50|,,,,,Poison\n|inactive|Battle timer is ON: inactive players will automatically lose when time's up. (requested by Titi96)\n|\n|t:|1745965580\n|start\n|switch|p1a: Farigiraf|Farigiraf, L50, M|100/100\n|switch|p1b: Terapagos|Terapagos, L50, M|100/100\n|switch|p2a: Koraidon|Koraidon, L50|100/100\n|switch|p2b: Flutter Mane|Flutter Mane, L50|100/100\n|-activate|p1b: Terapagos|ability: Tera Shift\n|detailschange|p1b: Terapagos|Terapagos-Terastal, L50, M\n|-heal|p1b: Terapagos|100/100|[silent]\n|-weather|SunnyDay|[from] ability: Orichalcum Pulse|[of] p2a: Koraidon\n|-activate|p2b: Flutter Mane|ability: Protosynthesis\n|-start|p2b: Flutter Mane|protosynthesisspe\n|-activate|p2a: Koraidon|Orichalcum Pulse|[source]\n|turn|1\n|\n|t:|1745965601\n|move|p1b: Terapagos|Protect|p1b: Terapagos\n|-singleturn|p1b: Terapagos|Protect\n|move|p2b: Flutter Mane|Moonblast|p1b: Terapagos\n|-activate|p1b: Terapagos|move: Protect\n|move|p2a: Koraidon|Close Combat|p1b: Terapagos\n|-activate|p1b: Terapagos|move: Protect\n|move|p1a: Farigiraf|Trick Room|p1a: Farigiraf\n|-fieldstart|move: Trick Room|[of] p1a: Farigiraf\n|\n|-weather|SunnyDay|[upkeep]\n|upkeep\n|turn|2\n|\n|t:|1745965625\n|-end|p2b: Flutter Mane|Protosynthesis|[silent]\n|switch|p2b: Ogerpon|Ogerpon-Cornerstone, L50, F|100/100\n|-terastallize|p1b: Terapagos|Stellar\n|detailschange|p1b: Terapagos|Terapagos-Stellar, L50, M, tera:Stellar\n|-heal|p1b: Terapagos|100/100|[silent]\n|-ability|p1b: Terapagos|Teraform Zero\n|-weather|none\n|move|p1a: Farigiraf|Hyper Voice|p2a: Koraidon|[spread] p2a,p2b\n|-resisted|p2b: Ogerpon\n|-damage|p2a: Koraidon|73/100\n|-damage|p2b: Ogerpon|87/100\n|move|p1b: Terapagos|Tera Starstorm|p2b: Ogerpon|[spread] p2a,p2b\n|-damage|p2a: Koraidon|28/100\n|-damage|p2b: Ogerpon|34/100\n|move|p2a: Koraidon|Close Combat|p1b: Terapagos\n|-supereffective|p1b: Terapagos\n|-damage|p1b: Terapagos|0 fnt\n|-unboost|p2a: Koraidon|def|1\n|-unboost|p2a: Koraidon|spd|1\n|faint|p1b: Terapagos\n|-damage|p2a: Koraidon|18/100|[from] item: Life Orb\n|\n|upkeep\n|\n|t:|1745965647\n|switch|p1b: Tornadus|Tornadus, L50, M|100/100\n|turn|3\n|\n|t:|1745965658\n|move|p2b: Ogerpon|Spiky Shield|p2b: Ogerpon\n|-singleturn|p2b: Ogerpon|move: Protect\n|move|p2a: Koraidon|Protect|p2a: Koraidon\n|-singleturn|p2a: Koraidon|Protect\n|move|p1b: Tornadus|Rain Dance|p1b: Tornadus\n|-weather|RainDance\n|move|p1a: Farigiraf|Hyper Voice|p2b: Ogerpon|[spread] \n|-activate|p2a: Koraidon|move: Protect\n|-activate|p2b: Ogerpon|move: Protect\n|\n|-weather|RainDance|[upkeep]\n|upkeep\n|turn|4\n|\n|t:|1745965679\n|switch|p2a: Flutter Mane|Flutter Mane, L50|100/100\n|move|p2b: Ogerpon|Follow Me|p2b: Ogerpon\n|-singleturn|p2b: Ogerpon|move: Follow Me\n|move|p1a: Farigiraf|Hyper Voice|p2b: Ogerpon|[spread] p2b\n|-immune|p2a: Flutter Mane\n|-resisted|p2b: Ogerpon\n|-damage|p2b: Ogerpon|20/100\n|move|p1b: Tornadus|Bleakwind Storm|p2a: Flutter Mane|[spread] p2a,p2b\n|-damage|p2a: Flutter Mane|70/100\n|-damage|p2b: Ogerpon|0 fnt\n|faint|p2b: Ogerpon\n|\n|-weather|RainDance|[upkeep]\n|upkeep\n|\n|t:|1745965686\n|switch|p2b: Terapagos|Terapagos, L50, M|100/100\n|-activate|p2b: Terapagos|ability: Tera Shift\n|detailschange|p2b: Terapagos|Terapagos-Terastal, L50, M\n|-heal|p2b: Terapagos|100/100|[silent]\n|turn|5\n|\n|t:|1745965706\n|-terastallize|p2b: Terapagos|Stellar\n|detailschange|p2b: Terapagos|Terapagos-Stellar, L50, M, tera:Stellar\n|-heal|p2b: Terapagos|100/100|[silent]\n|-ability|p2b: Terapagos|Teraform Zero\n|-weather|none\n|move|p2a: Flutter Mane|Protect|p2a: Flutter Mane\n|-singleturn|p2a: Flutter Mane|Protect\n|move|p1a: Farigiraf|Hyper Voice|p2a: Flutter Mane|[spread] p2b\n|-activate|p2a: Flutter Mane|move: Protect\n|-damage|p2b: Terapagos|85/100\n|move|p2b: Terapagos|Tera Starstorm|p1a: Farigiraf|[spread] p1a,p1b\n|-damage|p1a: Farigiraf|69/100\n|-damage|p1b: Tornadus|69/100\n|move|p1b: Tornadus|Bleakwind Storm|p2b: Terapagos|[spread] \n|-activate|p2a: Flutter Mane|move: Protect\n|-miss|p1b: Tornadus|p2b: Terapagos\n|\n|-heal|p2b: Terapagos|91/100|[from] item: Leftovers\n|-fieldend|move: Trick Room\n|upkeep\n|turn|6\n|inactive|databull has 30 seconds left.\n|\n|t:|1745965732\n|move|p1b: Tornadus|Tailwind|p1b: Tornadus\n|-sidestart|p1: Titi96|move: Tailwind\n|move|p2a: Flutter Mane|Moonblast|p1b: Tornadus\n|-damage|p1b: Tornadus|31/100\n|-enditem|p1b: Tornadus|Sitrus Berry|[eat]\n|-heal|p1b: Tornadus|55/100|[from] item: Sitrus Berry\n|move|p1a: Farigiraf|Foul Play|p2a: Flutter Mane\n|-damage|p2a: Flutter Mane|40/100\n|move|p2b: Terapagos|Calm Mind|p2b: Terapagos\n|-boost|p2b: Terapagos|spa|1\n|-boost|p2b: Terapagos|spd|1\n|\n|-heal|p2b: Terapagos|97/100|[from] item: Leftovers\n|upkeep\n|turn|7\n|inactive|Titi96 has 30 seconds left.\n|\n|t:|1745965763\n|move|p2a: Flutter Mane|Protect|p2a: Flutter Mane\n|-singleturn|p2a: Flutter Mane|Protect\n|move|p1b: Tornadus|Rain Dance|p1b: Tornadus\n|-weather|RainDance\n|move|p1a: Farigiraf|Foul Play|p2b: Terapagos\n|-damage|p2b: Terapagos|84/100\n|move|p2b: Terapagos|Calm Mind|p2b: Terapagos\n|-boost|p2b: Terapagos|spa|1\n|-boost|p2b: Terapagos|spd|1\n|\n|-weather|RainDance|[upkeep]\n|-heal|p2b: Terapagos|90/100|[from] item: Leftovers\n|upkeep\n|turn|8\n|\n|t:|1745965786\n|move|p1b: Tornadus|Bleakwind Storm|p2a: Flutter Mane|[spread] p2a,p2b\n|-damage|p2a: Flutter Mane|6/100\n|-damage|p2b: Terapagos|81/100\n|-unboost|p2b: Terapagos|spe|1\n|move|p2a: Flutter Mane|Icy Wind|p1b: Tornadus|[spread] p1a,p1b\n|-crit|p1a: Farigiraf\n|-supereffective|p1b: Tornadus\n|-damage|p1a: Farigiraf|54/100\n|-damage|p1b: Tornadus|31/100\n|-unboost|p1a: Farigiraf|spe|1\n|-unboost|p1b: Tornadus|spe|1\n|move|p1a: Farigiraf|Foul Play|p2b: Terapagos\n|-damage|p2b: Terapagos|68/100\n|move|p2b: Terapagos|Calm Mind|p2b: Terapagos\n|-boost|p2b: Terapagos|spa|1\n|-boost|p2b: Terapagos|spd|1\n|\n|-weather|RainDance|[upkeep]\n|-heal|p2b: Terapagos|74/100|[from] item: Leftovers\n|upkeep\n|turn|9\n|\n|t:|1745965799\n|move|p2a: Flutter Mane|Protect|p2a: Flutter Mane\n|-singleturn|p2a: Flutter Mane|Protect\n|move|p1b: Tornadus|Bleakwind Storm|p2b: Terapagos|[spread] p2b\n|-activate|p2a: Flutter Mane|move: Protect\n|-damage|p2b: Terapagos|65/100\n|move|p1a: Farigiraf|Hyper Voice|p2b: Terapagos|[spread] p2b\n|-activate|p2a: Flutter Mane|move: Protect\n|-damage|p2b: Terapagos|59/100\n|move|p2b: Terapagos|Calm Mind|p2b: Terapagos\n|-boost|p2b: Terapagos|spa|1\n|-boost|p2b: Terapagos|spd|1\n|\n|-weather|RainDance|[upkeep]\n|-heal|p2b: Terapagos|65/100|[from] item: Leftovers\n|-sideend|p1: Titi96|move: Tailwind\n|upkeep\n|turn|10\n|\n|t:|1745965817\n|move|p1b: Tornadus|Tailwind|p1b: Tornadus\n|-sidestart|p1: Titi96|move: Tailwind\n|move|p2a: Flutter Mane|Icy Wind|p1a: Farigiraf|[spread] p1a,p1b\n|-supereffective|p1b: Tornadus\n|-damage|p1a: Farigiraf|43/100\n|-damage|p1b: Tornadus|4/100\n|-unboost|p1a: Farigiraf|spe|1\n|-unboost|p1b: Tornadus|spe|1\n|move|p1a: Farigiraf|Foul Play|p2a: Flutter Mane\n|-damage|p2a: Flutter Mane|0 fnt\n|faint|p2a: Flutter Mane\n|-end|p2a: Flutter Mane|Protosynthesis|[silent]\n|move|p2b: Terapagos|Calm Mind|p2b: Terapagos\n|-boost|p2b: Terapagos|spa|1\n|-boost|p2b: Terapagos|spd|1\n|\n|-weather|RainDance|[upkeep]\n|-heal|p2b: Terapagos|71/100|[from] item: Leftovers\n|upkeep\n|\n|t:|1745965820\n|switch|p2a: Koraidon|Koraidon, L50|18/100\n|-weather|SunnyDay|[from] ability: Orichalcum Pulse|[of] p2a: Koraidon\n|-activate|p2a: Koraidon|Orichalcum Pulse|[source]\n|turn|11\n|inactive|Titi96 has 30 seconds left.\n|\n|t:|1745965848\n|move|p2a: Koraidon|Flame Charge|p1a: Farigiraf\n|-damage|p1a: Farigiraf|0 fnt\n|-boost|p2a: Koraidon|spe|1\n|faint|p1a: Farigiraf\n|-damage|p2a: Koraidon|8/100|[from] item: Life Orb\n|move|p1b: Tornadus|Bleakwind Storm|p2b: Terapagos|[spread] p2b\n|-miss|p1b: Tornadus|p2a: Koraidon\n|-damage|p2b: Terapagos|65/100\n|move|p2b: Terapagos|Tera Starstorm|p1b: Tornadus\n|-damage|p1b: Tornadus|0 fnt\n|faint|p1b: Tornadus\n|\n|-weather|SunnyDay|[upkeep]\n|-heal|p2b: Terapagos|71/100|[from] item: Leftovers\n|upkeep\n|\n|t:|1745965857\n|switch|p1b: Miraidon|Miraidon, L50|100/100\n|-fieldstart|move: Electric Terrain|[from] ability: Hadron Engine|[of] p1b: Miraidon\n|turn|12\n|\n|t:|1745965864\n|move|p1b: Miraidon|Dazzling Gleam|p2b: Terapagos|[spread] p2a,p2b\n|-supereffective|p2a: Koraidon\n|-crit|p2a: Koraidon\n|-damage|p2a: Koraidon|0 fnt\n|-damage|p2b: Terapagos|63/100\n|faint|p2a: Koraidon\n|-damage|p1b: Miraidon|91/100|[from] item: Life Orb\n|move|p2b: Terapagos|Tera Starstorm|p1b: Miraidon\n|-damage|p1b: Miraidon|0 fnt\n|faint|p1b: Miraidon\n|\n|win|databull\n||Titi96 is ready for game 2.\n", "uploadtime": 1745965871, "views": 48, "formatid": "gen9vgc2025regibo3", "rating": null, "private": 0, "password": null}