{"id": "gen9vgc2025regibo3-2355033711", "format": "[Gen 9] VGC 2025 Reg I (Bo3)", "players": ["easyboss9000", "Icefxm"], "log": "|j|\u2606easyboss9000\n|j|\u2606Icefxm\n|html|<table width=\"100%\"><tr><td align=\"left\">easyboss9000</td><td align=\"right\">Icefxm</tr><tr><td align=\"left\"><i class=\"fa fa-circle-o\"></i> <i class=\"fa fa-circle-o\"></i> </td><td align=\"right\"><i class=\"fa fa-circle-o\"></i> <i class=\"fa fa-circle\"></i> </tr></table>\n|uhtml|bestof|<h2><strong>Game 2</strong> of <a href=\"/game-bestof3-gen9vgc2025regibo3-2355032603\">a best-of-3</a></h2>\n|t:|1746144415\n|gametype|doubles\n|player|p1|easyboss9000|cynthia-gen4|\n|player|p2|Icefxm|flannery|\n|teamsize|p1|6\n|teamsize|p2|6\n|gen|9\n|tier|[Gen 9] VGC 2025 Reg I (Bo3)\n|rule|Species Clause: Limit one of each Pok\u00e9mon\n|rule|Item Clause: Limit 1 of each item\n|clearpoke\n|poke|p1|Cloyster, L50, M|\n|poke|p1|Appletun, L50, F|\n|poke|p1|Arboliva, L50, M|\n|poke|p1|Groudon, L50|\n|poke|p1|Altaria, L50, F|\n|poke|p1|Annihilape, L50, F|\n|poke|p2|Calyrex-Ice, L50|\n|poke|p2|Ninetales-Alola, L50, M|\n|poke|p2|Chien-Pao, L50|\n|poke|p2|Glalie, L50, M|\n|poke|p2|Iron Bundle, L50|\n|poke|p2|Rotom-Frost, L50|\n|teampreview|4\n|showteam|p1|Cloyster||WhiteHerb|SkillLink|ShellSmash,IcicleSpear,Waterfall,DrillRun|||M|||50|,,,,,Water]Appletun||BigRoot|ThickFat|LeechSeed,Protect,Substitute,GigaDrain|||F|||50|,,,,,Grass]Arboliva||SitrusBerry|Harvest|DazzlingGleam,Protect,StrengthSap,WeatherBall|||M|||50|,,,,,Fairy]Groudon||IapapaBerry|Drought|SwordsDance,PrecipiceBlades,HeatCrash,ThunderWave||||||50|,,,,,Ground]Altaria||Leftovers|NaturalCure|PlayRough,BraveBird,DragonDance,WillOWisp|||F|||50|,,,,,Flying]Annihilape||LifeOrb|Defiant|BulkUp,RageFist,DrainPunch,Encore|||F|||50|,,,,,Fighting\n|showteam|p2|Calyrex-Ice||LifeOrb|AsOneGlastrier|Reflect,Blizzard,GlacialLance,HealPulse||||||50|,,,,,Fire]Ninetales-Alola||FocusSash|SnowWarning|AuroraVeil,HelpingHand,Protect,Encore|||M|||50|,,,,,Flying]Chien-Pao||AguavBerry|SwordofRuin|BrickBreak,Haze,IcyWind,IceSpinner||||||50|,,,,,Normal]Glalie||WeaknessPolicy|InnerFocus|IceShard,IcicleSpear,DarkPulse,Earthquake|||M|||50|,,,,,Rock]Iron Bundle||BoosterEnergy|QuarkDrive|Blizzard,Taunt,PlayRough,HydroPump||||||50|,,,,,Water]Rotom-Frost||SitrusBerry|Levitate|ThunderWave,Electroweb,Protect,WillOWisp||||||50|,,,,,Ground\n|\n|t:|1746144429\n|start\n|switch|p1a: Kyogre is cooler|Groudon, L50|100/100\n|switch|p1b: Fine shyte|Arboliva, L50, M|100/100\n|switch|p2a: Calyrex|Calyrex-Ice, L50|100/100\n|switch|p2b: Ninetales|Ninetales-Alola, L50, M, shiny|100/100\n|-ability|p2a: Calyrex|As One\n|-ability|p2a: Calyrex|Unnerve\n|-weather|Snowscape|[from] ability: Snow Warning|[of] p2b: Ninetales\n|-weather|SunnyDay|[from] ability: Drought|[of] p1a: Kyogre is cooler\n|turn|1\n|\n|t:|1746144446\n|move|p2b: Ninetales|Helping Hand|p2a: Calyrex\n|-singleturn|p2a: Calyrex|Helping Hand|[of] p2b: Ninetales\n|move|p1a: Kyogre is cooler|Thunder Wave|p2a: Calyrex\n|-status|p2a: Calyrex|par\n|move|p1b: Fine shyte|Weather Ball|p2a: Calyrex\n|-supereffective|p2a: Calyrex\n|-damage|p2a: Calyrex|17/100 par\n|move|p2a: Calyrex|Glacial Lance|p1a: Kyogre is cooler|[spread] p1a,p1b\n|-supereffective|p1a: Kyogre is cooler\n|-supereffective|p1b: Fine shyte\n|-crit|p1b: Fine shyte\n|-damage|p1a: Kyogre is cooler|0 fnt\n|-damage|p1b: Fine shyte|0 fnt\n|faint|p1a: Kyogre is cooler\n|faint|p1b: Fine shyte\n|-ability|p2a: Calyrex|Chilling Neigh|boost\n|-boost|p2a: Calyrex|atk|2\n|-damage|p2a: Calyrex|7/100 par|[from] item: Life Orb\n|\n|-weather|SunnyDay|[upkeep]\n|upkeep\n|c|\u2606easyboss9000|!data as one\nNo Pok\u00e9mon, item, move, ability or nature named 'as one' was found. Showing the data of 'Phione' instead.\n|raw|<div class=\"message\"><ul class=\"utilichart\"><li class=\"result\"><span class=\"col numcol\">(DUU)</span> <span class=\"col iconcol\"><psicon pokemon=\"phione\"/></span> <span class=\"col pokemonnamecol\" style=\"white-space:nowrap\"><a href=\"https://dex.pokemonshowdown.com/pokemon/phione\" target=\"_blank\">Phione</a></span> <span class=\"col typecol\"><img src=\"https://play.pokemonshowdown.com/sprites/types/Water.png\" alt=\"Water\" height=\"14\" width=\"32\"></span> <span style=\"float:left;min-height:26px\"><span class=\"col abilitycol\">Hydration</span><span class=\"col abilitycol\"></span></span><span style=\"float:left;min-height:26px\"><span class=\"col statcol\"><em>HP</em><br />80</span> <span class=\"col statcol\"><em>Atk</em><br />80</span> <span class=\"col statcol\"><em>Def</em><br />80</span> <span class=\"col statcol\"><em>SpA</em><br />80</span> <span class=\"col statcol\"><em>SpD</em><br />80</span> <span class=\"col statcol\"><em>Spe</em><br />80</span> <span class=\"col bstcol\"><em>BST<br />480</em></span> </span></li><li style=\"clear:both\"></li></ul></div>\n\n|\n|t:|1746144456\n|switch|p1a: ITA DIGBSY|Annihilape, L50, F|100/100\n|switch|p1b: Kittykat|Cloyster, L50, M|100/100\n|turn|2\n|\n|t:|1746144470\n|move|p2b: Ninetales|Helping Hand|p2a: Calyrex\n|-singleturn|p2a: Calyrex|Helping Hand|[of] p2b: Ninetales\n|move|p1a: ITA DIGBSY|Rage Fist|p2a: Calyrex\n|-supereffective|p2a: Calyrex\n|-damage|p2a: Calyrex|0 fnt\n|faint|p2a: Calyrex\n|-damage|p1a: ITA DIGBSY|91/100|[from] item: Life Orb\n|move|p1b: Kittykat|Shell Smash|p1b: Kittykat\n|-unboost|p1b: Kittykat|def|1\n|-unboost|p1b: Kittykat|spd|1\n|-boost|p1b: Kittykat|atk|2\n|-boost|p1b: Kittykat|spa|2\n|-boost|p1b: Kittykat|spe|2\n|-enditem|p1b: Kittykat|White Herb\n|-clearnegativeboost|p1b: Kittykat|[silent]\n|\n|-weather|SunnyDay|[upkeep]\n|upkeep\n|\n|t:|1746144486\n|switch|p2a: Chien-Pao|Chien-Pao, L50|100/100\n|-ability|p2a: Chien-Pao|Sword of Ruin\n|turn|3\n|\n|t:|1746144501\n|switch|p2b: Rotom|Rotom-Frost, L50, shiny|100/100\n|-terastallize|p1a: ITA DIGBSY|Fighting\n|move|p1b: Kittykat|Drill Run|p2b: Rotom\n|-immune|p2b: Rotom|[from] ability: Levitate\n|move|p2a: Chien-Pao|Haze|p2a: Chien-Pao\n|-clearallboost\n|move|p1a: ITA DIGBSY|Bulk Up|p1a: ITA DIGBSY\n|-boost|p1a: ITA DIGBSY|atk|1\n|-boost|p1a: ITA DIGBSY|def|1\n|\n|-weather|SunnyDay|[upkeep]\n|upkeep\n|turn|4\n|\n|t:|1746144516\n|switch|p2b: Ninetales|Ninetales-Alola, L50, M, shiny|100/100\n|-weather|Snowscape|[from] ability: Snow Warning|[of] p2b: Ninetales\n|move|p2a: Chien-Pao|Haze|p2a: Chien-Pao\n|-clearallboost\n|move|p1a: ITA DIGBSY|Drain Punch|p2a: Chien-Pao\n|-supereffective|p2a: Chien-Pao\n|-damage|p2a: Chien-Pao|0 fnt\n|-heal|p1a: ITA DIGBSY|100/100|[from] drain|[of] p2a: Chien-Pao\n|faint|p2a: Chien-Pao\n|-damage|p1a: ITA DIGBSY|91/100|[from] item: Life Orb\n|move|p1b: Kittykat|Icicle Spear|p2b: Ninetales\n|-resisted|p2b: Ninetales\n|-damage|p2b: Ninetales|95/100\n|-resisted|p2b: Ninetales\n|-damage|p2b: Ninetales|91/100\n|-resisted|p2b: Ninetales\n|-damage|p2b: Ninetales|87/100\n|-resisted|p2b: Ninetales\n|-damage|p2b: Ninetales|81/100\n|-resisted|p2b: Ninetales\n|-damage|p2b: Ninetales|76/100\n|-hitcount|p2b: Ninetales|5\n|\n|-weather|Snowscape|[upkeep]\n|upkeep\n|\n|t:|1746144537\n|switch|p2a: Rotom|Rotom-Frost, L50, shiny|100/100\n|turn|5\n|\n|t:|1746144550\n|move|p2b: Ninetales|Protect|p2b: Ninetales\n|-singleturn|p2b: Ninetales|Protect\n|move|p1a: ITA DIGBSY|Bulk Up|p1a: ITA DIGBSY\n|-boost|p1a: ITA DIGBSY|atk|1\n|-boost|p1a: ITA DIGBSY|def|1\n|move|p1b: Kittykat|Shell Smash|p1b: Kittykat\n|-unboost|p1b: Kittykat|def|1\n|-unboost|p1b: Kittykat|spd|1\n|-boost|p1b: Kittykat|atk|2\n|-boost|p1b: Kittykat|spa|2\n|-boost|p1b: Kittykat|spe|2\n|move|p2a: Rotom|Electroweb|p1a: ITA DIGBSY|[spread] p1a,p1b\n|-supereffective|p1b: Kittykat\n|-damage|p1a: ITA DIGBSY|76/100\n|-damage|p1b: Kittykat|0 fnt\n|-unboost|p1a: ITA DIGBSY|spe|1\n|-ability|p1a: ITA DIGBSY|Defiant|boost\n|-boost|p1a: ITA DIGBSY|atk|2\n|faint|p1b: Kittykat\n|\n|-weather|Snowscape|[upkeep]\n|upkeep\n|turn|6\n|\n|t:|1746144581\n|-terastallize|p2a: Rotom|Ground\n|move|p2b: Ninetales|Encore|p1a: ITA DIGBSY\n|-start|p1a: ITA DIGBSY|Encore\n|move|p2a: Rotom|Will-O-Wisp|p1a: ITA DIGBSY\n|-status|p1a: ITA DIGBSY|brn\n|move|p1a: ITA DIGBSY|Bulk Up|p1a: ITA DIGBSY\n|-boost|p1a: ITA DIGBSY|atk|1\n|-boost|p1a: ITA DIGBSY|def|1\n|\n|-weather|Snowscape|[upkeep]\n|-damage|p1a: ITA DIGBSY|70/100 brn|[from] brn\n|upkeep\n|turn|7\n|\n|t:|1746144600\n|move|p2b: Ninetales|Aurora Veil|p2b: Ninetales\n|-sidestart|p2: Icefxm|move: Aurora Veil\n|move|p2a: Rotom|Electroweb|p1a: ITA DIGBSY\n|-damage|p1a: ITA DIGBSY|49/100 brn\n|-unboost|p1a: ITA DIGBSY|spe|1\n|-ability|p1a: ITA DIGBSY|Defiant|boost\n|-boost|p1a: ITA DIGBSY|atk|2\n|move|p1a: ITA DIGBSY|Bulk Up|p1a: ITA DIGBSY\n|-boost|p1a: ITA DIGBSY|atk|0\n|-boost|p1a: ITA DIGBSY|def|1\n|\n|-weather|Snowscape|[upkeep]\n|-damage|p1a: ITA DIGBSY|43/100 brn|[from] brn\n|upkeep\n|turn|8\n|\n|t:|1746144616\n|move|p2b: Ninetales|Helping Hand|p2a: Rotom\n|-singleturn|p2a: Rotom|Helping Hand|[of] p2b: Ninetales\n|move|p2a: Rotom|Electroweb|p1a: ITA DIGBSY\n|-damage|p1a: ITA DIGBSY|10/100 brn\n|-unboost|p1a: ITA DIGBSY|spe|1\n|-boost|p1a: ITA DIGBSY|atk|0\n|move|p1a: ITA DIGBSY|Bulk Up|p1a: ITA DIGBSY\n|-boost|p1a: ITA DIGBSY|atk|0\n|-boost|p1a: ITA DIGBSY|def|1\n|\n|-weather|none\n|-damage|p1a: ITA DIGBSY|4/100 brn|[from] brn\n|-end|p1a: ITA DIGBSY|Encore\n|upkeep\n|turn|9\n|\n|t:|1746144648\n|move|p2b: Ninetales|Protect|p2b: Ninetales\n|-singleturn|p2b: Ninetales|Protect\n|move|p2a: Rotom|Protect|p2a: Rotom\n|-singleturn|p2a: Rotom|Protect\n|move|p1a: ITA DIGBSY|Drain Punch|p2a: Rotom\n|-activate|p2a: Rotom|move: Protect\n|\n|-damage|p1a: ITA DIGBSY|0 fnt|[from] brn\n|faint|p1a: ITA DIGBSY\n|\n|win|Icefxm\n|l|\u2606easyboss9000\n|player|p1|\n|l|\u2606Icefxm\n|player|p2|\n", "uploadtime": 1746145005, "views": 19, "formatid": "gen9vgc2025regibo3", "rating": null, "private": 0, "password": null}