{"id": "gen9vgc2025regibo3-2354841904", "format": "[Gen 9] VGC 2025 Reg I (Bo3)", "players": ["knox566917", "pepe1994uchia"], "log": "|j|\u2606knox566917\n|j|\u2606pepe1994uchia\n|html|<table width=\"100%\"><tr><td align=\"left\">knox566917</td><td align=\"right\">pepe1994uchia</tr><tr><td align=\"left\"><i class=\"fa fa-circle-o\"></i> <i class=\"fa fa-circle-o\"></i> </td><td align=\"right\"><i class=\"fa fa-circle-o\"></i> <i class=\"fa fa-circle-o\"></i> </tr></table>\n|uhtml|bestof|<h2><strong>Game 1</strong> of <a href=\"/game-bestof3-gen9vgc2025regibo3-2354841903\">a best-of-3</a></h2>\n|t:|1746124459\n|gametype|doubles\n|player|p1|knox566917|pokemaniac|1070\n|player|p2|pepe1994uchia|n|1129\n|teamsize|p1|6\n|teamsize|p2|6\n|gen|9\n|tier|[Gen 9] VGC 2025 Reg I (Bo3)\n|rated|\n|rule|Species Clause: Limit one of each Pok\u00e9mon\n|rule|Item Clause: Limit 1 of each item\n|clearpoke\n|poke|p1|Incineroar, L50, M|\n|poke|p1|Serperior, L50, M|\n|poke|p1|Blaziken, L50, M|\n|poke|p1|Primarina, L50, M|\n|poke|p1|Skeledirge, L50, M|\n|poke|p1|Rillaboom, L50, M|\n|poke|p2|Koraidon, L50|\n|poke|p2|Ho-Oh, L50|\n|poke|p2|Iron Crown, L50|\n|poke|p2|Whimsicott, L50, F|\n|poke|p2|Indeedee-F, L50, F|\n|poke|p2|Raging Bolt, L50|\n|teampreview|4\n|showteam|p1|Incineroar||SafetyGoggles|Intimidate|FirePledge,FakeOut,PartingShot,KnockOff|||M|||50|,,,,,Ghost]Serperior||FocusSash|Contrary|TeraBlast,GrassPledge,LeafStorm,Protect|||M|||50|,,,,,Stellar]Blaziken||ClearAmulet|SpeedBoost|CloseCombat,FlareBlitz,FirePledge,Protect|||M|||50|,,,,,Ghost]Primarina||LifeOrb|LiquidVoice|WaterPledge,Moonblast,HyperVoice,Protect|||M|||50|,,,,,Poison]Skeledirge||SitrusBerry|Unaware|FirePledge,WillOWisp,SlackOff,TorchSong|||M|||50|,,,,,Grass]Rillaboom||AssaultVest|GrassySurge|GrassPledge,WoodHammer,FakeOut,DrumBeating|||M|||50|,,,,,Ghost\n|showteam|p2|Koraidon||ClearAmulet|OrichalcumPulse|FlareBlitz,CollisionCourse,BreakingSwipe,Protect||||||50|,,,,,Fire]Ho-Oh||RockyHelmet|Regenerator|SacredFire,BraveBird,LifeDew,Protect||||||50|,,,,,Dragon]Iron Crown||BoosterEnergy|QuarkDrive|ExpandingForce,TachyonCutter,TeraBlast,Protect||||||50|,,,,,Ground]Whimsicott||CovertCloak|Prankster|Moonblast,SunnyDay,Tailwind,Encore|||F|||50|,,,,,Dark]Indeedee-F||PsychicSeed|PsychicSurge|Psychic,Imprison,FollowMe,TrickRoom|||F|||50|,,,,,Fairy]Raging Bolt||AssaultVest|Protosynthesis|DracoMeteor,Thunderbolt,Thunderclap,Electroweb||||||50|,,,,,Bug\n|\n|t:|1746124501\n|start\n|switch|p1a: Blaziken|Blaziken, L50, M, shiny|100/100\n|switch|p1b: Serperior|Serperior, L50, M, shiny|100/100\n|switch|p2a: Koraidon|Koraidon, L50|100/100\n|switch|p2b: Whimsicott|Whimsicott, L50, F|100/100\n|-weather|SunnyDay|[from] ability: Orichalcum Pulse|[of] p2a: Koraidon\n|-activate|p2a: Koraidon|Orichalcum Pulse|[source]\n|turn|1\n|inactive|Battle timer is ON: inactive players will automatically lose when time's up. (requested by pepe1994uchia)\n|\n|t:|1746124565\n|move|p1a: Blaziken|Protect|p1a: Blaziken\n|-singleturn|p1a: Blaziken|Protect\n|move|p2b: Whimsicott|Tailwind|p2b: Whimsicott\n|-sidestart|p2: pepe1994uchia|move: Tailwind\n|move|p2a: Koraidon|Flare Blitz|p1b: Serperior\n|-supereffective|p1b: Serperior\n|-enditem|p1b: Serperior|Focus Sash\n|-damage|p1b: Serperior|1/100\n|-damage|p2a: Koraidon|70/100|[from] Recoil\n|move|p1b: Serperior|Leaf Storm|p2a: Koraidon\n|-resisted|p2a: Koraidon\n|-damage|p2a: Koraidon|49/100\n|-boost|p1b: Serperior|spa|2\n|\n|-weather|SunnyDay|[upkeep]\n|-ability|p1a: Blaziken|Speed Boost|boost\n|-boost|p1a: Blaziken|spe|1\n|upkeep\n|turn|2\n|\n|t:|1746124584\n|move|p2b: Whimsicott|Encore|p1a: Blaziken\n|-start|p1a: Blaziken|Encore\n|move|p2a: Koraidon|Breaking Swipe|p1a: Blaziken|[spread] p1a,p1b\n|-damage|p1a: Blaziken|54/100\n|-damage|p1b: Serperior|0 fnt\n|faint|p1b: Serperior\n|move|p1a: Blaziken|Protect||[still]\n|-fail|p1a: Blaziken\n|\n|-weather|SunnyDay|[upkeep]\n|-ability|p1a: Blaziken|Speed Boost|boost\n|-boost|p1a: Blaziken|spe|1\n|upkeep\n|inactive|knox566917 has 30 seconds left.\n|\n|t:|1746124613\n|switch|p1b: Rillaboom|Rillaboom, L50, M, shiny|100/100\n|-fieldstart|move: Grassy Terrain|[from] ability: Grassy Surge|[of] p1b: Rillaboom\n|turn|3\n|inactive|knox566917 has 30 seconds left.\n|\n|t:|1746124640\n|move|p2a: Koraidon|Protect|p2a: Koraidon\n|-singleturn|p2a: Koraidon|Protect\n|move|p1a: Blaziken|Protect|p1a: Blaziken\n|-singleturn|p1a: Blaziken|Protect\n|move|p1b: Rillaboom|Fake Out|p2a: Koraidon\n|-activate|p2a: Koraidon|move: Protect\n|move|p2b: Whimsicott|Moonblast|p1b: Rillaboom\n|-damage|p1b: Rillaboom|77/100\n|\n|-weather|SunnyDay|[upkeep]\n|-heal|p2a: Koraidon|55/100|[from] Grassy Terrain\n|-heal|p1a: Blaziken|59/100|[from] Grassy Terrain\n|-heal|p1b: Rillaboom|83/100|[from] Grassy Terrain\n|-ability|p1a: Blaziken|Speed Boost|boost\n|-boost|p1a: Blaziken|spe|1\n|upkeep\n|turn|4\n|\n|t:|1746124664\n|move|p1a: Blaziken|Protect||[still]\n|-fail|p1a: Blaziken\n|move|p2a: Koraidon|Flare Blitz|p1b: Rillaboom\n|-supereffective|p1b: Rillaboom\n|-damage|p1b: Rillaboom|0 fnt\n|faint|p1b: Rillaboom\n|-damage|p2a: Koraidon|29/100|[from] Recoil\n|move|p2b: Whimsicott|Moonblast|p1a: Blaziken\n|-damage|p1a: Blaziken|15/100\n|\n|-weather|SunnyDay|[upkeep]\n|-heal|p2a: Koraidon|35/100|[from] Grassy Terrain\n|-heal|p1a: Blaziken|21/100|[from] Grassy Terrain\n|-end|p1a: Blaziken|Encore\n|-sideend|p2: pepe1994uchia|move: Tailwind\n|-ability|p1a: Blaziken|Speed Boost|boost\n|-boost|p1a: Blaziken|spe|1\n|upkeep\n|\n|t:|1746124687\n|switch|p1b: Primarina|Primarina, L50, M, shiny|100/100\n|turn|5\n|inactive|pepe1994uchia has 30 seconds left.\n|\n|t:|1746124721\n|move|p2b: Whimsicott|Encore|p1a: Blaziken\n|-start|p1a: Blaziken|Encore\n|move|p1a: Blaziken|Protect|p1a: Blaziken\n|-singleturn|p1a: Blaziken|Protect\n|move|p2a: Koraidon|Flare Blitz|p1b: Primarina\n|-resisted|p1b: Primarina\n|-damage|p1b: Primarina|48/100\n|-damage|p2a: Koraidon|20/100|[from] Recoil\n|move|p1b: Primarina|Moonblast|p2a: Koraidon\n|-supereffective|p2a: Koraidon\n|-damage|p2a: Koraidon|0 fnt\n|faint|p2a: Koraidon\n|-damage|p1b: Primarina|38/100|[from] item: Life Orb\n|\n|-weather|none\n|-heal|p1a: Blaziken|27/100|[from] Grassy Terrain\n|-heal|p1b: Primarina|44/100|[from] Grassy Terrain\n|-ability|p1a: Blaziken|Speed Boost|boost\n|-boost|p1a: Blaziken|spe|1\n|upkeep\n|\n|t:|1746124732\n|switch|p2a: Iron Crown|Iron Crown, L50|100/100\n|-enditem|p2a: Iron Crown|Booster Energy\n|-activate|p2a: Iron Crown|ability: Quark Drive|[fromitem]\n|-start|p2a: Iron Crown|quarkdrivespa\n|turn|6\n|inactive|knox566917 has 30 seconds left.\n|\n|t:|1746124766\n|move|p1a: Blaziken|Protect||[still]\n|-fail|p1a: Blaziken\n|move|p2b: Whimsicott|Moonblast|p1a: Blaziken\n|-damage|p1a: Blaziken|0 fnt\n|faint|p1a: Blaziken\n|move|p2a: Iron Crown|Tachyon Cutter|p1b: Primarina\n|-damage|p1b: Primarina|14/100\n|-damage|p1b: Primarina|0 fnt\n|faint|p1b: Primarina\n|-hitcount|p1: Primarina|2\n|\n|win|pepe1994uchia\n||pepe1994uchia is ready for game 2.\n||knox566917 is ready for game 2.\n|uhtml|next|Next: <a href=\"/battle-gen9vgc2025regibo3-2354845438\"><strong>Game 2 of 3</strong></a>\n|l|\u2606knox566917\n|player|p1|\n|l|\u2606pepe1994uchia\n|player|p2|\n", "uploadtime": 1746125086, "views": 5, "formatid": "gen9vgc2025regibo3", "rating": null, "private": 0, "password": null}