{"id": "gen9vgc2025regibo3-2354234554", "format": "[Gen 9] VGC 2025 Reg I (Bo3)", "players": ["blueishman", "Deadlyshirts"], "log": "|j|\u2606blueishman\n|j|\u2606Deadlyshirts\n|html|<table width=\"100%\"><tr><td align=\"left\">blueishman</td><td align=\"right\">Deadlyshirts</tr><tr><td align=\"left\"><i class=\"fa fa-circle-o\"></i> <i class=\"fa fa-circle-o\"></i> </td><td align=\"right\"><i class=\"fa fa-circle-o\"></i> <i class=\"fa fa-circle-o\"></i> </tr></table>\n|uhtml|bestof|<h2><strong>Game 1</strong> of <a href=\"/game-bestof3-gen9vgc2025regibo3-2354234553\">a best-of-3</a></h2>\n|t:|1746047458\n|gametype|doubles\n|player|p1|blueishman|wattson|\n|player|p2|Deadlyshirts|1|\n|teamsize|p1|5\n|teamsize|p2|6\n|gen|9\n|tier|[Gen 9] VGC 2025 Reg I (Bo3)\n|rule|Species Clause: Limit one of each Pok\u00e9mon\n|rule|Item Clause: Limit 1 of each item\n|clearpoke\n|poke|p1|Dragonite, L50, M|\n|poke|p1|Chien-Pao, L50|\n|poke|p1|Incineroar, L50, F|\n|poke|p1|Cresselia, L50, F|\n|poke|p1|Zamazenta-*, L50|\n|poke|p2|Glimmora, L50, F|\n|poke|p2|Dialga, L50|\n|poke|p2|Corviknight, L50, M|\n|poke|p2|Solgaleo, L50|\n|poke|p2|Gholdengo, L50|\n|poke|p2|Perrserker, L50, M|\n|teampreview|4\n|showteam|p1|Dragonite||ChoiceBand|InnerFocus|ExtremeSpeed,DracoMeteor,Outrage,ThunderPunch|||M|||50|,,,,,Normal]Chien-Pao||AssaultVest|SwordofRuin|SacredSword,IceSpinner,PsychicFangs,SuckerPunch||||||50|,,,,,Fighting]Incineroar||Leftovers|Intimidate|FlareBlitz,KnockOff,FakeOut,PartingShot|||F|||50|,,,,,Ghost]Cresselia||CovertCloak|Levitate|LunarBlessing,DazzlingGleam,CalmMind,Thunderbolt|||F|||50|,,,,,Electric]Zamazenta-Crowned||RustedShield|DauntlessShield|Coaching,BodyPress,HeavySlam,IronDefense||||||50|,,,,,Fighting\n|showteam|p2|Glimmora||AdrenalineOrb|ToxicDebris|DazzlingGleam,SludgeWave,EnergyBall,SpikyShield|||F|||50|,,,,,Stellar]Dialga||AdamantOrb|Pressure|FlashCannon,DragonTail,DragonPulse,TeraBlast||||||50|,,,,,Steel]Corviknight||Leftovers|MirrorArmor|Tailwind,TeraBlast,Hurricane,AirCutter|||M|||50|,,,,,Ghost]Solgaleo||LifeOrb|FullMetalBody|WideGuard,SunsteelStrike,ZenHeadbutt,TeraBlast||||||50|,,,,,Dark]Gholdengo||ChoiceSpecs|GoodasGold|MakeItRain,DazzlingGleam,TeraBlast,Hex||||||50|,,,,,Stellar]Perrserker||AssaultVest|SteelySpirit|FakeOut,PlayRough,IronHead,CloseCombat|||M|||50|,,,,,Fighting\n|\n|t:|1746047486\n|start\n|switch|p1a: Incineroar|Incineroar, L50, F|100/100\n|switch|p1b: Dragonite|Dragonite, L50, M|100/100\n|switch|p2a: Corviknight|Corviknight, L50, M, shiny|100/100\n|switch|p2b: Gholdengo|Gholdengo, L50|100/100\n|-ability|p1a: Incineroar|Intimidate|boost\n|-ability|p2a: Corviknight|Mirror Armor\n|-unboost|p1a: Incineroar|atk|1\n|-unboost|p2b: Gholdengo|atk|1\n|turn|1\n|\n|t:|1746047538\n|switch|p2a: Perrserker|Perrserker, L50, M, shiny|100/100\n|-terastallize|p2b: Gholdengo|Stellar\n|move|p2b: Gholdengo|Make It Rain|p1a: Incineroar|[spread] p1a,p1b\n|-resisted|p1a: Incineroar\n|-damage|p1a: Incineroar|50/100\n|-damage|p1b: Dragonite|0 fnt\n|-unboost|p2b: Gholdengo|spa|1\n|faint|p1b: Dragonite\n|move|p1a: Incineroar|Knock Off|p2b: Gholdengo\n|-supereffective|p2b: Gholdengo\n|-damage|p2b: Gholdengo|44/100\n|-enditem|p2b: Gholdengo|Choice Specs|[from] move: Knock Off|[of] p1a: Incineroar\n|\n|-heal|p1a: Incineroar|56/100|[from] item: Leftovers\n|upkeep\n|\n|t:|1746047563\n|switch|p1b: Chien-Pao|Chien-Pao, L50|100/100\n|-ability|p1b: Chien-Pao|Sword of Ruin\n|turn|2\n|\n|t:|1746047580\n|switch|p1a: Cresselia|Cresselia, L50, F|100/100\n|move|p1b: Chien-Pao|Sucker Punch|p2b: Gholdengo\n|-supereffective|p2b: Gholdengo\n|-damage|p2b: Gholdengo|0 fnt\n|faint|p2b: Gholdengo\n|move|p2a: Perrserker|Close Combat|p1b: Chien-Pao\n|-supereffective|p1b: Chien-Pao\n|-damage|p1b: Chien-Pao|0 fnt\n|-unboost|p2a: Perrserker|def|1\n|-unboost|p2a: Perrserker|spd|1\n|faint|p1b: Chien-Pao\n|\n|upkeep\n|\n|t:|1746047588\n|switch|p1b: Incineroar|Incineroar, L50, F|56/100\n|switch|p2b: Solgaleo|Solgaleo, L50, shiny|100/100\n|-ability|p1b: Incineroar|Intimidate|boost\n|-unboost|p2a: Perrserker|atk|1\n|-fail|p2b: Solgaleo|unboost|[from] ability: Full Metal Body|[of] p2b: Solgaleo\n|turn|3\n|\n|t:|1746047601\n|move|p1b: Incineroar|Fake Out|p2b: Solgaleo\n|-resisted|p2b: Solgaleo\n|-damage|p2b: Solgaleo|96/100\n|cant|p2b: Solgaleo|flinch\n|move|p1a: Cresselia|Calm Mind|p1a: Cresselia\n|-boost|p1a: Cresselia|spa|1\n|-boost|p1a: Cresselia|spd|1\n|move|p2a: Perrserker|Close Combat|p1b: Incineroar\n|-supereffective|p1b: Incineroar\n|-damage|p1b: Incineroar|4/100\n|-unboost|p2a: Perrserker|def|1\n|-unboost|p2a: Perrserker|spd|1\n|\n|-heal|p1b: Incineroar|10/100|[from] item: Leftovers\n|upkeep\n|turn|4\n|\n|t:|1746047626\n|move|p2b: Solgaleo|Sunsteel Strike|p1b: Incineroar\n|-resisted|p1b: Incineroar\n|-damage|p1b: Incineroar|0 fnt\n|faint|p1b: Incineroar\n|-damage|p2b: Solgaleo|86/100|[from] item: Life Orb\n|move|p1a: Cresselia|Thunderbolt|p2a: Perrserker\n|-damage|p2a: Perrserker|32/100\n|move|p2a: Perrserker|Play Rough|p1a: Cresselia\n|-damage|p1a: Cresselia|84/100\n|\n|upkeep\n|turn|5\n|\n|t:|1746047646\n|switch|p2a: Corviknight|Corviknight, L50, M, shiny|100/100\n|-terastallize|p1a: Cresselia|Electric\n|move|p2b: Solgaleo|Sunsteel Strike|p1a: Cresselia\n|-resisted|p1a: Cresselia\n|-damage|p1a: Cresselia|57/100\n|-damage|p2b: Solgaleo|76/100|[from] item: Life Orb\n|move|p1a: Cresselia|Thunderbolt|p2a: Corviknight\n|-supereffective|p2a: Corviknight\n|-damage|p2a: Corviknight|0 fnt\n|faint|p2a: Corviknight\n|\n|upkeep\n|-message|blueishman forfeited.\n|\n|win|Deadlyshirts\n|l|\u2606blueishman\n|player|p1|\n||blueishman is ready for game 2.\n||Deadlyshirts is ready for game 2.\n|uhtml|next|Next: <a href=\"/battle-gen9vgc2025regibo3-2354236589\"><strong>Game 2 of 3</strong></a>\n|l|\u2606Deadlyshirts\n|player|p2|\n", "uploadtime": 1746047977, "views": 6, "formatid": "gen9vgc2025regibo3", "rating": null, "private": 0, "password": null}