{"id": "gen9vgc2025regibo3-2354830380", "format": "[Gen 9] VGC 2025 Reg I (Bo3)", "players": ["blueishman", "Deadlyshirts"], "log": "|j|\u2606blueishman\n|j|\u2606Deadlyshirts\n|html|<table width=\"100%\"><tr><td align=\"left\">blueishman</td><td align=\"right\">Deadlyshirts</tr><tr><td align=\"left\"><i class=\"fa fa-circle-o\"></i> <i class=\"fa fa-circle-o\"></i> </td><td align=\"right\"><i class=\"fa fa-circle-o\"></i> <i class=\"fa fa-circle-o\"></i> </tr></table>\n|uhtml|bestof|<h2><strong>Game 1</strong> of <a href=\"/game-bestof3-gen9vgc2025regibo3-2354830379\">a best-of-3</a></h2>\n|t:|1746123441\n|gametype|doubles\n|player|p1|blueishman|wattson|\n|player|p2|Deadlyshirts|170|\n|teamsize|p1|6\n|teamsize|p2|5\n|gen|9\n|tier|[Gen 9] VGC 2025 Reg I (Bo3)\n|rule|Species Clause: Limit one of each Pok\u00e9mon\n|rule|Item Clause: Limit 1 of each item\n|clearpoke\n|poke|p1|Toedscruel, L50, M|\n|poke|p1|Weezing-Galar, L50, F|\n|poke|p1|Ogerpon-Hearthflame, L50, F|\n|poke|p1|Urshifu-*, L50, F|\n|poke|p1|Incineroar, L50, M|\n|poke|p1|Rillaboom, L50, F|\n|poke|p2|Ursaluna, L50, F|\n|poke|p2|Terapagos, L50, M|\n|poke|p2|Slowking-Galar, L50, M|\n|poke|p2|Iron Hands, L50|\n|poke|p2|Grimmsnarl, L50, M|\n|teampreview|4\n|showteam|p1|Toedscruel||CovertCloak|MyceliumMight|Spore,AcidSpray,Protect,Taunt|||M|||50|,,,,,Ghost]Weezing-Galar||AssaultVest|NeutralizingGas|DazzlingGleam,Flamethrower,StrangeSteam,SludgeWave|||F|||50|,,,,,Poison]Ogerpon-Hearthflame||HearthflameMask|MoldBreaker|IvyCudgel,SpikyShield,WoodHammer,SwordsDance|||F|||50|,,,,,Fire]Urshifu-Rapid-Strike||ChoiceBand|UnseenFist|CloseCombat,SurgingStrikes,Uturn,AquaJet|||F|||50|,,,,,Water]Incineroar||SitrusBerry|Intimidate|FakeOut,FlareBlitz,KnockOff,PartingShot|||M|||50|,,,,,Fire]Rillaboom||LifeOrb|GrassySurge|FakeOut,GrassyGlide,DrumBeating,Uturn|||F|||50|,,,,,Grass\n|showteam|p2|Ursaluna||FlameOrb|Guts|Facade,HeadlongRush,BulkUp,ThunderPunch|||F|||50|,,,,,Ghost]Terapagos||Leftovers|TeraShift|CalmMind,DazzlingGleam,TeraStarstorm,Protect|||M|||50|,,,,,Stellar]Slowking-Galar||BlackSludge|CuriousMedicine|TrickRoom,SlackOff,SludgeWave,Yawn|||M|||50|,,,,,Ghost]Iron Hands||BoosterEnergy|QuarkDrive|FakeOut,IcePunch,SwordsDance,DrainPunch||||||50|,,,,,Ghost]Grimmsnarl||AbilityShield|Prankster|PartingShot,NastyPlot,DazzlingGleam,Taunt|||M|||50|,,,,,Dark\n|\n|t:|1746123461\n|start\n|switch|p1a: Toedscruel|Toedscruel, L50, M|100/100\n|switch|p1b: Weezing|Weezing-Galar, L50, F|100/100\n|switch|p2a: Grimmsnarl|Grimmsnarl, L50, M|100/100\n|switch|p2b: Ursaluna|Ursaluna, L50, F|100/100\n|-ability|p1b: Weezing|Neutralizing Gas\n|-block|p2a: Grimmsnarl|item: Ability Shield\n|turn|1\n|\n|t:|1746123493\n|switch|p2a: Slowking|Slowking-Galar, L50, M|100/100\n|move|p1a: Toedscruel|Protect|p1a: Toedscruel\n|-singleturn|p1a: Toedscruel|Protect\n|move|p1b: Weezing|Dazzling Gleam|p2a: Slowking|[spread] p2a,p2b\n|-resisted|p2a: Slowking\n|-damage|p2a: Slowking|93/100\n|-damage|p2b: Ursaluna|79/100\n|move|p2b: Ursaluna|Bulk Up|p2b: Ursaluna\n|-boost|p2b: Ursaluna|atk|1\n|-boost|p2b: Ursaluna|def|1\n|\n|-heal|p2a: Slowking|99/100|[from] item: Black Sludge\n|-status|p2b: Ursaluna|brn|[from] item: Flame Orb\n|upkeep\n|turn|2\n|\n|t:|1746123520\n|move|p1a: Toedscruel|Spore|p2a: Slowking\n|-status|p2a: Slowking|slp|[from] move: Spore\n|move|p1b: Weezing|Flamethrower|p2a: Slowking\n|-damage|p2a: Slowking|84/100 slp\n|move|p2b: Ursaluna|Facade|p1a: Toedscruel\n|-damage|p1a: Toedscruel|0 fnt\n|faint|p1a: Toedscruel\n|cant|p2a: Slowking|slp\n|\n|-heal|p2a: Slowking|90/100 slp|[from] item: Black Sludge\n|-damage|p2b: Ursaluna|73/100 brn|[from] brn\n|upkeep\n|\n|t:|1746123533\n|switch|p1a: Ogerpon|Ogerpon-Hearthflame, L50, F|100/100\n|turn|3\n|\n|t:|1746123563\n|move|p1a: Ogerpon|Swords Dance|p1a: Ogerpon\n|-boost|p1a: Ogerpon|atk|2\n|move|p1b: Weezing|Strange Steam|p2b: Ursaluna\n|-damage|p2b: Ursaluna|37/100 brn\n|move|p2b: Ursaluna|Facade|p1b: Weezing\n|-damage|p1b: Weezing|0 fnt\n|faint|p1b: Weezing\n|-end|p1b: Weezing|ability: Neutralizing Gas\n|-ability|p1a: Ogerpon|Mold Breaker\n|-clearboost|p2b: Ursaluna|[from] ability: Curious Medicine|[of] p2a: Slowking\n|cant|p2a: Slowking|slp\n|\n|-heal|p2a: Slowking|96/100 slp|[from] item: Black Sludge\n|-damage|p2b: Ursaluna|31/100 brn|[from] brn\n|upkeep\n|\n|t:|1746123574\n|switch|p1b: Urshifu|Urshifu-Rapid-Strike, L50, F|100/100\n|turn|4\n|\n|t:|1746123599\n|move|p1a: Ogerpon|Swords Dance|p1a: Ogerpon\n|-boost|p1a: Ogerpon|atk|2\n|move|p1b: Urshifu|Surging Strikes|p2b: Ursaluna\n|-supereffective|p2b: Ursaluna\n|-crit|p2b: Ursaluna\n|-damage|p2b: Ursaluna|0 fnt\n|faint|p2b: Ursaluna\n|-hitcount|p2: Ursaluna|1\n|cant|p2a: Slowking|slp\n|\n|-heal|p2a: Slowking|100/100 slp|[from] item: Black Sludge\n|upkeep\n|\n|t:|1746123606\n|switch|p2b: Grimmsnarl|Grimmsnarl, L50, M|100/100\n|turn|5\n|\n|t:|1746123634\n|-terastallize|p1a: Ogerpon|Fire\n|detailschange|p1a: Ogerpon|Ogerpon-Hearthflame-Tera, L50, F, tera:Fire\n|-ability|p1a: Ogerpon|Embody Aspect (Hearthflame)|boost\n|-boost|p1a: Ogerpon|atk|1\n|move|p2b: Grimmsnarl|Nasty Plot|p2b: Grimmsnarl\n|-boost|p2b: Grimmsnarl|spa|2\n|move|p1a: Ogerpon|Ivy Cudgel|p2a: Slowking|[anim] Ivy Cudgel Fire\n|-damage|p2a: Slowking|0 fnt\n|faint|p2a: Slowking\n|move|p1b: Urshifu|Surging Strikes|p2b: Grimmsnarl\n|-crit|p2b: Grimmsnarl\n|-damage|p2b: Grimmsnarl|61/100\n|-crit|p2b: Grimmsnarl\n|-damage|p2b: Grimmsnarl|21/100\n|-crit|p2b: Grimmsnarl\n|-damage|p2b: Grimmsnarl|0 fnt\n|faint|p2b: Grimmsnarl\n|-hitcount|p2: Grimmsnarl|3\n|\n|upkeep\n|\n|t:|1746123653\n|switch|p2b: Terapagos|Terapagos, L50, M|100/100\n|-activate|p2b: Terapagos|ability: Tera Shift\n|detailschange|p2b: Terapagos|Terapagos-Terastal, L50, M\n|-heal|p2b: Terapagos|100/100|[silent]\n|turn|6\n|\n|t:|1746123669\n|-terastallize|p2b: Terapagos|Stellar\n|detailschange|p2b: Terapagos|Terapagos-Stellar, L50, M, tera:Stellar\n|-heal|p2b: Terapagos|100/100|[silent]\n|move|p1a: Ogerpon|Ivy Cudgel|p2b: Terapagos|[anim] Ivy Cudgel Fire\n|-damage|p2b: Terapagos|0 fnt\n|faint|p2b: Terapagos\n|\n|win|blueishman\n||blueishman is ready for game 2.\n|inactive|Deadlyshirts has 30 seconds to confirm battle start!\n|l|\u2606Deadlyshirts\n|player|p2|\n||Deadlyshirts is ready for game 2.\n|uhtml|next|Next: <a href=\"/battle-gen9vgc2025regibo3-2354833170\"><strong>Game 2 of 3</strong></a>\n", "uploadtime": 1746123990, "views": 5, "formatid": "gen9vgc2025regibo3", "rating": null, "private": 0, "password": null}