{"id": "gen9vgc2025regibo3-2354135370", "format": "[Gen 9] VGC 2025 Reg I (Bo3)", "players": ["Arkhept", "elyx_1"], "log": "|j|\u2606Arkhept\n|j|\u2606elyx_1\n|html|<table width=\"100%\"><tr><td align=\"left\">Arkhept</td><td align=\"right\">elyx_1</tr><tr><td align=\"left\"><i class=\"fa fa-circle-o\"></i> <i class=\"fa fa-circle-o\"></i> </td><td align=\"right\"><i class=\"fa fa-circle-o\"></i> <i class=\"fa fa-circle\"></i> </tr></table>\n|uhtml|bestof|<h2><strong>Game 2</strong> of <a href=\"/game-bestof3-gen9vgc2025regibo3-2354132541\">a best-of-3</a></h2>\n|t:|1746037893\n|gametype|doubles\n|player|p1|Arkhept|misty|1145\n|player|p2|elyx_1|170|1261\n|teamsize|p1|6\n|teamsize|p2|6\n|gen|9\n|tier|[Gen 9] VGC 2025 Reg I (Bo3)\n|rated|\n|rule|Species Clause: Limit one of each Pok\u00e9mon\n|rule|Item Clause: Limit 1 of each item\n|clearpoke\n|poke|p1|Miraidon, L50|\n|poke|p1|Whimsicott, L50, M|\n|poke|p1|Farigiraf, L50, M|\n|poke|p1|Iron Hands, L50|\n|poke|p1|Groudon, L50|\n|poke|p1|Blaziken, L50, M|\n|poke|p2|Zamazenta-*, L50|\n|poke|p2|Calyrex-Shadow, L50|\n|poke|p2|Tornadus, L50, M|\n|poke|p2|Urshifu-*, L50, M|\n|poke|p2|Rillaboom, L50, M|\n|poke|p2|Chien-Pao, L50|\n|teampreview|4\n|showteam|p1|Miraidon||ChoiceSpecs|HadronEngine|ElectroDrift,DracoMeteor,VoltSwitch,DazzlingGleam||||||50|,,,,,Fairy]Whimsicott||CovertCloak|Prankster|Tailwind,Encore,LightScreen,Moonblast|||M|||50|,,,,,Dark]Farigiraf||ElectricSeed|ArmorTail|Psychic,FoulPlay,HelpingHand,TrickRoom|||M|||50|,,,,,Dark]Iron Hands||AssaultVest|QuarkDrive|LowKick,DrainPunch,WildCharge,FakeOut||||||50|,,,,,Water]Groudon||ClearAmulet|Drought|PrecipiceBlades,HighHorsepower,HeatCrash,Protect||||||50|,,,,,Fire]Blaziken||FocusSash|SpeedBoost|Protect,FlareBlitz,CloseCombat,Coaching|||M|||50|,,,,,Fire\n|showteam|p2|Zamazenta-Crowned||RustedShield|DauntlessShield|BodyPress,HeavySlam,WideGuard,Protect||||||50|,,,,,Ghost]Calyrex-Shadow||FocusSash|AsOneSpectrier|AstralBarrage,Psychic,Encore,Protect||||||50|,,,,,Ghost]Tornadus||RockyHelmet|Prankster|BleakwindStorm,Tailwind,RainDance,Protect|||M|||50|,,,,,Dark]Urshifu-Rapid-Strike||MysticWater|UnseenFist|SurgingStrikes,CloseCombat,AquaJet,Detect|||M|||50|,,,,,Water]Rillaboom||AssaultVest|GrassySurge|WoodHammer,GrassyGlide,Uturn,FakeOut|||M|||50|,,,,,Fire]Chien-Pao||LifeOrb|SwordofRuin|SuckerPunch,IceSpinner,IceShard,Protect||||||50|,,,,,Stellar\n|inactive|Battle timer is ON: inactive players will automatically lose when time's up. (requested by elyx_1)\n|\n|t:|1746037911\n|start\n|switch|p1a: Groudon|Groudon, L50|100/100\n|switch|p1b: Blaziken|Blaziken, L50, M|100/100\n|switch|p2a: Zamazenta|Zamazenta-Crowned, L50|100/100\n|switch|p2b: Chien-Pao|Chien-Pao, L50|100/100\n|-ability|p2b: Chien-Pao|Sword of Ruin\n|-ability|p2a: Zamazenta|Dauntless Shield|boost\n|-boost|p2a: Zamazenta|def|1\n|-weather|SunnyDay|[from] ability: Drought|[of] p1a: Groudon\n|turn|1\n|inactive|elyx_1 has 30 seconds left.\n|inactive|elyx_1 has 20 seconds left.\n|inactive|elyx_1 has 15 seconds left.\n|\n|t:|1746037952\n|-terastallize|p2a: Zamazenta|Ghost\n|move|p2b: Chien-Pao|Protect|p2b: Chien-Pao\n|-singleturn|p2b: Chien-Pao|Protect\n|move|p1b: Blaziken|Protect|p1b: Blaziken\n|-singleturn|p1b: Blaziken|Protect\n|move|p1a: Groudon|Protect|p1a: Groudon\n|-singleturn|p1a: Groudon|Protect\n|move|p2a: Zamazenta|Body Press|p1a: Groudon\n|-activate|p1a: Groudon|move: Protect\n|\n|-weather|SunnyDay|[upkeep]\n|-ability|p1b: Blaziken|Speed Boost|boost\n|-boost|p1b: Blaziken|spe|1\n|upkeep\n|turn|2\n|inactive|Arkhept has 30 seconds left.\n|inactive|elyx_1 has 30 seconds left.\n|inactive|elyx_1 has 20 seconds left.\n|\n|t:|1746037990\n|switch|p2b: Rillaboom|Rillaboom, L50, M|100/100\n|-fieldstart|move: Grassy Terrain|[from] ability: Grassy Surge|[of] p2b: Rillaboom\n|move|p1b: Blaziken|Coaching|p1a: Groudon\n|-boost|p1a: Groudon|atk|1\n|-boost|p1a: Groudon|def|1\n|move|p2a: Zamazenta|Body Press|p1b: Blaziken\n|-enditem|p1b: Blaziken|Focus Sash\n|-damage|p1b: Blaziken|1/100\n|move|p1a: Groudon|Precipice Blades|p2a: Zamazenta|[spread] p2a\n|-miss|p1a: Groudon|p2b: Rillaboom\n|-damage|p2a: Zamazenta|70/100\n|\n|-weather|SunnyDay|[upkeep]\n|-heal|p1b: Blaziken|7/100|[from] Grassy Terrain\n|-heal|p2a: Zamazenta|76/100|[from] Grassy Terrain\n|-ability|p1b: Blaziken|Speed Boost|boost\n|-boost|p1b: Blaziken|spe|1\n|upkeep\n|turn|3\n|inactive|elyx_1 has 30 seconds left.\n|\n|t:|1746038021\n|move|p2b: Rillaboom|Fake Out|p1b: Blaziken\n|-damage|p1b: Blaziken|0 fnt\n|faint|p1b: Blaziken\n|move|p2a: Zamazenta|Body Press|p1a: Groudon\n|-damage|p1a: Groudon|70/100\n|move|p1a: Groudon|Heat Crash|p2b: Rillaboom\n|-supereffective|p2b: Rillaboom\n|-damage|p2b: Rillaboom|0 fnt\n|faint|p2b: Rillaboom\n|\n|-weather|SunnyDay|[upkeep]\n|-heal|p2a: Zamazenta|82/100|[from] Grassy Terrain\n|-heal|p1a: Groudon|76/100|[from] Grassy Terrain\n|upkeep\n|\n|t:|1746038033\n|switch|p1b: Whimsicott|Whimsicott, L50, M|100/100\n|switch|p2b: Calyrex|Calyrex-Shadow, L50|100/100\n|-ability|p2b: Calyrex|As One\n|-ability|p2b: Calyrex|Unnerve\n|turn|4\n|\n|t:|1746038048\n|move|p1b: Whimsicott|Tailwind|p1b: Whimsicott\n|-sidestart|p1: Arkhept|move: Tailwind\n|move|p1a: Groudon|Heat Crash|p2b: Calyrex\n|-enditem|p2b: Calyrex|Focus Sash\n|-damage|p2b: Calyrex|1/100\n|move|p2b: Calyrex|Astral Barrage|p1b: Whimsicott|[spread] p1a,p1b\n|-damage|p1a: Groudon|32/100\n|-damage|p1b: Whimsicott|25/100\n|move|p2a: Zamazenta|Body Press|p1a: Groudon\n|-damage|p1a: Groudon|0 fnt\n|faint|p1a: Groudon\n|\n|-weather|SunnyDay|[upkeep]\n|-heal|p1b: Whimsicott|31/100|[from] Grassy Terrain\n|-heal|p2b: Calyrex|7/100|[from] Grassy Terrain\n|-heal|p2a: Zamazenta|87/100|[from] Grassy Terrain\n|upkeep\n|\n|t:|1746038052\n|switch|p1a: Miraidon|Miraidon, L50|100/100\n|-fieldstart|move: Electric Terrain|[from] ability: Hadron Engine|[of] p1a: Miraidon\n|turn|5\n|inactive|elyx_1 has 30 seconds left.\n|inactive|elyx_1 has 20 seconds left.\n|inactive|elyx_1 has 15 seconds left.\n|inactive|elyx_1 has 10 seconds left.\n|\n|t:|1746038101\n|move|p2a: Zamazenta|Protect|p2a: Zamazenta\n|-singleturn|p2a: Zamazenta|Protect\n|move|p1a: Miraidon|Electro Drift|p2a: Zamazenta\n|-activate|p2a: Zamazenta|move: Protect\n|move|p1b: Whimsicott|Moonblast|p2b: Calyrex\n|-damage|p2b: Calyrex|0 fnt\n|faint|p2b: Calyrex\n|\n|-weather|none\n|upkeep\n|\n|t:|1746038111\n|switch|p2b: Chien-Pao|Chien-Pao, L50|100/100\n|-ability|p2b: Chien-Pao|Sword of Ruin\n|turn|6\n|inactive|elyx_1 has 30 seconds left.\n|\n|t:|1746038142\n|move|p1b: Whimsicott|Encore|p2a: Zamazenta\n|-start|p2a: Zamazenta|Encore\n|move|p2b: Chien-Pao|Ice Shard|p1b: Whimsicott\n|-supereffective|p1b: Whimsicott\n|-damage|p1b: Whimsicott|0 fnt\n|faint|p1b: Whimsicott\n|-damage|p2b: Chien-Pao|91/100|[from] item: Life Orb\n|move|p1a: Miraidon|Electro Drift|p2b: Chien-Pao\n|-damage|p2b: Chien-Pao|0 fnt\n|faint|p2b: Chien-Pao\n|move|p2a: Zamazenta|Protect||[still]\n|-fail|p2a: Zamazenta\n|\n|upkeep\n|turn|7\n|\n|t:|1746038155\n|move|p2a: Zamazenta|Protect|p2a: Zamazenta\n|-singleturn|p2a: Zamazenta|Protect\n|move|p1a: Miraidon|Electro Drift|p2a: Zamazenta\n|-activate|p2a: Zamazenta|move: Protect\n|\n|-sideend|p1: Arkhept|move: Tailwind\n|upkeep\n|turn|8\n|\n|t:|1746038165\n|move|p2a: Zamazenta|Protect||[still]\n|-fail|p2a: Zamazenta\n|move|p1a: Miraidon|Electro Drift|p2a: Zamazenta\n|-damage|p2a: Zamazenta|0 fnt\n|faint|p2a: Zamazenta\n|\n|win|Arkhept\n||elyx_1 is ready for game 3.\n||Arkhept is ready for game 3.\n|uhtml|next|Next: <a href=\"/battle-gen9vgc2025regibo3-2354138597\"><strong>Game 3 of 3</strong></a>\n|l|\u2606elyx_1\n|player|p2|\n|l|\u2606Arkhept\n|player|p1|\n", "uploadtime": 1746038541, "views": 6, "formatid": "gen9vgc2025regibo3", "rating": null, "private": 0, "password": null}