{"id": "gen9vgc2025regibo3-2354268336", "format": "[Gen 9] VGC 2025 Reg I (Bo3)", "players": ["Clickster1", "ManuButtowski"], "log": "|j|\u2606Clickster1\n|j|\u2606ManuButtowski\n|html|<table width=\"100%\"><tr><td align=\"left\">Clickster1</td><td align=\"right\">ManuButtowski</tr><tr><td align=\"left\"><i class=\"fa fa-circle\"></i> <i class=\"fa fa-circle-o\"></i> </td><td align=\"right\"><i class=\"fa fa-circle-o\"></i> <i class=\"fa fa-circle\"></i> </tr></table>\n|uhtml|bestof|<h2><strong>Game 3</strong> of <a href=\"/game-bestof3-gen9vgc2025regibo3-2354260930\">a best-of-3</a></h2>\n|t:|1746051015\n|gametype|doubles\n|player|p1|Clickster1|proton|1058\n|player|p2|ManuButtowski|marshal|1178\n|teamsize|p1|6\n|teamsize|p2|6\n|gen|9\n|tier|[Gen 9] VGC 2025 Reg I (Bo3)\n|rated|\n|rule|Species Clause: Limit one of each Pok\u00e9mon\n|rule|Item Clause: Limit 1 of each item\n|clearpoke\n|poke|p1|Lunala, L50|\n|poke|p1|Koraidon, L50|\n|poke|p1|Flutter Mane, L50|\n|poke|p1|Raging Bolt, L50|\n|poke|p1|Chi-Yu, L50|\n|poke|p1|Brute Bonnet, L50|\n|poke|p2|Koraidon, L50|\n|poke|p2|Ho-Oh, L50|\n|poke|p2|Flutter Mane, L50|\n|poke|p2|Raging Bolt, L50|\n|poke|p2|Chien-Pao, L50|\n|poke|p2|Amoonguss, L50, F|\n|teampreview|4\n|showteam|p1|Lunala||PowerHerb|ShadowShield|MeteorBeam,MoongeistBeam,WideGuard,TrickRoom||||||50|,,,,,Water]Koraidon||LifeOrb|OrichalcumPulse|CloseCombat,FlareBlitz,FlameCharge,Protect||||||50|,,,,,Fire]Flutter Mane||FocusSash|Protosynthesis|ShadowBall,Moonblast,IcyWind,Protect||||||50|,,,,,Normal]Raging Bolt||AssaultVest|Protosynthesis|Thunderclap,Thunderbolt,Electroweb,DracoMeteor||||||50|,,,,,Electric]Chi-Yu||ChoiceScarf|BeadsofRuin|HeatWave,Snarl,DarkPulse,Overheat||||||50|,,,,,Ghost]Brute Bonnet||CovertCloak|Protosynthesis|SeedBomb,SuckerPunch,RagePowder,Spore||||||50|,,,,,Water\n|showteam|p2|Koraidon||ClearAmulet|OrichalcumPulse|FlareBlitz,CollisionCourse,Uturn,Protect||||||50|,,,,,Fire]Ho-Oh||RockyHelmet|Regenerator|SacredFire,LifeDew,Tailwind,Protect||||||50|,,,,,Grass]Flutter Mane||ChoiceSpecs|Protosynthesis|Moonblast,DazzlingGleam,ShadowBall,IcyWind||||||50|,,,,,Fairy]Raging Bolt||AssaultVest|Protosynthesis|Thunderclap,DracoMeteor,Thunderbolt,Snarl||||||50|,,,,,Electric]Chien-Pao||FocusSash|SwordofRuin|IceSpinner,ThroatChop,SuckerPunch,Protect||||||50|,,,,,Stellar]Amoonguss||MentalHerb|Regenerator|Spore,RagePowder,PollenPuff,ClearSmog|||F|||50|,,,,,Fire\n|inactive|Battle timer is ON: inactive players will automatically lose when time's up. (requested by Clickster1)\n|inactive|ManuButtowski has 60 seconds left.\n|\n|t:|1746051072\n|start\n|switch|p1a: Koraidon|Koraidon, L50|100/100\n|switch|p1b: Raging Bolt|Raging Bolt, L50|100/100\n|switch|p2a: Koraidon|Koraidon, L50|100/100\n|switch|p2b: Ho-Oh|Ho-Oh, L50|100/100\n|-weather|SunnyDay|[from] ability: Orichalcum Pulse|[of] p1a: Koraidon\n|-activate|p1b: Raging Bolt|ability: Protosynthesis\n|-start|p1b: Raging Bolt|protosynthesisspa\n|-activate|p1a: Koraidon|Orichalcum Pulse|[source]\n|-activate|p2a: Koraidon|ability: Orichalcum Pulse\n|turn|1\n|inactive|Clickster1 has 30 seconds left.\n|inactive|ManuButtowski has 30 seconds left.\n|inactive|ManuButtowski has 20 seconds left.\n|\n|t:|1746051111\n|move|p1a: Koraidon|Protect|p1a: Koraidon\n|-singleturn|p1a: Koraidon|Protect\n|move|p2b: Ho-Oh|Protect|p2b: Ho-Oh\n|-singleturn|p2b: Ho-Oh|Protect\n|move|p2a: Koraidon|Collision Course|p1b: Raging Bolt\n|-damage|p1b: Raging Bolt|35/100\n|move|p1b: Raging Bolt|Electroweb|p2b: Ho-Oh|[spread] p2a\n|-activate|p2b: Ho-Oh|move: Protect\n|-resisted|p2a: Koraidon\n|-damage|p2a: Koraidon|88/100\n|\n|-weather|SunnyDay|[upkeep]\n|upkeep\n|turn|2\n|inactive|ManuButtowski has 30 seconds left.\n|inactive|ManuButtowski has 20 seconds left.\n|\n|t:|1746051150\n|-end|p1b: Raging Bolt|Protosynthesis|[silent]\n|switch|p1b: Lunala|Lunala, L50|100/100\n|move|p1a: Koraidon|Close Combat|p2a: Koraidon\n|-crit|p2a: Koraidon\n|-damage|p2a: Koraidon|0 fnt\n|-unboost|p1a: Koraidon|def|1\n|-unboost|p1a: Koraidon|spd|1\n|faint|p2a: Koraidon\n|-damage|p1a: Koraidon|91/100|[from] item: Life Orb\n|move|p2b: Ho-Oh|Tailwind|p2b: Ho-Oh\n|-sidestart|p2: ManuButtowski|move: Tailwind\n|\n|-weather|SunnyDay|[upkeep]\n|upkeep\n|\n|t:|1746051162\n|switch|p2a: Flutter Mane|Flutter Mane, L50|100/100\n|-activate|p2a: Flutter Mane|ability: Protosynthesis\n|-start|p2a: Flutter Mane|protosynthesisspe\n|turn|3\n|inactive|ManuButtowski has 30 seconds left.\n|inactive|ManuButtowski has 20 seconds left.\n|\n|t:|1746051198\n|switch|p1a: Chi-Yu|Chi-Yu, L50|100/100\n|-ability|p1a: Chi-Yu|Beads of Ruin\n|-terastallize|p1b: Lunala|Water\n|move|p2a: Flutter Mane|Shadow Ball|p1b: Lunala\n|-damage|p1b: Lunala|67/100\n|-unboost|p1b: Lunala|spd|1\n|move|p2b: Ho-Oh|Sacred Fire|p1b: Lunala\n|-resisted|p1b: Lunala\n|-damage|p1b: Lunala|33/100\n|move|p1b: Lunala|Meteor Beam||[still]\n|-prepare|p1b: Lunala|Meteor Beam\n|-boost|p1b: Lunala|spa|1\n|-enditem|p1b: Lunala|Power Herb\n|-anim|p1b: Lunala|Meteor Beam|p2a: Flutter Mane\n|-damage|p2a: Flutter Mane|12/100\n|\n|-weather|SunnyDay|[upkeep]\n|upkeep\n|turn|4\n|inactive|Clickster1 has 30 seconds left.\n|inactive|ManuButtowski has 30 seconds left.\n|inactive|Clickster1 has 20 seconds left.\n|inactive|Clickster1 has 15 seconds left.\n|inactive|Clickster1 has 10 seconds left.\n|inactive|Clickster1 has 5 seconds left.\n|\n|t:|1746051251\n|-end|p2a: Flutter Mane|Protosynthesis|[silent]\n|switch|p2a: Raging Bolt|Raging Bolt, L50|100/100\n|-activate|p2a: Raging Bolt|ability: Protosynthesis\n|-start|p2a: Raging Bolt|protosynthesisspa\n|switch|p1b: Koraidon|Koraidon, L50|91/100\n|-activate|p1b: Koraidon|ability: Orichalcum Pulse\n|move|p1a: Chi-Yu|Heat Wave|p2b: Ho-Oh|[spread] p2a,p2b\n|-resisted|p2a: Raging Bolt\n|-resisted|p2b: Ho-Oh\n|-damage|p2a: Raging Bolt|80/100\n|-damage|p2b: Ho-Oh|78/100\n|move|p2b: Ho-Oh|Sacred Fire|p1b: Koraidon\n|-resisted|p1b: Koraidon\n|-damage|p1b: Koraidon|58/100\n|-status|p1b: Koraidon|brn\n|\n|-weather|SunnyDay|[upkeep]\n|-damage|p1b: Koraidon|52/100 brn|[from] brn\n|upkeep\n|turn|5\n|inactive|Clickster1 has 30 seconds left.\n|inactive|ManuButtowski has 30 seconds left.\n|inactive|ManuButtowski has 20 seconds left.\n|inactive|ManuButtowski has 15 seconds left.\n|inactive|ManuButtowski has 10 seconds left.\n|inactive|ManuButtowski has 5 seconds left.\n|\n|t:|1746051304\n|switch|p1a: Lunala|Lunala, L50, tera:Water|33/100\n|move|p1b: Koraidon|Protect|p1b: Koraidon\n|-singleturn|p1b: Koraidon|Protect\n|move|p2b: Ho-Oh|Sacred Fire|p1b: Koraidon\n|-activate|p1b: Koraidon|move: Protect\n|move|p2a: Raging Bolt|Thunderbolt|p1a: Lunala\n|-supereffective|p1a: Lunala\n|-damage|p1a: Lunala|0 fnt\n|faint|p1a: Lunala\n|\n|-weather|none\n|-end|p2a: Raging Bolt|Protosynthesis\n|-damage|p1b: Koraidon|46/100 brn|[from] brn\n|-sideend|p2: ManuButtowski|move: Tailwind\n|upkeep\n|\n|t:|1746051318\n|switch|p1a: Chi-Yu|Chi-Yu, L50|100/100\n|-ability|p1a: Chi-Yu|Beads of Ruin\n|turn|6\n|inactive|ManuButtowski has 30 seconds left.\n|inactive|ManuButtowski has 20 seconds left.\n|inactive|ManuButtowski has 15 seconds left.\n|\n|t:|1746051360\n|move|p2a: Raging Bolt|Thunderclap|p1a: Chi-Yu\n|-crit|p1a: Chi-Yu\n|-damage|p1a: Chi-Yu|39/100\n|move|p1a: Chi-Yu|Dark Pulse|p2a: Raging Bolt\n|-damage|p2a: Raging Bolt|48/100\n|move|p1b: Koraidon|Close Combat|p2a: Raging Bolt\n|-damage|p2a: Raging Bolt|9/100\n|-unboost|p1b: Koraidon|def|1\n|-unboost|p1b: Koraidon|spd|1\n|-damage|p1b: Koraidon|36/100 brn|[from] item: Life Orb\n|move|p2b: Ho-Oh|Sacred Fire|p1a: Chi-Yu\n|-resisted|p1a: Chi-Yu\n|-damage|p1a: Chi-Yu|0 fnt\n|faint|p1a: Chi-Yu\n|\n|-damage|p1b: Koraidon|30/100 brn|[from] brn\n|upkeep\n|\n|t:|1746051376\n|switch|p1a: Raging Bolt|Raging Bolt, L50|35/100\n|turn|7\n|\n|t:|1746051400\n|move|p1b: Koraidon|Protect|p1b: Koraidon\n|-singleturn|p1b: Koraidon|Protect\n|move|p1a: Raging Bolt|Thunderclap|p2b: Ho-Oh\n|-supereffective|p2b: Ho-Oh\n|-damage|p2b: Ho-Oh|36/100\n|move|p2a: Raging Bolt|Thunderclap||[still]\n|-fail|p2a: Raging Bolt\n|move|p2b: Ho-Oh|Sacred Fire|p1a: Raging Bolt\n|-resisted|p1a: Raging Bolt\n|-damage|p1a: Raging Bolt|10/100\n|-status|p1a: Raging Bolt|brn\n|\n|-damage|p1b: Koraidon|24/100 brn|[from] brn\n|-damage|p1a: Raging Bolt|4/100 brn|[from] brn\n|upkeep\n|turn|8\n|inactive|Clickster1 has 30 seconds left.\n|inactive|Clickster1 has 20 seconds left.\n|inactive|Clickster1 has 15 seconds left.\n|inactive|Clickster1 has 10 seconds left.\n|\n|t:|1746051446\n|move|p2a: Raging Bolt|Thunderclap|p1b: Koraidon\n|-resisted|p1b: Koraidon\n|-damage|p1b: Koraidon|0 fnt\n|faint|p1b: Koraidon\n|move|p1a: Raging Bolt|Thunderbolt|p2b: Ho-Oh\n|-supereffective|p2b: Ho-Oh\n|-damage|p2b: Ho-Oh|0 fnt\n|faint|p2b: Ho-Oh\n|\n|-damage|p1a: Raging Bolt|0 fnt|[from] brn\n|faint|p1a: Raging Bolt\n|-end|p1a: Raging Bolt|Protosynthesis|[silent]\n|\n|win|ManuButtowski\n|raw|Clickster1's rating: 1058 &rarr; <strong>1046</strong><br />(-12 for losing)\n|raw|ManuButtowski's rating: 1178 &rarr; <strong>1195</strong><br />(+17 for winning)\n", "uploadtime": 1746051485, "views": 9, "formatid": "gen9vgc2025regibo3", "rating": 1046, "private": 0, "password": null}