{"id": "gen9vgc2025regibo3-2353799576", "format": "[Gen 9] VGC 2025 Reg I (Bo3)", "players": ["AUBrigade", "Slackermaru"], "log": "|j|\u2606AUBrigade\n|j|\u2606Slackermaru\n|html|<table width=\"100%\"><tr><td align=\"left\">AUBrigade</td><td align=\"right\">Slackermaru</tr><tr><td align=\"left\"><i class=\"fa fa-circle-o\"></i> <i class=\"fa fa-circle-o\"></i> </td><td align=\"right\"><i class=\"fa fa-circle-o\"></i> <i class=\"fa fa-circle-o\"></i> </tr></table>\n|uhtml|bestof|<h2><strong>Game 1</strong> of <a href=\"/game-bestof3-gen9vgc2025regibo3-2353799575\">a best-of-3</a></h2>\n|t:|1746001975\n|gametype|doubles\n|player|p1|AUBrigade|morty|1336\n|player|p2|Slackermaru|workerice|1479\n|teamsize|p1|6\n|teamsize|p2|6\n|gen|9\n|tier|[Gen 9] VGC 2025 Reg I (Bo3)\n|rated|\n|rule|Species Clause: Limit one of each Pok\u00e9mon\n|rule|Item Clause: Limit 1 of each item\n|clearpoke\n|poke|p1|Koraidon, L50|\n|poke|p1|Ho-Oh, L50|\n|poke|p1|Flutter Mane, L50|\n|poke|p1|Incineroar, L50, F|\n|poke|p1|Rillaboom, L50, M|\n|poke|p1|Cobalion, L50|\n|poke|p2|Eternatus, L50|\n|poke|p2|Miraidon, L50|\n|poke|p2|Sneasler, L50, M|\n|poke|p2|Scream Tail, L50|\n|poke|p2|Dondozo, L50, M|\n|poke|p2|Tatsugiri-Droopy, L50, F|\n|teampreview|4\n|showteam|p1|Koraidon||LoadedDice|OrichalcumPulse|ScaleShot,CollisionCourse,FlareBlitz,Protect||||||50|,,,,,Fire]Ho-Oh||ClearAmulet|Regenerator|SacredFire,BraveBird,Tailwind,Protect||||||50|,,,,,Grass]Flutter Mane||FocusSash|Protosynthesis|Moonblast,IcyWind,DazzlingGleam,Protect||||||50|,,,,,Fairy]Incineroar||SafetyGoggles|Intimidate|PartingShot,FakeOut,KnockOff,Taunt|||F|||50|,,,,,Bug]Rillaboom||AssaultVest|GrassySurge|Uturn,FakeOut,GrassyGlide,WoodHammer|||M|||50|,,,,,Fire]Cobalion||GrassySeed|Justified|BodyPress,IronDefense,Protect,QuickGuard||||||50|,,,,,Electric\n|showteam|p2|Eternatus||Leftovers|Pressure|Flamethrower,CosmicPower,Recover,Protect||||||50|,,,,,Dark]Miraidon||ChoiceScarf|HadronEngine|ElectroDrift,DracoMeteor,Discharge,VoltSwitch||||||50|,,,,,Electric]Sneasler||ElectricSeed|Unburden|DireClaw,CloseCombat,FakeOut,ToxicSpikes|||M|||50|,,,,,Ground]Scream Tail||BoosterEnergy|Protosynthesis|Encore,Disable,DazzlingGleam,Protect||||||50|,,,,,Ghost]Dondozo||RockyHelmet|Unaware|WaveCrash,OrderUp,Protect,BodyPress|||M|||50|,,,,,Grass]Tatsugiri-Droopy||FocusSash|Commander|MuddyWater,DracoMeteor,Protect,HelpingHand|||F|||50|,,,,,Stellar\n|\n|t:|1746002051\n|start\n|switch|p1a: Incineroar|Incineroar, L50, F|100/100\n|switch|p1b: Koraidon|Koraidon, L50|100/100\n|switch|p2a: Miraidon|Miraidon, L50|100/100\n|switch|p2b: Sneasler|Sneasler, L50, M|100/100\n|-fieldstart|move: Electric Terrain|[from] ability: Hadron Engine|[of] p2a: Miraidon\n|-enditem|p2b: Sneasler|Electric Seed\n|-boost|p2b: Sneasler|def|1|[from] item: Electric Seed\n|-weather|SunnyDay|[from] ability: Orichalcum Pulse|[of] p1b: Koraidon\n|-activate|p1b: Koraidon|Orichalcum Pulse|[source]\n|-ability|p1a: Incineroar|Intimidate|boost\n|-unboost|p2a: Miraidon|atk|1\n|-unboost|p2b: Sneasler|atk|1\n|turn|1\n|\n|t:|1746002091\n|move|p2b: Sneasler|Fake Out|p1a: Incineroar\n|-damage|p1a: Incineroar|93/100\n|move|p2a: Miraidon|Volt Switch|p1a: Incineroar\n|-damage|p1a: Incineroar|29/100\n|\n|t:|1746002096\n|switch|p2a: Dondozo|Dondozo, L50, M|100/100|[from] Volt Switch\n|move|p1b: Koraidon|Scale Shot|p2b: Sneasler\n|-damage|p2b: Sneasler|80/100\n|-damage|p2b: Sneasler|57/100\n|-damage|p2b: Sneasler|34/100\n|-damage|p2b: Sneasler|14/100\n|-damage|p2b: Sneasler|0 fnt\n|faint|p2b: Sneasler\n|-hitcount|p2: Sneasler|5\n|-unboost|p1b: Koraidon|def|1\n|-boost|p1b: Koraidon|spe|1\n|cant|p1a: Incineroar|flinch\n|\n|-weather|SunnyDay|[upkeep]\n|upkeep\n|\n|t:|1746002111\n|switch|p2b: Tatsugiri|Tatsugiri-Droopy, L50, F|100/100\n|-activate|p2b: Tatsugiri|ability: Commander|[of] p2a: Dondozo\n|-boost|p2a: Dondozo|atk|2\n|-boost|p2a: Dondozo|spa|2\n|-boost|p2a: Dondozo|spe|2\n|-boost|p2a: Dondozo|def|2\n|-boost|p2a: Dondozo|spd|2\n|turn|2\n|\n|t:|1746002128\n|switch|p1b: Flutter Mane|Flutter Mane, L50, shiny|100/100\n|-activate|p1b: Flutter Mane|ability: Protosynthesis\n|-start|p1b: Flutter Mane|protosynthesisspe\n|switch|p1a: Rillaboom|Rillaboom, L50, M|100/100\n|-fieldstart|move: Grassy Terrain|[from] ability: Grassy Surge|[of] p1a: Rillaboom\n|move|p2a: Dondozo|Order Up|p1a: Rillaboom\n|-damage|p1a: Rillaboom|66/100\n|-boost|p2a: Dondozo|def|1\n|\n|-weather|SunnyDay|[upkeep]\n|-heal|p1a: Rillaboom|72/100|[from] Grassy Terrain\n|upkeep\n|turn|3\n|\n|t:|1746002147\n|-end|p1b: Flutter Mane|Protosynthesis|[silent]\n|switch|p1b: Incineroar|Incineroar, L50, F|29/100\n|-ability|p1b: Incineroar|Intimidate|boost\n|-unboost|p2a: Dondozo|atk|1\n|-unboost|p2b: Tatsugiri|atk|1\n|move|p2a: Dondozo|Protect|p2a: Dondozo\n|-singleturn|p2a: Dondozo|Protect\n|move|p1a: Rillaboom|Fake Out|p2a: Dondozo\n|-activate|p2a: Dondozo|move: Protect\n|\n|-weather|SunnyDay|[upkeep]\n|-heal|p1a: Rillaboom|78/100|[from] Grassy Terrain\n|-heal|p1b: Incineroar|35/100|[from] Grassy Terrain\n|upkeep\n|turn|4\n|\n|t:|1746002168\n|move|p1b: Incineroar|Fake Out|p2a: Dondozo\n|-damage|p2a: Dondozo|97/100\n|-damage|p1b: Incineroar|18/100|[from] item: Rocky Helmet|[of] p2a: Dondozo\n|cant|p2a: Dondozo|flinch\n|move|p1a: Rillaboom|U-turn|p2a: Dondozo\n|-damage|p2a: Dondozo|92/100\n|-damage|p1a: Rillaboom|61/100|[from] item: Rocky Helmet|[of] p2a: Dondozo\n|\n|t:|1746002179\n|switch|p1a: Flutter Mane|Flutter Mane, L50, shiny|100/100|[from] U-turn\n|-activate|p1a: Flutter Mane|ability: Protosynthesis\n|-start|p1a: Flutter Mane|protosynthesisspe\n|\n|-weather|SunnyDay|[upkeep]\n|-heal|p2a: Dondozo|98/100|[from] Grassy Terrain\n|-heal|p1b: Incineroar|24/100|[from] Grassy Terrain\n|upkeep\n|turn|5\n|\n|t:|1746002203\n|switch|p1b: Rillaboom|Rillaboom, L50, M|61/100\n|move|p1a: Flutter Mane|Icy Wind|p2a: Dondozo|[spread] p2a\n|-miss|p1a: Flutter Mane|p2b: Tatsugiri\n|-resisted|p2a: Dondozo\n|-damage|p2a: Dondozo|95/100\n|-unboost|p2a: Dondozo|spe|1\n|move|p2a: Dondozo|Wave Crash|p1a: Flutter Mane\n|-damage|p1a: Flutter Mane|30/100\n|-damage|p2a: Dondozo|82/100|[from] Recoil\n|\n|-weather|none\n|-end|p1a: Flutter Mane|Protosynthesis\n|-heal|p1a: Flutter Mane|37/100|[from] Grassy Terrain\n|-heal|p2a: Dondozo|88/100|[from] Grassy Terrain\n|-heal|p1b: Rillaboom|67/100|[from] Grassy Terrain\n|upkeep\n|turn|6\n|\n|t:|1746002243\n|-end|p1a: Flutter Mane|Protosynthesis|[silent]\n|switch|p1a: Incineroar|Incineroar, L50, F|24/100\n|-ability|p1a: Incineroar|Intimidate|boost\n|-unboost|p2a: Dondozo|atk|1\n|-unboost|p2b: Tatsugiri|atk|1\n|switch|p1b: Koraidon|Koraidon, L50|100/100\n|-weather|SunnyDay|[from] ability: Orichalcum Pulse|[of] p1b: Koraidon\n|-activate|p1b: Koraidon|Orichalcum Pulse|[source]\n|move|p2a: Dondozo|Wave Crash|p1a: Incineroar\n|-supereffective|p1a: Incineroar\n|-damage|p1a: Incineroar|0 fnt\n|faint|p1a: Incineroar\n|-damage|p2a: Dondozo|81/100|[from] Recoil\n|\n|-weather|SunnyDay|[upkeep]\n|-heal|p2a: Dondozo|87/100|[from] Grassy Terrain\n|-fieldend|move: Grassy Terrain\n|upkeep\n|\n|t:|1746002257\n|switch|p1a: Rillaboom|Rillaboom, L50, M|67/100\n|-fieldstart|move: Grassy Terrain|[from] ability: Grassy Surge|[of] p1a: Rillaboom\n|turn|7\n|\n|t:|1746002266\n|move|p2a: Dondozo|Protect|p2a: Dondozo\n|-singleturn|p2a: Dondozo|Protect\n|move|p1a: Rillaboom|Fake Out|p2a: Dondozo\n|-activate|p2a: Dondozo|move: Protect\n|move|p1b: Koraidon|Scale Shot|p2a: Dondozo\n|-activate|p2a: Dondozo|move: Protect\n|\n|-weather|SunnyDay|[upkeep]\n|-heal|p2a: Dondozo|93/100|[from] Grassy Terrain\n|-heal|p1a: Rillaboom|73/100|[from] Grassy Terrain\n|upkeep\n|turn|8\n|\n|t:|1746002288\n|-terastallize|p1b: Koraidon|Fire\n|move|p1b: Koraidon|Scale Shot|p2a: Dondozo\n|-damage|p2a: Dondozo|89/100\n|-damage|p2a: Dondozo|84/100\n|-crit|p2a: Dondozo\n|-damage|p2a: Dondozo|69/100\n|-damage|p2a: Dondozo|65/100\n|-hitcount|p2a: Dondozo|4\n|-unboost|p1b: Koraidon|def|1\n|-boost|p1b: Koraidon|spe|1\n|move|p2a: Dondozo|Body Press|p1a: Rillaboom\n|-damage|p1a: Rillaboom|21/100\n|move|p1a: Rillaboom|Wood Hammer|p2a: Dondozo\n|-supereffective|p2a: Dondozo\n|-damage|p2a: Dondozo|32/100\n|-damage|p1a: Rillaboom|4/100|[from] item: Rocky Helmet|[of] p2a: Dondozo\n|-damage|p1a: Rillaboom|0 fnt|[from] Recoil\n|faint|p1a: Rillaboom\n|\n|-weather|SunnyDay|[upkeep]\n|-heal|p2a: Dondozo|38/100|[from] Grassy Terrain\n|upkeep\n|\n|t:|1746002307\n|switch|p1a: Flutter Mane|Flutter Mane, L50, shiny|37/100\n|-activate|p1a: Flutter Mane|ability: Protosynthesis\n|-start|p1a: Flutter Mane|protosynthesisspe\n|turn|9\n|\n|t:|1746002321\n|move|p2a: Dondozo|Protect|p2a: Dondozo\n|-singleturn|p2a: Dondozo|Protect\n|move|p1a: Flutter Mane|Moonblast|p2a: Dondozo\n|-activate|p2a: Dondozo|move: Protect\n|move|p1b: Koraidon|Collision Course|p2a: Dondozo\n|-activate|p2a: Dondozo|move: Protect\n|\n|-weather|SunnyDay|[upkeep]\n|-heal|p1a: Flutter Mane|43/100|[from] Grassy Terrain\n|-heal|p2a: Dondozo|44/100|[from] Grassy Terrain\n|upkeep\n|turn|10\n|\n|t:|1746002341\n|move|p1a: Flutter Mane|Moonblast|p2a: Dondozo\n|-damage|p2a: Dondozo|23/100\n|move|p1b: Koraidon|Scale Shot|p2a: Dondozo\n|-damage|p2a: Dondozo|18/100\n|-damage|p2a: Dondozo|14/100\n|-damage|p2a: Dondozo|9/100\n|-damage|p2a: Dondozo|5/100\n|-hitcount|p2a: Dondozo|4\n|-unboost|p1b: Koraidon|def|1\n|-boost|p1b: Koraidon|spe|1\n|move|p2a: Dondozo|Body Press|p1b: Koraidon\n|-damage|p1b: Koraidon|47/100\n|\n|-weather|none\n|-end|p1a: Flutter Mane|Protosynthesis\n|-heal|p1b: Koraidon|53/100|[from] Grassy Terrain\n|-heal|p1a: Flutter Mane|49/100|[from] Grassy Terrain\n|-heal|p2a: Dondozo|12/100|[from] Grassy Terrain\n|upkeep\n|turn|11\n|\n|t:|1746002364\n|move|p2a: Dondozo|Protect|p2a: Dondozo\n|-singleturn|p2a: Dondozo|Protect\n|move|p1b: Koraidon|Collision Course|p2a: Dondozo\n|-activate|p2a: Dondozo|move: Protect\n|move|p1a: Flutter Mane|Moonblast|p2a: Dondozo\n|-activate|p2a: Dondozo|move: Protect\n|\n|-heal|p1b: Koraidon|59/100|[from] Grassy Terrain\n|-heal|p1a: Flutter Mane|55/100|[from] Grassy Terrain\n|-heal|p2a: Dondozo|18/100|[from] Grassy Terrain\n|-fieldend|move: Grassy Terrain\n|upkeep\n|turn|12\n|\n|t:|1746002410\n|move|p1b: Koraidon|Scale Shot|p2a: Dondozo\n|-damage|p2a: Dondozo|15/100\n|-damage|p2a: Dondozo|12/100\n|-damage|p2a: Dondozo|8/100\n|-damage|p2a: Dondozo|5/100\n|-damage|p2a: Dondozo|2/100\n|-hitcount|p2a: Dondozo|5\n|-unboost|p1b: Koraidon|def|1\n|-boost|p1b: Koraidon|spe|1\n|move|p1a: Flutter Mane|Moonblast|p2a: Dondozo\n|-damage|p2a: Dondozo|0 fnt\n|faint|p2a: Dondozo\n|\n|upkeep\n|\n|t:|1746002423\n|switch|p2a: Miraidon|Miraidon, L50|100/100\n|-fieldstart|move: Electric Terrain|[from] ability: Hadron Engine|[of] p2a: Miraidon\n|turn|13\n|\n|t:|1746002446\n|-terastallize|p2a: Miraidon|Electric\n|move|p2b: Tatsugiri|Helping Hand|p2a: Miraidon\n|-singleturn|p2a: Miraidon|Helping Hand|[of] p2b: Tatsugiri\n|move|p1b: Koraidon|Flare Blitz|p2a: Miraidon\n|-damage|p2a: Miraidon|31/100\n|-damage|p1b: Koraidon|36/100|[from] Recoil\n|move|p2a: Miraidon|Discharge|p1b: Koraidon|[spread] p2b,p1a,p1b\n|-enditem|p2b: Tatsugiri|Focus Sash\n|-damage|p2b: Tatsugiri|1/100\n|-damage|p1a: Flutter Mane|0 fnt\n|-damage|p1b: Koraidon|0 fnt\n|faint|p1a: Flutter Mane\n|-end|p1a: Flutter Mane|Protosynthesis|[silent]\n|faint|p1b: Koraidon\n|\n|win|Slackermaru\n|inactive|AUBrigade has 30 seconds to confirm battle start!\n|inactive|Slackermaru has 30 seconds to confirm battle start!\n||AUBrigade is ready for game 2.\n||Slackermaru is ready for game 2.\n|uhtml|next|Next: <a href=\"/battle-gen9vgc2025regibo3-2353802476\"><strong>Game 2 of 3</strong></a>\n|l|\u2606AUBrigade\n|player|p1|\n|l|\u2606Slackermaru\n|player|p2|\n", "uploadtime": 1746002822, "views": 10, "formatid": "gen9vgc2025regibo3", "rating": null, "private": 0, "password": null}