{"id": "gen9vgc2025regibo3-2353585037", "format": "[Gen 9] VGC 2025 Reg I (Bo3)", "players": ["Sqewer", "Fat Kakashi"], "log": "|j|\u2606Sqewer\n|j|\u2606Fat Kakashi\n|html|<table width=\"100%\"><tr><td align=\"left\">Sqewer</td><td align=\"right\">Fat Kakashi</tr><tr><td align=\"left\"><i class=\"fa fa-circle\"></i> <i class=\"fa fa-circle-o\"></i> </td><td align=\"right\"><i class=\"fa fa-circle-o\"></i> <i class=\"fa fa-circle-o\"></i> </tr></table>\n|uhtml|bestof|<h2><strong>Game 2</strong> of <a href=\"/game-bestof3-gen9vgc2025regibo3-2353582103\">a best-of-3</a></h2>\n|t:|1745971262\n|gametype|doubles\n|player|p1|Sqewer|jasmine|\n|player|p2|Fat Kakashi|crasherwake|\n|teamsize|p1|6\n|teamsize|p2|6\n|gen|9\n|tier|[Gen 9] VGC 2025 Reg I (Bo3)\n|rule|Species Clause: Limit one of each Pok\u00e9mon\n|rule|Item Clause: Limit 1 of each item\n|clearpoke\n|poke|p1|Calyrex-Ice, L50|\n|poke|p1|Kyogre, L50|\n|poke|p1|Incineroar, L50, F|\n|poke|p1|Lurantis, L50, M|\n|poke|p1|Hatterene, L50, F|\n|poke|p1|Zoroark-Hisui, L50, M|\n|poke|p2|Thundurus, L50, M|\n|poke|p2|Bastiodon, L50, M|\n|poke|p2|Ho-Oh, L50|\n|poke|p2|Koraidon, L50|\n|poke|p2|Muk-Alola, L50, F|\n|poke|p2|Ursaluna, L50, F|\n|teampreview|4\n|showteam|p1|Calyrex-Ice||ClearAmulet|AsOneGlastrier|GlacialLance,HighHorsepower,Protect,TrickRoom||||||50|,,,,,Fire]Kyogre||LifeOrb|Drizzle|OriginPulse,Thunder,IceBeam,Protect||||||50|,,,,,Electric]Incineroar||RockyHelmet|Intimidate|FakeOut,WillOWisp,KnockOff,PartingShot|||F|||50|,,,,,Ghost]Lurantis||AssaultVest|Contrary|Superpower,LeafStorm,TeraBlast,LeechLife|||M|||50|,,,,,Stellar]Hatterene||CovertCloak|MagicBounce|TrickRoom,MysticalFire,HelpingHand,HealPulse|||F|||50|,,,,,Fire]Zoroark-Hisui||ChoiceScarf|Illusion|Snarl,Trick,BitterMalice,HyperBeam|||M|||50|,,,,,Normal\n|showteam|p2|Thundurus||CovertCloak|Prankster|Taunt,ThunderWave,WildboltStorm,VoltSwitch|||M|||50|,,,,,Grass]Bastiodon||AirBalloon|Sturdy|FlashCannon,RockSlide,BodyPress,Curse|||M|||50|,,,,,Ghost]Ho-Oh||HeavyDutyBoots|Regenerator|Tailwind,WillOWisp,SacredFire,SolarBeam||||||50|,,,,,Fire]Koraidon||LifeOrb|OrichalcumPulse|Protect,DrainPunch,DragonClaw,Uturn||||||50|,,,,,Fire]Muk-Alola||Leftovers|PowerofAlchemy|ClearSmog,KnockOff,Toxic,SludgeBomb|||F|||50|,,,,,Poison]Ursaluna||FlameOrb|Guts|Facade,HeadlongRush,Earthquake,Protect|||F|||50|,,,,,Grass\n|\n|t:|1745971276\n|start\n|switch|p1a: Calyrex|Calyrex-Ice, L50|100/100\n|switch|p1b: Hatterene|Hatterene, L50, F|100/100\n|switch|p2a: Ho-Oh|Ho-Oh, L50|100/100\n|switch|p2b: Koraidon|Koraidon, L50|100/100\n|-ability|p1a: Calyrex|As One\n|-ability|p1a: Calyrex|Unnerve\n|-weather|SunnyDay|[from] ability: Orichalcum Pulse|[of] p2b: Koraidon\n|-activate|p2b: Koraidon|Orichalcum Pulse|[source]\n|turn|1\n|\n|t:|1745971311\n|-terastallize|p1a: Calyrex|Fire\n|move|p2b: Koraidon|U-turn|p1b: Hatterene\n|-damage|p1b: Hatterene|58/100\n|-damage|p2b: Koraidon|91/100|[from] item: Life Orb\n|\n|t:|1745971321\n|switch|p2b: Bastiodon|Bastiodon, L50, M, shiny|100/100|[from] U-turn\n|-item|p2b: Bastiodon|Air Balloon\n|move|p2a: Ho-Oh|Will-O-Wisp|p1a: Calyrex\n|-immune|p1a: Calyrex\n|move|p1a: Calyrex|Glacial Lance|p2b: Bastiodon|[spread] p2a,p2b\n|-resisted|p2b: Bastiodon\n|-damage|p2a: Ho-Oh|39/100\n|-damage|p2b: Bastiodon|83/100\n|-enditem|p2b: Bastiodon|Air Balloon\n|move|p1b: Hatterene|Trick Room|p1b: Hatterene\n|-fieldstart|move: Trick Room|[of] p1b: Hatterene\n|\n|-weather|SunnyDay|[upkeep]\n|upkeep\n|turn|2\n|\n|t:|1745971415\n|-terastallize|p2b: Bastiodon|Ghost\n|move|p1b: Hatterene|Helping Hand|p1a: Calyrex\n|-singleturn|p1a: Calyrex|Helping Hand|[of] p1b: Hatterene\n|move|p2b: Bastiodon|Rock Slide|p1a: Calyrex|[spread] p1a\n|-miss|p2b: Bastiodon|p1b: Hatterene\n|-supereffective|p1a: Calyrex\n|-damage|p1a: Calyrex|85/100\n|move|p1a: Calyrex|Glacial Lance|p2b: Bastiodon|[spread] p2a,p2b\n|-damage|p2a: Ho-Oh|0 fnt\n|-damage|p2b: Bastiodon|35/100\n|faint|p2a: Ho-Oh\n|-ability|p1a: Calyrex|Chilling Neigh|boost\n|-boost|p1a: Calyrex|atk|1\n|\n|-weather|SunnyDay|[upkeep]\n|upkeep\n|\n|t:|1745971428\n|switch|p2a: Ursaluna|Ursaluna, L50, F|100/100\n|turn|3\n|\n|t:|1745971478\n|switch|p1b: Incineroar|Incineroar, L50, F|100/100\n|-ability|p1b: Incineroar|Intimidate|boost\n|-unboost|p2a: Ursaluna|atk|1\n|-unboost|p2b: Bastiodon|atk|1\n|move|p1a: Calyrex|Protect|p1a: Calyrex\n|-singleturn|p1a: Calyrex|Protect\n|move|p2b: Bastiodon|Flash Cannon|p1b: Incineroar\n|-resisted|p1b: Incineroar\n|-damage|p1b: Incineroar|95/100\n|move|p2a: Ursaluna|Headlong Rush|p1a: Calyrex\n|-activate|p1a: Calyrex|move: Protect\n|\n|-weather|SunnyDay|[upkeep]\n|-status|p2a: Ursaluna|brn|[from] item: Flame Orb\n|upkeep\n|turn|4\n|\n|t:|1745971508\n|move|p1b: Incineroar|Fake Out|p2a: Ursaluna\n|-damage|p2a: Ursaluna|93/100 brn\n|move|p2b: Bastiodon|Body Press|p1a: Calyrex\n|-damage|p1a: Calyrex|62/100\n|move|p1a: Calyrex|Glacial Lance|p2a: Ursaluna|[spread] p2a,p2b\n|-supereffective|p2a: Ursaluna\n|-damage|p2a: Ursaluna|0 fnt\n|-damage|p2b: Bastiodon|0 fnt\n|faint|p2a: Ursaluna\n|faint|p2b: Bastiodon\n|-ability|p1a: Calyrex|Chilling Neigh|boost\n|-boost|p1a: Calyrex|atk|2\n|\n|-weather|SunnyDay|[upkeep]\n|upkeep\n|\n|t:|1745971523\n|switch|p2b: Koraidon|Koraidon, L50|91/100\n|-activate|p2b: Koraidon|ability: Orichalcum Pulse\n|turn|5\n|\n|t:|1745971565\n|switch|p1b: Kyogre|Kyogre, L50|100/100\n|-weather|RainDance|[from] ability: Drizzle|[of] p1b: Kyogre\n|move|p1a: Calyrex|High Horsepower|p2b: Koraidon\n|-damage|p2b: Koraidon|0 fnt\n|faint|p2b: Koraidon\n|\n|win|Sqewer\n|l|\u2606Sqewer\n|player|p1|\n|l|\u2606Fat Kakashi\n|player|p2|\n", "uploadtime": 1745971933, "views": 6, "formatid": "gen9vgc2025regibo3", "rating": null, "private": 0, "password": null}