{"id": "gen9vgc2025regibo3-2354386323", "format": "[Gen 9] VGC 2025 Reg I (Bo3)", "players": ["aquawarrior21", "Pollidelcampo"], "log": "|j|\u2606aquawarrior21\n|j|\u2606Pollidelcampo\n|html|<table width=\"100%\"><tr><td align=\"left\">aquawarrior21</td><td align=\"right\">Pollidelcampo</tr><tr><td align=\"left\"><i class=\"fa fa-circle-o\"></i> <i class=\"fa fa-circle-o\"></i> </td><td align=\"right\"><i class=\"fa fa-circle-o\"></i> <i class=\"fa fa-circle-o\"></i> </tr></table>\n|uhtml|bestof|<h2><strong>Game 1</strong> of <a href=\"/game-bestof3-gen9vgc2025regibo3-2354386319\">a best-of-3</a></h2>\n|t:|1746064984\n|gametype|doubles\n|player|p1|aquawarrior21|hilda|1211\n|player|p2|Pollidelcampo|2|1218\n|teamsize|p1|6\n|teamsize|p2|6\n|gen|9\n|tier|[Gen 9] VGC 2025 Reg I (Bo3)\n|rated|\n|rule|Species Clause: Limit one of each Pok\u00e9mon\n|rule|Item Clause: Limit 1 of each item\n|clearpoke\n|poke|p1|Calyrex-Shadow, L50|\n|poke|p1|Koraidon, L50|\n|poke|p1|Whimsicott, L50, M|\n|poke|p1|Chi-Yu, L50|\n|poke|p1|Brute Bonnet, L50|\n|poke|p1|Ursaluna, L50, F|\n|poke|p2|Zamazenta-*, L50|\n|poke|p2|Calyrex-Shadow, L50|\n|poke|p2|Chien-Pao, L50|\n|poke|p2|Urshifu-*, L50, F|\n|poke|p2|Tornadus, L50, M|\n|poke|p2|Rillaboom, L50, F|\n|teampreview|4\n|showteam|p1|Calyrex-Shadow||FocusSash|AsOneSpectrier|AstralBarrage,Psychic,NastyPlot,Protect||||||50|,,,,,Dark]Koraidon||LifeOrb|OrichalcumPulse|CloseCombat,FlareBlitz,FlameCharge,Protect||||||50|,,,,,Fire]Whimsicott||CovertCloak|Prankster|Moonblast,LightScreen,Tailwind,Taunt|||M|||50|,,,,,Dark]Chi-Yu||ChoiceScarf|BeadsofRuin|HeatWave,Overheat,Snarl,DarkPulse||||||50|,,,,,Ghost]Brute Bonnet||RockyHelmet|Protosynthesis|SeedBomb,SuckerPunch,RagePowder,Spore||||||50|,,,,,Water]Ursaluna||FlameOrb|Guts|HeadlongRush,Facade,Crunch,Protect|||F|||50|,,,,,Normal\n|showteam|p2|Zamazenta-Crowned||RustedShield|DauntlessShield|BodyPress,HeavySlam,WideGuard,Protect||||||50|,,,,,Dragon]Calyrex-Shadow||FocusSash|AsOneSpectrier|AstralBarrage,Psychic,Encore,Protect||||||50|,,,,,Ghost]Chien-Pao||LifeOrb|SwordofRuin|IcicleCrash,Crunch,IceShard,Protect||||||50|,,,,,Ghost]Urshifu-Rapid-Strike||MysticWater|UnseenFist|SurgingStrikes,AquaJet,Taunt,Detect|||F|||50|,,,,,Water]Tornadus||RockyHelmet|Prankster|BleakwindStorm,Tailwind,RainDance,Protect|||M|||50|,,,,,Normal]Rillaboom||AssaultVest|GrassySurge|WoodHammer,GrassyGlide,KnockOff,FakeOut|||F|||50|,,,,,Fire\n|inactive|Battle timer is ON: inactive players will automatically lose when time's up. (requested by Pollidelcampo)\n|\n|t:|1746065002\n|start\n|switch|p1a: Calyrex|Calyrex-Shadow, L50|100/100\n|switch|p1b: Whimsicott|Whimsicott, L50, M|100/100\n|switch|p2a: Tornadus|Tornadus, L50, M|100/100\n|switch|p2b: Urshifu|Urshifu-Rapid-Strike, L50, F|100/100\n|-ability|p1a: Calyrex|As One\n|-ability|p1a: Calyrex|Unnerve\n|turn|1\n|\n|t:|1746065014\n|switch|p1a: Koraidon|Koraidon, L50|100/100\n|-weather|SunnyDay|[from] ability: Orichalcum Pulse|[of] p1a: Koraidon\n|-activate|p1a: Koraidon|Orichalcum Pulse|[source]\n|-terastallize|p2b: Urshifu|Water\n|move|p1b: Whimsicott|Taunt|p2a: Tornadus\n|-start|p2a: Tornadus|move: Taunt\n|cant|p2a: Tornadus|move: Taunt|Tailwind\n|move|p2b: Urshifu|Surging Strikes|p1a: Koraidon\n|-resisted|p1a: Koraidon\n|-crit|p1a: Koraidon\n|-damage|p1a: Koraidon|93/100\n|-resisted|p1a: Koraidon\n|-crit|p1a: Koraidon\n|-damage|p1a: Koraidon|86/100\n|-resisted|p1a: Koraidon\n|-crit|p1a: Koraidon\n|-damage|p1a: Koraidon|78/100\n|-hitcount|p1a: Koraidon|3\n|\n|-weather|SunnyDay|[upkeep]\n|upkeep\n|turn|2\n|inactive|aquawarrior21 has 30 seconds left.\n|inactive|aquawarrior21 has 20 seconds left.\n|inactive|aquawarrior21 has 15 seconds left.\n|\n|t:|1746065057\n|switch|p1b: Brute Bonnet|Brute Bonnet, L50|100/100\n|-activate|p1b: Brute Bonnet|ability: Protosynthesis\n|-start|p1b: Brute Bonnet|protosynthesisdef\n|move|p1a: Koraidon|Flame Charge|p2a: Tornadus\n|-damage|p2a: Tornadus|35/100\n|-boost|p1a: Koraidon|spe|1\n|-damage|p1a: Koraidon|62/100|[from] item: Rocky Helmet|[of] p2a: Tornadus\n|-damage|p1a: Koraidon|52/100|[from] item: Life Orb\n|move|p2a: Tornadus|Bleakwind Storm|p1b: Brute Bonnet|[spread] p1a,p1b\n|-supereffective|p1a: Koraidon\n|-supereffective|p1b: Brute Bonnet\n|-crit|p1b: Brute Bonnet\n|-damage|p1a: Koraidon|0 fnt\n|-damage|p1b: Brute Bonnet|29/100\n|faint|p1a: Koraidon\n|move|p2b: Urshifu|Surging Strikes|p1b: Brute Bonnet\n|-resisted|p1b: Brute Bonnet\n|-crit|p1b: Brute Bonnet\n|-damage|p1b: Brute Bonnet|25/100\n|-damage|p2b: Urshifu|84/100|[from] item: Rocky Helmet|[of] p1b: Brute Bonnet\n|-resisted|p1b: Brute Bonnet\n|-crit|p1b: Brute Bonnet\n|-damage|p1b: Brute Bonnet|21/100\n|-damage|p2b: Urshifu|68/100|[from] item: Rocky Helmet|[of] p1b: Brute Bonnet\n|-resisted|p1b: Brute Bonnet\n|-crit|p1b: Brute Bonnet\n|-damage|p1b: Brute Bonnet|17/100\n|-damage|p2b: Urshifu|51/100|[from] item: Rocky Helmet|[of] p1b: Brute Bonnet\n|-hitcount|p1b: Brute Bonnet|3\n|\n|-weather|SunnyDay|[upkeep]\n|upkeep\n|\n|t:|1746065065\n|switch|p1a: Calyrex|Calyrex-Shadow, L50|100/100\n|-ability|p1a: Calyrex|As One\n|-ability|p1a: Calyrex|Unnerve\n|turn|3\n|\n|t:|1746065082\n|switch|p2a: Zamazenta|Zamazenta-Crowned, L50|100/100\n|-ability|p2a: Zamazenta|Dauntless Shield|boost\n|-boost|p2a: Zamazenta|def|1\n|move|p2b: Urshifu|Detect|p2b: Urshifu\n|-singleturn|p2b: Urshifu|Protect\n|move|p1b: Brute Bonnet|Rage Powder|p1b: Brute Bonnet\n|-singleturn|p1b: Brute Bonnet|move: Rage Powder\n|move|p1a: Calyrex|Astral Barrage|p2b: Urshifu|[spread] p2a\n|-activate|p2b: Urshifu|move: Protect\n|-damage|p2a: Zamazenta|61/100\n|\n|-weather|SunnyDay|[upkeep]\n|upkeep\n|turn|4\n|\n|t:|1746065105\n|move|p1b: Brute Bonnet|Rage Powder|p1b: Brute Bonnet\n|-singleturn|p1b: Brute Bonnet|move: Rage Powder\n|move|p2b: Urshifu|Aqua Jet|p1b: Brute Bonnet\n|-resisted|p1b: Brute Bonnet\n|-damage|p1b: Brute Bonnet|12/100\n|-damage|p2b: Urshifu|35/100|[from] item: Rocky Helmet|[of] p1b: Brute Bonnet\n|move|p1a: Calyrex|Nasty Plot|p1a: Calyrex\n|-boost|p1a: Calyrex|spa|2\n|move|p2a: Zamazenta|Body Press|p1b: Brute Bonnet\n|-supereffective|p1b: Brute Bonnet\n|-damage|p1b: Brute Bonnet|0 fnt\n|-damage|p2a: Zamazenta|45/100|[from] item: Rocky Helmet|[of] p1b: Brute Bonnet\n|faint|p1b: Brute Bonnet\n|-end|p1b: Brute Bonnet|Protosynthesis|[silent]\n|\n|-weather|SunnyDay|[upkeep]\n|upkeep\n|\n|t:|1746065114\n|switch|p1b: Whimsicott|Whimsicott, L50, M|100/100\n|turn|5\n|\n|t:|1746065132\n|move|p1b: Whimsicott|Tailwind|p1b: Whimsicott\n|-sidestart|p1: aquawarrior21|move: Tailwind\n|move|p2b: Urshifu|Aqua Jet|p1a: Calyrex\n|-damage|p1a: Calyrex|78/100\n|move|p1a: Calyrex|Psychic|p2a: Zamazenta\n|-damage|p2a: Zamazenta|0 fnt\n|faint|p2a: Zamazenta\n|-ability|p1a: Calyrex|Grim Neigh|boost\n|-boost|p1a: Calyrex|spa|1\n|\n|-weather|none\n|upkeep\n|\n|t:|1746065142\n|switch|p2a: Calyrex|Calyrex-Shadow, L50|100/100\n|-ability|p2a: Calyrex|As One\n|-ability|p2a: Calyrex|Unnerve\n|turn|6\n|inactive|aquawarrior21 has 30 seconds left.\n|inactive|aquawarrior21 has 20 seconds left.\n|\n|t:|1746065179\n|-terastallize|p1a: Calyrex|Dark\n|move|p2b: Urshifu|Aqua Jet|p1a: Calyrex\n|-damage|p1a: Calyrex|33/100\n|move|p1a: Calyrex|Astral Barrage|p2b: Urshifu|[spread] p2a,p2b\n|-supereffective|p2a: Calyrex\n|-enditem|p2a: Calyrex|Focus Sash\n|-damage|p2a: Calyrex|1/100\n|-damage|p2b: Urshifu|0 fnt\n|faint|p2b: Urshifu\n|-ability|p1a: Calyrex|Grim Neigh|boost\n|-boost|p1a: Calyrex|spa|1\n|move|p1b: Whimsicott|Moonblast|p2a: Calyrex\n|-damage|p2a: Calyrex|0 fnt\n|faint|p2a: Calyrex\n|\n|upkeep\n|-message|Pollidelcampo forfeited.\n|\n|win|aquawarrior21\n||aquawarrior21 is ready for game 2.\n||Pollidelcampo is ready for game 2.\n|uhtml|next|Next: <a href=\"/battle-gen9vgc2025regibo3-2354388014\"><strong>Game 2 of 3</strong></a>\n|l|\u2606Pollidelcampo\n|player|p2|\n", "uploadtime": 1746065451, "views": 14, "formatid": "gen9vgc2025regibo3", "rating": null, "private": 0, "password": null}