{"id": "gen9vgc2025regibo3-2354999294", "format": "[Gen 9] VGC 2025 Reg I (Bo3)", "players": ["ZieCE", "latios66"], "log": "|j|\u2606ZieCE\n|j|\u2606latios66\n|html|<table width=\"100%\"><tr><td align=\"left\">ZieCE</td><td align=\"right\">latios66</tr><tr><td align=\"left\"><i class=\"fa fa-circle-o\"></i> <i class=\"fa fa-circle-o\"></i> </td><td align=\"right\"><i class=\"fa fa-circle-o\"></i> <i class=\"fa fa-circle\"></i> </tr></table>\n|uhtml|bestof|<h2><strong>Game 2</strong> of <a href=\"/game-bestof3-gen9vgc2025regibo3-2354996073\">a best-of-3</a></h2>\n|t:|1746140378\n|gametype|doubles\n|player|p1|ZieCE|alder|1228\n|player|p2|latios66|266|1199\n|teamsize|p1|6\n|teamsize|p2|6\n|gen|9\n|tier|[Gen 9] VGC 2025 Reg I (Bo3)\n|rated|\n|rule|Species Clause: Limit one of each Pok\u00e9mon\n|rule|Item Clause: Limit 1 of each item\n|clearpoke\n|poke|p1|Koraidon, L50|\n|poke|p1|Calyrex-Shadow, L50|\n|poke|p1|Brute Bonnet, L50|\n|poke|p1|Raging Bolt, L50|\n|poke|p1|Flutter Mane, L50|\n|poke|p1|Whimsicott, L50, F|\n|poke|p2|Miraidon, L50|\n|poke|p2|Sneasler, L50, M|\n|poke|p2|Dondozo, L50, M|\n|poke|p2|Tatsugiri-Droopy, L50, F|\n|poke|p2|Dragonite, L50, F|\n|poke|p2|Calyrex-Shadow, L50|\n|teampreview|4\n|showteam|p1|Koraidon||LifeOrb|OrichalcumPulse|CloseCombat,FlameCharge,FlareBlitz,Protect||||||50|,,,,,Fire]Calyrex-Shadow||ChoiceSpecs|AsOneSpectrier|AstralBarrage,Snarl,ShadowBall,Psyshock||||||50|,,,,,Normal]Brute Bonnet||RockyHelmet|Protosynthesis|RagePowder,Spore,SuckerPunch,SeedBomb||||||50|,,,,,Water]Raging Bolt||AssaultVest|Protosynthesis|Snarl,DracoMeteor,VoltSwitch,Thunderclap||||||50|,,,,,Water]Flutter Mane||FocusSash|Protosynthesis|IcyWind,Moonblast,Protect,ShadowBall||||||50|,,,,,Normal]Whimsicott||CovertCloak|Prankster|Tailwind,Taunt,Moonblast,LightScreen|||F|||50|,,,,,Dark\n|showteam|p2|Miraidon||ChoiceScarf|HadronEngine|VoltSwitch,ElectroDrift,DazzlingGleam,DracoMeteor||||||50|,,,,,Fairy]Sneasler||ElectricSeed|Unburden|AcidSpray,DireClaw,CloseCombat,FakeOut|||M|||50|,,,,,Poison]Dondozo||Leftovers|Unaware|Earthquake,BodyPress,OrderUp,Protect|||M|||50|,,,,,Grass]Tatsugiri-Droopy||FocusSash|Commander|MuddyWater,Protect,HelpingHand,DracoMeteor|||F|||50|,,,,,Normal]Dragonite||ChoiceBand|InnerFocus|ExtremeSpeed,IronHead,Outrage,AerialAce|||F|||50|,,,,,Normal]Calyrex-Shadow||LifeOrb|AsOneSpectrier|PollenPuff,Psychic,AstralBarrage,Protect||||||50|,,,,,Dark\n|\n|t:|1746140434\n|start\n|switch|p1a: Koraidon|Koraidon, L50|100/100\n|switch|p1b: Flutter Mane|Flutter Mane, L50|100/100\n|switch|p2a: Miraidon|Miraidon, L50|100/100\n|switch|p2b: Dondozo|Dondozo, L50, M|100/100\n|-fieldstart|move: Electric Terrain|[from] ability: Hadron Engine|[of] p2a: Miraidon\n|-weather|SunnyDay|[from] ability: Orichalcum Pulse|[of] p1a: Koraidon\n|-activate|p1b: Flutter Mane|ability: Protosynthesis\n|-start|p1b: Flutter Mane|protosynthesisspe\n|-activate|p1a: Koraidon|Orichalcum Pulse|[source]\n|turn|1\n|\n|t:|1746140460\n|move|p1a: Koraidon|Protect|p1a: Koraidon\n|-singleturn|p1a: Koraidon|Protect\n|move|p1b: Flutter Mane|Moonblast|p2b: Dondozo\n|-damage|p2b: Dondozo|63/100\n|move|p2a: Miraidon|Volt Switch|p1b: Flutter Mane\n|-damage|p1b: Flutter Mane|37/100\n|\n|t:|1746140469\n|switch|p2a: Tatsugiri|Tatsugiri-Droopy, L50, F|100/100|[from] Volt Switch\n|-activate|p2a: Tatsugiri|ability: Commander|[of] p2b: Dondozo\n|-boost|p2b: Dondozo|atk|2\n|-boost|p2b: Dondozo|spa|2\n|-boost|p2b: Dondozo|spe|2\n|-boost|p2b: Dondozo|def|2\n|-boost|p2b: Dondozo|spd|2\n|move|p2b: Dondozo|Earthquake|p1a: Koraidon|[spread] p1b\n|-miss|p2b: Dondozo|p2a: Tatsugiri\n|-activate|p1a: Koraidon|move: Protect\n|-damage|p1b: Flutter Mane|0 fnt\n|faint|p1b: Flutter Mane\n|-end|p1b: Flutter Mane|Protosynthesis|[silent]\n|\n|-weather|SunnyDay|[upkeep]\n|-heal|p2b: Dondozo|69/100|[from] item: Leftovers\n|upkeep\n|\n|t:|1746140473\n|switch|p1b: Raging Bolt|Raging Bolt, L50|100/100\n|-activate|p1b: Raging Bolt|ability: Protosynthesis\n|-start|p1b: Raging Bolt|protosynthesisspa\n|turn|2\n|\n|t:|1746140504\n|move|p2b: Dondozo|Protect|p2b: Dondozo\n|-singleturn|p2b: Dondozo|Protect\n|move|p1b: Raging Bolt|Thunderclap||[still]\n|-fail|p1b: Raging Bolt\n|move|p1a: Koraidon|Flame Charge|p2b: Dondozo\n|-activate|p2b: Dondozo|move: Protect\n|\n|-weather|SunnyDay|[upkeep]\n|-heal|p2b: Dondozo|75/100|[from] item: Leftovers\n|upkeep\n|turn|3\n|\n|t:|1746140523\n|move|p2b: Dondozo|Protect||[still]\n|-fail|p2b: Dondozo\n|move|p1b: Raging Bolt|Thunderclap||[still]\n|-fail|p1b: Raging Bolt\n|move|p1a: Koraidon|Flame Charge|p2b: Dondozo\n|-resisted|p2b: Dondozo\n|-damage|p2b: Dondozo|68/100\n|-boost|p1a: Koraidon|spe|1\n|-damage|p1a: Koraidon|91/100|[from] item: Life Orb\n|\n|-weather|SunnyDay|[upkeep]\n|-heal|p2b: Dondozo|74/100|[from] item: Leftovers\n|upkeep\n|turn|4\n|\n|t:|1746140542\n|move|p2b: Dondozo|Protect|p2b: Dondozo\n|-singleturn|p2b: Dondozo|Protect\n|move|p1b: Raging Bolt|Thunderclap||[still]\n|-fail|p1b: Raging Bolt\n|move|p1a: Koraidon|Flame Charge|p2b: Dondozo\n|-activate|p2b: Dondozo|move: Protect\n|\n|-weather|SunnyDay|[upkeep]\n|-heal|p2b: Dondozo|80/100|[from] item: Leftovers\n|upkeep\n|turn|5\n|\n|t:|1746140558\n|-terastallize|p2b: Dondozo|Grass\n|move|p1b: Raging Bolt|Thunderclap|p2b: Dondozo\n|-resisted|p2b: Dondozo\n|-damage|p2b: Dondozo|64/100\n|move|p1a: Koraidon|Close Combat|p2b: Dondozo\n|-damage|p2b: Dondozo|29/100\n|-unboost|p1a: Koraidon|def|1\n|-unboost|p1a: Koraidon|spd|1\n|-damage|p1a: Koraidon|81/100|[from] item: Life Orb\n|move|p2b: Dondozo|Order Up|p1b: Raging Bolt\n|-supereffective|p1b: Raging Bolt\n|-damage|p1b: Raging Bolt|40/100\n|-boost|p2b: Dondozo|def|1\n|\n|-weather|none\n|-end|p1b: Raging Bolt|Protosynthesis\n|-heal|p2b: Dondozo|35/100|[from] item: Leftovers\n|-fieldend|move: Electric Terrain\n|upkeep\n|turn|6\n|\n|t:|1746140588\n|move|p1a: Koraidon|Flare Blitz|p2b: Dondozo\n|-supereffective|p2b: Dondozo\n|-damage|p2b: Dondozo|9/100\n|-damage|p1a: Koraidon|70/100|[from] Recoil\n|-damage|p1a: Koraidon|60/100|[from] item: Life Orb\n|move|p2b: Dondozo|Earthquake|p1b: Raging Bolt|[spread] p1a,p1b\n|-miss|p2b: Dondozo|p2a: Tatsugiri\n|-supereffective|p1b: Raging Bolt\n|-damage|p1a: Koraidon|31/100\n|-damage|p1b: Raging Bolt|0 fnt\n|faint|p1b: Raging Bolt\n|-end|p1b: Raging Bolt|Protosynthesis|[silent]\n|\n|-heal|p2b: Dondozo|15/100|[from] item: Leftovers\n|upkeep\n|\n|t:|1746140592\n|switch|p1b: Calyrex|Calyrex-Shadow, L50|100/100\n|-ability|p1b: Calyrex|As One\n|-ability|p1b: Calyrex|Unnerve\n|turn|7\n|\n|t:|1746140608\n|-terastallize|p1a: Koraidon|Fire\n|move|p2b: Dondozo|Protect|p2b: Dondozo\n|-singleturn|p2b: Dondozo|Protect\n|move|p1a: Koraidon|Flame Charge|p2b: Dondozo\n|-activate|p2b: Dondozo|move: Protect\n|move|p1b: Calyrex|Astral Barrage|p2a: Tatsugiri|[spread] \n|-miss|p1b: Calyrex|p2a: Tatsugiri\n|-activate|p2b: Dondozo|move: Protect\n|\n|-heal|p2b: Dondozo|21/100|[from] item: Leftovers\n|upkeep\n|turn|8\n|\n|t:|1746140633\n|move|p1a: Koraidon|Flame Charge|p2b: Dondozo\n|-supereffective|p2b: Dondozo\n|-damage|p2b: Dondozo|0 fnt\n|-boost|p1a: Koraidon|spe|1\n|faint|p2b: Dondozo\n|-damage|p1a: Koraidon|21/100|[from] item: Life Orb\n|move|p1b: Calyrex|Astral Barrage|p2a: Tatsugiri\n|-enditem|p2a: Tatsugiri|Focus Sash\n|-damage|p2a: Tatsugiri|1/100\n|\n|upkeep\n|\n|t:|1746140652\n|switch|p2b: Sneasler|Sneasler, L50, M|100/100\n|turn|9\n|\n|t:|1746140686\n|move|p1a: Koraidon|Protect|p1a: Koraidon\n|-singleturn|p1a: Koraidon|Protect\n|move|p1b: Calyrex|Astral Barrage|p2b: Sneasler|[spread] p2a,p2b\n|-crit|p2a: Tatsugiri\n|-damage|p2a: Tatsugiri|0 fnt\n|-damage|p2b: Sneasler|8/100\n|faint|p2a: Tatsugiri\n|-ability|p1b: Calyrex|Grim Neigh|boost\n|-boost|p1b: Calyrex|spa|1\n|move|p2b: Sneasler|Acid Spray|p1b: Calyrex\n|-resisted|p1b: Calyrex\n|-damage|p1b: Calyrex|97/100\n|-unboost|p1b: Calyrex|spd|2\n|\n|upkeep\n|\n|t:|1746140700\n|switch|p2a: Miraidon|Miraidon, L50|100/100\n|-fieldstart|move: Electric Terrain|[from] ability: Hadron Engine|[of] p2a: Miraidon\n|-enditem|p2b: Sneasler|Electric Seed\n|-boost|p2b: Sneasler|def|1|[from] item: Electric Seed\n|turn|10\n|\n|t:|1746140717\n|move|p1a: Koraidon|Close Combat|p2a: Miraidon\n|-damage|p2a: Miraidon|22/100\n|-unboost|p1a: Koraidon|def|1\n|-unboost|p1a: Koraidon|spd|1\n|-damage|p1a: Koraidon|11/100|[from] item: Life Orb\n|move|p2b: Sneasler|Dire Claw|p1a: Koraidon\n|-damage|p1a: Koraidon|0 fnt\n|faint|p1a: Koraidon\n|move|p2a: Miraidon|Electro Drift|p1b: Calyrex\n|-damage|p1b: Calyrex|0 fnt\n|faint|p1b: Calyrex\n|\n|win|latios66\n|raw|ZieCE's rating: 1228 &rarr; <strong>1201</strong><br />(-27 for losing)\n|raw|latios66's rating: 1199 &rarr; <strong>1226</strong><br />(+27 for winning)\n|l|\u2606ZieCE\n|player|p1|\n", "uploadtime": 1746140732, "views": 5, "formatid": "gen9vgc2025regibo3", "rating": 1201, "private": 0, "password": null}