{"id": "gen9vgc2025regibo3-2354866864", "format": "[Gen 9] VGC 2025 Reg I (Bo3)", "players": ["BreadPudding248", "dondozo sucks"], "log": "|j|\u2606BreadPudding248\n|j|\u2606dondozo sucks\n|html|<table width=\"100%\"><tr><td align=\"left\">BreadPudding248</td><td align=\"right\">dondozo sucks</tr><tr><td align=\"left\"><i class=\"fa fa-circle-o\"></i> <i class=\"fa fa-circle-o\"></i> </td><td align=\"right\"><i class=\"fa fa-circle-o\"></i> <i class=\"fa fa-circle-o\"></i> </tr></table>\n|uhtml|bestof|<h2><strong>Game 1</strong> of <a href=\"/game-bestof3-gen9vgc2025regibo3-2354866863\">a best-of-3</a></h2>\n|t:|1746126699\n|gametype|doubles\n|player|p1|BreadPudding248|collector|1414\n|player|p2|dondozo sucks|dawn|1656\n|teamsize|p1|6\n|teamsize|p2|6\n|gen|9\n|tier|[Gen 9] VGC 2025 Reg I (Bo3)\n|rated|\n|rule|Species Clause: Limit one of each Pok\u00e9mon\n|rule|Item Clause: Limit 1 of each item\n|clearpoke\n|poke|p1|Calyrex-Shadow, L50|\n|poke|p1|Zamazenta-*, L50|\n|poke|p1|Incineroar, L50, M|\n|poke|p1|Rillaboom, L50, F|\n|poke|p1|Clefairy, L50, F|\n|poke|p1|Urshifu-*, L50, F|\n|poke|p2|Calyrex-Shadow, L50|\n|poke|p2|Incineroar, L50, F|\n|poke|p2|Rillaboom, L50, M|\n|poke|p2|Terapagos, L50, M|\n|poke|p2|Grimmsnarl, L50, M|\n|poke|p2|Ogerpon-Wellspring, L50, F|\n|teampreview|4\n|showteam|p1|Calyrex-Shadow||SpellTag|AsOneSpectrier|AstralBarrage,Psychic,NastyPlot,Protect||||||50|,,,,,Dark]Zamazenta-Crowned||RustedShield|DauntlessShield|BodyPress,WideGuard,Protect,HeavySlam||||||50|,,,,,Dragon]Incineroar||SafetyGoggles|Intimidate|FlareBlitz,KnockOff,PartingShot,FakeOut|||M|||50|,,,,,Bug]Rillaboom||AssaultVest|GrassySurge|WoodHammer,GrassyGlide,Uturn,FakeOut|||F|||50|,,,,,Fire]Clefairy||Eviolite|FriendGuard|FollowMe,IcyWind,HelpingHand,Protect|||F|||50|,,,,,Water]Urshifu-Rapid-Strike||ChoiceScarf|UnseenFist|SurgingStrikes,CloseCombat,Uturn,RainDance|||F|||50|,,,,,Ghost\n|showteam|p2|Calyrex-Shadow||FocusSash|AsOneSpectrier|WillOWisp,Psychic,Protect,AstralBarrage||||||50|,,,,,Ghost]Incineroar||RockyHelmet|Intimidate|KnockOff,CloseCombat,FakeOut,PartingShot|||F|||50|,,,,,Ghost]Rillaboom||AssaultVest|GrassySurge|WoodHammer,Uturn,FakeOut,GrassyGlide|||M|||50|,,,,,Fire]Terapagos||Leftovers|TeraShift|TeraStarstorm,Flamethrower,CalmMind,Protect|||M|||50|,,,,,Stellar]Grimmsnarl||LightClay|Prankster|LightScreen,Reflect,SpiritBreak,ThunderWave|||M|||50|,,,,,Ghost]Ogerpon-Wellspring||WellspringMask|WaterAbsorb|IvyCudgel,Taunt,SpikyShield,FollowMe|||F|||50|,,,,,Water\n|inactive|Battle timer is ON: inactive players will automatically lose when time's up. (requested by BreadPudding248)\n|inactive|BreadPudding248 has 60 seconds left.\n|\n|t:|1746126734\n|start\n|switch|p1a: Incineroar|Incineroar, L50, M|100/100\n|switch|p1b: Calyrex|Calyrex-Shadow, L50|100/100\n|switch|p2a: Incineroar|Incineroar, L50, F|100/100\n|switch|p2b: Grimmsnarl|Grimmsnarl, L50, M|100/100\n|-ability|p1b: Calyrex|As One\n|-ability|p1b: Calyrex|Unnerve\n|-ability|p2a: Incineroar|Intimidate|boost\n|-unboost|p1a: Incineroar|atk|1\n|-unboost|p1b: Calyrex|atk|1\n|-ability|p1a: Incineroar|Intimidate|boost\n|-unboost|p2a: Incineroar|atk|1\n|-unboost|p2b: Grimmsnarl|atk|1\n|turn|1\n|\n|t:|1746126758\n|-terastallize|p1b: Calyrex|Dark\n|move|p2a: Incineroar|Fake Out|p1a: Incineroar\n|-damage|p1a: Incineroar|94/100\n|cant|p1a: Incineroar|flinch\n|move|p1b: Calyrex|Nasty Plot|p1b: Calyrex\n|-boost|p1b: Calyrex|spa|2\n|move|p2b: Grimmsnarl|Spirit Break|p1b: Calyrex\n|-supereffective|p1b: Calyrex\n|-damage|p1b: Calyrex|61/100\n|-unboost|p1b: Calyrex|spa|1\n|\n|upkeep\n|turn|2\n|\n|t:|1746126768\n|move|p1b: Calyrex|Protect|p1b: Calyrex\n|-singleturn|p1b: Calyrex|Protect\n|move|p2b: Grimmsnarl|Light Screen|p2b: Grimmsnarl\n|-sidestart|p2: dondozo sucks|move: Light Screen\n|move|p2a: Incineroar|Knock Off|p1b: Calyrex\n|-activate|p1b: Calyrex|move: Protect\n|move|p1a: Incineroar|Parting Shot|p2b: Grimmsnarl\n|-unboost|p2b: Grimmsnarl|atk|1\n|-unboost|p2b: Grimmsnarl|spa|1\n|\n|t:|1746126774\n|switch|p1a: Zamazenta|Zamazenta-Crowned, L50|100/100|[from] Parting Shot\n|-ability|p1a: Zamazenta|Dauntless Shield|boost\n|-boost|p1a: Zamazenta|def|1\n|\n|upkeep\n|turn|3\n|\n|t:|1746126783\n|switch|p2a: Terapagos|Terapagos, L50, M|100/100\n|-activate|p2a: Terapagos|ability: Tera Shift\n|detailschange|p2a: Terapagos|Terapagos-Terastal, L50, M\n|-heal|p2a: Terapagos|100/100|[silent]\n|move|p2b: Grimmsnarl|Reflect|p2b: Grimmsnarl\n|-sidestart|p2: dondozo sucks|Reflect\n|move|p1b: Calyrex|Astral Barrage|p2a: Terapagos|[spread] p2b\n|-immune|p2a: Terapagos\n|-resisted|p2b: Grimmsnarl\n|-damage|p2b: Grimmsnarl|75/100\n|move|p1a: Zamazenta|Body Press|p2a: Terapagos\n|-activate|p2a: Terapagos|ability: Tera Shell\n|-resisted|p2a: Terapagos\n|-damage|p2a: Terapagos|86/100\n|\n|-heal|p2a: Terapagos|92/100|[from] item: Leftovers\n|upkeep\n|turn|4\n|\n|t:|1746126796\n|-terastallize|p2a: Terapagos|Stellar\n|detailschange|p2a: Terapagos|Terapagos-Stellar, L50, M, tera:Stellar\n|-heal|p2a: Terapagos|94/100|[silent]\n|move|p1b: Calyrex|Protect|p1b: Calyrex\n|-singleturn|p1b: Calyrex|Protect\n|move|p2b: Grimmsnarl|Thunder Wave|p1a: Zamazenta\n|-status|p1a: Zamazenta|par\n|move|p2a: Terapagos|Calm Mind|p2a: Terapagos\n|-boost|p2a: Terapagos|spa|1\n|-boost|p2a: Terapagos|spd|1\n|move|p1a: Zamazenta|Body Press|p2a: Terapagos\n|-supereffective|p2a: Terapagos\n|-damage|p2a: Terapagos|46/100\n|\n|-heal|p2a: Terapagos|52/100|[from] item: Leftovers\n|upkeep\n|turn|5\n|\n|t:|1746126813\n|move|p1b: Calyrex|Psychic|p2a: Terapagos\n|-damage|p2a: Terapagos|30/100\n|move|p2a: Terapagos|Flamethrower|p1a: Zamazenta\n|-supereffective|p1a: Zamazenta\n|-damage|p1a: Zamazenta|28/100 par\n|move|p1a: Zamazenta|Body Press|p2a: Terapagos\n|-supereffective|p2a: Terapagos\n|-damage|p2a: Terapagos|0 fnt\n|faint|p2a: Terapagos\n|move|p2b: Grimmsnarl|Spirit Break|p1b: Calyrex\n|-supereffective|p1b: Calyrex\n|-damage|p1b: Calyrex|32/100\n|-unboost|p1b: Calyrex|spa|1\n|\n|upkeep\n|\n|t:|1746126818\n|switch|p2a: Calyrex|Calyrex-Shadow, L50|100/100\n|-ability|p2a: Calyrex|As One\n|-ability|p2a: Calyrex|Unnerve\n|turn|6\n|\n|t:|1746126825\n|move|p2a: Calyrex|Protect|p2a: Calyrex\n|-singleturn|p2a: Calyrex|Protect\n|move|p1a: Zamazenta|Wide Guard|p1a: Zamazenta\n|-singleturn|p1a: Zamazenta|Wide Guard\n|move|p1b: Calyrex|Astral Barrage|p2b: Grimmsnarl|[spread] p2b\n|-activate|p2a: Calyrex|move: Protect\n|-resisted|p2b: Grimmsnarl\n|-damage|p2b: Grimmsnarl|57/100\n|move|p2b: Grimmsnarl|Spirit Break|p1b: Calyrex\n|-supereffective|p1b: Calyrex\n|-damage|p1b: Calyrex|5/100\n|-unboost|p1b: Calyrex|spa|1\n|\n|upkeep\n|turn|7\n|\n|t:|1746126835\n|switch|p2a: Incineroar|Incineroar, L50, F|100/100\n|-ability|p2a: Incineroar|Intimidate|boost\n|-unboost|p1a: Zamazenta|atk|1\n|-unboost|p1b: Calyrex|atk|1\n|move|p1a: Zamazenta|Wide Guard|p1a: Zamazenta\n|-singleturn|p1a: Zamazenta|Wide Guard\n|move|p1b: Calyrex|Astral Barrage|p2b: Grimmsnarl|[spread] p2a,p2b\n|-resisted|p2a: Incineroar\n|-resisted|p2b: Grimmsnarl\n|-damage|p2a: Incineroar|89/100\n|-damage|p2b: Grimmsnarl|45/100\n|move|p2b: Grimmsnarl|Spirit Break|p1b: Calyrex\n|-supereffective|p1b: Calyrex\n|-damage|p1b: Calyrex|0 fnt\n|faint|p1b: Calyrex\n|\n|upkeep\n|\n|t:|1746126842\n|switch|p1b: Rillaboom|Rillaboom, L50, F|100/100\n|-fieldstart|move: Grassy Terrain|[from] ability: Grassy Surge|[of] p1b: Rillaboom\n|turn|8\n|\n|t:|1746126865\n|switch|p1a: Incineroar|Incineroar, L50, M|94/100\n|-ability|p1a: Incineroar|Intimidate|boost\n|-unboost|p2a: Incineroar|atk|1\n|-unboost|p2b: Grimmsnarl|atk|1\n|move|p1b: Rillaboom|Wood Hammer|p2b: Grimmsnarl\n|-damage|p2b: Grimmsnarl|0 fnt\n|faint|p2b: Grimmsnarl\n|-damage|p1b: Rillaboom|86/100|[from] Recoil\n|move|p2a: Incineroar|Parting Shot|p1b: Rillaboom\n|-unboost|p1b: Rillaboom|atk|1\n|-unboost|p1b: Rillaboom|spa|1\n|\n|t:|1746126868\n|switch|p2a: Calyrex|Calyrex-Shadow, L50|100/100|[from] Parting Shot\n|-ability|p2a: Calyrex|As One\n|-ability|p2a: Calyrex|Unnerve\n|\n|-heal|p1b: Rillaboom|92/100|[from] Grassy Terrain\n|-heal|p1a: Incineroar|99/100|[from] Grassy Terrain\n|upkeep\n|\n|t:|1746126869\n|switch|p2b: Incineroar|Incineroar, L50, F|89/100\n|-ability|p2b: Incineroar|Intimidate|boost\n|-unboost|p1a: Incineroar|atk|1\n|-unboost|p1b: Rillaboom|atk|1\n|turn|9\n|\n|t:|1746126876\n|move|p2b: Incineroar|Fake Out|p1a: Incineroar\n|-damage|p1a: Incineroar|91/100\n|move|p2a: Calyrex|Astral Barrage|p1b: Rillaboom|[spread] p1a,p1b\n|-resisted|p1a: Incineroar\n|-damage|p1a: Incineroar|68/100\n|-damage|p1b: Rillaboom|55/100\n|move|p1b: Rillaboom|Wood Hammer|p2a: Calyrex\n|-damage|p2a: Calyrex|69/100\n|-damage|p1b: Rillaboom|46/100|[from] Recoil\n|cant|p1a: Incineroar|flinch\n|\n|-heal|p2a: Calyrex|75/100|[from] Grassy Terrain\n|-heal|p1b: Rillaboom|52/100|[from] Grassy Terrain\n|-heal|p2b: Incineroar|95/100|[from] Grassy Terrain\n|-heal|p1a: Incineroar|74/100|[from] Grassy Terrain\n|-sideend|p2: dondozo sucks|move: Light Screen\n|upkeep\n|turn|10\n|\n|t:|1746126886\n|move|p2a: Calyrex|Protect|p2a: Calyrex\n|-singleturn|p2a: Calyrex|Protect\n|move|p1b: Rillaboom|U-turn|p2b: Incineroar\n|-damage|p2b: Incineroar|87/100\n|-damage|p1b: Rillaboom|36/100|[from] item: Rocky Helmet|[of] p2b: Incineroar\n|\n|t:|1746126888\n|switch|p1b: Zamazenta|Zamazenta-Crowned, L50|28/100 par|[from] U-turn\n|move|p2b: Incineroar|Close Combat|p1a: Incineroar\n|-supereffective|p1a: Incineroar\n|-damage|p1a: Incineroar|20/100\n|-unboost|p2b: Incineroar|def|1\n|-unboost|p2b: Incineroar|spd|1\n|move|p1a: Incineroar|Knock Off|p2a: Calyrex\n|-activate|p2a: Calyrex|move: Protect\n|\n|-heal|p2a: Calyrex|82/100|[from] Grassy Terrain\n|-heal|p2b: Incineroar|93/100|[from] Grassy Terrain\n|-heal|p1b: Zamazenta|34/100 par|[from] Grassy Terrain\n|-heal|p1a: Incineroar|26/100|[from] Grassy Terrain\n|-sideend|p2: dondozo sucks|Reflect\n|upkeep\n|turn|11\n|\n|t:|1746126894\n|move|p1b: Zamazenta|Wide Guard|p1b: Zamazenta\n|-singleturn|p1b: Zamazenta|Wide Guard\n|move|p2a: Calyrex|Psychic|p1b: Zamazenta\n|-damage|p1b: Zamazenta|0 fnt\n|faint|p1b: Zamazenta\n|-ability|p2a: Calyrex|Grim Neigh|boost\n|-boost|p2a: Calyrex|spa|1\n|move|p2b: Incineroar|Close Combat|p1a: Incineroar\n|-supereffective|p1a: Incineroar\n|-damage|p1a: Incineroar|0 fnt\n|-unboost|p2b: Incineroar|def|1\n|-unboost|p2b: Incineroar|spd|1\n|faint|p1a: Incineroar\n|\n|-heal|p2a: Calyrex|88/100|[from] Grassy Terrain\n|-heal|p2b: Incineroar|99/100|[from] Grassy Terrain\n|upkeep\n|-message|BreadPudding248 forfeited.\n|\n|win|dondozo sucks\n||dondozo sucks is ready for game 2.\n||BreadPudding248 is ready for game 2.\n|uhtml|next|Next: <a href=\"/battle-gen9vgc2025regibo3-2354869143\"><strong>Game 2 of 3</strong></a>\n|l|\u2606dondozo sucks\n|player|p2|\n", "uploadtime": 1746127139, "views": 17, "formatid": "gen9vgc2025regibo3", "rating": null, "private": 0, "password": null}