{"id": "gen9vgc2025regibo3-2354883620", "format": "[Gen 9] VGC 2025 Reg I (Bo3)", "players": ["MangoFurret", "aggron zheng"], "log": "|j|\u2606MangoFurret\n|j|\u2606aggron zheng\n|html|<table width=\"100%\"><tr><td align=\"left\">MangoFurret</td><td align=\"right\">aggron zheng</tr><tr><td align=\"left\"><i class=\"fa fa-circle-o\"></i> <i class=\"fa fa-circle-o\"></i> </td><td align=\"right\"><i class=\"fa fa-circle-o\"></i> <i class=\"fa fa-circle-o\"></i> </tr></table>\n|uhtml|bestof|<h2><strong>Game 1</strong> of <a href=\"/game-bestof3-gen9vgc2025regibo3-2354883617\">a best-of-3</a></h2>\n|t:|1746128289\n|gametype|doubles\n|player|p1|MangoFurret|unknown|1300\n|player|p2|aggron zheng|102|1239\n|teamsize|p1|6\n|teamsize|p2|6\n|gen|9\n|tier|[Gen 9] VGC 2025 Reg I (Bo3)\n|rated|\n|rule|Species Clause: Limit one of each Pok\u00e9mon\n|rule|Item Clause: Limit 1 of each item\n|clearpoke\n|poke|p1|Kyogre, L50|\n|poke|p1|Zamazenta-*, L50|\n|poke|p1|Amoonguss, L50, F|\n|poke|p1|Chien-Pao, L50|\n|poke|p1|Urshifu-*, L50, M|\n|poke|p1|Roaring Moon, L50|\n|poke|p2|Lunala, L50|\n|poke|p2|Miraidon, L50|\n|poke|p2|Ursaluna, L50, F|\n|poke|p2|Whimsicott, L50, M|\n|poke|p2|Volcarona, L50, F|\n|poke|p2|Urshifu-*, L50, F|\n|teampreview|4\n|showteam|p1|Kyogre||MysticWater|Drizzle|WaterSpout,HydroPump,IceBeam,Protect||||||50|,,,,,Grass]Zamazenta-Crowned||RustedShield|DauntlessShield|behemothbash,BodyPress,WideGuard,Protect||||||50|,,,,,Grass]Amoonguss||RockyHelmet|Regenerator|RagePowder,Spore,SludgeBomb,Protect|||F|||50|,,,,,Fairy]Chien-Pao||FocusSash|SwordofRuin|IceSpinner,SuckerPunch,ThroatChop,Protect||||||50|,,,,,Ghost]Urshifu-Rapid-Strike||ChoiceScarf|UnseenFist|SurgingStrikes,CloseCombat,Uturn,Coaching|||M|||50|,,,,,Ghost]Roaring Moon||BoosterEnergy|Protosynthesis|KnockOff,Acrobatics,Tailwind,Protect||||||50|,,,,,Flying\n|showteam|p2|Lunala||ElectricSeed|ShadowShield|WideGuard,TrickRoom,MoongeistBeam,Moonblast||||||50|,,,,,Water]Miraidon||ChoiceSpecs|HadronEngine|VoltSwitch,ElectroDrift,DazzlingGleam,DracoMeteor||||||50|,,,,,Ghost]Ursaluna||FlameOrb|Guts|Protect,Earthquake,Facade,HeadlongRush|||F|||50|,,,,,Water]Whimsicott||CovertCloak|Prankster|Tailwind,Moonblast,Encore,LightScreen|||M|||50|,,,,,Dark]Volcarona||Leftovers|FlameBody|QuiverDance,StruggleBug,FieryDance,RagePowder|||F|||50|,,,,,Grass]Urshifu-Rapid-Strike||FocusSash|UnseenFist|Detect,SurgingStrikes,CloseCombat,AquaJet|||F|||50|,,,,,Water\n|c|\u2606aggron zheng|glhf\n|c|\u2606MangoFurret|nice nick\n|c|\u2606aggron zheng|thx\n|\n|t:|1746128368\n|start\n|switch|p1a: Impostor|Amoonguss, L50, F|100/100\n|switch|p1b: Ilgattopardo|Chien-Pao, L50|100/100\n|switch|p2a: Lunala|Lunala, L50|100/100\n|switch|p2b: Volcarona|Volcarona, L50, F|100/100\n|-ability|p1b: Ilgattopardo|Sword of Ruin\n|turn|1\n|\n|t:|1746128407\n|switch|p2a: Miraidon|Miraidon, L50|100/100\n|-fieldstart|move: Electric Terrain|[from] ability: Hadron Engine|[of] p2a: Miraidon\n|move|p2b: Volcarona|Rage Powder|p2b: Volcarona\n|-singleturn|p2b: Volcarona|move: Rage Powder\n|move|p1b: Ilgattopardo|Ice Spinner|p2b: Volcarona\n|-resisted|p2b: Volcarona\n|-damage|p2b: Volcarona|74/100\n|-fieldend|move: Electric Terrain\n|move|p1a: Impostor|Spore|p2a: Miraidon\n|-status|p2a: Miraidon|slp|[from] move: Spore\n|\n|-heal|p2b: Volcarona|80/100|[from] item: Leftovers\n|upkeep\n|turn|2\n|c|\u2606aggron zheng|lol wait i can't think\n|inactive|Battle timer is ON: inactive players will automatically lose when time's up. (requested by MangoFurret)\n|j| ggghhtrghy32q34\n|inactive|aggron zheng has 60 seconds left.\n|\n|t:|1746128499\n|switch|p1b: Storm|Roaring Moon, L50|100/100\n|-enditem|p1b: Storm|Booster Energy\n|-activate|p1b: Storm|ability: Protosynthesis|[fromitem]\n|-start|p1b: Storm|protosynthesisspe\n|switch|p2a: Lunala|Lunala, L50|100/100\n|-terastallize|p2b: Volcarona|Grass\n|move|p2b: Volcarona|Quiver Dance|p2b: Volcarona\n|-boost|p2b: Volcarona|spa|1\n|-boost|p2b: Volcarona|spd|1\n|-boost|p2b: Volcarona|spe|1\n|move|p1a: Impostor|Spore|p2b: Volcarona\n|-immune|p2b: Volcarona\n|\n|-heal|p2b: Volcarona|86/100|[from] item: Leftovers\n|upkeep\n|turn|3\n|inactive|MangoFurret has 30 seconds left.\n|inactive|aggron zheng has 30 seconds left.\n|inactive|MangoFurret has 20 seconds left.\n|inactive|aggron zheng has 20 seconds left.\n|inactive|aggron zheng has 15 seconds left.\n|\n|t:|1746128541\n|switch|p2b: Miraidon|Miraidon, L50|100/100 slp\n|-fieldstart|move: Electric Terrain|[from] ability: Hadron Engine|[of] p2b: Miraidon\n|-enditem|p2a: Lunala|Electric Seed\n|-boost|p2a: Lunala|def|1|[from] item: Electric Seed\n|-terastallize|p1b: Storm|Flying\n|move|p1b: Storm|Acrobatics|p2b: Miraidon\n|-resisted|p2b: Miraidon\n|-damage|p2b: Miraidon|75/100 slp\n|move|p1a: Impostor|Sludge Bomb|p2a: Lunala\n|-resisted|p2a: Lunala\n|-damage|p2a: Lunala|96/100\n|move|p2a: Lunala|Trick Room|p2a: Lunala\n|-fieldstart|move: Trick Room|[of] p2a: Lunala\n|\n|upkeep\n|turn|4\n|inactive|MangoFurret has 30 seconds left.\n|inactive|MangoFurret has 20 seconds left.\n|inactive|MangoFurret has 15 seconds left.\n|inactive|MangoFurret has 10 seconds left.\n|\n|t:|1746128590\n|-end|p1b: Storm|Protosynthesis|[silent]\n|switch|p1b: IlDoggo|Zamazenta-Crowned, L50|100/100\n|-ability|p1b: IlDoggo|Dauntless Shield|boost\n|-boost|p1b: IlDoggo|def|1\n|move|p1a: Impostor|Rage Powder|p1a: Impostor\n|-singleturn|p1a: Impostor|move: Rage Powder\n|move|p2a: Lunala|Moongeist Beam|p1a: Impostor\n|-crit|p1a: Impostor\n|-damage|p1a: Impostor|32/100\n|cant|p2b: Miraidon|slp\n|\n|upkeep\n|turn|5\n|inactive|aggron zheng has 30 seconds left.\n|inactive|MangoFurret has 30 seconds left.\n|\n|t:|1746128628\n|move|p1a: Impostor|Sludge Bomb|p2b: Miraidon\n|-damage|p2b: Miraidon|52/100 slp\n|move|p2a: Lunala|Moongeist Beam|p1b: IlDoggo\n|-damage|p1b: IlDoggo|59/100\n|move|p1b: IlDoggo|Body Press|p2b: Miraidon\n|-damage|p2b: Miraidon|0 fnt\n|faint|p2b: Miraidon\n|\n|upkeep\n|\n|t:|1746128652\n|switch|p2b: Volcarona|Volcarona, L50, F, tera:Grass|86/100\n|turn|6\n|\n|t:|1746128665\n|move|p1a: Impostor|Sludge Bomb|p2b: Volcarona\n|-supereffective|p2b: Volcarona\n|-damage|p2b: Volcarona|33/100\n|move|p2a: Lunala|Moongeist Beam|p1a: Impostor\n|-damage|p1a: Impostor|0 fnt\n|faint|p1a: Impostor\n|move|p2b: Volcarona|Fiery Dance|p1b: IlDoggo\n|-supereffective|p1b: IlDoggo\n|-damage|p1b: IlDoggo|2/100\n|-boost|p2b: Volcarona|spa|1\n|move|p1b: IlDoggo|Behemoth Bash|p2a: Lunala\n|-damage|p2a: Lunala|74/100\n|\n|-heal|p2b: Volcarona|40/100|[from] item: Leftovers\n|upkeep\n|\n|t:|1746128685\n|switch|p1a: Storm|Roaring Moon, L50, tera:Flying|100/100\n|turn|7\n|inactive|aggron zheng has 30 seconds left.\n|\n|t:|1746128718\n|move|p1b: IlDoggo|Protect|p1b: IlDoggo\n|-singleturn|p1b: IlDoggo|Protect\n|move|p2a: Lunala|Moongeist Beam|p1b: IlDoggo\n|-activate|p1b: IlDoggo|move: Protect\n|move|p2b: Volcarona|Quiver Dance|p2b: Volcarona\n|-boost|p2b: Volcarona|spa|1\n|-boost|p2b: Volcarona|spd|1\n|-boost|p2b: Volcarona|spe|1\n|move|p1a: Storm|Knock Off|p2a: Lunala\n|-supereffective|p2a: Lunala\n|-damage|p2a: Lunala|0 fnt\n|faint|p2a: Lunala\n|\n|-heal|p2b: Volcarona|46/100|[from] item: Leftovers\n|-fieldend|move: Trick Room\n|-fieldend|move: Electric Terrain\n|upkeep\n|\n|t:|1746128723\n|switch|p2a: Urshifu|Urshifu-Rapid-Strike, L50, F|100/100\n|turn|8\n|inactive|MangoFurret has 30 seconds left.\n|inactive|aggron zheng has 30 seconds left.\n|inactive|MangoFurret has 20 seconds left.\n|inactive|aggron zheng has 20 seconds left.\n|inactive|MangoFurret has 15 seconds left.\n|\n|t:|1746128763\n|move|p2b: Volcarona|Struggle Bug|p1a: Storm|[spread] p1a,p1b\n|-resisted|p1a: Storm\n|-resisted|p1b: IlDoggo\n|-damage|p1a: Storm|85/100\n|-damage|p1b: IlDoggo|0 fnt\n|-unboost|p1a: Storm|spa|1\n|faint|p1b: IlDoggo\n|move|p1a: Storm|Acrobatics|p2b: Volcarona\n|-supereffective|p2b: Volcarona\n|-damage|p2b: Volcarona|0 fnt\n|faint|p2b: Volcarona\n|move|p2a: Urshifu|Surging Strikes|p1a: Storm\n|-crit|p1a: Storm\n|-damage|p1a: Storm|61/100\n|-crit|p1a: Storm\n|-damage|p1a: Storm|39/100\n|-crit|p1a: Storm\n|-damage|p1a: Storm|15/100\n|-hitcount|p1a: Storm|3\n|\n|upkeep\n|\n|t:|1746128778\n|switch|p1b: Ilgattopardo|Chien-Pao, L50|100/100\n|-ability|p1b: Ilgattopardo|Sword of Ruin\n|turn|9\n|\n|t:|1746128794\n|move|p2a: Urshifu|Aqua Jet|p1a: Storm\n|-damage|p1a: Storm|0 fnt\n|faint|p1a: Storm\n|-end|p1a: Storm|Protosynthesis|[silent]\n|move|p1b: Ilgattopardo|Ice Spinner|p2a: Urshifu\n|-resisted|p2a: Urshifu\n|-damage|p2a: Urshifu|73/100\n|\n|upkeep\n|turn|10\n|\n|t:|1746128807\n|move|p1b: Ilgattopardo|Throat Chop|p2a: Urshifu\n|-resisted|p2a: Urshifu\n|-damage|p2a: Urshifu|44/100\n|-start|p2a: Urshifu|Throat Chop|[silent]\n|move|p2a: Urshifu|Surging Strikes|p1b: Ilgattopardo\n|-crit|p1b: Ilgattopardo\n|-damage|p1b: Ilgattopardo|71/100\n|-crit|p1b: Ilgattopardo\n|-damage|p1b: Ilgattopardo|42/100\n|-crit|p1b: Ilgattopardo\n|-damage|p1b: Ilgattopardo|13/100\n|-hitcount|p1b: Ilgattopardo|3\n|\n|upkeep\n|turn|11\n|\n|t:|1746128818\n|move|p1b: Ilgattopardo|Sucker Punch|p2a: Urshifu\n|-resisted|p2a: Urshifu\n|-damage|p2a: Urshifu|22/100\n|move|p2a: Urshifu|Aqua Jet|p1b: Ilgattopardo\n|-damage|p1b: Ilgattopardo|0 fnt\n|faint|p1b: Ilgattopardo\n|\n|win|aggron zheng\n||MangoFurret is ready for game 2.\n||aggron zheng is ready for game 2.\n|uhtml|next|Next: <a href=\"/battle-gen9vgc2025regibo3-2354889284\"><strong>Game 2 of 3</strong></a>\n|l| ggghhtrghy32q34\n", "uploadtime": 1746129467, "views": 14, "formatid": "gen9vgc2025regibo3", "rating": null, "private": 0, "password": null}