{"id": "gen9vgc2025regibo3-2354617760", "format": "[Gen 9] VGC 2025 Reg I (Bo3)", "players": ["MidoMidori", "Shuji Ishido"], "log": "|j|\u2606MidoMidori\n|j|\u2606Shuji Ishido\n|html|<table width=\"100%\"><tr><td align=\"left\">MidoMidori</td><td align=\"right\">Shuji Ishido</tr><tr><td align=\"left\"><i class=\"fa fa-circle\"></i> <i class=\"fa fa-circle-o\"></i> </td><td align=\"right\"><i class=\"fa fa-circle-o\"></i> <i class=\"fa fa-circle-o\"></i> </tr></table>\n|uhtml|bestof|<h2><strong>Game 2</strong> of <a href=\"/game-bestof3-gen9vgc2025regibo3-2354614798\">a best-of-3</a></h2>\n|t:|1746103439\n|gametype|doubles\n|player|p1|MidoMidori|roxanne-gen6|1161\n|player|p2|Shuji Ishido|falkner-gen2|1204\n|teamsize|p1|6\n|teamsize|p2|6\n|gen|9\n|tier|[Gen 9] VGC 2025 Reg I (Bo3)\n|rated|\n|rule|Species Clause: Limit one of each Pok\u00e9mon\n|rule|Item Clause: Limit 1 of each item\n|clearpoke\n|poke|p1|Koraidon, L50|\n|poke|p1|Ho-Oh, L50|\n|poke|p1|Flutter Mane, L50|\n|poke|p1|Incineroar, L50, F|\n|poke|p1|Raging Bolt, L50|\n|poke|p1|Iron Treads, L50|\n|poke|p2|Koraidon, L50|\n|poke|p2|Lunala, L50|\n|poke|p2|Chi-Yu, L50|\n|poke|p2|Ursaluna, L50, M|\n|poke|p2|Brute Bonnet, L50|\n|poke|p2|Flutter Mane, L50|\n|teampreview|4\n|showteam|p1|Koraidon||LoadedDice|OrichalcumPulse|ScaleShot,FlareBlitz,CollisionCourse,Protect||||||50|,,,,,Fire]Ho-Oh||ClearAmulet|Regenerator|SacredFire,BraveBird,Tailwind,Protect||||||50|,,,,,Grass]Flutter Mane||FocusSash|Protosynthesis|Moonblast,IcyWind,ShadowBall,Protect||||||50|,,,,,Normal]Incineroar||SafetyGoggles|Intimidate|FakeOut,FlareBlitz,KnockOff,PartingShot|||F|||50|,,,,,Water]Raging Bolt||AssaultVest|Protosynthesis|Thunderclap,VoltSwitch,DracoMeteor,Thunderbolt||||||50|,,,,,Electric]Iron Treads||LifeOrb|QuarkDrive|HighHorsepower,IronHead,SteelRoller,Protect||||||50|,,,,,Stellar\n|showteam|p2|Koraidon||LifeOrb|OrichalcumPulse|FlareBlitz,FlameCharge,CloseCombat,Protect||||||50|,,,,,Fire]Lunala||PowerHerb|ShadowShield|MoongeistBeam,MeteorBeam,WideGuard,TrickRoom||||||50|,,,,,Water]Chi-Yu||ChoiceScarf|BeadsofRuin|Overheat,HeatWave,DarkPulse,Snarl||||||50|,,,,,Ghost]Ursaluna||FlameOrb|Guts|Facade,Earthquake,HeadlongRush,Protect|||M|||50|,,,,,Water]Brute Bonnet||CovertCloak|Protosynthesis|SeedBomb,SuckerPunch,Spore,RagePowder||||||50|,,,,,Water]Flutter Mane||FocusSash|Protosynthesis|Moonblast,IcyWind,ShadowBall,Protect||||||50|,,,,,Normal\n|inactive|Battle timer is ON: inactive players will automatically lose when time's up. (requested by Shuji Ishido)\n|inactive|MidoMidori has 60 seconds left.\n|inactive|MidoMidori has 30 seconds left.\n|\n|t:|1746103514\n|start\n|switch|p1a: Ho-Oh|Ho-Oh, L50|100/100\n|switch|p1b: Incineroar|Incineroar, L50, F|100/100\n|switch|p2a: Lunala|Lunala, L50|100/100\n|switch|p2b: Brute Bonnet|Brute Bonnet, L50|100/100\n|-ability|p1b: Incineroar|Intimidate|boost\n|-unboost|p2a: Lunala|atk|1\n|-unboost|p2b: Brute Bonnet|atk|1\n|turn|1\n|inactive|MidoMidori has 30 seconds left.\n|inactive|MidoMidori has 20 seconds left.\n|\n|t:|1746103550\n|-terastallize|p1a: Ho-Oh|Grass\n|-terastallize|p2b: Brute Bonnet|Water\n|move|p2a: Lunala|Meteor Beam||[still]\n|-prepare|p2a: Lunala|Meteor Beam\n|-boost|p2a: Lunala|spa|1\n|-enditem|p2a: Lunala|Power Herb\n|-anim|p2a: Lunala|Meteor Beam|p1b: Incineroar\n|-supereffective|p1b: Incineroar\n|-damage|p1b: Incineroar|0 fnt\n|faint|p1b: Incineroar\n|move|p1a: Ho-Oh|Brave Bird|p2a: Lunala\n|-damage|p2a: Lunala|73/100\n|-damage|p1a: Ho-Oh|90/100|[from] Recoil\n|move|p2b: Brute Bonnet|Seed Bomb|p1a: Ho-Oh\n|-resisted|p1a: Ho-Oh\n|-damage|p1a: Ho-Oh|80/100\n|\n|upkeep\n|\n|t:|1746103562\n|switch|p1b: Koraidon|Koraidon, L50|100/100\n|-weather|SunnyDay|[from] ability: Orichalcum Pulse|[of] p1b: Koraidon\n|-activate|p2b: Brute Bonnet|ability: Protosynthesis\n|-start|p2b: Brute Bonnet|protosynthesisdef\n|-activate|p1b: Koraidon|Orichalcum Pulse|[source]\n|turn|2\n|inactive|MidoMidori has 30 seconds left.\n|\n|t:|1746103588\n|move|p2b: Brute Bonnet|Rage Powder|p2b: Brute Bonnet\n|-singleturn|p2b: Brute Bonnet|move: Rage Powder\n|move|p1b: Koraidon|Scale Shot|p2b: Brute Bonnet\n|-damage|p2b: Brute Bonnet|90/100\n|-crit|p2b: Brute Bonnet\n|-damage|p2b: Brute Bonnet|75/100\n|-damage|p2b: Brute Bonnet|65/100\n|-damage|p2b: Brute Bonnet|57/100\n|-damage|p2b: Brute Bonnet|47/100\n|-hitcount|p2b: Brute Bonnet|5\n|-unboost|p1b: Koraidon|def|1\n|-boost|p1b: Koraidon|spe|1\n|move|p1a: Ho-Oh|Sacred Fire|p2a: Lunala\n|-damage|p2a: Lunala|7/100\n|move|p2a: Lunala|Trick Room|p2a: Lunala\n|-fieldstart|move: Trick Room|[of] p2a: Lunala\n|\n|-weather|SunnyDay|[upkeep]\n|upkeep\n|turn|3\n|\n|t:|1746103607\n|move|p1b: Koraidon|Protect|p1b: Koraidon\n|-singleturn|p1b: Koraidon|Protect\n|move|p2b: Brute Bonnet|Spore|p1b: Koraidon\n|-activate|p1b: Koraidon|move: Protect\n|move|p1a: Ho-Oh|Sacred Fire|p2b: Brute Bonnet\n|-resisted|p2b: Brute Bonnet\n|-damage|p2b: Brute Bonnet|26/100\n|move|p2a: Lunala|Moongeist Beam|p1a: Ho-Oh\n|-damage|p1a: Ho-Oh|31/100\n|\n|-weather|SunnyDay|[upkeep]\n|upkeep\n|turn|4\n|\n|t:|1746103627\n|switch|p1a: Flutter Mane|Flutter Mane, L50|100/100\n|-activate|p1a: Flutter Mane|ability: Protosynthesis\n|-start|p1a: Flutter Mane|protosynthesisspe\n|move|p1b: Koraidon|Protect||[still]\n|-fail|p1b: Koraidon\n|move|p2b: Brute Bonnet|Spore|p1b: Koraidon\n|-status|p1b: Koraidon|slp|[from] move: Spore\n|move|p2a: Lunala|Moongeist Beam|p1a: Flutter Mane\n|-supereffective|p1a: Flutter Mane\n|-enditem|p1a: Flutter Mane|Focus Sash\n|-damage|p1a: Flutter Mane|1/100\n|\n|-weather|SunnyDay|[upkeep]\n|upkeep\n|turn|5\n|\n|t:|1746103652\n|-end|p1a: Flutter Mane|Protosynthesis|[silent]\n|switch|p1a: Ho-Oh|Ho-Oh, L50, tera:Grass|65/100\n|cant|p1b: Koraidon|slp\n|move|p2b: Brute Bonnet|Seed Bomb|p1a: Ho-Oh\n|-resisted|p1a: Ho-Oh\n|-damage|p1a: Ho-Oh|54/100\n|move|p2a: Lunala|Moongeist Beam|p1b: Koraidon\n|-damage|p1b: Koraidon|17/100 slp\n|\n|-weather|SunnyDay|[upkeep]\n|upkeep\n|turn|6\n|inactive|Shuji Ishido has 30 seconds left.\n|inactive|MidoMidori has 30 seconds left.\n|\n|t:|1746103688\n|cant|p1b: Koraidon|slp\n|move|p2b: Brute Bonnet|Seed Bomb|p1b: Koraidon\n|-resisted|p1b: Koraidon\n|-damage|p1b: Koraidon|2/100 slp\n|move|p1a: Ho-Oh|Sacred Fire|p2a: Lunala\n|-damage|p2a: Lunala|0 fnt\n|faint|p2a: Lunala\n|\n|-weather|none\n|-end|p2b: Brute Bonnet|Protosynthesis\n|-fieldend|move: Trick Room\n|upkeep\n|\n|t:|1746103698\n|switch|p2a: Koraidon|Koraidon, L50|100/100\n|-weather|SunnyDay|[from] ability: Orichalcum Pulse|[of] p2a: Koraidon\n|-activate|p2b: Brute Bonnet|ability: Protosynthesis\n|-start|p2b: Brute Bonnet|protosynthesisdef\n|-activate|p2a: Koraidon|Orichalcum Pulse|[source]\n|turn|7\n|inactive|MidoMidori has 30 seconds left.\n|inactive|MidoMidori has 20 seconds left.\n|\n|t:|1746103734\n|move|p2b: Brute Bonnet|Sucker Punch|p1b: Koraidon\n|-resisted|p1b: Koraidon\n|-damage|p1b: Koraidon|0 fnt\n|faint|p1b: Koraidon\n|move|p2a: Koraidon|Flame Charge|p1a: Ho-Oh\n|-supereffective|p1a: Ho-Oh\n|-damage|p1a: Ho-Oh|0 fnt\n|-boost|p2a: Koraidon|spe|1\n|faint|p1a: Ho-Oh\n|-damage|p2a: Koraidon|91/100|[from] item: Life Orb\n|\n|-weather|SunnyDay|[upkeep]\n|upkeep\n|-message|MidoMidori forfeited.\n|\n|win|Shuji Ishido\n||MidoMidori is ready for game 3.\n||Shuji Ishido is ready for game 3.\n|uhtml|next|Next: <a href=\"/battle-gen9vgc2025regibo3-2354620187\"><strong>Game 3 of 3</strong></a>\n|l|\u2606Shuji Ishido\n|player|p2|\n", "uploadtime": 1746104023, "views": 8, "formatid": "gen9vgc2025regibo3", "rating": null, "private": 0, "password": null}