{"id": "gen9vgc2025regibo3-2354998212", "format": "[Gen 9] VGC 2025 Reg I (Bo3)", "players": ["SmogonSetsAreTrash", "WyzerxVS36"], "log": "|j|\u2606SmogonSetsAreTrash\n|j|\u2606WyzerxVS36\n|html|<table width=\"100%\"><tr><td align=\"left\">SmogonSetsAreTrash</td><td align=\"right\">WyzerxVS36</tr><tr><td align=\"left\"><i class=\"fa fa-circle-o\"></i> <i class=\"fa fa-circle-o\"></i> </td><td align=\"right\"><i class=\"fa fa-circle-o\"></i> <i class=\"fa fa-circle-o\"></i> </tr></table>\n|uhtml|bestof|<h2><strong>Game 1</strong> of <a href=\"/game-bestof3-gen9vgc2025regibo3-2354998211\">a best-of-3</a></h2>\n|t:|1746140250\n|gametype|doubles\n|player|p1|SmogonSetsAreTrash|guitarist|1433\n|player|p2|WyzerxVS36|sabrina|1395\n|teamsize|p1|6\n|teamsize|p2|6\n|gen|9\n|tier|[Gen 9] VGC 2025 Reg I (Bo3)\n|rated|\n|rule|Species Clause: Limit one of each Pok\u00e9mon\n|rule|Item Clause: Limit 1 of each item\n|clearpoke\n|poke|p1|Calyrex-Ice, L50|\n|poke|p1|Miraidon, L50|\n|poke|p1|Farigiraf, L50, M|\n|poke|p1|Incineroar, L50, M|\n|poke|p1|Ogerpon, L50, F|\n|poke|p1|Gastrodon, L50, M|\n|poke|p2|Lunala, L50|\n|poke|p2|Calyrex-Ice, L50|\n|poke|p2|Ogerpon-Wellspring, L50, F|\n|poke|p2|Indeedee-F, L50, F|\n|poke|p2|Incineroar, L50, M|\n|poke|p2|Iron Hands, L50|\n|teampreview|4\n|showteam|p1|Calyrex-Ice||ClearAmulet|AsOneGlastrier|GlacialLance,CloseCombat,TrickRoom,Protect||||||50|,,,,,Fairy]Miraidon||LifeOrb|HadronEngine|ElectroDrift,VoltSwitch,DragonPulse,Protect||||||50|,,,,,Electric]Farigiraf||ElectricSeed|ArmorTail|HyperVoice,Psychic,TrickRoom,Protect|||M|||50|,,,,,Water]Incineroar||AssaultVest|Intimidate|FlareBlitz,KnockOff,FakeOut,Uturn|||M|||50|,,,,,Bug]Ogerpon||LoadedDice|Defiant|BulletSeed,Encore,FollowMe,SpikyShield|||F|||50|,,,,,Grass]Gastrodon||CovertCloak|StormDrain|EarthPower,SludgeBomb,ClearSmog,Protect|||M|||50|,,,,,Poison\n|showteam|p2|Lunala||PowerHerb|ShadowShield|MoongeistBeam,MeteorBeam,ExpandingForce,TrickRoom||||||50|,,,,,Water]Calyrex-Ice||ClearAmulet|AsOneGlastrier|GlacialLance,HighHorsepower,TrickRoom,Protect||||||50|,,,,,Normal]Ogerpon-Wellspring||WellspringMask|WaterAbsorb|IvyCudgel,WoodHammer,Taunt,FollowMe|||F|||50|,,,,,Water]Indeedee-F||RockyHelmet|PsychicSurge|FollowMe,DazzlingGleam,TrickRoom,HelpingHand|||F|||50|,,,,,Fairy]Incineroar||SafetyGoggles|Intimidate|FlareBlitz,PartingShot,KnockOff,FakeOut|||M|||50|,,,,,Ghost]Iron Hands||AssaultVest|QuarkDrive|WildCharge,DrainPunch,LowKick,FakeOut||||||50|,,,,,Water\n|inactive|Battle timer is ON: inactive players will automatically lose when time's up. (requested by SmogonSetsAreTrash)\n|inactive|SmogonSetsAreTrash has 60 seconds left.\n|inactive|WyzerxVS36 has 60 seconds left.\n|inactive|SmogonSetsAreTrash has 30 seconds left.\n|inactive|SmogonSetsAreTrash has 20 seconds left.\n|inactive|SmogonSetsAreTrash has 15 seconds left.\n|\n|t:|1746140329\n|start\n|switch|p1a: Miraidon|Miraidon, L50|100/100\n|switch|p1b: Farigiraf|Farigiraf, L50, M|100/100\n|switch|p2a: Indeedee|Indeedee-F, L50, F|100/100\n|switch|p2b: Calyrex|Calyrex-Ice, L50|100/100\n|-ability|p2b: Calyrex|As One\n|-ability|p2b: Calyrex|Unnerve\n|-fieldstart|move: Electric Terrain|[from] ability: Hadron Engine|[of] p1a: Miraidon\n|-enditem|p1b: Farigiraf|Electric Seed\n|-boost|p1b: Farigiraf|def|1|[from] item: Electric Seed\n|-fieldstart|move: Psychic Terrain|[from] ability: Psychic Surge|[of] p2a: Indeedee\n|turn|1\n|\n|t:|1746140345\n|move|p2a: Indeedee|Follow Me|p2a: Indeedee\n|-singleturn|p2a: Indeedee|move: Follow Me\n|move|p1a: Miraidon|Volt Switch|p2a: Indeedee\n|-damage|p2a: Indeedee|50/100\n|-damage|p1a: Miraidon|91/100|[from] item: Life Orb\n|\n|t:|1746140347\n|switch|p1a: Incineroar|Incineroar, L50, M|100/100|[from] Volt Switch\n|-ability|p1a: Incineroar|Intimidate|boost\n|-unboost|p2a: Indeedee|atk|1\n|-fail|p2b: Calyrex|unboost|[from] item: Clear Amulet|[of] p2b: Calyrex\n|move|p1b: Farigiraf|Hyper Voice|p2b: Calyrex|[spread] p2a,p2b\n|-damage|p2a: Indeedee|14/100\n|-damage|p2b: Calyrex|80/100\n|move|p2b: Calyrex|Glacial Lance|p1a: Incineroar|[spread] p1a,p1b\n|-resisted|p1a: Incineroar\n|-damage|p1a: Incineroar|72/100\n|-damage|p1b: Farigiraf|56/100\n|\n|upkeep\n|turn|2\n|\n|t:|1746140370\n|move|p1b: Farigiraf|Protect|p1b: Farigiraf\n|-singleturn|p1b: Farigiraf|Protect\n|move|p2a: Indeedee|Follow Me|p2a: Indeedee\n|-singleturn|p2a: Indeedee|move: Follow Me\n|move|p1a: Incineroar|U-turn|p2a: Indeedee\n|-supereffective|p2a: Indeedee\n|-damage|p2a: Indeedee|0 fnt\n|-damage|p1a: Incineroar|56/100|[from] item: Rocky Helmet|[of] p2a: Indeedee\n|faint|p2a: Indeedee\n|\n|t:|1746140374\n|switch|p1a: Calyrex|Calyrex-Ice, L50|100/100|[from] U-turn\n|-ability|p1a: Calyrex|As One\n|-ability|p1a: Calyrex|Unnerve\n|move|p2b: Calyrex|High Horsepower|p1a: Calyrex|[miss]\n|-miss|p2b: Calyrex|p1a: Calyrex\n|\n|upkeep\n|\n|t:|1746140395\n|switch|p2a: Lunala|Lunala, L50, shiny|100/100\n|turn|3\n|\n|t:|1746140412\n|move|p2a: Lunala|Meteor Beam||[still]\n|-prepare|p2a: Lunala|Meteor Beam\n|-boost|p2a: Lunala|spa|1\n|-enditem|p2a: Lunala|Power Herb\n|-anim|p2a: Lunala|Meteor Beam|p1a: Calyrex\n|-supereffective|p1a: Calyrex\n|-damage|p1a: Calyrex|5/100\n|move|p1a: Calyrex|Glacial Lance|p2a: Lunala|[spread] p2a,p2b\n|-resisted|p2b: Calyrex\n|-damage|p2a: Lunala|80/100\n|-damage|p2b: Calyrex|63/100\n|move|p1b: Farigiraf|Hyper Voice|p2b: Calyrex|[spread] p2b\n|-immune|p2a: Lunala\n|-damage|p2b: Calyrex|43/100\n|move|p2b: Calyrex|Glacial Lance|p1b: Farigiraf|[spread] p1a,p1b\n|-resisted|p1a: Calyrex\n|-damage|p1a: Calyrex|0 fnt\n|-damage|p1b: Farigiraf|15/100\n|faint|p1a: Calyrex\n|-ability|p2b: Calyrex|Chilling Neigh|boost\n|-boost|p2b: Calyrex|atk|1\n|\n|upkeep\n|inactive|SmogonSetsAreTrash has 30 seconds left.\n|inactive|SmogonSetsAreTrash has 20 seconds left.\n|\n|t:|1746140450\n|switch|p1a: Incineroar|Incineroar, L50, M|56/100\n|-ability|p1a: Incineroar|Intimidate|boost\n|-unboost|p2a: Lunala|atk|1\n|-fail|p2b: Calyrex|unboost|[from] item: Clear Amulet|[of] p2b: Calyrex\n|turn|4\n|inactive|SmogonSetsAreTrash has 30 seconds left.\n|\n|t:|1746140483\n|-terastallize|p2a: Lunala|Water\n|move|p2a: Lunala|Expanding Force|p1b: Farigiraf|[spread] p1b\n|-immune|p1a: Incineroar\n|-resisted|p1b: Farigiraf\n|-damage|p1b: Farigiraf|0 fnt\n|faint|p1b: Farigiraf\n|move|p1a: Incineroar|Knock Off|p2a: Lunala\n|-damage|p2a: Lunala|53/100\n|move|p2b: Calyrex|High Horsepower|p1a: Incineroar\n|-supereffective|p1a: Incineroar\n|-damage|p1a: Incineroar|0 fnt\n|faint|p1a: Incineroar\n|-ability|p2b: Calyrex|Chilling Neigh|boost\n|-boost|p2b: Calyrex|atk|1\n|\n|upkeep\n|\n|t:|1746140491\n|switch|p1b: Miraidon|Miraidon, L50|91/100\n|-fieldstart|move: Electric Terrain|[from] ability: Hadron Engine|[of] p1b: Miraidon\n|turn|5\n|\n|t:|1746140511\n|move|p1b: Miraidon|Electro Drift|p2b: Calyrex\n|-damage|p2b: Calyrex|0 fnt\n|faint|p2b: Calyrex\n|-damage|p1b: Miraidon|81/100|[from] item: Life Orb\n|move|p2a: Lunala|Moongeist Beam|p1b: Miraidon\n|-damage|p1b: Miraidon|11/100\n|\n|upkeep\n|\n|t:|1746140520\n|switch|p2b: Iron Hands|Iron Hands, L50|100/100\n|-activate|p2b: Iron Hands|ability: Quark Drive\n|-start|p2b: Iron Hands|quarkdriveatk\n|turn|6\n|-message|SmogonSetsAreTrash forfeited.\n|\n|win|WyzerxVS36\n||SmogonSetsAreTrash is ready for game 2.\n||WyzerxVS36 is ready for game 2.\n|uhtml|next|Next: <a href=\"/battle-gen9vgc2025regibo3-2355000507\"><strong>Game 2 of 3</strong></a>\n", "uploadtime": 1746140784, "views": 3, "formatid": "gen9vgc2025regibo3", "rating": null, "private": 0, "password": null}