{"id": "gen9vgc2025regibo3-2354601979", "format": "[Gen 9] VGC 2025 Reg I (Bo3)", "players": ["INKevin", "Eternatususususu"], "log": "|j|\u2606INKevin\n|j|\u2606Eternatususususu\n|html|<table width=\"100%\"><tr><td align=\"left\">INKevin</td><td align=\"right\">Eternatususususu</tr><tr><td align=\"left\"><i class=\"fa fa-circle-o\"></i> <i class=\"fa fa-circle-o\"></i> </td><td align=\"right\"><i class=\"fa fa-circle-o\"></i> <i class=\"fa fa-circle\"></i> </tr></table>\n|uhtml|bestof|<h2><strong>Game 2</strong> of <a href=\"/game-bestof3-gen9vgc2025regibo3-2354600340\">a best-of-3</a></h2>\n|t:|1746101351\n|gametype|doubles\n|player|p1|INKevin|266|1101\n|player|p2|Eternatususususu|pokekid|1139\n|teamsize|p1|6\n|teamsize|p2|6\n|gen|9\n|tier|[Gen 9] VGC 2025 Reg I (Bo3)\n|rated|\n|rule|Species Clause: Limit one of each Pok\u00e9mon\n|rule|Item Clause: Limit 1 of each item\n|clearpoke\n|poke|p1|Calyrex-Ice, L50|\n|poke|p1|Miraidon, L50|\n|poke|p1|Urshifu-*, L50, F|\n|poke|p1|Iron Hands, L50|\n|poke|p1|Farigiraf, L50, M|\n|poke|p1|Ogerpon-Hearthflame, L50, F|\n|poke|p2|Kyogre, L50|\n|poke|p2|Miraidon, L50|\n|poke|p2|Wo-Chien, L50|\n|poke|p2|Urshifu-*, L50, F|\n|poke|p2|Sneasler, L50, M|\n|poke|p2|Incineroar, L50, F|\n|teampreview|4\n|showteam|p1|Calyrex-Ice||ClearAmulet|AsOneGlastrier|GlacialLance,HighHorsepower,TrickRoom,Protect||||||50|,,,,,Water]Miraidon||ChoiceSpecs|HadronEngine|ElectroDrift,VoltSwitch,DracoMeteor,DazzlingGleam||||||50|,,,,,Fairy]Urshifu-Rapid-Strike||FocusSash|UnseenFist|SurgingStrikes,CloseCombat,Taunt,Detect|||F|||50|,,,,,Stellar]Iron Hands||AssaultVest|QuarkDrive|FakeOut,WildCharge,DrainPunch,LowKick||||||50|,,,,,Water]Farigiraf||ElectricSeed|ArmorTail|Psychic,FoulPlay,HelpingHand,TrickRoom|||M|||50|,,,,,Fairy]Ogerpon-Hearthflame||HearthflameMask|MoldBreaker|IvyCudgel,WoodHammer,FollowMe,SpikyShield|||F|||50|,,,,,Fire\n|showteam|p2|Kyogre||AssaultVest|Drizzle|WaterSpout,OriginPulse,Thunder,IceBeam||||||50|,,,,,Grass]Miraidon||ChoiceSpecs|HadronEngine|ElectroDrift,VoltSwitch,DracoMeteor,DazzlingGleam||||||50|,,,,,Fairy]Wo-Chien||Leftovers|TabletsofRuin|Ruination,LeechSeed,PollenPuff,Protect||||||50|,,,,,Poison]Urshifu-Rapid-Strike||ChoiceScarf|UnseenFist|SurgingStrikes,CloseCombat,Uturn,AquaJet|||F|||50|,,,,,Water]Sneasler||ElectricSeed|Unburden|CloseCombat,GunkShot,ThroatChop,Protect|||M|||50|,,,,,Stellar]Incineroar||RockyHelmet|Intimidate|KnockOff,FakeOut,PartingShot,WillOWisp|||F|||50|,,,,,Bug\n|\n|t:|1746101373\n|start\n|switch|p1a: Calyrex|Calyrex-Ice, L50|100/100\n|switch|p1b: Ogerpon|Ogerpon-Hearthflame, L50, F|100/100\n|switch|p2a: Miraidon|Miraidon, L50|100/100\n|switch|p2b: Incineroar|Incineroar, L50, F, shiny|100/100\n|-ability|p1a: Calyrex|As One\n|-ability|p1a: Calyrex|Unnerve\n|-fieldstart|move: Electric Terrain|[from] ability: Hadron Engine|[of] p2a: Miraidon\n|-ability|p1b: Ogerpon|Mold Breaker\n|-ability|p2b: Incineroar|Intimidate|boost\n|-fail|p1a: Calyrex|unboost|[from] item: Clear Amulet|[of] p1a: Calyrex\n|-unboost|p1b: Ogerpon|atk|1\n|turn|1\n|\n|t:|1746101385\n|move|p1b: Ogerpon|Spiky Shield|p1b: Ogerpon\n|-singleturn|p1b: Ogerpon|move: Protect\n|move|p1a: Calyrex|Protect|p1a: Calyrex\n|-singleturn|p1a: Calyrex|Protect\n|move|p2b: Incineroar|Fake Out|p1a: Calyrex\n|-activate|p1a: Calyrex|move: Protect\n|move|p2a: Miraidon|Volt Switch|p1b: Ogerpon\n|-activate|p1b: Ogerpon|move: Protect\n|\n|upkeep\n|turn|2\n|\n|t:|1746101402\n|move|p1b: Ogerpon|Follow Me|p1b: Ogerpon\n|-singleturn|p1b: Ogerpon|move: Follow Me\n|move|p2a: Miraidon|Volt Switch|p1b: Ogerpon\n|-resisted|p1b: Ogerpon\n|-crit|p1b: Ogerpon\n|-damage|p1b: Ogerpon|31/100\n|\n|t:|1746101407\n|switch|p2a: Kyogre|Kyogre, L50, shiny|100/100|[from] Volt Switch\n|-weather|RainDance|[from] ability: Drizzle|[of] p2a: Kyogre\n|move|p2b: Incineroar|Parting Shot|p1b: Ogerpon\n|-unboost|p1b: Ogerpon|atk|1\n|-unboost|p1b: Ogerpon|spa|1\n|\n|t:|1746101413\n|switch|p2b: Wo-Chien|Wo-Chien, L50|100/100|[from] Parting Shot\n|-ability|p2b: Wo-Chien|Tablets of Ruin\n|move|p1a: Calyrex|Trick Room|p1a: Calyrex\n|-fieldstart|move: Trick Room|[of] p1a: Calyrex\n|\n|-weather|RainDance|[upkeep]\n|upkeep\n|turn|3\n|\n|t:|1746101432\n|-terastallize|p2b: Wo-Chien|Poison\n|move|p1a: Calyrex|Glacial Lance|p2a: Kyogre|[spread] p2a,p2b\n|-resisted|p2a: Kyogre\n|-damage|p2a: Kyogre|82/100\n|-damage|p2b: Wo-Chien|62/100\n|move|p2a: Kyogre|Water Spout|p1b: Ogerpon|[spread] p1a,p1b\n|-damage|p1a: Calyrex|50/100\n|-damage|p1b: Ogerpon|0 fnt\n|faint|p1b: Ogerpon\n|move|p2b: Wo-Chien|Leech Seed|p1a: Calyrex\n|-start|p1a: Calyrex|move: Leech Seed\n|\n|-weather|RainDance|[upkeep]\n|-heal|p2b: Wo-Chien|69/100|[from] item: Leftovers\n|-damage|p1a: Calyrex|37/100|[from] Leech Seed|[of] p2b: Wo-Chien\n|-heal|p2b: Wo-Chien|82/100|[silent]\n|upkeep\n|\n|t:|1746101447\n|switch|p1b: Iron Hands|Iron Hands, L50|100/100\n|-activate|p1b: Iron Hands|ability: Quark Drive\n|-start|p1b: Iron Hands|quarkdriveatk\n|turn|4\n|\n|t:|1746101471\n|switch|p2a: Incineroar|Incineroar, L50, F, shiny|100/100\n|-ability|p2a: Incineroar|Intimidate|boost\n|-fail|p1a: Calyrex|unboost|[from] item: Clear Amulet|[of] p1a: Calyrex\n|-unboost|p1b: Iron Hands|atk|1\n|move|p1a: Calyrex|Glacial Lance|p2a: Incineroar|[spread] p2a,p2b\n|-resisted|p2a: Incineroar\n|-damage|p2a: Incineroar|86/100\n|-damage|p2b: Wo-Chien|47/100\n|move|p1b: Iron Hands|Wild Charge|p2a: Incineroar\n|-damage|p2a: Incineroar|53/100\n|-damage|p1b: Iron Hands|84/100|[from] item: Rocky Helmet|[of] p2a: Incineroar\n|-damage|p1b: Iron Hands|77/100|[from] Recoil\n|move|p2b: Wo-Chien|Ruination|p1a: Calyrex\n|-damage|p1a: Calyrex|19/100\n|\n|-weather|RainDance|[upkeep]\n|-heal|p2b: Wo-Chien|54/100|[from] item: Leftovers\n|-damage|p1a: Calyrex|7/100|[from] Leech Seed|[of] p2b: Wo-Chien\n|-heal|p2b: Wo-Chien|67/100|[silent]\n|upkeep\n|turn|5\n|\n|t:|1746101494\n|switch|p1a: Miraidon|Miraidon, L50|100/100\n|-activate|p1a: Miraidon|ability: Hadron Engine\n|move|p2a: Incineroar|Fake Out|p1b: Iron Hands\n|-damage|p1b: Iron Hands|72/100\n|cant|p1b: Iron Hands|flinch\n|move|p2b: Wo-Chien|Leech Seed|p1b: Iron Hands\n|-start|p1b: Iron Hands|move: Leech Seed\n|\n|-weather|RainDance|[upkeep]\n|-heal|p2b: Wo-Chien|73/100|[from] item: Leftovers\n|-damage|p1b: Iron Hands|60/100|[from] Leech Seed|[of] p2b: Wo-Chien\n|-heal|p2b: Wo-Chien|89/100|[silent]\n|-fieldend|move: Electric Terrain\n|-end|p1b: Iron Hands|Quark Drive\n|upkeep\n|turn|6\n|\n|t:|1746101529\n|move|p1b: Iron Hands|Drain Punch|p2a: Incineroar\n|-supereffective|p2a: Incineroar\n|-damage|p2a: Incineroar|20/100\n|-heal|p1b: Iron Hands|73/100|[from] drain|[of] p2a: Incineroar\n|-damage|p1b: Iron Hands|57/100|[from] item: Rocky Helmet|[of] p2a: Incineroar\n|move|p2a: Incineroar|Parting Shot|p1a: Miraidon\n|-unboost|p1a: Miraidon|atk|1\n|-unboost|p1a: Miraidon|spa|1\n|\n|t:|1746101539\n|switch|p2a: Miraidon|Miraidon, L50|100/100|[from] Parting Shot\n|-fieldstart|move: Electric Terrain|[from] ability: Hadron Engine|[of] p2a: Miraidon\n|-activate|p1b: Iron Hands|ability: Quark Drive\n|-start|p1b: Iron Hands|quarkdriveatk\n|move|p2b: Wo-Chien|Ruination|p1a: Miraidon\n|-damage|p1a: Miraidon|51/100\n|move|p1a: Miraidon|Volt Switch|p2b: Wo-Chien\n|-damage|p2b: Wo-Chien|40/100\n|\n|t:|1746101551\n|switch|p1a: Calyrex|Calyrex-Ice, L50|7/100|[from] Volt Switch\n|-ability|p1a: Calyrex|As One\n|-ability|p1a: Calyrex|Unnerve\n|\n|-weather|none\n|-heal|p2b: Wo-Chien|46/100|[from] item: Leftovers\n|-damage|p1b: Iron Hands|45/100|[from] Leech Seed|[of] p2b: Wo-Chien\n|-heal|p2b: Wo-Chien|62/100|[silent]\n|-fieldend|move: Trick Room\n|upkeep\n|turn|7\n|\n|t:|1746101579\n|move|p1a: Calyrex|Protect|p1a: Calyrex\n|-singleturn|p1a: Calyrex|Protect\n|move|p2a: Miraidon|Volt Switch|p1a: Calyrex\n|-activate|p1a: Calyrex|move: Protect\n|move|p2b: Wo-Chien|Ruination|p1b: Iron Hands\n|-damage|p1b: Iron Hands|23/100\n|move|p1b: Iron Hands|Drain Punch|p2b: Wo-Chien\n|-resisted|p2b: Wo-Chien\n|-damage|p2b: Wo-Chien|51/100\n|-heal|p1b: Iron Hands|27/100|[from] drain|[of] p2b: Wo-Chien\n|\n|-heal|p2b: Wo-Chien|57/100|[from] item: Leftovers\n|-damage|p1b: Iron Hands|15/100|[from] Leech Seed|[of] p2b: Wo-Chien\n|-heal|p2b: Wo-Chien|73/100|[silent]\n|upkeep\n|turn|8\n|\n|t:|1746101599\n|-end|p1b: Iron Hands|Quark Drive|[silent]\n|switch|p1b: Miraidon|Miraidon, L50|51/100\n|-activate|p1b: Miraidon|ability: Hadron Engine\n|move|p2a: Miraidon|Volt Switch|p1b: Miraidon\n|-resisted|p1b: Miraidon\n|-damage|p1b: Miraidon|27/100\n|\n|t:|1746101609\n|switch|p2a: Kyogre|Kyogre, L50, shiny|82/100|[from] Volt Switch\n|-weather|RainDance|[from] ability: Drizzle|[of] p2a: Kyogre\n|move|p2b: Wo-Chien|Pollen Puff|p1a: Calyrex\n|-supereffective|p1a: Calyrex\n|-damage|p1a: Calyrex|0 fnt\n|faint|p1a: Calyrex\n|\n|-weather|RainDance|[upkeep]\n|-heal|p2b: Wo-Chien|79/100|[from] item: Leftovers\n|upkeep\n|\n|t:|1746101612\n|switch|p1a: Iron Hands|Iron Hands, L50|15/100\n|-activate|p1a: Iron Hands|ability: Quark Drive\n|-start|p1a: Iron Hands|quarkdriveatk\n|turn|9\n|\n|t:|1746101640\n|-terastallize|p1b: Miraidon|Fairy\n|move|p1b: Miraidon|Electro Drift|p2a: Kyogre\n|-supereffective|p2a: Kyogre\n|-damage|p2a: Kyogre|0 fnt\n|faint|p2a: Kyogre\n|move|p2b: Wo-Chien|Leech Seed|p1a: Iron Hands\n|-start|p1a: Iron Hands|move: Leech Seed\n|move|p1a: Iron Hands|Drain Punch|p2b: Wo-Chien\n|-resisted|p2b: Wo-Chien\n|-damage|p2b: Wo-Chien|61/100\n|-heal|p1a: Iron Hands|22/100|[from] drain|[of] p2b: Wo-Chien\n|\n|-weather|RainDance|[upkeep]\n|-heal|p2b: Wo-Chien|67/100|[from] item: Leftovers\n|-damage|p1a: Iron Hands|10/100|[from] Leech Seed|[of] p2b: Wo-Chien\n|-heal|p2b: Wo-Chien|83/100|[silent]\n|upkeep\n|\n|t:|1746101654\n|switch|p2a: Incineroar|Incineroar, L50, F, shiny|20/100\n|-ability|p2a: Incineroar|Intimidate|boost\n|-unboost|p1a: Iron Hands|atk|1\n|-unboost|p1b: Miraidon|atk|1\n|turn|10\n|\n|t:|1746101666\n|move|p1b: Miraidon|Electro Drift|p2b: Wo-Chien\n|-damage|p2b: Wo-Chien|0 fnt\n|faint|p2b: Wo-Chien\n|move|p2a: Incineroar|Parting Shot|p1b: Miraidon\n|-unboost|p1b: Miraidon|atk|1\n|-unboost|p1b: Miraidon|spa|1\n|\n|t:|1746101671\n|switch|p2a: Miraidon|Miraidon, L50|100/100|[from] Parting Shot\n|-activate|p2a: Miraidon|ability: Hadron Engine\n|move|p1a: Iron Hands|Drain Punch|p2a: Miraidon\n|-damage|p2a: Miraidon|62/100\n|-heal|p1a: Iron Hands|24/100|[from] drain|[of] p2a: Miraidon\n|\n|-weather|RainDance|[upkeep]\n|-fieldend|move: Electric Terrain\n|-end|p1a: Iron Hands|Quark Drive\n|upkeep\n|\n|t:|1746101680\n|switch|p2b: Incineroar|Incineroar, L50, F, shiny|20/100\n|-ability|p2b: Incineroar|Intimidate|boost\n|-unboost|p1a: Iron Hands|atk|1\n|-unboost|p1b: Miraidon|atk|1\n|turn|11\n|\n|t:|1746101693\n|move|p2b: Incineroar|Fake Out|p1b: Miraidon\n|-damage|p1b: Miraidon|16/100\n|cant|p1b: Miraidon|flinch\n|move|p2a: Miraidon|Dazzling Gleam|p1a: Iron Hands|[spread] p1a,p1b\n|-supereffective|p1a: Iron Hands\n|-damage|p1a: Iron Hands|0 fnt\n|-damage|p1b: Miraidon|0 fnt\n|faint|p1a: Iron Hands\n|-end|p1a: Iron Hands|Quark Drive|[silent]\n|faint|p1b: Miraidon\n|\n|win|Eternatususususu\n|raw|INKevin's rating: 1101 &rarr; <strong>1079</strong><br />(-22 for losing)\n|raw|Eternatususususu's rating: 1139 &rarr; <strong>1161</strong><br />(+22 for winning)\n|l|\u2606Eternatususususu\n|player|p2|\n|l|\u2606INKevin\n|player|p1|\n", "uploadtime": 1746102046, "views": 7, "formatid": "gen9vgc2025regibo3", "rating": 1079, "private": 0, "password": null}