{"id": "gen9vgc2025regibo3-2354874159", "format": "[Gen 9] VGC 2025 Reg I (Bo3)", "players": ["damoria", "Solunex"], "log": "|j|\u203ddamoria\n|j|\u203dSolunex\n|html|<table width=\"100%\"><tr><td align=\"left\">damoria</td><td align=\"right\">Solunex</tr><tr><td align=\"left\"><i class=\"fa fa-circle-o\"></i> <i class=\"fa fa-circle-o\"></i> </td><td align=\"right\"><i class=\"fa fa-circle-o\"></i> <i class=\"fa fa-circle-o\"></i> </tr></table>\n|uhtml|bestof|<h2><strong>Game 1</strong> of <a href=\"/game-bestof3-gen9vgc2025regibo3-2354874158\">a best-of-3</a></h2>\n|t:|1746127391\n|gametype|doubles\n|player|p1|damoria|170|1164\n|player|p2|Solunex|101|1164\n|teamsize|p1|6\n|teamsize|p2|6\n|gen|9\n|tier|[Gen 9] VGC 2025 Reg I (Bo3)\n|rated|\n|rule|Species Clause: Limit one of each Pok\u00e9mon\n|rule|Item Clause: Limit 1 of each item\n|clearpoke\n|poke|p1|Miraidon, L50|\n|poke|p1|Lunala, L50|\n|poke|p1|Whimsicott, L50, F|\n|poke|p1|Chi-Yu, L50|\n|poke|p1|Urshifu-*, L50, F|\n|poke|p1|Iron Hands, L50|\n|poke|p2|Rillaboom, L50, F|\n|poke|p2|Kyogre, L50|\n|poke|p2|Calyrex-Ice, L50|\n|poke|p2|Moltres-Galar, L50|\n|poke|p2|Tornadus, L50, M|\n|poke|p2|Landorus, L50, M|\n|teampreview|4\n|showteam|p1|Miraidon||ChoiceSpecs|HadronEngine|ElectroDrift,VoltSwitch,DracoMeteor,DazzlingGleam||||||50|,,,,,Fairy]Lunala||ElectricSeed|ShadowShield|MoongeistBeam,Moonblast,TrickRoom,WideGuard||||||50|,,,,,Water]Whimsicott||CovertCloak|Prankster|Moonblast,Tailwind,Encore,LightScreen|||F|||50|,,,,,Dark]Chi-Yu||ChoiceScarf|BeadsofRuin|HeatWave,DarkPulse,Overheat,Snarl||||||50|,,,,,Ghost]Urshifu-Rapid-Strike||FocusSash|UnseenFist|SurgingStrikes,CloseCombat,AquaJet,Detect|||F|||50|,,,,,Stellar]Iron Hands||AssaultVest|QuarkDrive|DrainPunch,LowKick,WildCharge,FakeOut||||||50|,,,,,Water\n|showteam|p2|Rillaboom||AssaultVest|GrassySurge|WoodHammer,GrassyGlide,FakeOut,Uturn|||F|||50|,,,,,Fire]Kyogre||MysticWater|Drizzle|WaterSpout,OriginPulse,IceBeam,Protect||||||50|,,,,,Water]Calyrex-Ice||ClearAmulet|AsOneGlastrier|GlacialLance,HighHorsepower,TrickRoom,Protect||||||50|,,,,,Grass]Moltres-Galar||Leftovers|Berserk|FieryWrath,Hurricane,TeraBlast,Protect||||||50|,,,,,Fairy]Tornadus||CovertCloak|Prankster|BleakwindStorm,RainDance,Tailwind,Taunt|||M|||50|,,,,,Dark]Landorus||LifeOrb|SheerForce|SandsearStorm,EarthPower,SludgeBomb,Protect|||M|||50|,,,,,Ghost\n|inactive|Battle timer is ON: inactive players will automatically lose when time's up. (requested by Solunex)\n|\n|t:|1746127440\n|start\n|switch|p1a: Lunala|Lunala, L50|100/100\n|switch|p1b: Chi-Yu|Chi-Yu, L50|100/100\n|switch|p2a: Tornadus|Tornadus, L50, M|100/100\n|switch|p2b: Landorus|Landorus, L50, M|100/100\n|-ability|p1b: Chi-Yu|Beads of Ruin\n|turn|1\n|inactive|damoria has 30 seconds left.\n|inactive|Solunex has 30 seconds left.\n|\n|t:|1746127468\n|-terastallize|p1a: Lunala|Water\n|move|p2a: Tornadus|Rain Dance|p2a: Tornadus\n|-weather|RainDance\n|move|p1b: Chi-Yu|Snarl|p2b: Landorus|[spread] p2a,p2b\n|-damage|p2a: Tornadus|67/100\n|-damage|p2b: Landorus|59/100\n|-unboost|p2b: Landorus|spa|1\n|move|p2b: Landorus|Earth Power|p1b: Chi-Yu\n|-supereffective|p1b: Chi-Yu\n|-damage|p1b: Chi-Yu|0 fnt\n|faint|p1b: Chi-Yu\n|move|p1a: Lunala|Moongeist Beam|p2b: Landorus\n|-damage|p2b: Landorus|0 fnt\n|faint|p2b: Landorus\n|\n|-weather|RainDance|[upkeep]\n|upkeep\n|\n|t:|1746127485\n|switch|p2b: Calyrex|Calyrex-Ice, L50|100/100\n|switch|p1b: Miraidon|Miraidon, L50|100/100\n|-ability|p2b: Calyrex|As One\n|-ability|p2b: Calyrex|Unnerve\n|-fieldstart|move: Electric Terrain|[from] ability: Hadron Engine|[of] p1b: Miraidon\n|-enditem|p1a: Lunala|Electric Seed\n|-boost|p1a: Lunala|def|1|[from] item: Electric Seed\n|turn|2\n|\n|t:|1746127507\n|-terastallize|p2b: Calyrex|Grass\n|move|p2a: Tornadus|Taunt|p1a: Lunala\n|-start|p1a: Lunala|move: Taunt\n|move|p1b: Miraidon|Volt Switch|p2a: Tornadus\n|-supereffective|p2a: Tornadus\n|-damage|p2a: Tornadus|0 fnt\n|faint|p2a: Tornadus\n|\n|t:|1746127514\n|switch|p1b: Iron Hands|Iron Hands, L50|100/100|[from] Volt Switch\n|-activate|p1b: Iron Hands|ability: Quark Drive\n|-start|p1b: Iron Hands|quarkdriveatk\n|move|p1a: Lunala|Moongeist Beam|p2b: Calyrex\n|-damage|p2b: Calyrex|58/100\n|move|p2b: Calyrex|Trick Room|p2b: Calyrex\n|-fieldstart|move: Trick Room|[of] p2b: Calyrex\n|\n|-weather|RainDance|[upkeep]\n|upkeep\n|\n|t:|1746127526\n|switch|p2a: Moltres|Moltres-Galar, L50|100/100\n|turn|3\n|inactive|damoria has 30 seconds left.\n|\n|t:|1746127552\n|move|p1b: Iron Hands|Fake Out|p2a: Moltres\n|-damage|p2a: Moltres|84/100\n|move|p2b: Calyrex|Glacial Lance|p1b: Iron Hands|[spread] p1a,p1b\n|-resisted|p1a: Lunala\n|-damage|p1a: Lunala|93/100\n|-damage|p1b: Iron Hands|63/100\n|cant|p2a: Moltres|flinch\n|move|p1a: Lunala|Moongeist Beam|p2b: Calyrex\n|-damage|p2b: Calyrex|17/100\n|\n|-weather|RainDance|[upkeep]\n|-heal|p2a: Moltres|90/100|[from] item: Leftovers\n|upkeep\n|turn|4\n|\n|t:|1746127574\n|move|p2b: Calyrex|Protect|p2b: Calyrex\n|-singleturn|p2b: Calyrex|Protect\n|move|p1b: Iron Hands|Drain Punch|p2b: Calyrex\n|-activate|p2b: Calyrex|move: Protect\n|move|p2a: Moltres|Hurricane|p1b: Iron Hands\n|-damage|p1b: Iron Hands|40/100\n|-start|p1b: Iron Hands|confusion\n|move|p1a: Lunala|Moonblast|p2a: Moltres\n|-supereffective|p2a: Moltres\n|-damage|p2a: Moltres|44/100\n|-unboost|p2a: Moltres|spa|1\n|-ability|p2a: Moltres|Berserk|boost\n|-boost|p2a: Moltres|spa|1\n|\n|-weather|RainDance|[upkeep]\n|-heal|p2a: Moltres|50/100|[from] item: Leftovers\n|-end|p1a: Lunala|move: Taunt\n|upkeep\n|turn|5\n|\n|t:|1746127600\n|move|p2b: Calyrex|Protect||[still]\n|-fail|p2b: Calyrex\n|-activate|p1b: Iron Hands|confusion\n|-damage|p1b: Iron Hands|30/100|[from] confusion\n|move|p2a: Moltres|Hurricane|p1b: Iron Hands\n|-damage|p1b: Iron Hands|7/100\n|move|p1a: Lunala|Moongeist Beam|p2b: Calyrex\n|-damage|p2b: Calyrex|0 fnt\n|faint|p2b: Calyrex\n|\n|-weather|none\n|-heal|p2a: Moltres|56/100|[from] item: Leftovers\n|upkeep\n|turn|6\n|\n|t:|1746127613\n|-activate|p1b: Iron Hands|confusion\n|move|p1b: Iron Hands|Wild Charge|p2a: Moltres\n|-supereffective|p2a: Moltres\n|-damage|p2a: Moltres|0 fnt\n|faint|p2a: Moltres\n|-damage|p1b: Iron Hands|0 fnt|[from] Recoil\n|faint|p1b: Iron Hands\n|-end|p1b: Iron Hands|Quark Drive|[silent]\n|\n|win|damoria\n||Solunex is ready for game 2.\n||damoria is ready for game 2.\n|uhtml|next|Next: <a href=\"/battle-gen9vgc2025regibo3-2354876600\"><strong>Game 2 of 3</strong></a>\n|l|\u203ddamoria\n|player|p1|\n|l|\u203dSolunex\n|player|p2|\n", "uploadtime": 1746127960, "views": 5, "formatid": "gen9vgc2025regibo3", "rating": null, "private": 0, "password": null}