{"id": "gen9vgc2025regibo3-2353445236", "format": "[Gen 9] VGC 2025 Reg I (Bo3)", "players": ["cryinb", "Mentalsyndrome"], "log": "|j|\u2606cryinb\n|j|\u2606Mentalsyndrome\n|html|<table width=\"100%\"><tr><td align=\"left\">cryinb</td><td align=\"right\">Mentalsyndrome</tr><tr><td align=\"left\"><i class=\"fa fa-circle-o\"></i> <i class=\"fa fa-circle-o\"></i> </td><td align=\"right\"><i class=\"fa fa-circle-o\"></i> <i class=\"fa fa-circle-o\"></i> </tr></table>\n|uhtml|bestof|<h2><strong>Game 1</strong> of <a href=\"/game-bestof3-gen9vgc2025regibo3-2353445235\">a best-of-3</a></h2>\n|t:|1745956587\n|gametype|doubles\n|player|p1|cryinb|1|1178\n|player|p2|Mentalsyndrome|101|1203\n|teamsize|p1|6\n|teamsize|p2|6\n|gen|9\n|tier|[Gen 9] VGC 2025 Reg I (Bo3)\n|rated|\n|rule|Species Clause: Limit one of each Pok\u00e9mon\n|rule|Item Clause: Limit 1 of each item\n|clearpoke\n|poke|p1|Zacian-*, L50|\n|poke|p1|Kyogre, L50|\n|poke|p1|Tornadus, L50, M|\n|poke|p1|Urshifu-*, L50, M|\n|poke|p1|Landorus, L50, M|\n|poke|p1|Rillaboom, L50, M|\n|poke|p2|Bastiodon, L50, M|\n|poke|p2|Flutter Mane, L50|\n|poke|p2|Grimmsnarl, L50, M|\n|poke|p2|Koraidon, L50|\n|poke|p2|Groudon, L50|\n|poke|p2|Brute Bonnet, L50|\n|teampreview|4\n|showteam|p1|Zacian-Crowned||RustedSword|IntrepidSword|behemothblade,PlayRough,SacredSword,Protect||||||50|,,,,,Fairy]Kyogre||Leftovers|Drizzle|WaterSpout,IceBeam,Thunder,Protect||||||50|,,,,,Electric]Tornadus||CovertCloak|Prankster|Tailwind,Hurricane,RainDance,Taunt|||M|||50|,,,,,Dark]Urshifu-Rapid-Strike||MysticWater|UnseenFist|AquaJet,SurgingStrikes,BrickBreak,Detect|||M|||50|,,,,,Water]Landorus||LifeOrb|SheerForce|SandsearStorm,EarthPower,Protect,Psychic|||M|||50|,,,,,Water]Rillaboom||AssaultVest|GrassySurge|FakeOut,GrassyGlide,WoodHammer,HighHorsepower|||M|||50|,,,,,Grass\n|showteam|p2|Bastiodon||Leftovers|Sturdy|IronDefense,BodyPress,WideGuard,FoulPlay|||M|||50|,,,,,Water]Flutter Mane||FocusSash|Protosynthesis|IcyWind,Moonblast,Protect,Taunt||||||50|,,,,,Normal]Grimmsnarl||LightClay|Prankster|Reflect,LightScreen,SpiritBreak,ThunderWave|||M|||50|,,,,,Ghost]Koraidon||ClearAmulet|OrichalcumPulse|FlareBlitz,FlameCharge,CloseCombat,Protect||||||50|,,,,,Fire]Groudon||AssaultVest|Drought|PrecipiceBlades,HeatCrash,ThunderPunch,HighHorsepower||||||50|,,,,,Fire]Brute Bonnet||CovertCloak|Protosynthesis|SuckerPunch,Spore,RagePowder,SeedBomb||||||50|,,,,,Poison\n|inactive|Battle timer is ON: inactive players will automatically lose when time's up. (requested by Mentalsyndrome)\n|inactive|cryinb has 60 seconds left.\n|inactive|Mentalsyndrome has 60 seconds left.\n|\n|t:|1745956633\n|start\n|switch|p1a: Kyogre|Kyogre, L50|100/100\n|switch|p1b: Tornadus|Tornadus, L50, M|100/100\n|switch|p2a: Don Steadman|Flutter Mane, L50|100/100\n|switch|p2b: Groudon|Groudon, L50|100/100\n|-weather|SunnyDay|[from] ability: Drought|[of] p2b: Groudon\n|-activate|p2a: Don Steadman|ability: Protosynthesis\n|-start|p2a: Don Steadman|protosynthesisspe\n|-weather|RainDance|[from] ability: Drizzle|[of] p1a: Kyogre\n|-end|p2a: Don Steadman|Protosynthesis\n|turn|1\n|inactive|Mentalsyndrome has 30 seconds left.\n|inactive|Mentalsyndrome has 20 seconds left.\n|\n|t:|1745956669\n|switch|p2b: Don Hotwheels|Koraidon, L50|100/100\n|-weather|SunnyDay|[from] ability: Orichalcum Pulse|[of] p2b: Don Hotwheels\n|-activate|p2a: Don Steadman|ability: Protosynthesis\n|-start|p2a: Don Steadman|protosynthesisspe\n|-activate|p2b: Don Hotwheels|Orichalcum Pulse|[source]\n|move|p1b: Tornadus|Tailwind|p1b: Tornadus\n|-sidestart|p1: cryinb|move: Tailwind\n|move|p2a: Don Steadman|Moonblast|p1a: Kyogre\n|-damage|p1a: Kyogre|70/100\n|-unboost|p1a: Kyogre|spa|1\n|move|p1a: Kyogre|Water Spout|p2b: Don Hotwheels|[spread] p2a,p2b\n|-resisted|p2b: Don Hotwheels\n|-damage|p2a: Don Steadman|84/100\n|-damage|p2b: Don Hotwheels|93/100\n|\n|-weather|SunnyDay|[upkeep]\n|-heal|p1a: Kyogre|75/100|[from] item: Leftovers\n|upkeep\n|turn|2\n|\n|t:|1745956690\n|move|p2b: Don Hotwheels|Protect|p2b: Don Hotwheels\n|-singleturn|p2b: Don Hotwheels|Protect\n|move|p1b: Tornadus|Rain Dance|p1b: Tornadus\n|-weather|RainDance\n|-end|p2a: Don Steadman|Protosynthesis\n|move|p1a: Kyogre|Ice Beam|p2b: Don Hotwheels\n|-activate|p2b: Don Hotwheels|move: Protect\n|move|p2a: Don Steadman|Moonblast|p1a: Kyogre\n|-damage|p1a: Kyogre|44/100\n|\n|-weather|RainDance|[upkeep]\n|-heal|p1a: Kyogre|50/100|[from] item: Leftovers\n|upkeep\n|turn|3\n|inactive|Mentalsyndrome has 30 seconds left.\n|\n|t:|1745956718\n|switch|p2b: Don Beignet|Brute Bonnet, L50|100/100\n|move|p1b: Tornadus|Rain Dance||[still]\n|-fail|p1b: Tornadus\n|move|p1a: Kyogre|Ice Beam|p2b: Don Beignet\n|-supereffective|p2b: Don Beignet\n|-damage|p2b: Don Beignet|67/100\n|move|p2a: Don Steadman|Moonblast|p1a: Kyogre\n|-damage|p1a: Kyogre|21/100\n|\n|-weather|RainDance|[upkeep]\n|-heal|p1a: Kyogre|26/100|[from] item: Leftovers\n|upkeep\n|turn|4\n|\n|t:|1745956735\n|move|p2b: Don Beignet|Sucker Punch|p1a: Kyogre\n|-damage|p1a: Kyogre|0 fnt\n|faint|p1a: Kyogre\n|move|p1b: Tornadus|Hurricane|p2b: Don Beignet\n|-supereffective|p2b: Don Beignet\n|-damage|p2b: Don Beignet|0 fnt\n|faint|p2b: Don Beignet\n|-end|p2b: Don Beignet|Protosynthesis|[silent]\n|move|p2a: Don Steadman|Moonblast|p1b: Tornadus\n|-damage|p1b: Tornadus|35/100\n|\n|-weather|RainDance|[upkeep]\n|-sideend|p1: cryinb|move: Tailwind\n|upkeep\n|\n|t:|1745956753\n|switch|p1a: Urshifu|Urshifu-Rapid-Strike, L50, M|100/100\n|switch|p2b: Groudon|Groudon, L50|100/100\n|-weather|SunnyDay|[from] ability: Drought|[of] p2b: Groudon\n|-activate|p2a: Don Steadman|ability: Protosynthesis\n|-start|p2a: Don Steadman|protosynthesisspe\n|turn|5\n|\n|t:|1745956766\n|switch|p2b: Don Hotwheels|Koraidon, L50|93/100\n|-activate|p2b: Don Hotwheels|ability: Orichalcum Pulse\n|-terastallize|p1a: Urshifu|Water\n|move|p1b: Tornadus|Rain Dance|p1b: Tornadus\n|-weather|RainDance\n|-end|p2a: Don Steadman|Protosynthesis\n|move|p2a: Don Steadman|Icy Wind|p1a: Urshifu|[spread] p1a,p1b\n|-resisted|p1a: Urshifu\n|-supereffective|p1b: Tornadus\n|-damage|p1a: Urshifu|91/100\n|-damage|p1b: Tornadus|0 fnt\n|-unboost|p1a: Urshifu|spe|1\n|faint|p1b: Tornadus\n|move|p1a: Urshifu|Surging Strikes|p2b: Don Hotwheels\n|-resisted|p2b: Don Hotwheels\n|-crit|p2b: Don Hotwheels\n|-damage|p2b: Don Hotwheels|67/100\n|-resisted|p2b: Don Hotwheels\n|-crit|p2b: Don Hotwheels\n|-damage|p2b: Don Hotwheels|45/100\n|-resisted|p2b: Don Hotwheels\n|-crit|p2b: Don Hotwheels\n|-damage|p2b: Don Hotwheels|21/100\n|-hitcount|p2b: Don Hotwheels|3\n|\n|-weather|RainDance|[upkeep]\n|upkeep\n|\n|t:|1745956785\n|switch|p1b: Landorus|Landorus, L50, M|100/100\n|turn|6\n|\n|t:|1745956794\n|switch|p2b: Groudon|Groudon, L50|100/100\n|-weather|SunnyDay|[from] ability: Drought|[of] p2b: Groudon\n|-activate|p2a: Don Steadman|ability: Protosynthesis\n|-start|p2a: Don Steadman|protosynthesisspe\n|move|p1a: Urshifu|Detect|p1a: Urshifu\n|-singleturn|p1a: Urshifu|Protect\n|move|p2a: Don Steadman|Icy Wind|p1a: Urshifu|[spread] p1b\n|-activate|p1a: Urshifu|move: Protect\n|-supereffective|p1b: Landorus\n|-crit|p1b: Landorus\n|-damage|p1b: Landorus|3/100\n|-unboost|p1b: Landorus|spe|1\n|move|p1b: Landorus|Sandsear Storm|p2a: Don Steadman|[spread] p2a,p2b\n|-damage|p2a: Don Steadman|15/100\n|-damage|p2b: Groudon|60/100\n|\n|-weather|SunnyDay|[upkeep]\n|upkeep\n|turn|7\n|-message|cryinb forfeited.\n|\n|win|Mentalsyndrome\n|l|\u2606cryinb\n|player|p1|\n||cryinb is ready for game 2.\n||Mentalsyndrome is ready for game 2.\n|uhtml|next|Next: <a href=\"/battle-gen9vgc2025regibo3-2353447732\"><strong>Game 2 of 3</strong></a>\n", "uploadtime": 1745956815, "views": 9, "formatid": "gen9vgc2025regibo3", "rating": null, "private": 0, "password": null}