{"id": "gen9vgc2025regibo3-2353816392", "format": "[Gen 9] VGC 2025 Reg I (Bo3)", "players": ["Le P VGC", "Schroombert"], "log": "|j|\u2606Le P VGC\n|j|\u2606Schroombert\n|html|<table width=\"100%\"><tr><td align=\"left\">Le P VGC</td><td align=\"right\">Schroombert</tr><tr><td align=\"left\"><i class=\"fa fa-circle-o\"></i> <i class=\"fa fa-circle-o\"></i> </td><td align=\"right\"><i class=\"fa fa-circle-o\"></i> <i class=\"fa fa-circle\"></i> </tr></table>\n|uhtml|bestof|<h2><strong>Game 2</strong> of <a href=\"/game-bestof3-gen9vgc2025regibo3-2353815055\">a best-of-3</a></h2>\n|t:|1746004791\n|gametype|doubles\n|player|p1|Le P VGC|drayden|1293\n|player|p2|Schroombert|rancher|1317\n|teamsize|p1|6\n|teamsize|p2|6\n|gen|9\n|tier|[Gen 9] VGC 2025 Reg I (Bo3)\n|rated|\n|rule|Species Clause: Limit one of each Pok\u00e9mon\n|rule|Item Clause: Limit 1 of each item\n|clearpoke\n|poke|p1|Calyrex-Shadow, L50|\n|poke|p1|Chien-Pao, L50|\n|poke|p1|Urshifu-*, L50, M|\n|poke|p1|Incineroar, L50, M|\n|poke|p1|Raging Bolt, L50|\n|poke|p1|Zamazenta-*, L50|\n|poke|p2|Calyrex-Shadow, L50|\n|poke|p2|Koraidon, L50|\n|poke|p2|Walking Wake, L50|\n|poke|p2|Brute Bonnet, L50|\n|poke|p2|Raging Bolt, L50|\n|poke|p2|Incineroar, L50, M|\n|teampreview|4\n|showteam|p1|Calyrex-Shadow||SpellTag|AsOneSpectrier|AstralBarrage,Protect,Psychic,NastyPlot||||||50|,,,,,Dark]Chien-Pao||FocusSash|SwordofRuin|IceSpinner,Protect,ThroatChop,SuckerPunch||||||50|,,,,,Stellar]Urshifu-Rapid-Strike||ChoiceScarf|UnseenFist|SurgingStrikes,AquaJet,CloseCombat,Uturn|||M|||50|,,,,,Ghost]Incineroar||SafetyGoggles|Intimidate|FakeOut,KnockOff,FlareBlitz,PartingShot|||M|||50|,,,,,Bug]Raging Bolt||AssaultVest|Protosynthesis|Electroweb,Snarl,Thunderclap,DracoMeteor||||||50|,,,,,Fairy]Zamazenta-Crowned||RustedShield|DauntlessShield|BodyPress,WideGuard,Protect,HeavySlam||||||50|,,,,,Dragon\n|showteam|p2|Calyrex-Shadow||FocusSash|AsOneSpectrier|AstralBarrage,Psyshock,NastyPlot,Protect||||||50|,,,,,Ghost]Koraidon||ClearAmulet|OrichalcumPulse|FlareBlitz,CollisionCourse,FlameCharge,Protect||||||50|,,,,,Fire]Walking Wake||LifeOrb|Protosynthesis|HydroSteam,DracoMeteor,Snarl,Protect||||||50|,,,,,Water]Brute Bonnet||CovertCloak|Protosynthesis|SuckerPunch,SeedBomb,RagePowder,Spore||||||50|,,,,,Water]Raging Bolt||AssaultVest|Protosynthesis|Snarl,DracoMeteor,Thunderclap,Electroweb||||||50|,,,,,Electric]Incineroar||RockyHelmet|Intimidate|FlareBlitz,KnockOff,Uturn,FakeOut|||M|||50|,,,,,Ghost\n|inactive|Battle timer is ON: inactive players will automatically lose when time's up. (requested by Schroombert)\n|\n|t:|1746004810\n|start\n|switch|p1a: Incineroar|Incineroar, L50, M|100/100\n|switch|p1b: Raging Bolt|Raging Bolt, L50|100/100\n|switch|p2a: Incineroar|Incineroar, L50, M|100/100\n|switch|p2b: Calyrex|Calyrex-Shadow, L50|100/100\n|-ability|p2b: Calyrex|As One\n|-ability|p2b: Calyrex|Unnerve\n|-ability|p1a: Incineroar|Intimidate|boost\n|-unboost|p2a: Incineroar|atk|1\n|-unboost|p2b: Calyrex|atk|1\n|-ability|p2a: Incineroar|Intimidate|boost\n|-unboost|p1a: Incineroar|atk|1\n|-unboost|p1b: Raging Bolt|atk|1\n|turn|1\n|inactive|Schroombert has 30 seconds left.\n|inactive|Schroombert has 20 seconds left.\n|\n|t:|1746004846\n|switch|p2b: Koraidon|Koraidon, L50|100/100\n|-weather|SunnyDay|[from] ability: Orichalcum Pulse|[of] p2b: Koraidon\n|-activate|p1b: Raging Bolt|ability: Protosynthesis\n|-start|p1b: Raging Bolt|protosynthesisspa\n|-activate|p2b: Koraidon|Orichalcum Pulse|[source]\n|move|p1a: Incineroar|Fake Out|p2a: Incineroar\n|-damage|p2a: Incineroar|95/100\n|-damage|p1a: Incineroar|84/100|[from] item: Rocky Helmet|[of] p2a: Incineroar\n|cant|p2a: Incineroar|flinch\n|move|p1b: Raging Bolt|Snarl|p2a: Incineroar|[spread] p2a,p2b\n|-resisted|p2a: Incineroar\n|-resisted|p2b: Koraidon\n|-damage|p2a: Incineroar|86/100\n|-damage|p2b: Koraidon|93/100\n|-unboost|p2a: Incineroar|spa|1\n|\n|-weather|SunnyDay|[upkeep]\n|upkeep\n|turn|2\n|\n|t:|1746004864\n|move|p2b: Koraidon|Collision Course|p1a: Incineroar\n|-supereffective|p1a: Incineroar\n|-damage|p1a: Incineroar|0 fnt\n|faint|p1a: Incineroar\n|move|p1b: Raging Bolt|Draco Meteor|p2b: Koraidon\n|-supereffective|p2b: Koraidon\n|-damage|p2b: Koraidon|0 fnt\n|-unboost|p1b: Raging Bolt|spa|2\n|faint|p2b: Koraidon\n|move|p2a: Incineroar|Knock Off|p1b: Raging Bolt\n|-damage|p1b: Raging Bolt|80/100\n|-enditem|p1b: Raging Bolt|Assault Vest|[from] move: Knock Off|[of] p2a: Incineroar\n|\n|-weather|SunnyDay|[upkeep]\n|upkeep\n|\n|t:|1746004880\n|switch|p2b: Raging Bolt|Raging Bolt, L50|100/100\n|switch|p1a: Zamazenta|Zamazenta-Crowned, L50|100/100\n|-ability|p1a: Zamazenta|Dauntless Shield|boost\n|-boost|p1a: Zamazenta|def|1\n|-activate|p2b: Raging Bolt|ability: Protosynthesis\n|-start|p2b: Raging Bolt|protosynthesisspa\n|turn|3\n|\n|t:|1746004895\n|switch|p2a: Calyrex|Calyrex-Shadow, L50|100/100\n|-ability|p2a: Calyrex|As One\n|-ability|p2a: Calyrex|Unnerve\n|move|p1a: Zamazenta|Body Press|p2b: Raging Bolt\n|-damage|p2b: Raging Bolt|38/100\n|move|p2b: Raging Bolt|Draco Meteor|p1b: Raging Bolt|[miss]\n|-miss|p2b: Raging Bolt|p1b: Raging Bolt\n|move|p1b: Raging Bolt|Snarl|p2a: Calyrex|[spread] p2a,p2b\n|-supereffective|p2a: Calyrex\n|-damage|p2a: Calyrex|62/100\n|-damage|p2b: Raging Bolt|33/100\n|-unboost|p2a: Calyrex|spa|1\n|-unboost|p2b: Raging Bolt|spa|1\n|\n|-weather|SunnyDay|[upkeep]\n|upkeep\n|turn|4\n|\n|t:|1746004912\n|-terastallize|p2a: Calyrex|Ghost\n|move|p2b: Raging Bolt|Thunderclap|p1a: Zamazenta\n|-damage|p1a: Zamazenta|73/100\n|move|p2a: Calyrex|Astral Barrage|p1b: Raging Bolt|[spread] p1a,p1b\n|-damage|p1a: Zamazenta|35/100\n|-damage|p1b: Raging Bolt|39/100\n|move|p1a: Zamazenta|Body Press|p2b: Raging Bolt\n|-damage|p2b: Raging Bolt|0 fnt\n|faint|p2b: Raging Bolt\n|-end|p2b: Raging Bolt|Protosynthesis|[silent]\n|move|p1b: Raging Bolt|Electroweb|p2a: Calyrex\n|-damage|p2a: Calyrex|43/100\n|-unboost|p2a: Calyrex|spe|1\n|\n|-weather|SunnyDay|[upkeep]\n|upkeep\n|\n|t:|1746004917\n|switch|p2b: Incineroar|Incineroar, L50, M|86/100\n|-ability|p2b: Incineroar|Intimidate|boost\n|-unboost|p1a: Zamazenta|atk|1\n|-unboost|p1b: Raging Bolt|atk|1\n|turn|5\n|\n|t:|1746004930\n|move|p1a: Zamazenta|Wide Guard|p1a: Zamazenta\n|-singleturn|p1a: Zamazenta|Wide Guard\n|move|p2b: Incineroar|Fake Out|p1b: Raging Bolt\n|-damage|p1b: Raging Bolt|31/100\n|move|p2a: Calyrex|Psyshock|p1b: Raging Bolt\n|-damage|p1b: Raging Bolt|4/100\n|cant|p1b: Raging Bolt|flinch\n|\n|-weather|none\n|-end|p1b: Raging Bolt|Protosynthesis\n|upkeep\n|turn|6\n|\n|t:|1746004943\n|move|p1a: Zamazenta|Body Press|p2b: Incineroar\n|-supereffective|p2b: Incineroar\n|-damage|p2b: Incineroar|0 fnt\n|-damage|p1a: Zamazenta|18/100|[from] item: Rocky Helmet|[of] p2b: Incineroar\n|faint|p2b: Incineroar\n|move|p2a: Calyrex|Nasty Plot|p2a: Calyrex\n|-boost|p2a: Calyrex|spa|2\n|move|p1b: Raging Bolt|Snarl|p2a: Calyrex\n|-supereffective|p2a: Calyrex\n|-damage|p2a: Calyrex|23/100\n|-unboost|p2a: Calyrex|spa|1\n|\n|upkeep\n|turn|7\n|-message|Schroombert forfeited.\n|\n|win|Le P VGC\n|l|\u2606Schroombert\n|player|p2|\n||Schroombert is ready for game 3.\n||Le P VGC is ready for game 3.\n|uhtml|next|Next: <a href=\"/battle-gen9vgc2025regibo3-2353817424\"><strong>Game 3 of 3</strong></a>\n|l|\u2606Le P VGC\n|player|p1|\n", "uploadtime": 1746005306, "views": 6, "formatid": "gen9vgc2025regibo3", "rating": null, "private": 0, "password": null}