{"id": "gen9vgc2025regibo3-2354234774", "format": "[Gen 9] VGC 2025 Reg I (Bo3)", "players": ["Darkip_8", "good kid 00"], "log": "|j|\u2606Darkip_8\n|j|\u2606good kid 00\n|html|<table width=\"100%\"><tr><td align=\"left\">Darkip_8</td><td align=\"right\">good kid 00</tr><tr><td align=\"left\"><i class=\"fa fa-circle-o\"></i> <i class=\"fa fa-circle-o\"></i> </td><td align=\"right\"><i class=\"fa fa-circle-o\"></i> <i class=\"fa fa-circle-o\"></i> </tr></table>\n|uhtml|bestof|<h2><strong>Game 1</strong> of <a href=\"/game-bestof3-gen9vgc2025regibo3-2354234773\">a best-of-3</a></h2>\n|t:|1746047480\n|gametype|doubles\n|player|p1|Darkip_8|hilbert-wonderlauncher|1222\n|player|p2|good kid 00|giovanni|1433\n|teamsize|p1|6\n|teamsize|p2|6\n|gen|9\n|tier|[Gen 9] VGC 2025 Reg I (Bo3)\n|rated|\n|rule|Species Clause: Limit one of each Pok\u00e9mon\n|rule|Item Clause: Limit 1 of each item\n|clearpoke\n|poke|p1|Indeedee-F, L50, F|\n|poke|p1|Hatterene, L50, F|\n|poke|p1|Gallade, L50, M|\n|poke|p1|Oranguru, L50, F|\n|poke|p1|Necrozma-Dawn-Wings, L50|\n|poke|p1|Calyrex-Ice, L50|\n|poke|p2|Calyrex-Shadow, L50|\n|poke|p2|Terapagos, L50, M|\n|poke|p2|Incineroar, L50, M|\n|poke|p2|Rillaboom, L50, M|\n|poke|p2|Urshifu-*, L50, F|\n|poke|p2|Amoonguss, L50, F|\n|teampreview|4\n|showteam|p1|Indeedee-F||RockyHelmet|PsychicSurge|Psychic,FollowMe,HelpingHand,TrickRoom|||F|||50|,,,,,Fairy]Hatterene||LifeOrb|MagicBounce|ExpandingForce,DazzlingGleam,Protect,TrickRoom|||F|||50|,,,,,Psychic]Gallade||ScopeLens|Sharpness|SacredSword,PsychoCut,WideGuard,TrickRoom|||M|||50|,,,,,Grass]Oranguru||SafetyGoggles|InnerFocus|FoulPlay,Instruct,Taunt,TrickRoom|||F|||50|,,,,,Dark]Necrozma-Dawn-Wings||PowerHerb|PrismArmor|MeteorBeam,MoongeistBeam,ExpandingForce,TrickRoom||||||50|,,,,,Water]Calyrex-Ice||ClearAmulet|AsOneGlastrier|GlacialLance,HighHorsepower,CloseCombat,TrickRoom||||||50|,,,,,Normal\n|showteam|p2|Calyrex-Shadow||FocusSash|AsOneSpectrier|AstralBarrage,WillOWisp,Disable,Protect||||||50|,,,,,Ghost]Terapagos||Leftovers|TeraShift|TeraStarstorm,EarthPower,CalmMind,Protect|||M|||50|,,,,,Stellar]Incineroar||SafetyGoggles|Intimidate|FakeOut,KnockOff,WillOWisp,PartingShot|||M|||50|,,,,,Bug]Rillaboom||AssaultVest|GrassySurge|FakeOut,GrassyGlide,WoodHammer,Uturn|||M|||50|,,,,,Grass]Urshifu-Rapid-Strike||ChoiceScarf|UnseenFist|SurgingStrikes,CloseCombat,AquaJet,Uturn|||F|||50|,,,,,Water]Amoonguss||RockyHelmet|Regenerator|SludgeBomb,Spore,RagePowder,Protect|||F|||50|,,,,,Water\n|inactive|Battle timer is ON: inactive players will automatically lose when time's up. (requested by good kid 00)\n|inactive|Darkip_8 also wants the timer to be on.\n|inactive|Darkip_8 has 60 seconds left.\n|\n|t:|1746047520\n|start\n|switch|p1a: Indeedee|Indeedee-F, L50, F|100/100\n|switch|p1b: Oranguru|Oranguru, L50, F|100/100\n|switch|p2a: Terapagos|Terapagos, L50, M|100/100\n|switch|p2b: Incineroar|Incineroar, L50, M|100/100\n|-activate|p2a: Terapagos|ability: Tera Shift\n|detailschange|p2a: Terapagos|Terapagos-Terastal, L50, M\n|-heal|p2a: Terapagos|100/100|[silent]\n|-fieldstart|move: Psychic Terrain|[from] ability: Psychic Surge|[of] p1a: Indeedee\n|-ability|p2b: Incineroar|Intimidate|boost\n|-unboost|p1a: Indeedee|atk|1\n|-fail|p1b: Oranguru|unboost|Attack|[from] ability: Inner Focus|[of] p1b: Oranguru\n|turn|1\n|\n|t:|1746047541\n|move|p1a: Indeedee|Follow Me|p1a: Indeedee\n|-singleturn|p1a: Indeedee|move: Follow Me\n|move|p2a: Terapagos|Calm Mind|p2a: Terapagos\n|-boost|p2a: Terapagos|spa|1\n|-boost|p2a: Terapagos|spd|1\n|move|p2b: Incineroar|Knock Off|p1a: Indeedee\n|-supereffective|p1a: Indeedee\n|-damage|p1a: Indeedee|21/100\n|-damage|p2b: Incineroar|84/100|[from] item: Rocky Helmet|[of] p1a: Indeedee\n|-enditem|p1a: Indeedee|Rocky Helmet|[from] move: Knock Off|[of] p2b: Incineroar\n|move|p1b: Oranguru|Trick Room|p1b: Oranguru\n|-fieldstart|move: Trick Room|[of] p1b: Oranguru\n|\n|upkeep\n|turn|2\n|inactive|Darkip_8 has 30 seconds left.\n|\n|t:|1746047573\n|move|p1a: Indeedee|Follow Me|p1a: Indeedee\n|-singleturn|p1a: Indeedee|move: Follow Me\n|move|p1b: Oranguru|Taunt|p2a: Terapagos\n|-start|p2a: Terapagos|move: Taunt\n|move|p2b: Incineroar|Will-O-Wisp|p1a: Indeedee|[miss]\n|-miss|p2b: Incineroar|p1a: Indeedee\n|move|p2a: Terapagos|Tera Starstorm|p1a: Indeedee\n|-damage|p1a: Indeedee|0 fnt\n|faint|p1a: Indeedee\n|\n|upkeep\n|\n|t:|1746047597\n|switch|p1a: Calyrex|Calyrex-Ice, L50|100/100\n|-ability|p1a: Calyrex|As One\n|-ability|p1a: Calyrex|Unnerve\n|turn|3\n|\n|t:|1746047620\n|move|p1a: Calyrex|High Horsepower|p2b: Incineroar\n|-supereffective|p2b: Incineroar\n|-damage|p2b: Incineroar|20/100\n|move|p1b: Oranguru|Instruct|p1a: Calyrex\n|-singleturn|p1a: Calyrex|move: Instruct|[of] p1b: Oranguru\n|move|p1a: Calyrex|High Horsepower|p2b: Incineroar\n|-supereffective|p2b: Incineroar\n|-damage|p2b: Incineroar|0 fnt\n|faint|p2b: Incineroar\n|-ability|p1a: Calyrex|Chilling Neigh|boost\n|-boost|p1a: Calyrex|atk|1\n|move|p2a: Terapagos|Tera Starstorm|p1a: Calyrex\n|-damage|p1a: Calyrex|54/100\n|\n|upkeep\n|\n|t:|1746047628\n|switch|p2b: Amoonguss|Amoonguss, L50, F|100/100\n|turn|4\n|\n|t:|1746047650\n|switch|p1a: Necrozma|Necrozma-Dawn-Wings, L50|100/100\n|move|p2b: Amoonguss|Spore|p1a: Necrozma\n|-status|p1a: Necrozma|slp|[from] move: Spore\n|move|p1b: Oranguru|Taunt|p2b: Amoonguss\n|-start|p2b: Amoonguss|move: Taunt\n|move|p2a: Terapagos|Tera Starstorm|p1b: Oranguru\n|-crit|p1b: Oranguru\n|-damage|p1b: Oranguru|19/100\n|\n|-end|p2a: Terapagos|move: Taunt\n|upkeep\n|turn|5\n|inactive|good kid 00 has 30 seconds left.\n|\n|t:|1746047683\n|switch|p2b: Rillaboom|Rillaboom, L50, M|100/100\n|-fieldstart|move: Grassy Terrain|[from] ability: Grassy Surge|[of] p2b: Rillaboom\n|move|p1b: Oranguru|Foul Play|p2a: Terapagos\n|-activate|p2a: Terapagos|ability: Tera Shell\n|-resisted|p2a: Terapagos\n|-damage|p2a: Terapagos|95/100\n|cant|p1a: Necrozma|slp\n|move|p2a: Terapagos|Tera Starstorm|p1b: Oranguru\n|-damage|p1b: Oranguru|0 fnt\n|faint|p1b: Oranguru\n|\n|-heal|p2a: Terapagos|100/100|[from] Grassy Terrain\n|-fieldend|move: Trick Room\n|upkeep\n|\n|t:|1746047694\n|switch|p1b: Calyrex|Calyrex-Ice, L50|54/100\n|-ability|p1b: Calyrex|As One\n|-ability|p1b: Calyrex|Unnerve\n|turn|6\n|\n|t:|1746047708\n|move|p2a: Terapagos|Tera Starstorm|p1b: Calyrex\n|-crit|p1b: Calyrex\n|-damage|p1b: Calyrex|0 fnt\n|faint|p1b: Calyrex\n|move|p2b: Rillaboom|Wood Hammer|p1a: Necrozma\n|-damage|p1a: Necrozma|48/100 slp\n|-damage|p2b: Rillaboom|83/100|[from] Recoil\n|cant|p1a: Necrozma|slp\n|\n|-heal|p2b: Rillaboom|89/100|[from] Grassy Terrain\n|-heal|p1a: Necrozma|53/100 slp|[from] Grassy Terrain\n|upkeep\n|turn|7\n|\n|t:|1746047718\n|move|p2a: Terapagos|Earth Power|p1a: Necrozma\n|-damage|p1a: Necrozma|26/100 slp\n|move|p2b: Rillaboom|Wood Hammer|p1a: Necrozma\n|-damage|p1a: Necrozma|0 fnt\n|faint|p1a: Necrozma\n|-damage|p2b: Rillaboom|80/100|[from] Recoil\n|\n|win|good kid 00\n", "uploadtime": 1746047719, "views": 6, "formatid": "gen9vgc2025regibo3", "rating": null, "private": 0, "password": null}