{"id": "gen9vgc2025regibo3-2354957402", "format": "[Gen 9] VGC 2025 Reg I (Bo3)", "players": ["laZb0nes2", "pon seis nueve"], "log": "|j|\u2606laZb0nes2\n|j|\u203dpon seis nueve\n|html|<table width=\"100%\"><tr><td align=\"left\">laZb0nes2</td><td align=\"right\">pon seis nueve</tr><tr><td align=\"left\"><i class=\"fa fa-circle-o\"></i> <i class=\"fa fa-circle-o\"></i> </td><td align=\"right\"><i class=\"fa fa-circle-o\"></i> <i class=\"fa fa-circle-o\"></i> </tr></table>\n|uhtml|bestof|<h2><strong>Game 1</strong> of <a href=\"/game-bestof3-gen9vgc2025regibo3-2354957401\">a best-of-3</a></h2>\n|t:|1746135665\n|gametype|doubles\n|player|p1|laZb0nes2|waiter-gen4|1091\n|player|p2|pon seis nueve|marlon|1189\n|teamsize|p1|6\n|teamsize|p2|6\n|gen|9\n|tier|[Gen 9] VGC 2025 Reg I (Bo3)\n|rated|\n|rule|Species Clause: Limit one of each Pok\u00e9mon\n|rule|Item Clause: Limit 1 of each item\n|clearpoke\n|poke|p1|Terapagos, L50, M|\n|poke|p1|Ho-Oh, L50|\n|poke|p1|Incineroar, L50, M|\n|poke|p1|Rillaboom, L50, M|\n|poke|p1|Ogerpon-Cornerstone, L50, F|\n|poke|p1|Urshifu-*, L50, M|\n|poke|p2|Zamazenta-*, L50|\n|poke|p2|Calyrex-Shadow, L50|\n|poke|p2|Tornadus, L50, M|\n|poke|p2|Urshifu-*, L50, M|\n|poke|p2|Rillaboom, L50, M|\n|poke|p2|Chien-Pao, L50|\n|teampreview|4\n|showteam|p1|Terapagos||Leftovers|TeraShift|CalmMind,TeraStarstorm,EarthPower,Protect|||M|||50|,,,,,Stellar]Ho-Oh||ClearAmulet|Regenerator|SacredFire,BraveBird,Tailwind,Protect||||||50|,,,,,Grass]Incineroar||SafetyGoggles|Intimidate|KnockOff,FakeOut,WillOWisp,PartingShot|||M|||50|,,,,,Water]Rillaboom||AssaultVest|GrassySurge|GrassyGlide,WoodHammer,Uturn,FakeOut|||M|||50|,,,,,Fire]Ogerpon-Cornerstone||CornerstoneMask|Sturdy|IvyCudgel,PowerWhip,FollowMe,SpikyShield|||F|||50|,,,,,Rock]Urshifu-Rapid-Strike||ChoiceScarf|UnseenFist|SurgingStrikes,CloseCombat,Uturn,Coaching|||M|||50|,,,,,Water\n|showteam|p2|Zamazenta-Crowned||RustedShield|DauntlessShield|BodyPress,HeavySlam,WideGuard,Protect||||||50|,,,,,Dragon]Calyrex-Shadow||FocusSash|AsOneSpectrier|AstralBarrage,Psychic,Encore,Protect||||||50|,,,,,Ghost]Tornadus||RockyHelmet|Prankster|BleakwindStorm,Tailwind,RainDance,Protect|||M|||50|,,,,,Dark]Urshifu-Rapid-Strike||ChoiceScarf|UnseenFist|SurgingStrikes,CloseCombat,AquaJet,Uturn|||M|||50|,,,,,Water]Rillaboom||AssaultVest|GrassySurge|WoodHammer,GrassyGlide,Uturn,FakeOut|||M|||50|,,,,,Fire]Chien-Pao||LifeOrb|SwordofRuin|SuckerPunch,IcicleCrash,ThroatChop,Protect||||||50|,,,,,Stellar\n|\n|t:|1746135723\n|start\n|switch|p1a: Incineroar|Incineroar, L50, M|100/100\n|switch|p1b: Ho-Oh|Ho-Oh, L50|100/100\n|switch|p2a: Zamazenta|Zamazenta-Crowned, L50|100/100\n|switch|p2b: Chien-Pao|Chien-Pao, L50|100/100\n|-ability|p2b: Chien-Pao|Sword of Ruin\n|-ability|p2a: Zamazenta|Dauntless Shield|boost\n|-boost|p2a: Zamazenta|def|1\n|-ability|p1a: Incineroar|Intimidate|boost\n|-unboost|p2a: Zamazenta|atk|1\n|-unboost|p2b: Chien-Pao|atk|1\n|turn|1\n|inactive|Battle timer is ON: inactive players will automatically lose when time's up. (requested by pon seis nueve)\n|\n|t:|1746135766\n|move|p2b: Chien-Pao|Protect|p2b: Chien-Pao\n|-singleturn|p2b: Chien-Pao|Protect\n|move|p2a: Zamazenta|Protect|p2a: Zamazenta\n|-singleturn|p2a: Zamazenta|Protect\n|move|p1b: Ho-Oh|Tailwind|p1b: Ho-Oh\n|-sidestart|p1: laZb0nes2|move: Tailwind\n|move|p1a: Incineroar|Parting Shot|p2b: Chien-Pao\n|-activate|p2b: Chien-Pao|move: Protect\n|\n|upkeep\n|turn|2\n|inactive|laZb0nes2 has 30 seconds left.\n|inactive|pon seis nueve has 30 seconds left.\n|inactive|pon seis nueve has 20 seconds left.\n|\n|t:|1746135803\n|-terastallize|p2a: Zamazenta|Dragon\n|move|p1b: Ho-Oh|Sacred Fire|p2a: Zamazenta\n|-resisted|p2a: Zamazenta\n|-damage|p2a: Zamazenta|87/100\n|-status|p2a: Zamazenta|brn\n|move|p2b: Chien-Pao|Icicle Crash|p1a: Incineroar\n|-resisted|p1a: Incineroar\n|-damage|p1a: Incineroar|81/100\n|-damage|p2b: Chien-Pao|91/100|[from] item: Life Orb\n|move|p1a: Incineroar|Parting Shot|p2b: Chien-Pao\n|-unboost|p2b: Chien-Pao|atk|1\n|-unboost|p2b: Chien-Pao|spa|1\n|\n|t:|1746135823\n|switch|p1a: Rillaboom|Rillaboom, L50, M|100/100|[from] Parting Shot\n|-fieldstart|move: Grassy Terrain|[from] ability: Grassy Surge|[of] p1a: Rillaboom\n|move|p2a: Zamazenta|Body Press|p1a: Rillaboom\n|-damage|p1a: Rillaboom|55/100\n|\n|-heal|p1a: Rillaboom|61/100|[from] Grassy Terrain\n|-heal|p2b: Chien-Pao|97/100|[from] Grassy Terrain\n|-heal|p2a: Zamazenta|93/100 brn|[from] Grassy Terrain\n|-damage|p2a: Zamazenta|87/100 brn|[from] brn\n|upkeep\n|turn|3\n|inactive|laZb0nes2 has 30 seconds left.\n|inactive|pon seis nueve has 30 seconds left.\n|inactive|pon seis nueve has 20 seconds left.\n|inactive|pon seis nueve has 15 seconds left.\n|\n|t:|1746135867\n|move|p1a: Rillaboom|Fake Out|p2a: Zamazenta\n|-damage|p2a: Zamazenta|80/100 brn\n|move|p1b: Ho-Oh|Sacred Fire|p2b: Chien-Pao\n|-supereffective|p2b: Chien-Pao\n|-damage|p2b: Chien-Pao|0 fnt\n|faint|p2b: Chien-Pao\n|cant|p2a: Zamazenta|flinch\n|\n|-heal|p1a: Rillaboom|67/100|[from] Grassy Terrain\n|-heal|p2a: Zamazenta|86/100 brn|[from] Grassy Terrain\n|-damage|p2a: Zamazenta|80/100 brn|[from] brn\n|upkeep\n|\n|t:|1746135878\n|switch|p2b: Calyrex|Calyrex-Shadow, L50|100/100\n|-ability|p2b: Calyrex|As One\n|-ability|p2b: Calyrex|Unnerve\n|turn|4\n|inactive|laZb0nes2 has 30 seconds left.\n|\n|t:|1746135912\n|move|p2b: Calyrex|Protect|p2b: Calyrex\n|-singleturn|p2b: Calyrex|Protect\n|move|p2a: Zamazenta|Protect|p2a: Zamazenta\n|-singleturn|p2a: Zamazenta|Protect\n|move|p1a: Rillaboom|Wood Hammer|p2b: Calyrex\n|-activate|p2b: Calyrex|move: Protect\n|move|p1b: Ho-Oh|Brave Bird|p2b: Calyrex\n|-activate|p2b: Calyrex|move: Protect\n|\n|-heal|p1a: Rillaboom|73/100|[from] Grassy Terrain\n|-heal|p2a: Zamazenta|86/100 brn|[from] Grassy Terrain\n|-damage|p2a: Zamazenta|80/100 brn|[from] brn\n|-sideend|p1: laZb0nes2|move: Tailwind\n|upkeep\n|turn|5\n|inactive|laZb0nes2 has 30 seconds left.\n|inactive|pon seis nueve has 30 seconds left.\n|inactive|laZb0nes2 has 20 seconds left.\n|\n|t:|1746135948\n|move|p2b: Calyrex|Astral Barrage|p1b: Ho-Oh|[spread] p1a,p1b\n|-damage|p1a: Rillaboom|38/100\n|-damage|p1b: Ho-Oh|68/100\n|move|p2a: Zamazenta|Body Press|p1a: Rillaboom\n|-damage|p1a: Rillaboom|3/100\n|move|p1a: Rillaboom|U-turn|p2b: Calyrex\n|-damage|p2b: Calyrex|72/100\n|\n|t:|1746135959\n|switch|p1a: Terapagos|Terapagos, L50, M|100/100|[from] U-turn\n|-activate|p1a: Terapagos|ability: Tera Shift\n|detailschange|p1a: Terapagos|Terapagos-Terastal, L50, M\n|-heal|p1a: Terapagos|100/100|[silent]\n|move|p1b: Ho-Oh|Brave Bird|p2b: Calyrex\n|-damage|p2b: Calyrex|4/100\n|-damage|p1b: Ho-Oh|50/100|[from] Recoil\n|\n|-heal|p2b: Calyrex|10/100|[from] Grassy Terrain\n|-heal|p2a: Zamazenta|86/100 brn|[from] Grassy Terrain\n|-damage|p2a: Zamazenta|80/100 brn|[from] brn\n|upkeep\n|turn|6\n|inactive|laZb0nes2 has 30 seconds left.\n|\n|t:|1746135985\n|switch|p1b: Incineroar|Incineroar, L50, M|81/100\n|-ability|p1b: Incineroar|Intimidate|boost\n|-unboost|p2a: Zamazenta|atk|1\n|-unboost|p2b: Calyrex|atk|1\n|move|p2b: Calyrex|Psychic|p1a: Terapagos\n|-activate|p1a: Terapagos|ability: Tera Shell\n|-resisted|p1a: Terapagos\n|-damage|p1a: Terapagos|72/100\n|move|p2a: Zamazenta|Body Press|p1a: Terapagos\n|-supereffective|p1a: Terapagos\n|-damage|p1a: Terapagos|14/100\n|move|p1a: Terapagos|Calm Mind|p1a: Terapagos\n|-boost|p1a: Terapagos|spa|1\n|-boost|p1a: Terapagos|spd|1\n|\n|-heal|p2b: Calyrex|16/100|[from] Grassy Terrain\n|-heal|p2a: Zamazenta|86/100 brn|[from] Grassy Terrain\n|-heal|p1a: Terapagos|20/100|[from] Grassy Terrain\n|-heal|p1a: Terapagos|27/100|[from] item: Leftovers\n|-heal|p1b: Incineroar|87/100|[from] Grassy Terrain\n|-damage|p2a: Zamazenta|80/100 brn|[from] brn\n|-fieldend|move: Grassy Terrain\n|upkeep\n|turn|7\n|inactive|laZb0nes2 has 30 seconds left.\n|inactive|pon seis nueve has 30 seconds left.\n|inactive|laZb0nes2 has 20 seconds left.\n|inactive|pon seis nueve has 20 seconds left.\n|inactive|laZb0nes2 has 15 seconds left.\n|inactive|pon seis nueve has 15 seconds left.\n|inactive|pon seis nueve has 10 seconds left.\n|\n|t:|1746136032\n|move|p2a: Zamazenta|Protect|p2a: Zamazenta\n|-singleturn|p2a: Zamazenta|Protect\n|move|p1b: Incineroar|Fake Out|p2a: Zamazenta\n|-activate|p2a: Zamazenta|move: Protect\n|move|p2b: Calyrex|Encore|p1a: Terapagos\n|-start|p1a: Terapagos|Encore\n|move|p1a: Terapagos|Calm Mind|p1a: Terapagos\n|-boost|p1a: Terapagos|spa|1\n|-boost|p1a: Terapagos|spd|1\n|\n|-heal|p1a: Terapagos|33/100|[from] item: Leftovers\n|-damage|p2a: Zamazenta|74/100 brn|[from] brn\n|upkeep\n|turn|8\n|inactive|laZb0nes2 has 30 seconds left.\n|inactive|laZb0nes2 has 20 seconds left.\n|inactive|laZb0nes2 has 15 seconds left.\n|inactive|laZb0nes2 has 10 seconds left.\n|inactive|laZb0nes2 has 5 seconds left.\n|\n|t:|1746136083\n|switch|p1b: Ho-Oh|Ho-Oh, L50|83/100\n|move|p2b: Calyrex|Encore||[still]\n|-fail|p2b: Calyrex\n|move|p2a: Zamazenta|Body Press|p1a: Terapagos\n|-supereffective|p1a: Terapagos\n|-damage|p1a: Terapagos|0 fnt\n|faint|p1a: Terapagos\n|\n|-damage|p2a: Zamazenta|68/100 brn|[from] brn\n|upkeep\n|\n|t:|1746136095\n|switch|p1a: Rillaboom|Rillaboom, L50, M|3/100\n|-fieldstart|move: Grassy Terrain|[from] ability: Grassy Surge|[of] p1a: Rillaboom\n|turn|9\n|inactive|pon seis nueve has 30 seconds left.\n|inactive|pon seis nueve has 20 seconds left.\n|\n|t:|1746136131\n|move|p2b: Calyrex|Protect|p2b: Calyrex\n|-singleturn|p2b: Calyrex|Protect\n|move|p1a: Rillaboom|Grassy Glide|p2b: Calyrex\n|-activate|p2b: Calyrex|move: Protect\n|move|p2a: Zamazenta|Body Press|p1a: Rillaboom\n|-damage|p1a: Rillaboom|0 fnt\n|faint|p1a: Rillaboom\n|move|p1b: Ho-Oh|Tailwind|p1b: Ho-Oh\n|-sidestart|p1: laZb0nes2|move: Tailwind\n|\n|-heal|p2b: Calyrex|22/100|[from] Grassy Terrain\n|-heal|p2a: Zamazenta|74/100 brn|[from] Grassy Terrain\n|-damage|p2a: Zamazenta|68/100 brn|[from] brn\n|upkeep\n|\n|t:|1746136143\n|switch|p1a: Incineroar|Incineroar, L50, M|87/100\n|-ability|p1a: Incineroar|Intimidate|boost\n|-unboost|p2a: Zamazenta|atk|1\n|-unboost|p2b: Calyrex|atk|1\n|turn|10\n|inactive|pon seis nueve has 30 seconds left.\n|\n|t:|1746136177\n|move|p2a: Zamazenta|Protect|p2a: Zamazenta\n|-singleturn|p2a: Zamazenta|Protect\n|move|p1a: Incineroar|Fake Out|p2a: Zamazenta\n|-activate|p2a: Zamazenta|move: Protect\n|move|p1b: Ho-Oh|Brave Bird|p2b: Calyrex\n|-damage|p2b: Calyrex|0 fnt\n|faint|p2b: Calyrex\n|-damage|p1b: Ho-Oh|77/100|[from] Recoil\n|\n|-heal|p1a: Incineroar|93/100|[from] Grassy Terrain\n|-heal|p2a: Zamazenta|74/100 brn|[from] Grassy Terrain\n|-damage|p2a: Zamazenta|68/100 brn|[from] brn\n|upkeep\n|\n|t:|1746136184\n|switch|p2b: Urshifu|Urshifu-Rapid-Strike, L50, M|100/100\n|turn|11\n|inactive|laZb0nes2 has 30 seconds left.\n|inactive|pon seis nueve has 30 seconds left.\n|inactive|laZb0nes2 has 20 seconds left.\n|inactive|laZb0nes2 has 15 seconds left.\n|inactive|laZb0nes2 has 10 seconds left.\n|inactive|laZb0nes2 has 5 seconds left.\n|\n|t:|1746136235\n|-terastallize|p1b: Ho-Oh|Grass\n|move|p2b: Urshifu|Aqua Jet|p1a: Incineroar\n|-supereffective|p1a: Incineroar\n|-damage|p1a: Incineroar|56/100\n|move|p1b: Ho-Oh|Brave Bird|p2b: Urshifu\n|-supereffective|p2b: Urshifu\n|-damage|p2b: Urshifu|0 fnt\n|faint|p2b: Urshifu\n|-damage|p1b: Ho-Oh|49/100|[from] Recoil\n|move|p1a: Incineroar|Knock Off|p2a: Zamazenta\n|-damage|p2a: Zamazenta|57/100 brn\n|move|p2a: Zamazenta|Body Press|p1a: Incineroar\n|-supereffective|p1a: Incineroar\n|-damage|p1a: Incineroar|0 fnt\n|faint|p1a: Incineroar\n|\n|-heal|p1b: Ho-Oh|56/100|[from] Grassy Terrain\n|-heal|p2a: Zamazenta|63/100 brn|[from] Grassy Terrain\n|-damage|p2a: Zamazenta|57/100 brn|[from] brn\n|upkeep\n|turn|12\n|\n|t:|1746136252\n|move|p1b: Ho-Oh|Brave Bird|p2a: Zamazenta\n|-damage|p2a: Zamazenta|34/100 brn\n|-damage|p1b: Ho-Oh|49/100|[from] Recoil\n|move|p2a: Zamazenta|Body Press|p1b: Ho-Oh\n|-damage|p1b: Ho-Oh|22/100\n|\n|-heal|p1b: Ho-Oh|28/100|[from] Grassy Terrain\n|-heal|p2a: Zamazenta|40/100 brn|[from] Grassy Terrain\n|-damage|p2a: Zamazenta|34/100 brn|[from] brn\n|-sideend|p1: laZb0nes2|move: Tailwind\n|upkeep\n|turn|13\n|\n|t:|1746136269\n|move|p2a: Zamazenta|Body Press|p1b: Ho-Oh\n|-damage|p1b: Ho-Oh|0 fnt\n|faint|p1b: Ho-Oh\n|\n|win|pon seis nueve\n||pon seis nueve is ready for game 2.\n||laZb0nes2 is ready for game 2.\n|uhtml|next|Next: <a href=\"/battle-gen9vgc2025regibo3-2354962920\"><strong>Game 2 of 3</strong></a>\n|l|\u203dpon seis nueve\n|player|p2|\n", "uploadtime": 1746137239, "views": 8, "formatid": "gen9vgc2025regibo3", "rating": null, "private": 0, "password": null}