{"id": "gen9vgc2025regibo3-2354682462", "format": "[Gen 9] VGC 2025 Reg I (Bo3)", "players": ["Snaky snaky", "Tsbassssd"], "log": "|j|\u2606Tsbassssd\n|html|<table width=\"100%\"><tr><td align=\"left\">Snaky snaky</td><td align=\"right\">Tsbassssd</tr><tr><td align=\"left\"><i class=\"fa fa-circle-o\"></i> <i class=\"fa fa-circle-o\"></i> </td><td align=\"right\"><i class=\"fa fa-circle-o\"></i> <i class=\"fa fa-circle\"></i> </tr></table>\n|uhtml|bestof|<h2><strong>Game 2</strong> of <a href=\"/game-bestof3-gen9vgc2025regibo3-2354678950\">a best-of-3</a></h2>\n|t:|1746110309\n|gametype|doubles\n|player|p1|Snaky snaky|skyla|1000\n|player|p2|Tsbassssd|266|1040\n|teamsize|p1|6\n|teamsize|p2|6\n|gen|9\n|tier|[Gen 9] VGC 2025 Reg I (Bo3)\n|rated|\n|rule|Species Clause: Limit one of each Pok\u00e9mon\n|rule|Item Clause: Limit 1 of each item\n|clearpoke\n|poke|p1|Miraidon, L50|\n|poke|p1|Kyogre, L50|\n|poke|p1|Iron Jugulis, L50|\n|poke|p1|Grimmsnarl, L50, M|\n|poke|p1|Urshifu-*, L50, F|\n|poke|p1|Incineroar, L50, F|\n|poke|p2|Groudon, L50|\n|poke|p2|Urshifu-*, L50, F|\n|poke|p2|Walking Wake, L50|\n|poke|p2|Zamazenta-*, L50|\n|poke|p2|Rillaboom, L50, M|\n|poke|p2|Venusaur, L50, F|\n|teampreview|4\n|showteam|p1|Miraidon||ChoiceSpecs|HadronEngine|VoltSwitch,ElectroDrift,DazzlingGleam,DracoMeteor||||||50|,,,,,Electric]Kyogre||AssaultVest|Drizzle|Thunder,OriginPulse,WaterSpout,IceBeam||||||50|,,,,,Grass]Iron Jugulis||BoosterEnergy|QuarkDrive|Tailwind,Snarl,Hurricane,Protect||||||50|,,,,,Water]Grimmsnarl||LightClay|Prankster|Reflect,LightScreen,SpiritBreak,ThunderWave|||M|||50|,,,,,Ghost]Urshifu-Rapid-Strike||FocusSash|UnseenFist|SurgingStrikes,CloseCombat,AquaJet,Uturn|||F|||50|,,,,,Water]Incineroar||SafetyGoggles|Intimidate|PartingShot,WillOWisp,KnockOff,FakeOut|||F|||50|,,,,,Ghost\n|showteam|p2|Groudon||AssaultVest|Drought|PrecipiceBlades,FirePunch,Crunch,ThunderPunch||||||50|,,,,,Fire]Urshifu||ChoiceScarf|UnseenFist|SuckerPunch,WickedBlow,CloseCombat,IcePunch|||F|||50|,,,,,Ghost]Walking Wake||LifeOrb|Protosynthesis|HydroSteam,Flamethrower,DracoMeteor,Protect||||||50|,,,,,Fire]Zamazenta-Crowned||RustedShield|DauntlessShield|WideGuard,BodyPress,behemothbash,Protect||||||50|,,,,,Ghost]Rillaboom||RockyHelmet|GrassySurge|FakeOut,GrassyGlide,WoodHammer,HighHorsepower|||M|||50|,,,,,Water]Venusaur||CovertCloak|Chlorophyll|SleepPowder,LeafStorm,Protect,SludgeBomb|||F|||50|,,,,,Water\n|inactive|Battle timer is ON: inactive players will automatically lose when time's up. (requested by Tsbassssd)\n|inactive|Snaky snaky disconnected and has a minute to reconnect!\n|j|\u2606Snaky snaky\n|inactive|Snaky snaky reconnected and has 90 seconds left.\n|player|p1|Snaky snaky|skyla|\n|inactive|Snaky snaky has 60 seconds left.\n|\n|t:|1746110397\n|start\n|switch|p1a: Miraidon|Miraidon, L50|100/100\n|switch|p1b: Grimmsnarl|Grimmsnarl, L50, M, shiny|100/100\n|switch|p2a: Zamazenta|Zamazenta-Crowned, L50|100/100\n|switch|p2b: Groudon|Groudon, L50|100/100\n|-fieldstart|move: Electric Terrain|[from] ability: Hadron Engine|[of] p1a: Miraidon\n|-ability|p2a: Zamazenta|Dauntless Shield|boost\n|-boost|p2a: Zamazenta|def|1\n|-weather|SunnyDay|[from] ability: Drought|[of] p2b: Groudon\n|turn|1\n|inactive|Snaky snaky has 30 seconds left.\n|inactive|Snaky snaky has 20 seconds left.\n|inactive|Snaky snaky has 15 seconds left.\n|inactive|Snaky snaky has 10 seconds left.\n|inactive|Snaky snaky has 5 seconds left.\n|\n|t:|1746110448\n|switch|p2b: Rillaboom|Rillaboom, L50, M|100/100\n|-fieldstart|move: Grassy Terrain|[from] ability: Grassy Surge|[of] p2b: Rillaboom\n|move|p1b: Grimmsnarl|Thunder Wave|p2a: Zamazenta\n|-status|p2a: Zamazenta|par\n|move|p1a: Miraidon|Draco Meteor|p2a: Zamazenta\n|-resisted|p2a: Zamazenta\n|-damage|p2a: Zamazenta|63/100 par\n|-unboost|p1a: Miraidon|spa|2\n|move|p2a: Zamazenta|Behemoth Bash|p1b: Grimmsnarl\n|-supereffective|p1b: Grimmsnarl\n|-damage|p1b: Grimmsnarl|1/100\n|\n|-weather|SunnyDay|[upkeep]\n|-heal|p2a: Zamazenta|69/100 par|[from] Grassy Terrain\n|-heal|p1b: Grimmsnarl|7/100|[from] Grassy Terrain\n|upkeep\n|turn|2\n|inactive|Snaky snaky has 30 seconds left.\n|\n|t:|1746110475\n|move|p2b: Rillaboom|Grassy Glide|p1b: Grimmsnarl\n|-damage|p1b: Grimmsnarl|0 fnt\n|faint|p1b: Grimmsnarl\n|move|p1a: Miraidon|Draco Meteor|p2b: Rillaboom\n|-damage|p2b: Rillaboom|47/100\n|-unboost|p1a: Miraidon|spa|2\n|move|p2a: Zamazenta|Body Press|p1a: Miraidon\n|-damage|p1a: Miraidon|44/100\n|\n|-weather|SunnyDay|[upkeep]\n|-heal|p1a: Miraidon|50/100|[from] Grassy Terrain\n|-heal|p2b: Rillaboom|53/100|[from] Grassy Terrain\n|-heal|p2a: Zamazenta|75/100 par|[from] Grassy Terrain\n|upkeep\n|\n|t:|1746110490\n|switch|p1b: Urshifu|Urshifu-Rapid-Strike, L50, F|100/100\n|turn|3\n|\n|t:|1746110506\n|switch|p1a: Kyogre|Kyogre, L50, shiny|100/100\n|-weather|RainDance|[from] ability: Drizzle|[of] p1a: Kyogre\n|move|p2b: Rillaboom|Grassy Glide|p1b: Urshifu\n|-supereffective|p1b: Urshifu\n|-damage|p1b: Urshifu|35/100\n|move|p1b: Urshifu|Close Combat|p2b: Rillaboom\n|-damage|p2b: Rillaboom|0 fnt\n|-unboost|p1b: Urshifu|def|1\n|-unboost|p1b: Urshifu|spd|1\n|-damage|p1b: Urshifu|18/100|[from] item: Rocky Helmet|[of] p2b: Rillaboom\n|faint|p2b: Rillaboom\n|cant|p2a: Zamazenta|par\n|\n|-weather|RainDance|[upkeep]\n|-heal|p1b: Urshifu|24/100|[from] Grassy Terrain\n|-heal|p2a: Zamazenta|81/100 par|[from] Grassy Terrain\n|upkeep\n|\n|t:|1746110521\n|switch|p2b: Groudon|Groudon, L50|100/100\n|-weather|SunnyDay|[from] ability: Drought|[of] p2b: Groudon\n|turn|4\n|\n|t:|1746110540\n|move|p1b: Urshifu|Close Combat|p2a: Zamazenta\n|-supereffective|p2a: Zamazenta\n|-damage|p2a: Zamazenta|20/100 par\n|-unboost|p1b: Urshifu|def|1\n|-unboost|p1b: Urshifu|spd|1\n|move|p1a: Kyogre|Water Spout|p2b: Groudon|[spread] p2a,p2b\n|-supereffective|p2b: Groudon\n|-damage|p2a: Zamazenta|0 fnt\n|-damage|p2b: Groudon|57/100\n|faint|p2a: Zamazenta\n|move|p2b: Groudon|Precipice Blades|p1b: Urshifu|[spread] p1a,p1b\n|-damage|p1a: Kyogre|47/100\n|-damage|p1b: Urshifu|0 fnt\n|faint|p1b: Urshifu\n|\n|-weather|SunnyDay|[upkeep]\n|-heal|p1a: Kyogre|53/100|[from] Grassy Terrain\n|-heal|p2b: Groudon|63/100|[from] Grassy Terrain\n|upkeep\n|\n|t:|1746110557\n|switch|p2a: Walking Wake|Walking Wake, L50|100/100\n|switch|p1b: Miraidon|Miraidon, L50|50/100\n|-fieldstart|move: Electric Terrain|[from] ability: Hadron Engine|[of] p1b: Miraidon\n|-activate|p2a: Walking Wake|ability: Protosynthesis\n|-start|p2a: Walking Wake|protosynthesisspa\n|turn|5\n|\n|t:|1746110572\n|-terastallize|p2a: Walking Wake|Fire\n|move|p1b: Miraidon|Draco Meteor|p2a: Walking Wake\n|-damage|p2a: Walking Wake|0 fnt\n|-unboost|p1b: Miraidon|spa|2\n|faint|p2a: Walking Wake\n|-end|p2a: Walking Wake|Protosynthesis|[silent]\n|move|p1a: Kyogre|Water Spout|p2b: Groudon\n|-supereffective|p2b: Groudon\n|-damage|p2b: Groudon|36/100\n|move|p2b: Groudon|Precipice Blades|p1a: Kyogre|[spread] p1b\n|-miss|p2b: Groudon|p1a: Kyogre\n|-supereffective|p1b: Miraidon\n|-damage|p1b: Miraidon|0 fnt\n|faint|p1b: Miraidon\n|\n|-weather|SunnyDay|[upkeep]\n|upkeep\n|turn|6\n|\n|t:|1746110591\n|move|p1a: Kyogre|Origin Pulse|p2b: Groudon\n|-supereffective|p2b: Groudon\n|-damage|p2b: Groudon|0 fnt\n|faint|p2b: Groudon\n|\n|win|Snaky snaky\n||Tsbassssd is ready for game 3.\n", "uploadtime": 1746110601, "views": 15, "formatid": "gen9vgc2025regibo3", "rating": null, "private": 0, "password": null}