{"id": "gen9vgc2025regibo3-2353711057", "format": "[Gen 9] VGC 2025 Reg I (Bo3)", "players": ["caZISA", "catsharknado"], "log": "|j|\u2606caZISA\n|j|\u2606catsharknado\n|html|<table width=\"100%\"><tr><td align=\"left\">caZISA</td><td align=\"right\">catsharknado</tr><tr><td align=\"left\"><i class=\"fa fa-circle-o\"></i> <i class=\"fa fa-circle-o\"></i> </td><td align=\"right\"><i class=\"fa fa-circle-o\"></i> <i class=\"fa fa-circle-o\"></i> </tr></table>\n|uhtml|bestof|<h2><strong>Game 1</strong> of <a href=\"/game-bestof3-gen9vgc2025regibo3-2353711056\">a best-of-3</a></h2>\n|t:|1745987007\n|gametype|doubles\n|player|p1|caZISA|red|1358\n|player|p2|catsharknado|170|1417\n|teamsize|p1|6\n|teamsize|p2|6\n|gen|9\n|tier|[Gen 9] VGC 2025 Reg I (Bo3)\n|rated|\n|rule|Species Clause: Limit one of each Pok\u00e9mon\n|rule|Item Clause: Limit 1 of each item\n|clearpoke\n|poke|p1|Calyrex-Ice, L50|\n|poke|p1|Kyogre, L50|\n|poke|p1|Landorus, L50, M|\n|poke|p1|Raging Bolt, L50|\n|poke|p1|Incineroar, L50, F|\n|poke|p1|Smeargle, L50, F|\n|poke|p2|Terapagos, L50, M|\n|poke|p2|Incineroar, L50, F|\n|poke|p2|Rillaboom, L50, F|\n|poke|p2|Ogerpon-Cornerstone, L50, F|\n|poke|p2|Flutter Mane, L50|\n|poke|p2|Calyrex-Shadow, L50|\n|teampreview|4\n|showteam|p1|Calyrex-Ice||ClearAmulet|AsOneGlastrier|GlacialLance,HighHorsepower,TrickRoom,Protect||||||50|,,,,,Grass]Kyogre||MysticWater|Drizzle|WaterSpout,OriginPulse,IceBeam,Protect||||||50|,,,,,Water]Landorus||ChoiceScarf|SheerForce|SandsearStorm,EarthPower,SludgeBomb,Uturn|||M|||50|,,,,,Ghost]Raging Bolt||AssaultVest|Protosynthesis|Thunderbolt,DracoMeteor,Thunderclap,Snarl||||||50|,,,,,Fairy]Incineroar||SafetyGoggles|Intimidate|FakeOut,WillOWisp,KnockOff,PartingShot|||F|||50|,,,,,Ghost]Smeargle||FocusSash|Moody|FakeOut,Spore,FollowMe,WideGuard|||F|||50|,,,,,Grass\n|showteam|p2|Terapagos||Leftovers|TeraShift|CalmMind,Protect,TeraStarstorm,EarthPower|||M|||50|,,,,,Stellar]Incineroar||SafetyGoggles|Intimidate|KnockOff,FakeOut,PartingShot,WillOWisp|||F|||50|,,,,,Ghost]Rillaboom||AssaultVest|GrassySurge|GrassyGlide,WoodHammer,FakeOut,Uturn|||F|||50|,,,,,Grass]Ogerpon-Cornerstone||CornerstoneMask|Sturdy|IvyCudgel,SpikyShield,FollowMe,PowerWhip|||F|||50|,,,,,Rock]Flutter Mane||BoosterEnergy|Protosynthesis|Moonblast,Protect,ThunderWave,Taunt||||||50|,,,,,Fairy]Calyrex-Shadow||FocusSash|AsOneSpectrier|AstralBarrage,Protect,WillOWisp,PollenPuff||||||50|,,,,,Ghost\n|inactive|Battle timer is ON: inactive players will automatically lose when time's up. (requested by catsharknado)\n|c|\u2606caZISA|glhf\n|c|\u2606catsharknado|u2\n|inactive|caZISA has 60 seconds left.\n|inactive|catsharknado has 60 seconds left.\n|\n|t:|1745987044\n|start\n|switch|p1a: Picasso|Smeargle, L50, F|100/100\n|switch|p1b: Gaspar|Calyrex-Ice, L50|100/100\n|switch|p2a: Flutter Mane|Flutter Mane, L50|100/100\n|switch|p2b: Rillaboom|Rillaboom, L50, F, shiny|100/100\n|-ability|p1b: Gaspar|As One\n|-ability|p1b: Gaspar|Unnerve\n|-fieldstart|move: Grassy Terrain|[from] ability: Grassy Surge|[of] p2b: Rillaboom\n|-enditem|p2a: Flutter Mane|Booster Energy\n|-activate|p2a: Flutter Mane|ability: Protosynthesis|[fromitem]\n|-start|p2a: Flutter Mane|protosynthesisspe\n|turn|1\n|\n|t:|1745987059\n|move|p1a: Picasso|Fake Out|p2b: Rillaboom\n|-damage|p2b: Rillaboom|96/100\n|cant|p2b: Rillaboom|flinch\n|move|p2a: Flutter Mane|Taunt|p1a: Picasso\n|-start|p1a: Picasso|move: Taunt\n|move|p1b: Gaspar|Glacial Lance|p2a: Flutter Mane|[spread] p2a,p2b\n|-supereffective|p2b: Rillaboom\n|-damage|p2a: Flutter Mane|7/100\n|-damage|p2b: Rillaboom|0 fnt\n|faint|p2b: Rillaboom\n|-ability|p1b: Gaspar|Chilling Neigh|boost\n|-boost|p1b: Gaspar|atk|1\n|\n|-heal|p2a: Flutter Mane|13/100|[from] Grassy Terrain\n|-ability|p1a: Picasso|Moody|boost\n|-boost|p1a: Picasso|spe|2\n|-unboost|p1a: Picasso|atk|1\n|upkeep\n|\n|t:|1745987067\n|switch|p2b: Calyrex|Calyrex-Shadow, L50|100/100\n|-ability|p2b: Calyrex|As One\n|-ability|p2b: Calyrex|Unnerve\n|turn|2\n|\n|t:|1745987073\n|-end|p2a: Flutter Mane|Protosynthesis|[silent]\n|switch|p2a: Terapagos|Terapagos, L50, M|100/100\n|-activate|p2a: Terapagos|ability: Tera Shift\n|detailschange|p2a: Terapagos|Terapagos-Terastal, L50, M\n|-heal|p2a: Terapagos|100/100|[silent]\n|switch|p1a: Tigre To\u00f1o|Incineroar, L50, F|100/100\n|-ability|p1a: Tigre To\u00f1o|Intimidate|boost\n|-unboost|p2a: Terapagos|atk|1\n|-unboost|p2b: Calyrex|atk|1\n|move|p1b: Gaspar|Protect|p1b: Gaspar\n|-singleturn|p1b: Gaspar|Protect\n|move|p2b: Calyrex|Will-O-Wisp|p1b: Gaspar\n|-activate|p1b: Gaspar|move: Protect\n|\n|upkeep\n|turn|3\n|\n|t:|1745987090\n|switch|p1b: Picasso|Smeargle, L50, F|100/100\n|move|p2b: Calyrex|Will-O-Wisp|p1b: Picasso\n|-status|p1b: Picasso|brn\n|move|p2a: Terapagos|Calm Mind|p2a: Terapagos\n|-boost|p2a: Terapagos|spa|1\n|-boost|p2a: Terapagos|spd|1\n|move|p1a: Tigre To\u00f1o|Knock Off|p2b: Calyrex\n|-supereffective|p2b: Calyrex\n|-enditem|p2b: Calyrex|Focus Sash\n|-damage|p2b: Calyrex|1/100\n|\n|-heal|p2b: Calyrex|7/100|[from] Grassy Terrain\n|-damage|p1b: Picasso|94/100 brn|[from] brn\n|-ability|p1b: Picasso|Moody|boost\n|-boost|p1b: Picasso|def|2\n|-unboost|p1b: Picasso|spe|1\n|upkeep\n|turn|4\n|inactive|catsharknado has 30 seconds left.\n|inactive|catsharknado has 20 seconds left.\n|inactive|catsharknado has 15 seconds left.\n|\n|t:|1745987132\n|switch|p2b: Flutter Mane|Flutter Mane, L50|13/100\n|move|p2a: Terapagos|Tera Starstorm|p1b: Picasso\n|-damage|p1b: Picasso|0 fnt\n|faint|p1b: Picasso\n|move|p1a: Tigre To\u00f1o|Parting Shot|p2a: Terapagos\n|-unboost|p2a: Terapagos|atk|1\n|-unboost|p2a: Terapagos|spa|1\n|\n|t:|1745987137\n|switch|p1a: Gaspar|Calyrex-Ice, L50|100/100|[from] Parting Shot\n|-ability|p1a: Gaspar|As One\n|-ability|p1a: Gaspar|Unnerve\n|\n|-heal|p2b: Flutter Mane|19/100|[from] Grassy Terrain\n|upkeep\n|\n|t:|1745987140\n|switch|p1b: Dory|Kyogre, L50|100/100\n|-weather|RainDance|[from] ability: Drizzle|[of] p1b: Dory\n|turn|5\n|\n|t:|1745987161\n|-terastallize|p2a: Terapagos|Stellar\n|detailschange|p2a: Terapagos|Terapagos-Stellar, L50, M, tera:Stellar\n|-heal|p2a: Terapagos|100/100|[silent]\n|-ability|p2a: Terapagos|Teraform Zero\n|-weather|none\n|-fieldend|move: Grassy Terrain\n|move|p2b: Flutter Mane|Moonblast|p1a: Gaspar\n|-damage|p1a: Gaspar|72/100\n|move|p2a: Terapagos|Calm Mind|p2a: Terapagos\n|-boost|p2a: Terapagos|spa|1\n|-boost|p2a: Terapagos|spd|1\n|move|p1b: Dory|Water Spout|p2a: Terapagos|[spread] p2a,p2b\n|-damage|p2a: Terapagos|74/100\n|-damage|p2b: Flutter Mane|0 fnt\n|faint|p2b: Flutter Mane\n|-end|p2b: Flutter Mane|Protosynthesis|[silent]\n|move|p1a: Gaspar|Glacial Lance|p2a: Terapagos\n|-crit|p2a: Terapagos\n|-damage|p2a: Terapagos|14/100\n|\n|-heal|p2a: Terapagos|20/100|[from] item: Leftovers\n|upkeep\n|\n|t:|1745987174\n|switch|p2b: Calyrex|Calyrex-Shadow, L50|7/100\n|-ability|p2b: Calyrex|As One\n|-ability|p2b: Calyrex|Unnerve\n|turn|6\n|\n|t:|1745987186\n|switch|p1a: Tigre To\u00f1o|Incineroar, L50, F|100/100\n|-ability|p1a: Tigre To\u00f1o|Intimidate|boost\n|-unboost|p2a: Terapagos|atk|1\n|-unboost|p2b: Calyrex|atk|1\n|move|p2b: Calyrex|Pollen Puff|p2a: Terapagos\n|-heal|p2a: Terapagos|70/100\n|move|p2a: Terapagos|Tera Starstorm|p1b: Dory|[spread] p1a,p1b\n|-crit|p1b: Dory\n|-damage|p1a: Tigre To\u00f1o|48/100\n|-damage|p1b: Dory|46/100\n|move|p1b: Dory|Origin Pulse|p2a: Terapagos|[spread] p2a,p2b\n|-damage|p2a: Terapagos|52/100\n|-damage|p2b: Calyrex|0 fnt\n|faint|p2b: Calyrex\n|\n|-heal|p2a: Terapagos|58/100|[from] item: Leftovers\n|upkeep\n|turn|7\n|\n|t:|1745987201\n|switch|p1b: Gaspar|Calyrex-Ice, L50|72/100\n|-ability|p1b: Gaspar|As One\n|-ability|p1b: Gaspar|Unnerve\n|move|p2a: Terapagos|Protect|p2a: Terapagos\n|-singleturn|p2a: Terapagos|Protect\n|move|p1a: Tigre To\u00f1o|Fake Out|p2a: Terapagos\n|-activate|p2a: Terapagos|move: Protect\n|\n|-heal|p2a: Terapagos|64/100|[from] item: Leftovers\n|upkeep\n|turn|8\n|\n|t:|1745987206\n|move|p2a: Terapagos|Tera Starstorm|p1a: Tigre To\u00f1o|[spread] p1a,p1b\n|-damage|p1a: Tigre To\u00f1o|0 fnt\n|-damage|p1b: Gaspar|40/100\n|faint|p1a: Tigre To\u00f1o\n|move|p1b: Gaspar|Trick Room|p1b: Gaspar\n|-fieldstart|move: Trick Room|[of] p1b: Gaspar\n|\n|-heal|p2a: Terapagos|71/100|[from] item: Leftovers\n|upkeep\n|\n|t:|1745987209\n|switch|p1a: Dory|Kyogre, L50|46/100\n|-weather|RainDance|[from] ability: Drizzle|[of] p1a: Dory\n|turn|9\n|\n|t:|1745987214\n|-terastallize|p1a: Dory|Water\n|move|p2a: Terapagos|Protect|p2a: Terapagos\n|-singleturn|p2a: Terapagos|Protect\n|move|p1b: Gaspar|Glacial Lance|p2a: Terapagos\n|-activate|p2a: Terapagos|move: Protect\n|move|p1a: Dory|Origin Pulse|p2a: Terapagos\n|-activate|p2a: Terapagos|move: Protect\n|\n|-weather|RainDance|[upkeep]\n|-heal|p2a: Terapagos|77/100|[from] item: Leftovers\n|upkeep\n|turn|10\n|\n|t:|1745987221\n|move|p1b: Gaspar|Glacial Lance|p2a: Terapagos\n|-damage|p2a: Terapagos|37/100\n|move|p1a: Dory|Origin Pulse|p2a: Terapagos\n|-damage|p2a: Terapagos|0 fnt\n|faint|p2a: Terapagos\n|\n|win|caZISA\n||caZISA is ready for game 2.\n|inactive|catsharknado has 30 seconds to confirm battle start!\n||catsharknado is ready for game 2.\n|uhtml|next|Next: <a href=\"/battle-gen9vgc2025regibo3-2353712533\"><strong>Game 2 of 3</strong></a>\n|l|\u2606catsharknado\n|player|p2|\n", "uploadtime": 1745987557, "views": 8, "formatid": "gen9vgc2025regibo3", "rating": null, "private": 0, "password": null}