{"id": "gen9vgc2025regibo3-2354670773", "format": "[Gen 9] VGC 2025 Reg I (Bo3)", "players": ["Leafeon Enjoyer", "blizzardspamming"], "log": "|j|\u2606Leafeon Enjoyer\n|j|\u2606blizzardspamming\n|html|<table width=\"100%\"><tr><td align=\"left\">Leafeon Enjoyer</td><td align=\"right\">blizzardspamming</tr><tr><td align=\"left\"><i class=\"fa fa-circle-o\"></i> <i class=\"fa fa-circle-o\"></i> </td><td align=\"right\"><i class=\"fa fa-circle-o\"></i> <i class=\"fa fa-circle\"></i> </tr></table>\n|uhtml|bestof|<h2><strong>Game 2</strong> of <a href=\"/game-bestof3-gen9vgc2025regibo3-2354668064\">a best-of-3</a></h2>\n|t:|1746109172\n|gametype|doubles\n|player|p1|Leafeon Enjoyer|aromalady|1202\n|player|p2|blizzardspamming|clair|1118\n|teamsize|p1|6\n|teamsize|p2|6\n|gen|9\n|tier|[Gen 9] VGC 2025 Reg I (Bo3)\n|rated|\n|rule|Species Clause: Limit one of each Pok\u00e9mon\n|rule|Item Clause: Limit 1 of each item\n|clearpoke\n|poke|p1|Calyrex-Shadow, L50|\n|poke|p1|Terapagos, L50, M|\n|poke|p1|Rillaboom, L50, F|\n|poke|p1|Ogerpon-Cornerstone, L50, F|\n|poke|p1|Incineroar, L50, F|\n|poke|p1|Clefairy, L50, F|\n|poke|p2|Roaring Moon, L50|\n|poke|p2|Lunala, L50|\n|poke|p2|Indeedee-F, L50, F|\n|poke|p2|Zamazenta-*, L50|\n|poke|p2|Ogerpon-Wellspring, L50, F|\n|poke|p2|Landorus, L50, M|\n|teampreview|4\n|showteam|p1|Calyrex-Shadow||CovertCloak|AsOneSpectrier|AstralBarrage,DrainingKiss,NastyPlot,Protect||||||50|,,,,,Fairy]Terapagos||Leftovers|TeraShift|CalmMind,TeraStarstorm,EarthPower,Protect|||M|||50|,,,,,Stellar]Rillaboom||AssaultVest|GrassySurge|FakeOut,WoodHammer,GrassyGlide,Uturn|||F|||50|,,,,,Water]Ogerpon-Cornerstone||CornerstoneMask|Sturdy|IvyCudgel,Taunt,SpikyShield,FollowMe|||F|||50|,,,,,Rock]Incineroar||RockyHelmet|Intimidate|FakeOut,WillOWisp,KnockOff,PartingShot|||F|||50|,,,,,Poison]Clefairy||Eviolite|FriendGuard|IcyWind,FollowMe,AfterYou,Protect|||F|||50|,,,,,Grass\n|showteam|p2|Roaring Moon||BoosterEnergy|Protosynthesis|Acrobatics,KnockOff,Tailwind,Protect||||||50|,,,,,Flying]Lunala||PowerHerb|ShadowShield|MoongeistBeam,ExpandingForce,MeteorBeam,TrickRoom||||||50|,,,,,Water]Indeedee-F||PsychicSeed|PsychicSurge|FollowMe,Psychic,HelpingHand,TrickRoom|||F|||50|,,,,,Grass]Zamazenta-Crowned||RustedShield|DauntlessShield|BodyPress,HeavySlam,WideGuard,Protect||||||50|,,,,,Fire]Ogerpon-Wellspring||WellspringMask|WaterAbsorb|IvyCudgel,HornLeech,FollowMe,SpikyShield|||F|||50|,,,,,Water]Landorus||LifeOrb|SheerForce|EarthPower,SludgeBomb,SandsearStorm,Protect|||M|||50|,,,,,Steel\n|inactive|Battle timer is ON: inactive players will automatically lose when time's up. (requested by Leafeon Enjoyer)\n|inactive|blizzardspamming has 60 seconds left.\n|\n|t:|1746109220\n|start\n|switch|p1a: Calyrex|Calyrex-Shadow, L50|100/100\n|switch|p1b: Incineroar|Incineroar, L50, F|100/100\n|switch|p2a: Roaring Moon|Roaring Moon, L50|100/100\n|switch|p2b: Landorus|Landorus, L50, M|100/100\n|-ability|p1a: Calyrex|As One\n|-ability|p1a: Calyrex|Unnerve\n|-ability|p1b: Incineroar|Intimidate|boost\n|-unboost|p2a: Roaring Moon|atk|1\n|-unboost|p2b: Landorus|atk|1\n|-enditem|p2a: Roaring Moon|Booster Energy\n|-activate|p2a: Roaring Moon|ability: Protosynthesis|[fromitem]\n|-start|p2a: Roaring Moon|protosynthesisspe\n|turn|1\n|\n|t:|1746109232\n|move|p1a: Calyrex|Protect|p1a: Calyrex\n|-singleturn|p1a: Calyrex|Protect\n|move|p2a: Roaring Moon|Knock Off|p1a: Calyrex\n|-activate|p1a: Calyrex|move: Protect\n|move|p2b: Landorus|Sludge Bomb|p1a: Calyrex\n|-activate|p1a: Calyrex|move: Protect\n|move|p1b: Incineroar|Parting Shot|p2a: Roaring Moon\n|-unboost|p2a: Roaring Moon|atk|1\n|-unboost|p2a: Roaring Moon|spa|1\n|\n|t:|1746109239\n|switch|p1b: Ogerpon|Ogerpon-Cornerstone, L50, F|100/100|[from] Parting Shot\n|\n|upkeep\n|turn|2\n|\n|t:|1746109250\n|move|p1b: Ogerpon|Follow Me|p1b: Ogerpon\n|-singleturn|p1b: Ogerpon|move: Follow Me\n|move|p2a: Roaring Moon|Tailwind|p2a: Roaring Moon\n|-sidestart|p2: blizzardspamming|move: Tailwind\n|move|p2b: Landorus|Sandsear Storm|p1b: Ogerpon|[spread] p1b\n|-miss|p2b: Landorus|p1a: Calyrex\n|-crit|p1b: Ogerpon\n|-ability|p1b: Ogerpon|Sturdy\n|-damage|p1b: Ogerpon|1/100\n|move|p1a: Calyrex|Nasty Plot|p1a: Calyrex\n|-boost|p1a: Calyrex|spa|2\n|\n|upkeep\n|turn|3\n|\n|t:|1746109274\n|-end|p2a: Roaring Moon|Protosynthesis|[silent]\n|switch|p2a: Indeedee|Indeedee-F, L50, F|100/100\n|-fieldstart|move: Psychic Terrain|[from] ability: Psychic Surge|[of] p2a: Indeedee\n|-enditem|p2a: Indeedee|Psychic Seed\n|-boost|p2a: Indeedee|spd|1|[from] item: Psychic Seed\n|-terastallize|p1a: Calyrex|Fairy\n|move|p1b: Ogerpon|Spiky Shield|p1b: Ogerpon\n|-singleturn|p1b: Ogerpon|move: Protect\n|move|p2b: Landorus|Sandsear Storm|p1b: Ogerpon|[spread] \n|-activate|p1b: Ogerpon|move: Protect\n|-miss|p2b: Landorus|p1a: Calyrex\n|move|p1a: Calyrex|Draining Kiss|p2a: Indeedee\n|-damage|p2a: Indeedee|56/100\n|\n|upkeep\n|turn|4\n|\n|t:|1746109292\n|move|p2a: Indeedee|Helping Hand|p2b: Landorus\n|-singleturn|p2b: Landorus|Helping Hand|[of] p2a: Indeedee\n|move|p2b: Landorus|Sandsear Storm|p1a: Calyrex|[spread] p1a,p1b\n|-damage|p1a: Calyrex|19/100\n|-damage|p1b: Ogerpon|0 fnt\n|faint|p1b: Ogerpon\n|move|p1a: Calyrex|Astral Barrage|p2a: Indeedee|[spread] p2b\n|-immune|p2a: Indeedee\n|-damage|p2b: Landorus|11/100\n|\n|upkeep\n|\n|t:|1746109302\n|switch|p1b: Incineroar|Incineroar, L50, F|100/100\n|-ability|p1b: Incineroar|Intimidate|boost\n|-unboost|p2a: Indeedee|atk|1\n|-unboost|p2b: Landorus|atk|1\n|turn|5\n|\n|t:|1746109315\n|-terastallize|p2b: Landorus|Steel\n|move|p1a: Calyrex|Protect|p1a: Calyrex\n|-singleturn|p1a: Calyrex|Protect\n|move|p2b: Landorus|Earth Power|p1b: Incineroar\n|-supereffective|p1b: Incineroar\n|-damage|p1b: Incineroar|0 fnt\n|faint|p1b: Incineroar\n|move|p2a: Indeedee|Trick Room|p2a: Indeedee\n|-fieldstart|move: Trick Room|[of] p2a: Indeedee\n|\n|-sideend|p2: blizzardspamming|move: Tailwind\n|upkeep\n|\n|t:|1746109319\n|switch|p1b: Clefairy|Clefairy, L50, F|100/100\n|turn|6\n|\n|t:|1746109332\n|move|p2a: Indeedee|Helping Hand|p2b: Landorus\n|-singleturn|p2b: Landorus|Helping Hand|[of] p2a: Indeedee\n|move|p1b: Clefairy|Follow Me|p1b: Clefairy\n|-singleturn|p1b: Clefairy|move: Follow Me\n|move|p2b: Landorus|Sludge Bomb|p1b: Clefairy\n|-supereffective|p1b: Clefairy\n|-damage|p1b: Clefairy|0 fnt\n|faint|p1b: Clefairy\n|move|p1a: Calyrex|Draining Kiss|p2b: Landorus\n|-resisted|p2b: Landorus\n|-damage|p2b: Landorus|0 fnt\n|-heal|p1a: Calyrex|27/100|[from] drain|[of] p2b: Landorus\n|faint|p2b: Landorus\n|-ability|p1a: Calyrex|Grim Neigh|boost\n|-boost|p1a: Calyrex|spa|1\n|\n|upkeep\n|\n|t:|1746109341\n|switch|p2b: Zamazenta|Zamazenta-Crowned, L50|100/100\n|-ability|p2b: Zamazenta|Dauntless Shield|boost\n|-boost|p2b: Zamazenta|def|1\n|turn|7\n|\n|t:|1746109345\n|move|p1a: Calyrex|Protect|p1a: Calyrex\n|-singleturn|p1a: Calyrex|Protect\n|move|p2a: Indeedee|Psychic|p1a: Calyrex\n|-activate|p1a: Calyrex|move: Protect\n|move|p2b: Zamazenta|Heavy Slam|p1a: Calyrex\n|-activate|p1a: Calyrex|move: Protect\n|\n|-fieldend|move: Psychic Terrain\n|upkeep\n|turn|8\n|\n|t:|1746109349\n|move|p1a: Calyrex|Protect||[still]\n|-fail|p1a: Calyrex\n|move|p2a: Indeedee|Psychic|p1a: Calyrex\n|-damage|p1a: Calyrex|2/100\n|move|p2b: Zamazenta|Heavy Slam|p1a: Calyrex\n|-supereffective|p1a: Calyrex\n|-damage|p1a: Calyrex|0 fnt\n|faint|p1a: Calyrex\n|\n|win|blizzardspamming\n|raw|Leafeon Enjoyer's rating: 1202 &rarr; <strong>1171</strong><br />(-31 for losing)\n|raw|blizzardspamming's rating: 1118 &rarr; <strong>1149</strong><br />(+31 for winning)\n|l|\u2606Leafeon Enjoyer\n|player|p1|\n", "uploadtime": 1746109379, "views": 12, "formatid": "gen9vgc2025regibo3", "rating": 1149, "private": 0, "password": null}