{"id": "gen9vgc2025regibo3-2355072081", "format": "[Gen 9] VGC 2025 Reg I (Bo3)", "players": ["jibbles gible", "Owain330"], "log": "|j|\u2606jibbles gible\n|j|\u2606Owain330\n|html|<table width=\"100%\"><tr><td align=\"left\">jibbles gible</td><td align=\"right\">Owain330</tr><tr><td align=\"left\"><i class=\"fa fa-circle\"></i> <i class=\"fa fa-circle-o\"></i> </td><td align=\"right\"><i class=\"fa fa-circle-o\"></i> <i class=\"fa fa-circle-o\"></i> </tr></table>\n|uhtml|bestof|<h2><strong>Game 2</strong> of <a href=\"/game-bestof3-gen9vgc2025regibo3-2355069751\">a best-of-3</a></h2>\n|t:|1746148988\n|gametype|doubles\n|player|p1|jibbles gible|266|\n|player|p2|Owain330|brendan-masters|\n|teamsize|p1|6\n|teamsize|p2|6\n|gen|9\n|tier|[Gen 9] VGC 2025 Reg I (Bo3)\n|rule|Species Clause: Limit one of each Pok\u00e9mon\n|rule|Item Clause: Limit 1 of each item\n|clearpoke\n|poke|p1|Calyrex-Ice, L50|\n|poke|p1|Miraidon, L50|\n|poke|p1|Flutter Mane, L50|\n|poke|p1|Chi-Yu, L50|\n|poke|p1|Farigiraf, L50, F|\n|poke|p1|Urshifu-*, L50, M|\n|poke|p2|Miraidon, L50|\n|poke|p2|Iron Valiant, L50|\n|poke|p2|Urshifu-*, L50, F|\n|poke|p2|Incineroar, L50, M|\n|poke|p2|Kyogre, L50|\n|poke|p2|Whimsicott, L50, F|\n|teampreview|4\n|showteam|p1|Calyrex-Ice||ClearAmulet|AsOneGlastrier|GlacialLance,HighHorsepower,TrickRoom,Protect||||||50|,,,,,Fairy]Miraidon||ChoiceSpecs|HadronEngine|ElectroDrift,DracoMeteor,VoltSwitch,DazzlingGleam||||||50|,,,,,Fairy]Flutter Mane||BoosterEnergy|Protosynthesis|Moonblast,ShadowBall,IcyWind,Protect||||||50|,,,,,Normal]Chi-Yu||ChoiceScarf|BeadsofRuin|Flamethrower,DarkPulse,Snarl,Overheat||||||50|,,,,,Ghost]Farigiraf||ElectricSeed|ArmorTail|FoulPlay,PsychicNoise,TrickRoom,HelpingHand|||F|||50|,,,,,Water]Urshifu||FocusSash|UnseenFist|WickedBlow,SuckerPunch,CloseCombat,Protect|||M|||50|,,,,,Dark\n|showteam|p2|Miraidon||LifeOrb|HadronEngine|ElectroDrift,VoltSwitch,DazzlingGleam,Protect||||||50|,,,,,Fairy]Iron Valiant||FocusSash|QuarkDrive|WideGuard,ShadowSneak,SpiritBreak,IcyWind||||||50|,,,,,Ghost]Urshifu-Rapid-Strike||ChoiceBand|UnseenFist|SurgingStrikes,CloseCombat,Uturn,PoisonJab|||F|||50|,,,,,Ghost]Incineroar||SafetyGoggles|Intimidate|FakeOut,KnockOff,PartingShot,WillOWisp|||M|||50|,,,,,Ghost]Kyogre||ChoiceSpecs|Drizzle|WaterSpout,Thunder,IceBeam,OriginPulse||||||50|,,,,,Grass]Whimsicott||CovertCloak|Prankster|Tailwind,Taunt,DazzlingGleam,HelpingHand|||F|||50|,,,,,Steel\n|inactive|Battle timer is ON: inactive players will automatically lose when time's up. (requested by jibbles gible)\n|j| good evening 47\n|inactive|jibbles gible has 60 seconds left.\n|inactive|Owain330 has 60 seconds left.\n|inactive|jibbles gible has 30 seconds left.\n|inactive|jibbles gible has 20 seconds left.\n|inactive|jibbles gible has 15 seconds left.\n|\n|t:|1746149071\n|start\n|switch|p1a: Chi 3|Miraidon, L50|100/100\n|switch|p1b: Great Neck|Farigiraf, L50, F|100/100\n|switch|p2a: Suspect|Urshifu-Rapid-Strike, L50, F|100/100\n|switch|p2b: Sussy|Whimsicott, L50, F|100/100\n|-fieldstart|move: Electric Terrain|[from] ability: Hadron Engine|[of] p1a: Chi 3\n|-enditem|p1b: Great Neck|Electric Seed\n|-boost|p1b: Great Neck|def|1|[from] item: Electric Seed\n|turn|1\n|inactive|Owain330 has 30 seconds left.\n|inactive|Owain330 has 20 seconds left.\n|\n|t:|1746149109\n|-terastallize|p1b: Great Neck|Water\n|move|p1a: Chi 3|Volt Switch|p2a: Suspect\n|-supereffective|p2a: Suspect\n|-damage|p2a: Suspect|0 fnt\n|faint|p2a: Suspect\n|\n|t:|1746149115\n|switch|p1a: Honse|Calyrex-Ice, L50|100/100|[from] Volt Switch\n|-ability|p1a: Honse|As One\n|-ability|p1a: Honse|Unnerve\n|move|p2b: Sussy|Dazzling Gleam|p1a: Honse|[spread] p1a,p1b\n|-damage|p1a: Honse|89/100\n|-damage|p1b: Great Neck|86/100\n|move|p1b: Great Neck|Trick Room|p1b: Great Neck\n|-fieldstart|move: Trick Room|[of] p1b: Great Neck\n|\n|upkeep\n|\n|t:|1746149131\n|switch|p2a: Shady|Incineroar, L50, M|100/100\n|-ability|p2a: Shady|Intimidate|boost\n|-fail|p1a: Honse|unboost|[from] item: Clear Amulet|[of] p1a: Honse\n|-unboost|p1b: Great Neck|atk|1\n|turn|2\n|\n|t:|1746149153\n|switch|p2b: Fishy|Kyogre, L50|100/100\n|-weather|RainDance|[from] ability: Drizzle|[of] p2b: Fishy\n|move|p1b: Great Neck|Helping Hand|p1a: Honse\n|-singleturn|p1a: Honse|Helping Hand|[of] p1b: Great Neck\n|move|p1a: Honse|High Horsepower|p2a: Shady\n|-supereffective|p2a: Shady\n|-damage|p2a: Shady|11/100\n|move|p2a: Shady|Will-O-Wisp|p1a: Honse\n|-status|p1a: Honse|brn\n|\n|-weather|RainDance|[upkeep]\n|-damage|p1a: Honse|83/100 brn|[from] brn\n|upkeep\n|turn|3\n|inactive|jibbles gible has 30 seconds left.\n|inactive|Owain330 has 30 seconds left.\n|inactive|jibbles gible has 20 seconds left.\n|inactive|Owain330 has 20 seconds left.\n|inactive|jibbles gible has 15 seconds left.\n|\n|t:|1746149197\n|switch|p2a: Sussy|Whimsicott, L50, F|100/100\n|move|p1b: Great Neck|Helping Hand|p1a: Honse\n|-singleturn|p1a: Honse|Helping Hand|[of] p1b: Great Neck\n|move|p1a: Honse|Glacial Lance|p2a: Sussy|[spread] p2a,p2b\n|-supereffective|p2a: Sussy\n|-resisted|p2b: Fishy\n|-damage|p2a: Sussy|32/100\n|-damage|p2b: Fishy|76/100\n|move|p2b: Fishy|Thunder|p1b: Great Neck\n|-supereffective|p1b: Great Neck\n|-damage|p1b: Great Neck|0 fnt\n|faint|p1b: Great Neck\n|\n|-weather|RainDance|[upkeep]\n|-damage|p1a: Honse|77/100 brn|[from] brn\n|upkeep\n|inactive|jibbles gible has 30 seconds left.\n|\n|t:|1746149232\n|switch|p1b: \u4f60\u771f\u4e0d\u77e5\u9053\u6211\u662f\u8c01|Urshifu, L50, M|100/100\n|turn|4\n|\n|t:|1746149246\n|switch|p2a: Shady|Incineroar, L50, M|11/100\n|-ability|p2a: Shady|Intimidate|boost\n|-fail|p1a: Honse|unboost|[from] item: Clear Amulet|[of] p1a: Honse\n|-unboost|p1b: \u4f60\u771f\u4e0d\u77e5\u9053\u6211\u662f\u8c01|atk|1\n|move|p1a: Honse|Glacial Lance|p2b: Fishy|[spread] p2a,p2b\n|-resisted|p2a: Shady\n|-resisted|p2b: Fishy\n|-damage|p2a: Shady|1/100\n|-damage|p2b: Fishy|60/100\n|move|p2b: Fishy|Thunder|p1a: Honse\n|-damage|p1a: Honse|22/100 brn\n|move|p1b: \u4f60\u771f\u4e0d\u77e5\u9053\u6211\u662f\u8c01|Close Combat|p2b: Fishy\n|-damage|p2b: Fishy|14/100\n|-unboost|p1b: \u4f60\u771f\u4e0d\u77e5\u9053\u6211\u662f\u8c01|def|1\n|-unboost|p1b: \u4f60\u771f\u4e0d\u77e5\u9053\u6211\u662f\u8c01|spd|1\n|\n|-weather|RainDance|[upkeep]\n|-damage|p1a: Honse|16/100 brn|[from] brn\n|upkeep\n|turn|5\n|inactive|Owain330 has 30 seconds left.\n|\n|t:|1746149273\n|switch|p1a: Chi 3|Miraidon, L50|100/100\n|-activate|p1a: Chi 3|ability: Hadron Engine\n|move|p1b: \u4f60\u771f\u4e0d\u77e5\u9053\u6211\u662f\u8c01|Protect|p1b: \u4f60\u771f\u4e0d\u77e5\u9053\u6211\u662f\u8c01\n|-singleturn|p1b: \u4f60\u771f\u4e0d\u77e5\u9053\u6211\u662f\u8c01|Protect\n|move|p2a: Shady|Fake Out|p1a: Chi 3\n|-damage|p1a: Chi 3|91/100\n|move|p2b: Fishy|Thunder|p1b: \u4f60\u771f\u4e0d\u77e5\u9053\u6211\u662f\u8c01\n|-activate|p1b: \u4f60\u771f\u4e0d\u77e5\u9053\u6211\u662f\u8c01|move: Protect\n|\n|-weather|RainDance|[upkeep]\n|-fieldend|move: Trick Room\n|-fieldend|move: Electric Terrain\n|upkeep\n|turn|6\n|inactive|Owain330 has 30 seconds left.\n|\n|t:|1746149299\n|switch|p2b: Sussy|Whimsicott, L50, F|32/100\n|move|p1a: Chi 3|Volt Switch|p2b: Sussy\n|-resisted|p2b: Sussy\n|-damage|p2b: Sussy|0 fnt\n|faint|p2b: Sussy\n|\n|t:|1746149303\n|switch|p1a: Honse|Calyrex-Ice, L50|16/100 brn|[from] Volt Switch\n|-ability|p1a: Honse|As One\n|-ability|p1a: Honse|Unnerve\n|move|p1b: \u4f60\u771f\u4e0d\u77e5\u9053\u6211\u662f\u8c01|Wicked Blow|p2a: Shady\n|-resisted|p2a: Shady\n|-crit|p2a: Shady\n|-damage|p2a: Shady|0 fnt\n|faint|p2a: Shady\n|\n|-weather|none\n|-damage|p1a: Honse|11/100 brn|[from] brn\n|upkeep\n|\n|t:|1746149307\n|switch|p2b: Fishy|Kyogre, L50|14/100\n|-weather|RainDance|[from] ability: Drizzle|[of] p2b: Fishy\n|turn|7\n|\n|t:|1746149311\n|move|p1b: \u4f60\u771f\u4e0d\u77e5\u9053\u6211\u662f\u8c01|Wicked Blow|p2b: Fishy\n|-crit|p2b: Fishy\n|-damage|p2b: Fishy|0 fnt\n|faint|p2b: Fishy\n|\n|win|jibbles gible\n|l| good evening 47\n", "uploadtime": 1746149344, "views": 3, "formatid": "gen9vgc2025regibo3", "rating": null, "private": 0, "password": null}