{"id": "gen9vgc2025regibo3-2354559849", "format": "[Gen 9] VGC 2025 Reg I (Bo3)", "players": ["nd.jannzx", "PresentBlue"], "log": "|j|\u2606nd.jannzx\n|j|\u2606PresentBlue\n|html|<table width=\"100%\"><tr><td align=\"left\">nd.jannzx</td><td align=\"right\">PresentBlue</tr><tr><td align=\"left\"><i class=\"fa fa-circle-o\"></i> <i class=\"fa fa-circle-o\"></i> </td><td align=\"right\"><i class=\"fa fa-circle-o\"></i> <i class=\"fa fa-circle-o\"></i> </tr></table>\n|uhtml|bestof|<h2><strong>Game 1</strong> of <a href=\"/game-bestof3-gen9vgc2025regibo3-2354559848\">a best-of-3</a></h2>\n|t:|1746094447\n|gametype|doubles\n|player|p1|nd.jannzx|101|1024\n|player|p2|PresentBlue|102|1086\n|teamsize|p1|6\n|teamsize|p2|6\n|gen|9\n|tier|[Gen 9] VGC 2025 Reg I (Bo3)\n|rated|\n|rule|Species Clause: Limit one of each Pok\u00e9mon\n|rule|Item Clause: Limit 1 of each item\n|clearpoke\n|poke|p1|Calyrex-Shadow, L50|\n|poke|p1|Urshifu-*, L50, F|\n|poke|p1|Incineroar, L50, F|\n|poke|p1|Amoonguss, L50, F|\n|poke|p1|Raging Bolt, L50|\n|poke|p1|Dragonite, L50, F|\n|poke|p2|Blissey, L50, F|\n|poke|p2|Corviknight, L50, F|\n|poke|p2|Clodsire, L50, M|\n|poke|p2|Urshifu-*, L50, F|\n|poke|p2|Kyogre, L50|\n|poke|p2|Giratina, L50|\n|teampreview|4\n|showteam|p1|Calyrex-Shadow||LifeOrb|AsOneSpectrier|Protect,Psychic,AstralBarrage,NastyPlot||||||50|,,,,,Fairy]Urshifu-Rapid-Strike||MysticWater|UnseenFist|AquaJet,SurgingStrikes,CloseCombat,Detect|||F|||50|,,,,,Rock]Incineroar||RockyHelmet|Intimidate|FakeOut,KnockOff,PartingShot,WillOWisp|||F|||50|,,,,,Grass]Amoonguss||CovertCloak|Regenerator|RagePowder,PollenPuff,ClearSmog,Protect|||F|||50|,,,,,Ground]Raging Bolt||AssaultVest|Protosynthesis|Thunderclap,DracoMeteor,Thunderbolt,Snarl||||||50|,,,,,Flying]Dragonite||ChoiceBand|InnerFocus|ExtremeSpeed,Outrage,AerialAce,IronHead|||F|||50|,,,,,Steel\n|showteam|p2|Blissey||ShellBell|Healer|SoftBoiled,SeismicToss,DazzlingGleam,HelpingHand|||F|||50|,,,,,Normal]Corviknight||RockyHelmet|MirrorArmor|Roost,IronHead,Protect,Taunt|||F|||50|,,,,,Flying]Clodsire||SafetyGoggles|WaterAbsorb|ToxicSpikes,Toxic,Recover,Protect|||M|||50|,,,,,Steel]Urshifu-Rapid-Strike||FocusSash|UnseenFist|AquaJet,Protect,SurgingStrikes,DrainPunch|||F|||50|,,,,,Steel]Kyogre||SitrusBerry|Drizzle|Protect,Surf,IcyWind,Thunder||||||50|,,,,,Grass]Giratina||WeaknessPolicy|Telepathy|ConfuseRay,IcyWind,ShadowSneak,DragonTail||||||50|,,,,,Ghost\n|\n|t:|1746094487\n|start\n|switch|p1a: Urshifu|Urshifu-Rapid-Strike, L50, F|100/100\n|switch|p1b: Amoonguss|Amoonguss, L50, F|100/100\n|switch|p2a: Clodsire|Clodsire, L50, M|100/100\n|switch|p2b: Urshifu|Urshifu-Rapid-Strike, L50, F|100/100\n|turn|1\n|\n|t:|1746094542\n|move|p1b: Amoonguss|Rage Powder|p1b: Amoonguss\n|-singleturn|p1b: Amoonguss|move: Rage Powder\n|move|p2b: Urshifu|Surging Strikes|p1b: Amoonguss\n|-resisted|p1b: Amoonguss\n|-crit|p1b: Amoonguss\n|-damage|p1b: Amoonguss|91/100\n|-resisted|p1b: Amoonguss\n|-crit|p1b: Amoonguss\n|-damage|p1b: Amoonguss|82/100\n|-resisted|p1b: Amoonguss\n|-crit|p1b: Amoonguss\n|-damage|p1b: Amoonguss|72/100\n|-hitcount|p1b: Amoonguss|3\n|move|p1a: Urshifu|Surging Strikes|p2a: Clodsire\n|-immune|p2a: Clodsire|[from] ability: Water Absorb\n|move|p2a: Clodsire|Toxic Spikes|p1a: Urshifu\n|-sidestart|p1: nd.jannzx|move: Toxic Spikes\n|\n|upkeep\n|turn|2\n|\n|t:|1746094572\n|switch|p2b: Kyogre|Kyogre, L50|100/100\n|-weather|RainDance|[from] ability: Drizzle|[of] p2b: Kyogre\n|switch|p1b: Raging Bolt|Raging Bolt, L50|100/100\n|-status|p1b: Raging Bolt|psn\n|move|p1a: Urshifu|Detect|p1a: Urshifu\n|-singleturn|p1a: Urshifu|Protect\n|move|p2a: Clodsire|Toxic Spikes|p1a: Urshifu\n|-sidestart|p1: nd.jannzx|move: Toxic Spikes\n|\n|-weather|RainDance|[upkeep]\n|-damage|p1b: Raging Bolt|88/100 psn|[from] psn\n|upkeep\n|turn|3\n|\n|t:|1746094599\n|move|p1a: Urshifu|Detect||[still]\n|-fail|p1a: Urshifu\n|move|p2b: Kyogre|Protect|p2b: Kyogre\n|-singleturn|p2b: Kyogre|Protect\n|move|p1b: Raging Bolt|Thunderclap||[still]\n|-fail|p1b: Raging Bolt\n|move|p2a: Clodsire|Toxic|p1a: Urshifu\n|-status|p1a: Urshifu|tox\n|\n|-weather|RainDance|[upkeep]\n|-damage|p1a: Urshifu|94/100 tox|[from] psn\n|-damage|p1b: Raging Bolt|75/100 psn|[from] psn\n|upkeep\n|turn|4\n|\n|t:|1746094625\n|switch|p2b: Blissey|Blissey, L50, F|100/100\n|move|p2a: Clodsire|Protect|p2a: Clodsire\n|-singleturn|p2a: Clodsire|Protect\n|move|p1b: Raging Bolt|Thunderclap||[still]\n|-fail|p1b: Raging Bolt\n|move|p1a: Urshifu|Close Combat|p2a: Clodsire\n|-resisted|p2a: Clodsire\n|-crit|p2a: Clodsire\n|-damage|p2a: Clodsire|63/100\n|-unboost|p1a: Urshifu|def|1\n|-unboost|p1a: Urshifu|spd|1\n|\n|-weather|RainDance|[upkeep]\n|-damage|p1a: Urshifu|82/100 tox|[from] psn\n|-damage|p1b: Raging Bolt|63/100 psn|[from] psn\n|upkeep\n|turn|5\n|\n|t:|1746094660\n|-end|p1b: Raging Bolt|Protosynthesis|[silent]\n|switch|p1b: Calyrex|Calyrex-Shadow, L50|100/100\n|-ability|p1b: Calyrex|As One\n|-ability|p1b: Calyrex|Unnerve\n|-status|p1b: Calyrex|tox\n|switch|p2a: Urshifu|Urshifu-Rapid-Strike, L50, F|100/100\n|move|p1a: Urshifu|Close Combat|p2b: Blissey\n|-supereffective|p2b: Blissey\n|-damage|p2b: Blissey|0 fnt\n|-unboost|p1a: Urshifu|def|1\n|-unboost|p1a: Urshifu|spd|1\n|faint|p2b: Blissey\n|\n|-weather|RainDance|[upkeep]\n|-damage|p1b: Calyrex|95/100 tox|[from] psn\n|-damage|p1a: Urshifu|63/100 tox|[from] psn\n|upkeep\n|\n|t:|1746094684\n|switch|p2b: Kyogre|Kyogre, L50|100/100\n|turn|6\n|\n|t:|1746094708\n|switch|p1a: Amoonguss|Amoonguss, L50, F|100/100\n|-sideend|p1: nd.jannzx|move: Toxic Spikes|[of] p1a: Amoonguss\n|move|p1b: Calyrex|Psychic|p2a: Urshifu\n|-supereffective|p2a: Urshifu\n|-enditem|p2a: Urshifu|Focus Sash\n|-damage|p2a: Urshifu|1/100\n|-damage|p1b: Calyrex|85/100 tox|[from] item: Life Orb\n|move|p2a: Urshifu|Surging Strikes|p1a: Amoonguss\n|-resisted|p1a: Amoonguss\n|-crit|p1a: Amoonguss\n|-damage|p1a: Amoonguss|86/100\n|-resisted|p1a: Amoonguss\n|-crit|p1a: Amoonguss\n|-damage|p1a: Amoonguss|73/100\n|-resisted|p1a: Amoonguss\n|-crit|p1a: Amoonguss\n|-damage|p1a: Amoonguss|60/100\n|-hitcount|p1a: Amoonguss|3\n|move|p2b: Kyogre|Thunder|p1b: Calyrex\n|-damage|p1b: Calyrex|58/100 tox\n|\n|-weather|none\n|-damage|p1b: Calyrex|46/100 tox|[from] psn\n|upkeep\n|turn|7\n|\n|t:|1746094757\n|-terastallize|p1b: Calyrex|Fairy\n|move|p2a: Urshifu|Protect|p2a: Urshifu\n|-singleturn|p2a: Urshifu|Protect\n|move|p1a: Amoonguss|Rage Powder|p1a: Amoonguss\n|-singleturn|p1a: Amoonguss|move: Rage Powder\n|move|p1b: Calyrex|Psychic|p2a: Urshifu\n|-activate|p2a: Urshifu|move: Protect\n|move|p2b: Kyogre|Icy Wind|p1b: Calyrex|[spread] p1a,p1b\n|-supereffective|p1a: Amoonguss\n|-damage|p1a: Amoonguss|43/100\n|-damage|p1b: Calyrex|37/100 tox\n|-unboost|p1b: Calyrex|spe|1\n|\n|-damage|p1b: Calyrex|19/100 tox|[from] psn\n|upkeep\n|turn|8\n|\n|t:|1746094784\n|move|p2a: Urshifu|Aqua Jet|p1b: Calyrex\n|-damage|p1b: Calyrex|0 fnt\n|faint|p1b: Calyrex\n|move|p2b: Kyogre|Icy Wind|p1a: Amoonguss\n|-supereffective|p1a: Amoonguss\n|-crit|p1a: Amoonguss\n|-damage|p1a: Amoonguss|7/100\n|move|p1a: Amoonguss|Pollen Puff|p1: Calyrex|[notarget]\n|-fail|p1a: Amoonguss\n|\n|upkeep\n|\n|t:|1746094790\n|switch|p1b: Raging Bolt|Raging Bolt, L50|63/100 psn\n|turn|9\n|\n|t:|1746094811\n|switch|p2a: Clodsire|Clodsire, L50, M|63/100\n|move|p2b: Kyogre|Protect|p2b: Kyogre\n|-singleturn|p2b: Kyogre|Protect\n|move|p1b: Raging Bolt|Snarl|p2b: Kyogre|[spread] p2a\n|-activate|p2b: Kyogre|move: Protect\n|-damage|p2a: Clodsire|52/100\n|-unboost|p2a: Clodsire|spa|1\n|move|p1a: Amoonguss|Clear Smog|p1b: Raging Bolt\n|-damage|p1b: Raging Bolt|55/100 psn\n|-clearboost|p1b: Raging Bolt\n|\n|-damage|p1b: Raging Bolt|42/100 psn|[from] psn\n|upkeep\n|turn|10\n|\n|t:|1746094843\n|switch|p1a: Urshifu|Urshifu-Rapid-Strike, L50, F|63/100 tox\n|-terastallize|p2b: Kyogre|Grass\n|move|p1b: Raging Bolt|Thunderclap|p2b: Kyogre\n|-resisted|p2b: Kyogre\n|-damage|p2b: Kyogre|88/100\n|move|p2b: Kyogre|Surf|p1a: Urshifu|[spread] p1a,p1b\n|-heal|p2a: Clodsire|77/100|[from] ability: Water Absorb|[of] p2b: Kyogre\n|-resisted|p1a: Urshifu\n|-resisted|p1b: Raging Bolt\n|-damage|p1a: Urshifu|36/100 tox\n|-damage|p1b: Raging Bolt|34/100 psn\n|move|p2a: Clodsire|Recover|p2a: Clodsire\n|-heal|p2a: Clodsire|100/100\n|\n|-damage|p1a: Urshifu|29/100 tox|[from] psn\n|-damage|p1b: Raging Bolt|22/100 psn|[from] psn\n|upkeep\n|turn|11\n|\n|t:|1746094862\n|move|p2b: Kyogre|Protect|p2b: Kyogre\n|-singleturn|p2b: Kyogre|Protect\n|move|p2a: Clodsire|Protect|p2a: Clodsire\n|-singleturn|p2a: Clodsire|Protect\n|move|p1b: Raging Bolt|Thunderclap||[still]\n|-fail|p1b: Raging Bolt\n|move|p1a: Urshifu|Close Combat|p2a: Clodsire\n|-resisted|p2a: Clodsire\n|-damage|p2a: Clodsire|74/100\n|-unboost|p1a: Urshifu|def|1\n|-unboost|p1a: Urshifu|spd|1\n|\n|-damage|p1a: Urshifu|17/100 tox|[from] psn\n|-damage|p1b: Raging Bolt|9/100 psn|[from] psn\n|upkeep\n|turn|12\n|\n|t:|1746094889\n|move|p1b: Raging Bolt|Thunderclap|p2b: Kyogre\n|-resisted|p2b: Kyogre\n|-damage|p2b: Kyogre|75/100\n|move|p1a: Urshifu|Close Combat|p2a: Clodsire\n|-resisted|p2a: Clodsire\n|-damage|p2a: Clodsire|47/100\n|-unboost|p1a: Urshifu|def|1\n|-unboost|p1a: Urshifu|spd|1\n|move|p2b: Kyogre|Surf|p1b: Raging Bolt|[spread] p1a,p1b\n|-heal|p2a: Clodsire|72/100|[from] ability: Water Absorb|[of] p2b: Kyogre\n|-resisted|p1a: Urshifu\n|-resisted|p1b: Raging Bolt\n|-damage|p1a: Urshifu|0 fnt\n|-damage|p1b: Raging Bolt|1/100 psn\n|faint|p1a: Urshifu\n|move|p2a: Clodsire|Recover|p2a: Clodsire\n|-heal|p2a: Clodsire|100/100\n|\n|-damage|p1b: Raging Bolt|0 fnt|[from] psn\n|faint|p1b: Raging Bolt\n|-end|p1b: Raging Bolt|Protosynthesis|[silent]\n|upkeep\n|\n|t:|1746094907\n|switch|p1a: Amoonguss|Amoonguss, L50, F|40/100\n|turn|13\n|\n|t:|1746094915\n|switch|p2a: Urshifu|Urshifu-Rapid-Strike, L50, F|1/100\n|move|p1a: Amoonguss|Protect|p1a: Amoonguss\n|-singleturn|p1a: Amoonguss|Protect\n|move|p2b: Kyogre|Icy Wind|p1a: Amoonguss\n|-activate|p1a: Amoonguss|move: Protect\n|\n|upkeep\n|turn|14\n|\n|t:|1746094925\n|move|p2a: Urshifu|Surging Strikes|p1a: Amoonguss\n|-resisted|p1a: Amoonguss\n|-crit|p1a: Amoonguss\n|-damage|p1a: Amoonguss|30/100\n|-resisted|p1a: Amoonguss\n|-crit|p1a: Amoonguss\n|-damage|p1a: Amoonguss|22/100\n|-resisted|p1a: Amoonguss\n|-crit|p1a: Amoonguss\n|-damage|p1a: Amoonguss|12/100\n|-hitcount|p1a: Amoonguss|3\n|move|p2b: Kyogre|Icy Wind|p1a: Amoonguss\n|-supereffective|p1a: Amoonguss\n|-damage|p1a: Amoonguss|0 fnt\n|faint|p1a: Amoonguss\n|\n|win|PresentBlue\n|l|\u2606nd.jannzx\n|player|p1|\n|inactive|nd.jannzx has 30 seconds to confirm battle start!\n|inactive|PresentBlue has 30 seconds to confirm battle start!\n|inactive|nd.jannzx has 20 seconds to confirm battle start!\n|inactive|PresentBlue has 20 seconds to confirm battle start!\n|l|\u2606PresentBlue\n|player|p2|\n|inactive|nd.jannzx has 10 seconds to confirm battle start!\n|inactive|PresentBlue has 10 seconds to confirm battle start!\n|inactive|nd.jannzx has 0 seconds to confirm battle start!\n|inactive|PresentBlue has 0 seconds to confirm battle start!\n|uhtml|next|Next: <a href=\"/battle-gen9vgc2025regibo3-2354562759\"><strong>Game 2 of 3</strong></a>\n|j|\u2606nd.jannzx\n|player|p1|nd.jannzx|101|\n|l|\u2606nd.jannzx\n|player|p1|\n", "uploadtime": 1746095265, "views": 7, "formatid": "gen9vgc2025regibo3", "rating": null, "private": 0, "password": null}