{"id": "gen9vgc2025regibo3-2353419362", "format": "[Gen 9] VGC 2025 Reg I (Bo3)", "players": ["Namsnurb", "CaHu2"], "log": "|j|\u2606Namsnurb\n|j|\u2606CaHu2\n|html|<table width=\"100%\"><tr><td align=\"left\">Namsnurb</td><td align=\"right\">CaHu2</tr><tr><td align=\"left\"><i class=\"fa fa-circle-o\"></i> <i class=\"fa fa-circle-o\"></i> </td><td align=\"right\"><i class=\"fa fa-circle-o\"></i> <i class=\"fa fa-circle\"></i> </tr></table>\n|uhtml|bestof|<h2><strong>Game 2</strong> of <a href=\"/game-bestof3-gen9vgc2025regibo3-2353416210\">a best-of-3</a></h2>\n|t:|1745954300\n|gametype|doubles\n|player|p1|Namsnurb|alder|1005\n|player|p2|CaHu2|clay|1000\n|teamsize|p1|6\n|teamsize|p2|6\n|gen|9\n|tier|[Gen 9] VGC 2025 Reg I (Bo3)\n|rated|\n|rule|Species Clause: Limit one of each Pok\u00e9mon\n|rule|Item Clause: Limit 1 of each item\n|clearpoke\n|poke|p1|Calyrex-Ice, L50|\n|poke|p1|Tornadus, L50, M|\n|poke|p1|Amoonguss, L50, M|\n|poke|p1|Ogerpon-Cornerstone, L50, F|\n|poke|p1|Miraidon, L50|\n|poke|p1|Ditto, L50|\n|poke|p2|Necrozma-Dusk-Mane, L50|\n|poke|p2|Palkia, L50|\n|poke|p2|Indeedee-F, L50, F|\n|poke|p2|Pelipper, L50, F|\n|poke|p2|Rillaboom, L50, M|\n|poke|p2|Ursaluna-Bloodmoon, L50, M|\n|teampreview|4\n|showteam|p1|Calyrex-Ice||ClearAmulet|AsOneGlastrier|SwordsDance,Protect,GlacialLance,HighHorsepower||||||50|,,,,,Water]Tornadus||CovertCloak|Prankster|Taunt,Tailwind,BleakwindStorm,DarkPulse|||M|||50|,,,,,Dark]Amoonguss||RockyHelmet|EffectSpore|PollenPuff,SludgeBomb,Spore,RagePowder|||M|||50|,,,,,Water]Ogerpon-Cornerstone||CornerstoneMask|Sturdy|FollowMe,IvyCudgel,SpikyShield,PowerWhip|||F|||50|,,,,,Rock]Miraidon||ChoiceSpecs|HadronEngine|DazzlingGleam,Overheat,ElectroDrift,VoltSwitch||||||50|,,,,,Fairy]Ditto||ChoiceScarf|Imposter|Transform||||||50|,,,,,Normal\n|showteam|p2|Necrozma-Dusk-Mane||ClearAmulet|PrismArmor|SunsteelStrike,PhotonGeyser,Protect,TrickRoom||||||50|,,,,,Steel]Palkia||LifeOrb|Pressure|SpacialRend,HydroPump,TrickRoom,Protect||||||50|,,,,,Grass]Indeedee-F||SafetyGoggles|PsychicSurge|DazzlingGleam,HelpingHand,FollowMe,TrickRoom|||F|||50|,,,,,Ghost]Pelipper||FocusSash|Drizzle|WeatherBall,Uturn,WideGuard,Tailwind|||F|||50|,,,,,Ghost]Rillaboom||AssaultVest|GrassySurge|GrassyGlide,WoodHammer,Uturn,FakeOut|||M|||50|,,,,,Grass]Ursaluna-Bloodmoon||Leftovers|MindsEye|BloodMoon,EarthPower,CalmMind,Protect|||M|||50|,,,,,Grass\n|inactive|Battle timer is ON: inactive players will automatically lose when time's up. (requested by CaHu2)\n|inactive|CaHu2 has 60 seconds left.\n|l|\u2606Namsnurb\n|inactive|Namsnurb disconnected and has a minute to reconnect!\n|player|p1|\n|\n|t:|1745954355\n|start\n|switch|p1a: Calyrex|Calyrex-Ice, L50|100/100\n|switch|p1b: Tornadus|Tornadus, L50, M|100/100\n|switch|p2a: Necrozma|Necrozma-Dusk-Mane, L50|100/100\n|switch|p2b: Rillaboom|Rillaboom, L50, M|100/100\n|-ability|p1a: Calyrex|As One\n|-ability|p1a: Calyrex|Unnerve\n|-fieldstart|move: Grassy Terrain|[from] ability: Grassy Surge|[of] p2b: Rillaboom\n|turn|1\n|j|\u2606Namsnurb\n|inactive|Namsnurb reconnected and has 55 seconds left.\n|player|p1|Namsnurb|alder|\n|inactive|CaHu2 has 30 seconds left.\n|\n|t:|1745954382\n|move|p1a: Calyrex|Protect|p1a: Calyrex\n|-singleturn|p1a: Calyrex|Protect\n|move|p2b: Rillaboom|Fake Out|p1a: Calyrex\n|-activate|p1a: Calyrex|move: Protect\n|move|p1b: Tornadus|Tailwind|p1b: Tornadus\n|-sidestart|p1: Namsnurb|move: Tailwind\n|move|p2a: Necrozma|Trick Room|p2a: Necrozma\n|-fieldstart|move: Trick Room|[of] p2a: Necrozma\n|\n|upkeep\n|turn|2\n|inactive|Namsnurb has 30 seconds left.\n|\n|t:|1745954413\n|move|p2a: Necrozma|Sunsteel Strike|p1a: Calyrex\n|-supereffective|p1a: Calyrex\n|-damage|p1a: Calyrex|40/100\n|move|p1a: Calyrex|Glacial Lance|p2a: Necrozma|[spread] p2a,p2b\n|-resisted|p2a: Necrozma\n|-supereffective|p2b: Rillaboom\n|-damage|p2a: Necrozma|84/100\n|-damage|p2b: Rillaboom|0 fnt\n|faint|p2b: Rillaboom\n|-ability|p1a: Calyrex|Chilling Neigh|boost\n|-boost|p1a: Calyrex|atk|1\n|move|p1b: Tornadus|Bleakwind Storm|p2a: Necrozma\n|-resisted|p2a: Necrozma\n|-damage|p2a: Necrozma|63/100\n|\n|-heal|p2a: Necrozma|69/100|[from] Grassy Terrain\n|-heal|p1a: Calyrex|45/100|[from] Grassy Terrain\n|upkeep\n|\n|t:|1745954426\n|switch|p2b: Ursaluna|Ursaluna-Bloodmoon, L50, M|100/100\n|turn|3\n|\n|t:|1745954442\n|move|p1b: Tornadus|Taunt|p2b: Ursaluna\n|-start|p2b: Ursaluna|move: Taunt\n|cant|p2b: Ursaluna|move: Taunt|Calm Mind\n|move|p2a: Necrozma|Sunsteel Strike|p1a: Calyrex\n|-supereffective|p1a: Calyrex\n|-damage|p1a: Calyrex|0 fnt\n|faint|p1a: Calyrex\n|\n|-heal|p2a: Necrozma|75/100|[from] Grassy Terrain\n|upkeep\n|\n|t:|1745954457\n|switch|p1a: Ogerpon|Ogerpon-Cornerstone, L50, F|100/100\n|turn|4\n|\n|t:|1745954471\n|move|p1a: Ogerpon|Spiky Shield|p1a: Ogerpon\n|-singleturn|p1a: Ogerpon|move: Protect\n|move|p2a: Necrozma|Sunsteel Strike|p1b: Tornadus\n|-damage|p1b: Tornadus|23/100\n|move|p2b: Ursaluna|Blood Moon|p1b: Tornadus\n|-damage|p1b: Tornadus|0 fnt\n|faint|p1b: Tornadus\n|\n|-heal|p2a: Necrozma|80/100|[from] Grassy Terrain\n|-sideend|p1: Namsnurb|move: Tailwind\n|upkeep\n|\n|t:|1745954482\n|switch|p1b: Miraidon|Miraidon, L50|100/100\n|-fieldstart|move: Electric Terrain|[from] ability: Hadron Engine|[of] p1b: Miraidon\n|turn|5\n|\n|t:|1745954497\n|-terastallize|p1b: Miraidon|Fairy\n|move|p2a: Necrozma|Sunsteel Strike|p1a: Ogerpon\n|-supereffective|p1a: Ogerpon\n|-damage|p1a: Ogerpon|0 fnt\n|faint|p1a: Ogerpon\n|move|p2b: Ursaluna|Earth Power|p1b: Miraidon\n|-damage|p1b: Miraidon|60/100\n|move|p1b: Miraidon|Dazzling Gleam|p2a: Necrozma|[spread] p2a,p2b\n|-resisted|p2a: Necrozma\n|-damage|p2a: Necrozma|55/100\n|-damage|p2b: Ursaluna|30/100\n|\n|-heal|p2b: Ursaluna|35/100|[from] item: Leftovers\n|-end|p2b: Ursaluna|move: Taunt\n|-fieldend|move: Trick Room\n|upkeep\n|turn|6\n|inactive|CaHu2 has 30 seconds left.\n|\n|t:|1745954523\n|move|p2a: Necrozma|Protect|p2a: Necrozma\n|-singleturn|p2a: Necrozma|Protect\n|move|p1b: Miraidon|Dazzling Gleam|p2b: Ursaluna|[spread] p2b\n|-activate|p2a: Necrozma|move: Protect\n|-damage|p2b: Ursaluna|0 fnt\n|faint|p2b: Ursaluna\n|\n|upkeep\n|\n|t:|1745954529\n|switch|p2b: Palkia|Palkia, L50|100/100\n|-ability|p2b: Palkia|Pressure\n|turn|7\n|\n|t:|1745954540\n|-terastallize|p2b: Palkia|Grass\n|move|p1b: Miraidon|Dazzling Gleam|p2a: Necrozma|[spread] p2a,p2b\n|-resisted|p2a: Necrozma\n|-damage|p2a: Necrozma|28/100\n|-damage|p2b: Palkia|53/100\n|move|p2a: Necrozma|Sunsteel Strike|p1b: Miraidon\n|-supereffective|p1b: Miraidon\n|-damage|p1b: Miraidon|0 fnt\n|faint|p1b: Miraidon\n|\n|win|CaHu2\n|raw|Namsnurb's rating: 1005 &rarr; <strong>1000</strong><br />(-5 for losing)\n|raw|CaHu2's rating: 1000 &rarr; <strong>1041</strong><br />(+41 for winning)\n|c|\u2606CaHu2|gg\n", "uploadtime": 1745954559, "views": 11, "formatid": "gen9vgc2025regibo3", "rating": 1000, "private": 0, "password": null}