{"id": "gen9vgc2025regibo3-2353839091", "format": "[Gen 9] VGC 2025 Reg I (Bo3)", "players": ["thatonenpc506", "Sanjo4 2.0"], "log": "|j|\u2606thatonenpc506\n|j|\u2606Sanjo4 2.0\n|html|<table width=\"100%\"><tr><td align=\"left\">thatonenpc506</td><td align=\"right\">Sanjo4 2.0</tr><tr><td align=\"left\"><i class=\"fa fa-circle-o\"></i> <i class=\"fa fa-circle-o\"></i> </td><td align=\"right\"><i class=\"fa fa-circle-o\"></i> <i class=\"fa fa-circle-o\"></i> </tr></table>\n|uhtml|bestof|<h2><strong>Game 1</strong> of <a href=\"/game-bestof3-gen9vgc2025regibo3-2353839089\">a best-of-3</a></h2>\n|t:|1746008414\n|gametype|doubles\n|player|p1|thatonenpc506|101|1032\n|player|p2|Sanjo4 2.0|cyclist-gen4|1134\n|teamsize|p1|6\n|teamsize|p2|6\n|gen|9\n|tier|[Gen 9] VGC 2025 Reg I (Bo3)\n|rated|\n|rule|Species Clause: Limit one of each Pok\u00e9mon\n|rule|Item Clause: Limit 1 of each item\n|clearpoke\n|poke|p1|Clefairy, L50, F|\n|poke|p1|Miraidon, L50|\n|poke|p1|Tornadus, L50, M|\n|poke|p1|Calyrex-Shadow, L50|\n|poke|p1|Pachirisu, L50, F|\n|poke|p1|Urshifu-*, L50, F|\n|poke|p2|Kyogre, L50|\n|poke|p2|Zacian-*, L50|\n|poke|p2|Tornadus, L50, M|\n|poke|p2|Urshifu-*, L50, M|\n|poke|p2|Amoonguss, L50, F|\n|poke|p2|Chien-Pao, L50|\n|teampreview|4\n|showteam|p1|Clefairy||Eviolite|FriendGuard|FollowMe,HelpingHand,HealPulse,AfterYou|||F|||50|,,,,,Fairy]Miraidon||LifeOrb|HadronEngine|ElectroDrift,DracoMeteor,Discharge,DazzlingGleam||||||50|,,,,,Fairy]Tornadus||CovertCloak|Prankster|BleakwindStorm,Tailwind,Taunt,KnockOff|||M|||50|,,,,,Flying]Calyrex-Shadow||AssaultVest|AsOneSpectrier|AstralBarrage,DrainingKiss,Psychic,EnergyBall||||||50|,,,,,Psychic]Pachirisu||SafetyGoggles|VoltAbsorb|FollowMe,HelpingHand,Nuzzle,ThunderWave|||F|||50|,,,,,Grass]Urshifu-Rapid-Strike||FocusSash|UnseenFist|AquaJet,SurgingStrikes,CloseCombat,Detect|||F|||50|,,,,,Fighting\n|showteam|p2|Kyogre||MysticWater|Drizzle|WaterSpout,OriginPulse,IceBeam,Protect||||||50|,,,,,Grass]Zacian-Crowned||RustedSword|IntrepidSword|behemothblade,Substitute,Protect,PlayRough||||||50|,,,,,Fairy]Tornadus||CovertCloak|Prankster|Taunt,BleakwindStorm,Tailwind,RainDance|||M|||50|,,,,,Steel]Urshifu-Rapid-Strike||FocusSash|UnseenFist|SurgingStrikes,Detect,AquaJet,CloseCombat|||M|||50|,,,,,Stellar]Amoonguss||RockyHelmet|Regenerator|Spore,RagePowder,Protect,SludgeBomb|||F|||50|,,,,,Fairy]Chien-Pao||LifeOrb|SwordofRuin|IceSpinner,SuckerPunch,Crunch,Protect||||||50|,,,,,Ghost\n|inactive|Battle timer is ON: inactive players will automatically lose when time's up. (requested by thatonenpc506)\n|\n|t:|1746008473\n|start\n|switch|p1a: Miraidon|Miraidon, L50|100/100\n|switch|p1b: Pachirisu|Pachirisu, L50, F|100/100\n|switch|p2a: Chien-Pao|Chien-Pao, L50|100/100\n|switch|p2b: Zacian|Zacian-Crowned, L50|100/100\n|-ability|p2b: Zacian|Intrepid Sword|boost\n|-boost|p2b: Zacian|atk|1\n|-ability|p2a: Chien-Pao|Sword of Ruin\n|-fieldstart|move: Electric Terrain|[from] ability: Hadron Engine|[of] p1a: Miraidon\n|turn|1\n|\n|t:|1746008497\n|switch|p2a: Amoonguss|Amoonguss, L50, F|100/100\n|move|p1b: Pachirisu|Follow Me|p1b: Pachirisu\n|-singleturn|p1b: Pachirisu|move: Follow Me\n|move|p2b: Zacian|Substitute|p2b: Zacian\n|-start|p2b: Zacian|Substitute\n|-damage|p2b: Zacian|76/100\n|move|p1a: Miraidon|Electro Drift|p2b: Zacian\n|-end|p2b: Zacian|Substitute\n|-damage|p1a: Miraidon|91/100|[from] item: Life Orb\n|\n|upkeep\n|turn|2\n|\n|t:|1746008519\n|move|p1b: Pachirisu|Follow Me|p1b: Pachirisu\n|-singleturn|p1b: Pachirisu|move: Follow Me\n|move|p2a: Amoonguss|Rage Powder|p2a: Amoonguss\n|-singleturn|p2a: Amoonguss|move: Rage Powder\n|move|p2b: Zacian|Play Rough|p1b: Pachirisu\n|-damage|p1b: Pachirisu|0 fnt\n|faint|p1b: Pachirisu\n|move|p1a: Miraidon|Electro Drift|p2a: Amoonguss\n|-resisted|p2a: Amoonguss\n|-damage|p2a: Amoonguss|59/100\n|-damage|p1a: Miraidon|74/100|[from] item: Rocky Helmet|[of] p2a: Amoonguss\n|-damage|p1a: Miraidon|64/100|[from] item: Life Orb\n|\n|upkeep\n|\n|t:|1746008538\n|switch|p1b: Calyrex|Calyrex-Shadow, L50|100/100\n|-ability|p1b: Calyrex|As One\n|-ability|p1b: Calyrex|Unnerve\n|turn|3\n|\n|t:|1746008558\n|move|p2a: Amoonguss|Protect|p2a: Amoonguss\n|-singleturn|p2a: Amoonguss|Protect\n|move|p1b: Calyrex|Astral Barrage|p2b: Zacian|[spread] p2b\n|-activate|p2a: Amoonguss|move: Protect\n|-damage|p2b: Zacian|26/100\n|move|p2b: Zacian|Play Rough|p1a: Miraidon\n|-supereffective|p1a: Miraidon\n|-damage|p1a: Miraidon|0 fnt\n|faint|p1a: Miraidon\n|\n|upkeep\n|\n|t:|1746008570\n|switch|p1a: Clefairy|Clefairy, L50, F|100/100\n|turn|4\n|inactive|Sanjo4 2.0 has 30 seconds left.\n|inactive|Sanjo4 2.0 has 20 seconds left.\n|\n|t:|1746008607\n|switch|p2a: Kyogre|Kyogre, L50|100/100\n|-weather|RainDance|[from] ability: Drizzle|[of] p2a: Kyogre\n|move|p1a: Clefairy|Helping Hand|p1b: Calyrex\n|-singleturn|p1b: Calyrex|Helping Hand|[of] p1a: Clefairy\n|move|p2b: Zacian|Protect|p2b: Zacian\n|-singleturn|p2b: Zacian|Protect\n|move|p1b: Calyrex|Astral Barrage|p2a: Kyogre|[spread] p2a\n|-activate|p2b: Zacian|move: Protect\n|-damage|p2a: Kyogre|47/100\n|\n|-weather|RainDance|[upkeep]\n|upkeep\n|turn|5\n|inactive|Sanjo4 2.0 has 30 seconds left.\n|\n|t:|1746008635\n|switch|p2b: Chien-Pao|Chien-Pao, L50|100/100\n|-ability|p2b: Chien-Pao|Sword of Ruin\n|move|p1a: Clefairy|Helping Hand|p1b: Calyrex\n|-singleturn|p1b: Calyrex|Helping Hand|[of] p1a: Clefairy\n|move|p2a: Kyogre|Protect|p2a: Kyogre\n|-singleturn|p2a: Kyogre|Protect\n|move|p1b: Calyrex|Astral Barrage|p2a: Kyogre|[spread] p2b\n|-activate|p2a: Kyogre|move: Protect\n|-resisted|p2b: Chien-Pao\n|-damage|p2b: Chien-Pao|31/100\n|\n|-weather|RainDance|[upkeep]\n|-fieldend|move: Electric Terrain\n|upkeep\n|turn|6\n|\n|t:|1746008653\n|switch|p2a: Amoonguss|Amoonguss, L50, F|92/100\n|move|p1a: Clefairy|Helping Hand|p1b: Calyrex\n|-singleturn|p1b: Calyrex|Helping Hand|[of] p1a: Clefairy\n|move|p2b: Chien-Pao|Protect|p2b: Chien-Pao\n|-singleturn|p2b: Chien-Pao|Protect\n|move|p1b: Calyrex|Astral Barrage|p2b: Chien-Pao|[spread] p2a\n|-activate|p2b: Chien-Pao|move: Protect\n|-damage|p2a: Amoonguss|33/100\n|\n|-weather|RainDance|[upkeep]\n|upkeep\n|turn|7\n|\n|t:|1746008671\n|move|p1a: Clefairy|Helping Hand|p1b: Calyrex\n|-singleturn|p1b: Calyrex|Helping Hand|[of] p1a: Clefairy\n|move|p2b: Chien-Pao|Sucker Punch|p1b: Calyrex\n|-supereffective|p1b: Calyrex\n|-damage|p1b: Calyrex|0 fnt\n|faint|p1b: Calyrex\n|-damage|p2b: Chien-Pao|22/100|[from] item: Life Orb\n|move|p2a: Amoonguss|Spore|p1a: Clefairy\n|-status|p1a: Clefairy|slp|[from] move: Spore\n|\n|-weather|RainDance|[upkeep]\n|upkeep\n|turn|8\n|-message|thatonenpc506 forfeited.\n|\n|win|Sanjo4 2.0\n|l|\u2606thatonenpc506\n|player|p1|\n||Sanjo4 2.0 is ready for game 2.\n||thatonenpc506 is ready for game 2.\n|uhtml|next|Next: <a href=\"/battle-gen9vgc2025regibo3-2353840864\"><strong>Game 2 of 3</strong></a>\n|l|\u2606Sanjo4 2.0\n|player|p2|\n", "uploadtime": 1746009033, "views": 6, "formatid": "gen9vgc2025regibo3", "rating": null, "private": 0, "password": null}