{"id": "gen9vgc2025regibo3-2354865177", "format": "[Gen 9] VGC 2025 Reg I (Bo3)", "players": ["OrionSeas", "soideshowbob"], "log": "|j|\u2606OrionSeas\n|j|\u2606soideshowbob\n|html|<table width=\"100%\"><tr><td align=\"left\">OrionSeas</td><td align=\"right\">soideshowbob</tr><tr><td align=\"left\"><i class=\"fa fa-circle\"></i> <i class=\"fa fa-circle-o\"></i> </td><td align=\"right\"><i class=\"fa fa-circle-o\"></i> <i class=\"fa fa-circle\"></i> </tr></table>\n|uhtml|bestof|<h2><strong>Game 3</strong> of <a href=\"/game-bestof3-gen9vgc2025regibo3-2354859904\">a best-of-3</a></h2>\n|t:|1746126543\n|gametype|doubles\n|player|p1|OrionSeas|266|1274\n|player|p2|soideshowbob|pokemonrangerf|1331\n|teamsize|p1|6\n|teamsize|p2|6\n|gen|9\n|tier|[Gen 9] VGC 2025 Reg I (Bo3)\n|rated|\n|rule|Species Clause: Limit one of each Pok\u00e9mon\n|rule|Item Clause: Limit 1 of each item\n|clearpoke\n|poke|p1|Miraidon, L50|\n|poke|p1|Kyogre, L50|\n|poke|p1|Iron Hands, L50|\n|poke|p1|Tornadus, L50, M|\n|poke|p1|Iron Bundle, L50|\n|poke|p1|Farigiraf, L50, F|\n|poke|p2|Koraidon, L50|\n|poke|p2|Lunala, L50|\n|poke|p2|Ursaluna, L50, M|\n|poke|p2|Brute Bonnet, L50|\n|poke|p2|Iron Crown, L50|\n|poke|p2|Indeedee-F, L50, F|\n|teampreview|4\n|showteam|p1|Miraidon||ChoiceSpecs|HadronEngine|VoltSwitch,ElectroDrift,DazzlingGleam,DracoMeteor||||||50|,,,,,Fairy]Kyogre||ChoiceScarf|Drizzle|HydroPump,WaterSpout,IceBeam,OriginPulse||||||50|,,,,,Ghost]Iron Hands||AssaultVest|QuarkDrive|LowKick,FakeOut,DrainPunch,HeavySlam||||||50|,,,,,Grass]Tornadus||CovertCloak|Prankster|BleakwindStorm,Tailwind,Taunt,RainDance|||M|||50|,,,,,Dark]Iron Bundle||FocusSash|QuarkDrive|Protect,Encore,FreezeDry,HydroPump||||||50|,,,,,Stellar]Farigiraf||ElectricSeed|ArmorTail|HelpingHand,TrickRoom,FoulPlay,DazzlingGleam|||F|||50|,,,,,Fairy\n|showteam|p2|Koraidon||LifeOrb|OrichalcumPulse|FlareBlitz,CloseCombat,FlameCharge,Protect||||||50|,,,,,Fire]Lunala||PowerHerb|ShadowShield|MeteorBeam,WideGuard,TrickRoom,MoongeistBeam||||||50|,,,,,Water]Ursaluna||FlameOrb|Guts|Facade,Earthquake,HeadlongRush,Protect|||M|||50|,,,,,Ghost]Brute Bonnet||CovertCloak|Protosynthesis|Spore,SeedBomb,SuckerPunch,RagePowder||||||50|,,,,,Water]Iron Crown||BoosterEnergy|QuarkDrive|ExpandingForce,TachyonCutter,CalmMind,Protect||||||50|,,,,,Normal]Indeedee-F||SafetyGoggles|PsychicSurge|HelpingHand,TrickRoom,Psychic,FollowMe|||F|||50|,,,,,Fairy\n|inactive|Battle timer is ON: inactive players will automatically lose when time's up. (requested by OrionSeas)\n|inactive|OrionSeas has 60 seconds left.\n|inactive|OrionSeas has 30 seconds left.\n|\n|t:|1746126605\n|start\n|switch|p1a: Miraidon|Miraidon, L50|100/100\n|switch|p1b: Farigiraf|Farigiraf, L50, F|100/100\n|switch|p2a: THE MOON|Ursaluna, L50, M|100/100\n|switch|p2b: HAUNTS YOU|Lunala, L50|100/100\n|-fieldstart|move: Electric Terrain|[from] ability: Hadron Engine|[of] p1a: Miraidon\n|-enditem|p1b: Farigiraf|Electric Seed\n|-boost|p1b: Farigiraf|def|1|[from] item: Electric Seed\n|turn|1\n|\n|t:|1746126629\n|-terastallize|p1a: Miraidon|Fairy\n|move|p1a: Miraidon|Volt Switch|p2b: HAUNTS YOU\n|-damage|p2b: HAUNTS YOU|67/100\n|\n|t:|1746126636\n|switch|p1a: Iron Hands|Iron Hands, L50|100/100|[from] Volt Switch\n|-activate|p1a: Iron Hands|ability: Quark Drive\n|-start|p1a: Iron Hands|quarkdriveatk\n|move|p2b: HAUNTS YOU|Meteor Beam||[still]\n|-prepare|p2b: HAUNTS YOU|Meteor Beam\n|-boost|p2b: HAUNTS YOU|spa|1\n|-enditem|p2b: HAUNTS YOU|Power Herb\n|-anim|p2b: HAUNTS YOU|Meteor Beam|p1a: Iron Hands|[miss]\n|-miss|p2b: HAUNTS YOU|p1a: Iron Hands\n|move|p2a: THE MOON|Headlong Rush|p1a: Iron Hands\n|-supereffective|p1a: Iron Hands\n|-damage|p1a: Iron Hands|0 fnt\n|-unboost|p2a: THE MOON|def|1\n|-unboost|p2a: THE MOON|spd|1\n|faint|p1a: Iron Hands\n|-end|p1a: Iron Hands|Quark Drive|[silent]\n|move|p1b: Farigiraf|Foul Play|p2b: HAUNTS YOU\n|-supereffective|p2b: HAUNTS YOU\n|-damage|p2b: HAUNTS YOU|3/100\n|\n|-status|p2a: THE MOON|brn|[from] item: Flame Orb\n|upkeep\n|inactive|OrionSeas has 30 seconds left.\n|\n|t:|1746126662\n|switch|p1a: Miraidon|Miraidon, L50, tera:Fairy|100/100\n|-activate|p1a: Miraidon|ability: Hadron Engine\n|turn|2\n|\n|t:|1746126676\n|move|p2a: THE MOON|Protect|p2a: THE MOON\n|-singleturn|p2a: THE MOON|Protect\n|move|p1a: Miraidon|Draco Meteor|p2a: THE MOON\n|-activate|p2a: THE MOON|move: Protect\n|move|p1b: Farigiraf|Foul Play|p2b: HAUNTS YOU\n|-supereffective|p2b: HAUNTS YOU\n|-damage|p2b: HAUNTS YOU|0 fnt\n|faint|p2b: HAUNTS YOU\n|\n|-damage|p2a: THE MOON|94/100 brn|[from] brn\n|upkeep\n|\n|t:|1746126682\n|switch|p2b: DISAPPEAR|Indeedee-F, L50, F|100/100\n|-fieldstart|move: Psychic Terrain|[from] ability: Psychic Surge|[of] p2b: DISAPPEAR\n|turn|3\n|\n|t:|1746126705\n|switch|p1a: Kyogre|Kyogre, L50|100/100\n|-weather|RainDance|[from] ability: Drizzle|[of] p1a: Kyogre\n|-terastallize|p2b: DISAPPEAR|Fairy\n|move|p2b: DISAPPEAR|Follow Me|p2b: DISAPPEAR\n|-singleturn|p2b: DISAPPEAR|move: Follow Me\n|move|p2a: THE MOON|Facade|p1b: Farigiraf\n|-damage|p1b: Farigiraf|23/100\n|move|p1b: Farigiraf|Dazzling Gleam|p2b: DISAPPEAR|[spread] p2a,p2b\n|-damage|p2a: THE MOON|75/100 brn\n|-damage|p2b: DISAPPEAR|85/100\n|\n|-weather|RainDance|[upkeep]\n|-damage|p2a: THE MOON|69/100 brn|[from] brn\n|upkeep\n|turn|4\n|inactive|OrionSeas has 30 seconds left.\n|\n|t:|1746126739\n|switch|p2a: FANTASTIC!|Koraidon, L50|100/100\n|-weather|SunnyDay|[from] ability: Orichalcum Pulse|[of] p2a: FANTASTIC!\n|-activate|p2a: FANTASTIC!|Orichalcum Pulse|[source]\n|move|p1b: Farigiraf|Helping Hand|p1a: Kyogre\n|-singleturn|p1a: Kyogre|Helping Hand|[of] p1b: Farigiraf\n|move|p1a: Kyogre|Ice Beam|p2a: FANTASTIC!\n|-supereffective|p2a: FANTASTIC!\n|-damage|p2a: FANTASTIC!|0 fnt\n|faint|p2a: FANTASTIC!\n|move|p2b: DISAPPEAR|Trick Room|p2b: DISAPPEAR\n|-fieldstart|move: Trick Room|[of] p2b: DISAPPEAR\n|\n|-weather|SunnyDay|[upkeep]\n|upkeep\n|\n|t:|1746126753\n|switch|p2a: THE MOON|Ursaluna, L50, M|69/100 brn\n|turn|5\n|\n|t:|1746126768\n|switch|p1a: Miraidon|Miraidon, L50, tera:Fairy|100/100\n|-fieldstart|move: Electric Terrain|[from] ability: Hadron Engine|[of] p1a: Miraidon\n|move|p2b: DISAPPEAR|Helping Hand|p2a: THE MOON\n|-singleturn|p2a: THE MOON|Helping Hand|[of] p2b: DISAPPEAR\n|move|p1b: Farigiraf|Foul Play|p2a: THE MOON\n|-damage|p2a: THE MOON|42/100 brn\n|move|p2a: THE MOON|Earthquake|p1a: Miraidon|[spread] p2b,p1a,p1b\n|-damage|p2b: DISAPPEAR|0 fnt\n|-damage|p1a: Miraidon|0 fnt\n|-damage|p1b: Farigiraf|0 fnt\n|faint|p2b: DISAPPEAR\n|faint|p1a: Miraidon\n|faint|p1b: Farigiraf\n|\n|-weather|SunnyDay|[upkeep]\n|-damage|p2a: THE MOON|36/100 brn|[from] brn\n|upkeep\n|\n|t:|1746126780\n|switch|p1b: Kyogre|Kyogre, L50|100/100\n|-weather|RainDance|[from] ability: Drizzle|[of] p1b: Kyogre\n|turn|6\n|\n|t:|1746126796\n|move|p2a: THE MOON|Protect|p2a: THE MOON\n|-singleturn|p2a: THE MOON|Protect\n|move|p1b: Kyogre|Ice Beam|p2a: THE MOON\n|-activate|p2a: THE MOON|move: Protect\n|\n|-weather|RainDance|[upkeep]\n|-damage|p2a: THE MOON|30/100 brn|[from] brn\n|upkeep\n|turn|7\n|\n|t:|1746126801\n|move|p2a: THE MOON|Facade|p1b: Kyogre\n|-damage|p1b: Kyogre|0 fnt\n|faint|p1b: Kyogre\n|\n|win|soideshowbob\n|raw|OrionSeas's rating: 1274 &rarr; <strong>1253</strong><br />(-21 for losing)\n|raw|soideshowbob's rating: 1331 &rarr; <strong>1348</strong><br />(+17 for winning)\n|c|\u2606OrionSeas|Gg\n|l|\u2606OrionSeas\n|player|p1|\n", "uploadtime": 1746127139, "views": 5, "formatid": "gen9vgc2025regibo3", "rating": 1253, "private": 0, "password": null}