{"id": "gen9vgc2025regibo3-2354443012", "format": "[Gen 9] VGC 2025 Reg I (Bo3)", "players": ["Claude555", "stash1234"], "log": "|j|\u2606Claude555\n|j|\u2606stash1234\n|html|<table width=\"100%\"><tr><td align=\"left\">Claude555</td><td align=\"right\">stash1234</tr><tr><td align=\"left\"><i class=\"fa fa-circle\"></i> <i class=\"fa fa-circle-o\"></i> </td><td align=\"right\"><i class=\"fa fa-circle-o\"></i> <i class=\"fa fa-circle\"></i> </tr></table>\n|uhtml|bestof|<h2><strong>Game 3</strong> of <a href=\"/game-bestof3-gen9vgc2025regibo3-2354438517\">a best-of-3</a></h2>\n|t:|1746072347\n|gametype|doubles\n|player|p1|Claude555|dawn|1150\n|player|p2|stash1234|winona|1109\n|teamsize|p1|6\n|teamsize|p2|6\n|gen|9\n|tier|[Gen 9] VGC 2025 Reg I (Bo3)\n|rated|\n|rule|Species Clause: Limit one of each Pok\u00e9mon\n|rule|Item Clause: Limit 1 of each item\n|clearpoke\n|poke|p1|Calyrex-Shadow, L50|\n|poke|p1|Zamazenta-*, L50|\n|poke|p1|Smeargle, L50, F|\n|poke|p1|Incineroar, L50, M|\n|poke|p1|Rillaboom, L50, M|\n|poke|p1|Ogerpon-Hearthflame, L50, F|\n|poke|p2|Calyrex-Ice, L50|\n|poke|p2|Lunala, L50|\n|poke|p2|Urshifu-*, L50, F|\n|poke|p2|Indeedee-F, L50, F|\n|poke|p2|Ursaluna, L50, F|\n|poke|p2|Roaring Moon, L50|\n|teampreview|4\n|showteam|p1|Calyrex-Shadow||LifeOrb|AsOneSpectrier|AstralBarrage,GigaDrain,NastyPlot,Protect||||||50|,,,,,Grass]Zamazenta-Crowned||RustedShield|DauntlessShield|BodyPress,behemothbash,WideGuard,Protect||||||50|,,,,,Water]Smeargle||FocusSash|Moody|FakeOut,Spore,FollowMe,WideGuard|||F|||50|,,,,,Ghost]Incineroar||RockyHelmet|Intimidate|KnockOff,Taunt,PartingShot,FakeOut|||M|||50|,,,,,Water]Rillaboom||AssaultVest|GrassySurge|WoodHammer,GrassyGlide,Uturn,FakeOut|||M|||50|,,,,,Fire]Ogerpon-Hearthflame||HearthflameMask|MoldBreaker|IvyCudgel,GrassyGlide,FollowMe,SpikyShield|||F|||50|,,,,,Fire\n|showteam|p2|Calyrex-Ice||ClearAmulet|AsOneGlastrier|GlacialLance,CloseCombat,TrickRoom,Protect||||||50|,,,,,Water]Lunala||PowerHerb|ShadowShield|MoongeistBeam,MeteorBeam,ExpandingForce,TrickRoom||||||50|,,,,,Grass]Urshifu-Rapid-Strike||FocusSash|UnseenFist|SurgingStrikes,CloseCombat,AquaJet,Detect|||F|||50|,,,,,Water]Indeedee-F||PsychicSeed|PsychicSurge|AlluringVoice,FollowMe,TrickRoom,HealingWish|||F|||50|,,,,,Fairy]Ursaluna||FlameOrb|Guts|Facade,HeadlongRush,Protect,Earthquake|||F|||50|,,,,,Ghost]Roaring Moon||BoosterEnergy|Protosynthesis|Acrobatics,KnockOff,Tailwind,Protect||||||50|,,,,,Flying\n|inactive|Battle timer is ON: inactive players will automatically lose when time's up. (requested by stash1234)\n|inactive|Claude555 has 60 seconds left.\n|\n|t:|1746072411\n|start\n|switch|p1a: Calyrex|Calyrex-Shadow, L50|100/100\n|switch|p1b: Incineroar|Incineroar, L50, M|100/100\n|switch|p2a: Lunala|Lunala, L50|100/100\n|switch|p2b: Indeedee|Indeedee-F, L50, F|100/100\n|-ability|p1a: Calyrex|As One\n|-ability|p1a: Calyrex|Unnerve\n|-ability|p1b: Incineroar|Intimidate|boost\n|-unboost|p2a: Lunala|atk|1\n|-unboost|p2b: Indeedee|atk|1\n|-fieldstart|move: Psychic Terrain|[from] ability: Psychic Surge|[of] p2b: Indeedee\n|-enditem|p2b: Indeedee|Psychic Seed\n|-boost|p2b: Indeedee|spd|1|[from] item: Psychic Seed\n|turn|1\n|\n|t:|1746072434\n|-terastallize|p1a: Calyrex|Grass\n|-terastallize|p2a: Lunala|Grass\n|move|p1a: Calyrex|Giga Drain|p2b: Indeedee\n|-damage|p2b: Indeedee|67/100\n|-damage|p1a: Calyrex|91/100|[from] item: Life Orb\n|move|p2a: Lunala|Meteor Beam||[still]\n|-prepare|p2a: Lunala|Meteor Beam\n|-boost|p2a: Lunala|spa|1\n|-enditem|p2a: Lunala|Power Herb\n|-anim|p2a: Lunala|Meteor Beam|p1b: Incineroar\n|-supereffective|p1b: Incineroar\n|-damage|p1b: Incineroar|0 fnt\n|faint|p1b: Incineroar\n|move|p2b: Indeedee|Trick Room|p2b: Indeedee\n|-fieldstart|move: Trick Room|[of] p2b: Indeedee\n|\n|upkeep\n|inactive|Claude555 has 30 seconds left.\n|\n|t:|1746072465\n|switch|p1b: Rillaboom|Rillaboom, L50, M|100/100\n|-fieldstart|move: Grassy Terrain|[from] ability: Grassy Surge|[of] p1b: Rillaboom\n|turn|2\n|\n|t:|1746072486\n|move|p1b: Rillaboom|Fake Out|p2a: Lunala\n|-damage|p2a: Lunala|96/100\n|move|p2b: Indeedee|Healing Wish|p2b: Indeedee\n|faint|p2b: Indeedee\n|cant|p2a: Lunala|flinch\n|move|p1a: Calyrex|Astral Barrage|p2a: Lunala\n|-damage|p2a: Lunala|36/100\n|-damage|p1a: Calyrex|81/100|[from] item: Life Orb\n|\n|-heal|p2a: Lunala|42/100|[from] Grassy Terrain\n|-heal|p1a: Calyrex|87/100|[from] Grassy Terrain\n|upkeep\n|\n|t:|1746072494\n|switch|p2b: Calyrex|Calyrex-Ice, L50|100/100\n|-ability|p2b: Calyrex|As One\n|-ability|p2b: Calyrex|Unnerve\n|turn|3\n|inactive|Claude555 has 30 seconds left.\n|inactive|Claude555 has 20 seconds left.\n|\n|t:|1746072534\n|switch|p1b: Zamazenta|Zamazenta-Crowned, L50, shiny|100/100\n|-ability|p1b: Zamazenta|Dauntless Shield|boost\n|-boost|p1b: Zamazenta|def|1\n|move|p1a: Calyrex|Protect|p1a: Calyrex\n|-singleturn|p1a: Calyrex|Protect\n|move|p2b: Calyrex|Glacial Lance|p1b: Zamazenta|[spread] p1b\n|-activate|p1a: Calyrex|move: Protect\n|-resisted|p1b: Zamazenta\n|-damage|p1b: Zamazenta|90/100\n|move|p2a: Lunala|Moongeist Beam|p1b: Zamazenta\n|-damage|p1b: Zamazenta|20/100\n|\n|-heal|p2a: Lunala|48/100|[from] Grassy Terrain\n|-heal|p1b: Zamazenta|25/100|[from] Grassy Terrain\n|-heal|p1a: Calyrex|93/100|[from] Grassy Terrain\n|upkeep\n|turn|4\n|inactive|Claude555 has 30 seconds left.\n|inactive|stash1234 has 30 seconds left.\n|\n|t:|1746072563\n|switch|p1a: Rillaboom|Rillaboom, L50, M|100/100\n|move|p1b: Zamazenta|Protect|p1b: Zamazenta\n|-singleturn|p1b: Zamazenta|Protect\n|move|p2b: Calyrex|Glacial Lance|p1a: Rillaboom|[spread] p1a\n|-activate|p1b: Zamazenta|move: Protect\n|-supereffective|p1a: Rillaboom\n|-damage|p1a: Rillaboom|0 fnt\n|faint|p1a: Rillaboom\n|-ability|p2b: Calyrex|Chilling Neigh|boost\n|-boost|p2b: Calyrex|atk|1\n|move|p2a: Lunala|Moongeist Beam|p1b: Zamazenta\n|-activate|p1b: Zamazenta|move: Protect\n|\n|-heal|p2a: Lunala|54/100|[from] Grassy Terrain\n|-heal|p1b: Zamazenta|31/100|[from] Grassy Terrain\n|upkeep\n|\n|t:|1746072579\n|switch|p1a: Calyrex|Calyrex-Shadow, L50, tera:Grass|93/100\n|-ability|p1a: Calyrex|As One\n|-ability|p1a: Calyrex|Unnerve\n|turn|5\n|\n|t:|1746072589\n|move|p1b: Zamazenta|Protect||[still]\n|-fail|p1b: Zamazenta\n|move|p1a: Calyrex|Protect|p1a: Calyrex\n|-singleturn|p1a: Calyrex|Protect\n|move|p2b: Calyrex|Trick Room|p2b: Calyrex\n|-fieldend|move: Trick Room\n|move|p2a: Lunala|Trick Room|p2a: Lunala\n|-fieldstart|move: Trick Room|[of] p2a: Lunala\n|\n|-heal|p2a: Lunala|60/100|[from] Grassy Terrain\n|-heal|p1b: Zamazenta|37/100|[from] Grassy Terrain\n|-heal|p1a: Calyrex|99/100|[from] Grassy Terrain\n|upkeep\n|turn|6\n|\n|t:|1746072612\n|move|p1b: Zamazenta|Wide Guard|p1b: Zamazenta\n|-singleturn|p1b: Zamazenta|Wide Guard\n|move|p2b: Calyrex|Close Combat|p1a: Calyrex\n|-damage|p1a: Calyrex|8/100\n|-unboost|p2b: Calyrex|def|1\n|-unboost|p2b: Calyrex|spd|1\n|move|p2a: Lunala|Moongeist Beam|p1a: Calyrex\n|-damage|p1a: Calyrex|0 fnt\n|faint|p1a: Calyrex\n|\n|-heal|p2a: Lunala|66/100|[from] Grassy Terrain\n|-heal|p1b: Zamazenta|43/100|[from] Grassy Terrain\n|-fieldend|move: Grassy Terrain\n|upkeep\n|turn|7\n|\n|t:|1746072626\n|move|p2b: Calyrex|Close Combat|p1b: Zamazenta\n|-supereffective|p1b: Zamazenta\n|-damage|p1b: Zamazenta|0 fnt\n|-unboost|p2b: Calyrex|def|1\n|-unboost|p2b: Calyrex|spd|1\n|faint|p1b: Zamazenta\n|\n|win|stash1234\n|raw|Claude555's rating: 1150 &rarr; <strong>1122</strong><br />(-28 for losing)\n|raw|stash1234's rating: 1109 &rarr; <strong>1137</strong><br />(+28 for winning)\n|l|\u2606Claude555\n|player|p1|\n|l|\u2606stash1234\n|player|p2|\n", "uploadtime": 1746072991, "views": 7, "formatid": "gen9vgc2025regibo3", "rating": 1122, "private": 0, "password": null}