{"id": "gen9vgc2025regibo3-2353591955", "format": "[Gen 9] VGC 2025 Reg I (Bo3)", "players": ["Icefxm", "easyboss9000"], "log": "|j|\u2606Icefxm\n|j|\u2606easyboss9000\n|html|<table width=\"100%\"><tr><td align=\"left\">Icefxm</td><td align=\"right\">easyboss9000</tr><tr><td align=\"left\"><i class=\"fa fa-circle-o\"></i> <i class=\"fa fa-circle-o\"></i> </td><td align=\"right\"><i class=\"fa fa-circle-o\"></i> <i class=\"fa fa-circle\"></i> </tr></table>\n|uhtml|bestof|<h2><strong>Game 2</strong> of <a href=\"/game-bestof3-gen9vgc2025regibo3-2353589082\">a best-of-3</a></h2>\n|t:|1745972077\n|gametype|doubles\n|player|p1|Icefxm|flannery|\n|player|p2|easyboss9000|cynthia-gen4|\n|teamsize|p1|6\n|teamsize|p2|6\n|gen|9\n|tier|[Gen 9] VGC 2025 Reg I (Bo3)\n|rule|Species Clause: Limit one of each Pok\u00e9mon\n|rule|Item Clause: Limit 1 of each item\n|clearpoke\n|poke|p1|Primarina, L50, F|\n|poke|p1|Rillaboom, L50, F|\n|poke|p1|Terapagos, L50, M|\n|poke|p1|Smeargle, L50, F|\n|poke|p1|Grimmsnarl, L50, M|\n|poke|p1|Sneasler, L50, M|\n|poke|p2|Kyogre, L50|\n|poke|p2|Toxapex, L50, M|\n|poke|p2|Thundurus, L50, M|\n|poke|p2|Azumarill, L50, M|\n|poke|p2|Bellibolt, L50, F|\n|poke|p2|Whiscash, L50, M|\n|teampreview|4\n|showteam|p1|Primarina||FigyBerry|Torrent|WaterPledge,Protect,AlluringVoice,FlipTurn|||F|||50|,,,,,Water]Rillaboom||GrassySeed|GrassySurge|GrassPledge,FakeOut,Protect,WoodHammer|||F|||50|,,,,,Grass]Terapagos||AssaultVest|TeraShift|RockSlide,TeraStarstorm,IceBeam,DazzlingGleam|||M|||50|,,,,,Stellar]Smeargle||IapapaBerry|OwnTempo|ClangorousSoul,BatonPass,FakeOut,Protect|||F|||50|,,,,,Normal]Grimmsnarl||Leftovers|Prankster|PartingShot,ThunderWave,FakeOut,ThunderPunch|||M|||50|,,,,,Dark]Sneasler||LifeOrb|Unburden|DireClaw,FakeOut,Protect,GunkShot|||M|||50|,,,,,Fighting\n|showteam|p2|Kyogre||SitrusBerry|Drizzle|CalmMind,ThunderWave,OriginPulse,Thunder||||||50|,,,,,Water]Toxapex||AguavBerry|Regenerator|Toxic,ToxicSpikes,BanefulBunker,Recover|||M|||50|,,,,,Ground]Thundurus||LifeOrb|Prankster|NastyPlot,ThunderWave,Thunder,SludgeBomb|||M|||50|,,,,,Electric]Azumarill||IapapaBerry|HugePower|BellyDrum,AquaJet,Liquidation,PlayRough|||M|||50|,,,,,Water]Bellibolt||ShucaBerry|Electromorphosis|Discharge,MuddyWater,SlackOff,VoltSwitch|||F|||50|,,,,,Electric]Whiscash||Leftovers|Oblivious|DragonDance,Waterfall,StoneEdge,Substitute|||M|||50|,,,,,Water\n|c|\u2606easyboss9000|!data baton pass\n|raw|<ul class=\"utilichart\"><li class=\"result\"><span class=\"col movenamecol\"><a href=\"https://dex.pokemonshowdown.com/moves/batonpass\">Baton Pass</a></span> <span class=\"col typecol\"><img src=\"//play.pokemonshowdown.com/sprites/types/Normal.png\" alt=\"Normal\" width=\"32\" height=\"14\"><img src=\"//play.pokemonshowdown.com/sprites/categories/Status.png\" alt=\"Status\" width=\"32\" height=\"14\"></span> <span class=\"col widelabelcol\"><em>Accuracy</em><br>\u2014</span> <span class=\"col pplabelcol\"><em>PP</em><br>64</span> <span class=\"col movedesccol\">User switches, passing stat changes and more.</span> </li><li style=\"clear:both\"></li></ul>\n\n|\n|t:|1745972104\n|start\n|switch|p1a: The laboom|Rillaboom, L50, F, shiny|100/100\n|switch|p1b: CARRY|Sneasler, L50, M|100/100\n|switch|p2a: The Cooler one|Kyogre, L50|100/100\n|switch|p2b: Suh muh Dih|Thundurus, L50, M|100/100\n|-fieldstart|move: Grassy Terrain|[from] ability: Grassy Surge|[of] p1a: The laboom\n|-enditem|p1a: The laboom|Grassy Seed\n|-boost|p1a: The laboom|def|1|[from] item: Grassy Seed\n|-weather|RainDance|[from] ability: Drizzle|[of] p2a: The Cooler one\n|turn|1\n|\n|t:|1745972126\n|move|p1b: CARRY|Fake Out|p2b: Suh muh Dih\n|-damage|p2b: Suh muh Dih|72/100\n|-damage|p1b: CARRY|91/100|[from] item: Life Orb\n|cant|p2b: Suh muh Dih|flinch\n|move|p1a: The laboom|Wood Hammer|p2a: The Cooler one\n|-supereffective|p2a: The Cooler one\n|-damage|p2a: The Cooler one|0 fnt\n|faint|p2a: The Cooler one\n|-damage|p1a: The laboom|62/100|[from] Recoil\n|\n|-weather|RainDance|[upkeep]\n|-heal|p1b: CARRY|97/100|[from] Grassy Terrain\n|-heal|p1a: The laboom|67/100|[from] Grassy Terrain\n|upkeep\n|\n|t:|1745972140\n|switch|p2a: BBW green frog|Bellibolt, L50, F|100/100\n|turn|2\n|\n|t:|1745972158\n|switch|p1b: I HATE HIM|Smeargle, L50, F|100/100\n|move|p1a: The laboom|Protect|p1a: The laboom\n|-singleturn|p1a: The laboom|Protect\n|move|p2b: Suh muh Dih|Thunder Wave|p1a: The laboom\n|-activate|p1a: The laboom|move: Protect\n|move|p2a: BBW green frog|Muddy Water|p1a: The laboom|[spread] \n|-activate|p1a: The laboom|move: Protect\n|-miss|p2a: BBW green frog|p1b: I HATE HIM\n|\n|-weather|RainDance|[upkeep]\n|-heal|p1a: The laboom|73/100|[from] Grassy Terrain\n|upkeep\n|turn|3\n|\n|t:|1745972183\n|move|p2b: Suh muh Dih|Sludge Bomb|p1a: The laboom\n|-supereffective|p1a: The laboom\n|-damage|p1a: The laboom|0 fnt\n|faint|p1a: The laboom\n|-damage|p2b: Suh muh Dih|62/100|[from] item: Life Orb\n|move|p1b: I HATE HIM|Clangorous Soul|p1b: I HATE HIM\n|-boost|p1b: I HATE HIM|atk|1\n|-boost|p1b: I HATE HIM|def|1\n|-boost|p1b: I HATE HIM|spa|1\n|-boost|p1b: I HATE HIM|spd|1\n|-boost|p1b: I HATE HIM|spe|1\n|-damage|p1b: I HATE HIM|68/100\n|move|p2a: BBW green frog|Muddy Water|p1b: I HATE HIM\n|-damage|p1b: I HATE HIM|28/100\n|-unboost|p1b: I HATE HIM|accuracy|1\n|\n|-weather|RainDance|[upkeep]\n|-heal|p1b: I HATE HIM|35/100|[from] Grassy Terrain\n|upkeep\n|\n|t:|1745972200\n|switch|p1a: CARRY|Sneasler, L50, M|97/100\n|turn|4\n|\n|t:|1745972240\n|move|p1a: CARRY|Fake Out|p2b: Suh muh Dih\n|-damage|p2b: Suh muh Dih|33/100\n|-damage|p1a: CARRY|87/100|[from] item: Life Orb\n|cant|p2b: Suh muh Dih|flinch\n|move|p1b: I HATE HIM|Baton Pass|p1b: I HATE HIM\n|\n|t:|1745972246\n|switch|p1b: lgbtq turtle|Terapagos, L50, M|100/100|[from] Baton Pass\n|-activate|p1b: lgbtq turtle|ability: Tera Shift\n|detailschange|p1b: lgbtq turtle|Terapagos-Terastal, L50, M\n|-heal|p1b: lgbtq turtle|100/100|[silent]\n|move|p2a: BBW green frog|Muddy Water|p1a: CARRY|[spread] p1a,p1b\n|-activate|p1b: lgbtq turtle|ability: Tera Shell\n|-resisted|p1b: lgbtq turtle\n|-damage|p1a: CARRY|51/100\n|-damage|p1b: lgbtq turtle|96/100\n|\n|-weather|RainDance|[upkeep]\n|-heal|p1b: lgbtq turtle|100/100|[from] Grassy Terrain\n|-heal|p1a: CARRY|57/100|[from] Grassy Terrain\n|upkeep\n|turn|5\n|\n|t:|1745972273\n|-terastallize|p1b: lgbtq turtle|Stellar\n|detailschange|p1b: lgbtq turtle|Terapagos-Stellar, L50, M, tera:Stellar\n|-heal|p1b: lgbtq turtle|100/100|[silent]\n|-ability|p1b: lgbtq turtle|Teraform Zero\n|-weather|none\n|-fieldend|move: Grassy Terrain\n|move|p2b: Suh muh Dih|Thunder Wave|p1b: lgbtq turtle\n|-status|p1b: lgbtq turtle|par\n|move|p1a: CARRY|Dire Claw|p2b: Suh muh Dih\n|-damage|p2b: Suh muh Dih|0 fnt\n|faint|p2b: Suh muh Dih\n|-damage|p1a: CARRY|48/100|[from] item: Life Orb\n|cant|p1b: lgbtq turtle|par\n|move|p2a: BBW green frog|Muddy Water|p1b: lgbtq turtle|[spread] p1a\n|-miss|p2a: BBW green frog|p1b: lgbtq turtle\n|-damage|p1a: CARRY|26/100\n|-unboost|p1a: CARRY|accuracy|1\n|\n|upkeep\n|\n|t:|1745972277\n|switch|p2b: Moist thriving|Whiscash, L50, M|100/100\n|turn|6\n|c|\u2606easyboss9000|!data tera starstorm\n|\n|t:|1745972297\n|-terastallize|p2b: Moist thriving|Water\n|move|p1a: CARRY|Dire Claw|p2a: BBW green frog|[miss]\n|-miss|p1a: CARRY|p2a: BBW green frog\n|move|p2b: Moist thriving|Dragon Dance|p2b: Moist thriving\n|-boost|p2b: Moist thriving|atk|1\n|-boost|p2b: Moist thriving|spe|1\n|move|p1b: lgbtq turtle|Tera Starstorm|p2a: BBW green frog|[spread] p2a,p2b\n|-supereffective|p2b: Moist thriving\n|-damage|p2a: BBW green frog|56/100\n|-damage|p2b: Moist thriving|0 fnt\n|-start|p2a: BBW green frog|Charge|Tera Starstorm|[from] ability: Electromorphosis\n|faint|p2b: Moist thriving\n|move|p2a: BBW green frog|Muddy Water|p1b: lgbtq turtle|[spread] p1a\n|-miss|p2a: BBW green frog|p1b: lgbtq turtle\n|-damage|p1a: CARRY|2/100\n|\n|upkeep\n|turn|7\n|c|\u2606easyboss9000|!data tera starstorm\n|raw|<ul class=\"utilichart\"><li class=\"result\"><span class=\"col movenamecol\"><a href=\"https://dex.pokemonshowdown.com/moves/terastarstorm\">Tera Starstorm</a></span> <span class=\"col typecol\"><img src=\"//play.pokemonshowdown.com/sprites/types/Normal.png\" alt=\"Normal\" width=\"32\" height=\"14\"><img src=\"//play.pokemonshowdown.com/sprites/categories/Special.png\" alt=\"Special\" width=\"32\" height=\"14\"></span> <span class=\"col labelcol\"><em>Power</em><br>120</span> <span class=\"col widelabelcol\"><em>Accuracy</em><br>100%</span> <span class=\"col pplabelcol\"><em>PP</em><br>8</span> <span class=\"col movedesccol\">Terapagos-Stellar: Stellar type, hits both foes.</span> </li><li style=\"clear:both\"></li></ul>\n\n|\n|t:|1745972314\n|move|p1a: CARRY|Dire Claw|p2a: BBW green frog\n|-damage|p2a: BBW green frog|20/100\n|-status|p2a: BBW green frog|slp\n|-start|p2a: BBW green frog|Charge|Dire Claw|[from] ability: Electromorphosis\n|-damage|p1a: CARRY|0 fnt|[from] item: Life Orb\n|faint|p1a: CARRY\n|cant|p1b: lgbtq turtle|par\n|cant|p2a: BBW green frog|slp\n|-end|p2a: BBW green frog|Charge|[silent]\n|\n|upkeep\n|\n|t:|1745972325\n|switch|p1a: I HATE HIM|Smeargle, L50, F|35/100\n|turn|8\n|inactive|Battle timer is ON: inactive players will automatically lose when time's up. (requested by Icefxm)\n|\n|t:|1745972391\n|move|p1a: I HATE HIM|Fake Out|p2a: BBW green frog\n|-damage|p2a: BBW green frog|16/100 slp\n|-start|p2a: BBW green frog|Charge|Fake Out|[from] ability: Electromorphosis\n|move|p1b: lgbtq turtle|Tera Starstorm|p2a: BBW green frog\n|-damage|p2a: BBW green frog|0 fnt\n|faint|p2a: BBW green frog\n|\n|win|Icefxm\n||easyboss9000 is ready for game 3.\n|l|\u2606easyboss9000\n|player|p2|\n|inactive|Icefxm has 30 seconds to confirm battle start!\n||Icefxm is ready for game 3.\n|uhtml|next|Next: <a href=\"/battle-gen9vgc2025regibo3-2353594803\"><strong>Game 3 of 3</strong></a>\n", "uploadtime": 1745972762, "views": 7, "formatid": "gen9vgc2025regibo3", "rating": null, "private": 0, "password": null}