{"id": "gen9vgc2025regibo3-2354972202", "format": "[Gen 9] VGC 2025 Reg I (Bo3)", "players": ["Shabalako", "Eddie1192"], "log": "|j|\u2606Shabalako\n|j|\u2606Eddie1192\n|html|<table width=\"100%\"><tr><td align=\"left\">Shabalako</td><td align=\"right\">Eddie1192</tr><tr><td align=\"left\"><i class=\"fa fa-circle-o\"></i> <i class=\"fa fa-circle-o\"></i> </td><td align=\"right\"><i class=\"fa fa-circle-o\"></i> <i class=\"fa fa-circle-o\"></i> </tr></table>\n|uhtml|bestof|<h2><strong>Game 1</strong> of <a href=\"/game-bestof3-gen9vgc2025regibo3-2354972201\">a best-of-3</a></h2>\n|t:|1746137288\n|gametype|doubles\n|player|p1|Shabalako|hilbert|\n|player|p2|Eddie1192|102|\n|teamsize|p1|6\n|teamsize|p2|6\n|gen|9\n|tier|[Gen 9] VGC 2025 Reg I (Bo3)\n|rule|Species Clause: Limit one of each Pok\u00e9mon\n|rule|Item Clause: Limit 1 of each item\n|clearpoke\n|poke|p1|Eternatus, L50|\n|poke|p1|Ho-Oh, L50|\n|poke|p1|Dusclops, L50, M|\n|poke|p1|Ting-Lu, L50|\n|poke|p1|Suicune, L50|\n|poke|p1|Wo-Chien, L50|\n|poke|p2|Miraidon, L50|\n|poke|p2|Iron Hands, L50|\n|poke|p2|Pelipper, L50, F|\n|poke|p2|Ogerpon-Wellspring, L50, F|\n|poke|p2|Farigiraf, L50, M|\n|poke|p2|Calyrex-Ice, L50|\n|teampreview|4\n|showteam|p1|Eternatus||Leftovers|Pressure|CosmicPower,Protect,DynamaxCannon,SludgeBomb||||||50|,,,,,Grass]Ho-Oh||SafetyGoggles|Pressure|Protect,Recover,SacredFire,DualWingbeat||||||50|,,,,,Stellar]Dusclops||Eviolite|Pressure|WillOWisp,PainSplit,Protect,Spite|||M|||50|,,,,,Fairy]Ting-Lu||RockyHelmet|VesselofRuin|Fissure,Spite,Ruination,Protect||||||50|,,,,,Poison]Suicune||ChestoBerry|Pressure|Snarl,SheerCold,Protect,Rest||||||50|,,,,,Poison]Wo-Chien||BigRoot|TabletsofRuin|PollenPuff,Ruination,LeechSeed,Protect||||||50|,,,,,Water\n|showteam|p2|Miraidon||LifeOrb|HadronEngine|Protect,DracoMeteor,ElectroDrift,VoltSwitch||||||50|,,,,,Electric]Iron Hands||ElectricSeed|QuarkDrive|Protect,SwordsDance,DrainPunch,ThunderPunch||||||50|,,,,,Grass]Pelipper||FocusSash|Drizzle|Tailwind,WideGuard,WeatherBall,Hurricane|||F|||50|,,,,,Ground]Ogerpon-Wellspring||WellspringMask|WaterAbsorb|FollowMe,SwordsDance,IvyCudgel,SpikyShield|||F|||50|,,,,,Water]Farigiraf||RockyHelmet|ArmorTail|DazzlingGleam,Protect,HelpingHand,TrickRoom|||M|||50|,,,,,Fairy]Calyrex-Ice||ClearAmulet|AsOneGlastrier|GlacialLance,HighHorsepower,TrickRoom,Protect||||||50|,,,,,Normal\n|inactive|Battle timer is ON: inactive players will automatically lose when time's up. (requested by Shabalako)\n|inactive|Shabalako has 60 seconds left.\n|inactive|Eddie1192 has 60 seconds left.\n|inactive|Shabalako has 30 seconds left.\n|\n|t:|1746137356\n|start\n|switch|p1a: Ho-Oh|Ho-Oh, L50|100/100\n|switch|p1b: Dusclops|Dusclops, L50, M|100/100\n|switch|p2a: Calyrex|Calyrex-Ice, L50|100/100\n|switch|p2b: Pelipper|Pelipper, L50, F|100/100\n|-ability|p2a: Calyrex|As One\n|-ability|p2a: Calyrex|Unnerve\n|-weather|RainDance|[from] ability: Drizzle|[of] p2b: Pelipper\n|-ability|p1a: Ho-Oh|Pressure\n|-ability|p1b: Dusclops|Pressure\n|turn|1\n|inactive|Shabalako has 30 seconds left.\n|inactive|Eddie1192 has 30 seconds left.\n|inactive|Shabalako has 20 seconds left.\n|\n|t:|1746137392\n|switch|p1a: Eternatus|Eternatus, L50|100/100\n|-ability|p1a: Eternatus|Pressure\n|move|p2a: Calyrex|Protect|p2a: Calyrex\n|-singleturn|p2a: Calyrex|Protect\n|move|p2b: Pelipper|Weather Ball|p1a: Eternatus\n|-resisted|p1a: Eternatus\n|-damage|p1a: Eternatus|72/100\n|move|p1b: Dusclops|Will-O-Wisp|p2a: Calyrex\n|-activate|p2a: Calyrex|move: Protect\n|\n|-weather|RainDance|[upkeep]\n|-heal|p1a: Eternatus|79/100|[from] item: Leftovers\n|upkeep\n|turn|2\n|\n|t:|1746137415\n|move|p1a: Eternatus|Cosmic Power|p1a: Eternatus\n|-boost|p1a: Eternatus|def|1\n|-boost|p1a: Eternatus|spd|1\n|move|p2b: Pelipper|Tailwind|p2b: Pelipper\n|-sidestart|p2: Eddie1192|move: Tailwind\n|move|p2a: Calyrex|Glacial Lance|p1a: Eternatus|[spread] p1a,p1b\n|-supereffective|p1a: Eternatus\n|-damage|p1a: Eternatus|22/100\n|-damage|p1b: Dusclops|72/100\n|move|p1b: Dusclops|Will-O-Wisp|p2a: Calyrex\n|-status|p2a: Calyrex|brn\n|\n|-weather|RainDance|[upkeep]\n|-heal|p1a: Eternatus|29/100|[from] item: Leftovers\n|-damage|p2a: Calyrex|95/100 brn|[from] brn\n|upkeep\n|turn|3\n|\n|t:|1746137435\n|move|p1a: Eternatus|Protect|p1a: Eternatus\n|-singleturn|p1a: Eternatus|Protect\n|move|p2b: Pelipper|Hurricane|p1a: Eternatus\n|-activate|p1a: Eternatus|move: Protect\n|move|p2a: Calyrex|Glacial Lance|p1b: Dusclops|[spread] p1b\n|-activate|p1a: Eternatus|move: Protect\n|-damage|p1b: Dusclops|58/100\n|move|p1b: Dusclops|Spite|p2a: Calyrex\n|-activate|p2a: Calyrex|move: Spite|Glacial Lance|2\n|\n|-weather|RainDance|[upkeep]\n|-heal|p1a: Eternatus|35/100|[from] item: Leftovers\n|-damage|p2a: Calyrex|89/100 brn|[from] brn\n|upkeep\n|turn|4\n|inactive|Shabalako has 30 seconds left.\n|\n|t:|1746137462\n|switch|p1a: Ting-Lu|Ting-Lu, L50|100/100\n|-ability|p1a: Ting-Lu|Vessel of Ruin\n|move|p2b: Pelipper|Hurricane|p1a: Ting-Lu\n|-damage|p1a: Ting-Lu|76/100\n|move|p2a: Calyrex|High Horsepower|p1a: Ting-Lu\n|-damage|p1a: Ting-Lu|64/100\n|-damage|p2a: Calyrex|72/100 brn|[from] item: Rocky Helmet|[of] p1a: Ting-Lu\n|move|p1b: Dusclops|Pain Split|p2b: Pelipper\n|-sethp|p2b: Pelipper|81/100|[from] move: Pain Split|[silent]\n|-sethp|p1b: Dusclops|75/100|[from] move: Pain Split\n|\n|-weather|RainDance|[upkeep]\n|-damage|p2a: Calyrex|67/100 brn|[from] brn\n|upkeep\n|turn|5\n|\n|t:|1746137483\n|move|p2b: Pelipper|Weather Ball|p1a: Ting-Lu\n|-supereffective|p1a: Ting-Lu\n|-damage|p1a: Ting-Lu|9/100\n|move|p2a: Calyrex|High Horsepower|p1a: Ting-Lu\n|-damage|p1a: Ting-Lu|0 fnt\n|-damage|p2a: Calyrex|50/100 brn|[from] item: Rocky Helmet|[of] p1a: Ting-Lu\n|faint|p1a: Ting-Lu\n|-ability|p2a: Calyrex|Chilling Neigh|boost\n|-boost|p2a: Calyrex|atk|1\n|move|p1b: Dusclops|Spite|p2b: Pelipper\n|-activate|p2b: Pelipper|move: Spite|Weather Ball|4\n|\n|-weather|none\n|-damage|p2a: Calyrex|44/100 brn|[from] brn\n|-sideend|p2: Eddie1192|move: Tailwind\n|upkeep\n|\n|t:|1746137497\n|switch|p1a: Ho-Oh|Ho-Oh, L50|100/100\n|-ability|p1a: Ho-Oh|Pressure\n|turn|6\n|\n|t:|1746137511\n|switch|p2b: Miraidon|Miraidon, L50|100/100\n|-fieldstart|move: Electric Terrain|[from] ability: Hadron Engine|[of] p2b: Miraidon\n|move|p1a: Ho-Oh|Protect|p1a: Ho-Oh\n|-singleturn|p1a: Ho-Oh|Protect\n|move|p2a: Calyrex|Protect|p2a: Calyrex\n|-singleturn|p2a: Calyrex|Protect\n|move|p1b: Dusclops|Spite||[still]\n|-fail|p1b: Dusclops\n|\n|-damage|p2a: Calyrex|39/100 brn|[from] brn\n|upkeep\n|turn|7\n|inactive|Shabalako has 30 seconds left.\n|inactive|Shabalako has 20 seconds left.\n|inactive|Shabalako has 15 seconds left.\n|\n|t:|1746137555\n|switch|p1a: Eternatus|Eternatus, L50|35/100\n|-ability|p1a: Eternatus|Pressure\n|-terastallize|p2b: Miraidon|Electric\n|move|p2b: Miraidon|Electro Drift|p1a: Eternatus\n|-resisted|p1a: Eternatus\n|-damage|p1a: Eternatus|0 fnt\n|faint|p1a: Eternatus\n|-damage|p2b: Miraidon|91/100|[from] item: Life Orb\n|move|p2a: Calyrex|High Horsepower|p1b: Dusclops\n|-damage|p1b: Dusclops|59/100\n|move|p1b: Dusclops|Spite|p2b: Miraidon\n|-activate|p2b: Miraidon|move: Spite|Electro Drift|4\n|\n|-damage|p2a: Calyrex|33/100 brn|[from] brn\n|upkeep\n|\n|t:|1746137573\n|switch|p1a: Ho-Oh|Ho-Oh, L50|100/100\n|-ability|p1a: Ho-Oh|Pressure\n|turn|8\n|\n|t:|1746137585\n|move|p1a: Ho-Oh|Protect|p1a: Ho-Oh\n|-singleturn|p1a: Ho-Oh|Protect\n|move|p2b: Miraidon|Electro Drift|p1a: Ho-Oh\n|-activate|p1a: Ho-Oh|move: Protect\n|move|p2a: Calyrex|High Horsepower|p1b: Dusclops\n|-damage|p1b: Dusclops|43/100\n|move|p1b: Dusclops|Pain Split|p2b: Miraidon\n|-sethp|p2b: Miraidon|64/100|[from] move: Pain Split|[silent]\n|-sethp|p1b: Dusclops|76/100|[from] move: Pain Split\n|\n|-damage|p2a: Calyrex|27/100 brn|[from] brn\n|upkeep\n|turn|9\n|\n|t:|1746137604\n|-terastallize|p1a: Ho-Oh|Stellar\n|move|p2b: Miraidon|Volt Switch|p1a: Ho-Oh\n|-supereffective|p1a: Ho-Oh\n|-damage|p1a: Ho-Oh|0 fnt\n|faint|p1a: Ho-Oh\n|-damage|p2b: Miraidon|54/100|[from] item: Life Orb\n|\n|t:|1746137612\n|switch|p2b: Pelipper|Pelipper, L50, F|81/100|[from] Volt Switch\n|-weather|RainDance|[from] ability: Drizzle|[of] p2b: Pelipper\n|move|p2a: Calyrex|High Horsepower|p1b: Dusclops\n|-damage|p1b: Dusclops|60/100\n|move|p1b: Dusclops|Spite|p2a: Calyrex\n|-activate|p2a: Calyrex|move: Spite|High Horsepower|4\n|\n|-weather|RainDance|[upkeep]\n|-damage|p2a: Calyrex|21/100 brn|[from] brn\n|upkeep\n|turn|10\n|\n|t:|1746137630\n|move|p1b: Dusclops|Protect|p1b: Dusclops\n|-singleturn|p1b: Dusclops|Protect\n|move|p2b: Pelipper|Weather Ball|p1b: Dusclops\n|-activate|p1b: Dusclops|move: Protect\n|move|p2a: Calyrex|High Horsepower|p1b: Dusclops\n|-activate|p1b: Dusclops|move: Protect\n|\n|-weather|RainDance|[upkeep]\n|-damage|p2a: Calyrex|15/100 brn|[from] brn\n|-fieldend|move: Electric Terrain\n|upkeep\n|turn|11\n|\n|t:|1746137649\n|move|p2b: Pelipper|Weather Ball|p1b: Dusclops\n|-damage|p1b: Dusclops|13/100\n|move|p2a: Calyrex|High Horsepower|p1b: Dusclops\n|-damage|p1b: Dusclops|0 fnt\n|faint|p1b: Dusclops\n|\n|win|Eddie1192\n||Shabalako is ready for game 2.\n||Eddie1192 is ready for game 2.\n|uhtml|next|Next: <a href=\"/battle-gen9vgc2025regibo3-2354975560\"><strong>Game 2 of 3</strong></a>\n|l|\u2606Shabalako\n|player|p1|\n|l|\u2606Eddie1192\n|player|p2|\n", "uploadtime": 1746137676, "views": 12, "formatid": "gen9vgc2025regibo3", "rating": null, "private": 0, "password": null}