{"id": "gen9vgc2025regibo3-2354605215", "format": "[Gen 9] VGC 2025 Reg I (Bo3)", "players": ["Jean CHASUBLE 1", "Romeria VGC"], "log": "|j|\u2606Jean CHASUBLE 1\n|j|\u2606Romeria VGC\n|html|<table width=\"100%\"><tr><td align=\"left\">Jean CHASUBLE 1</td><td align=\"right\">Romeria VGC</tr><tr><td align=\"left\"><i class=\"fa fa-circle-o\"></i> <i class=\"fa fa-circle-o\"></i> </td><td align=\"right\"><i class=\"fa fa-circle-o\"></i> <i class=\"fa fa-circle-o\"></i> </tr></table>\n|uhtml|bestof|<h2><strong>Game 1</strong> of <a href=\"/game-bestof3-gen9vgc2025regibo3-2354605214\">a best-of-3</a></h2>\n|t:|1746101799\n|gametype|doubles\n|player|p1|Jean CHASUBLE 1|cheren-gen5bw2|1203\n|player|p2|Romeria VGC|rosa|1272\n|teamsize|p1|6\n|teamsize|p2|6\n|gen|9\n|tier|[Gen 9] VGC 2025 Reg I (Bo3)\n|rated|\n|rule|Species Clause: Limit one of each Pok\u00e9mon\n|rule|Item Clause: Limit 1 of each item\n|clearpoke\n|poke|p1|Kyogre, L50|\n|poke|p1|Zacian-*, L50|\n|poke|p1|Tornadus, L50, M|\n|poke|p1|Landorus, L50, M|\n|poke|p1|Amoonguss, L50, F|\n|poke|p1|Urshifu-*, L50, M|\n|poke|p2|Calyrex-Shadow, L50|\n|poke|p2|Koraidon, L50|\n|poke|p2|Raging Bolt, L50|\n|poke|p2|Flutter Mane, L50|\n|poke|p2|Incineroar, L50, M|\n|poke|p2|Ogerpon-Cornerstone, L50, F|\n|teampreview|4\n|showteam|p1|Kyogre||AssaultVest|Drizzle|Thunder,WaterSpout,IceBeam,HydroPump||||||50|,,,,,Grass]Zacian-Crowned||RustedSword|IntrepidSword|Protect,PlayRough,behemothblade,SacredSword||||||50|,,,,,Fairy]Tornadus||CovertCloak|Prankster|Tailwind,Taunt,BleakwindStorm,RainDance|||M|||50|,,,,,Dark]Landorus||LifeOrb|SheerForce|EarthPower,SandsearStorm,SludgeBomb,Protect|||M|||50|,,,,,Poison]Amoonguss||RockyHelmet|Regenerator|Spore,PollenPuff,Protect,RagePowder|||F|||50|,,,,,Water]Urshifu-Rapid-Strike||ChoiceScarf|UnseenFist|SurgingStrikes,Uturn,AquaJet,CloseCombat|||M|||50|,,,,,Water\n|showteam|p2|Calyrex-Shadow||FocusSash|AsOneSpectrier|AstralBarrage,Psychic,NastyPlot,Protect||||||50|,,,,,Ghost]Koraidon||ClearAmulet|OrichalcumPulse|CloseCombat,FlameCharge,FlareBlitz,Protect||||||50|,,,,,Fire]Raging Bolt||AssaultVest|Protosynthesis|Thunderbolt,Thunderclap,Electroweb,DracoMeteor||||||50|,,,,,Electric]Flutter Mane||BoosterEnergy|Protosynthesis|Moonblast,IcyWind,Protect,ShadowBall||||||50|,,,,,Fairy]Incineroar||RockyHelmet|Intimidate|FakeOut,PartingShot,KnockOff,Taunt|||M|||50|,,,,,Ghost]Ogerpon-Cornerstone||CornerstoneMask|Sturdy|IvyCudgel,PowerWhip,FollowMe,SpikyShield|||F|||50|,,,,,Rock\n|inactive|Battle timer is ON: inactive players will automatically lose when time's up. (requested by Romeria VGC)\n|\n|t:|1746101843\n|start\n|switch|p1a: Tornadus|Tornadus, L50, M|100/100\n|switch|p1b: Kyogre|Kyogre, L50|100/100\n|switch|p2a: Calyrex|Calyrex-Shadow, L50|100/100\n|switch|p2b: Ogerpon|Ogerpon-Cornerstone, L50, F|100/100\n|-ability|p2a: Calyrex|As One\n|-ability|p2a: Calyrex|Unnerve\n|-weather|RainDance|[from] ability: Drizzle|[of] p1b: Kyogre\n|turn|1\n|inactive|Jean CHASUBLE 1 has 30 seconds left.\n|inactive|Romeria VGC has 30 seconds left.\n|\n|t:|1746101874\n|-terastallize|p2a: Calyrex|Ghost\n|-terastallize|p1a: Tornadus|Dark\n|move|p2a: Calyrex|Astral Barrage|p1b: Kyogre|[spread] p1a,p1b\n|-resisted|p1a: Tornadus\n|-damage|p1a: Tornadus|59/100\n|-damage|p1b: Kyogre|70/100\n|move|p2b: Ogerpon|Power Whip|p1b: Kyogre\n|-supereffective|p1b: Kyogre\n|-damage|p1b: Kyogre|0 fnt\n|faint|p1b: Kyogre\n|move|p1a: Tornadus|Bleakwind Storm|p2b: Ogerpon|[spread] p2a,p2b\n|-damage|p2a: Calyrex|71/100\n|-damage|p2b: Ogerpon|63/100\n|\n|-weather|RainDance|[upkeep]\n|upkeep\n|\n|t:|1746101890\n|switch|p1b: Landorus|Landorus, L50, M|100/100\n|turn|2\n|\n|t:|1746101909\n|switch|p2b: Koraidon|Koraidon, L50|100/100\n|-weather|SunnyDay|[from] ability: Orichalcum Pulse|[of] p2b: Koraidon\n|-activate|p2b: Koraidon|Orichalcum Pulse|[source]\n|move|p1a: Tornadus|Tailwind|p1a: Tornadus\n|-sidestart|p1: Jean CHASUBLE 1|move: Tailwind\n|move|p1b: Landorus|Sandsear Storm|p2b: Koraidon|[spread] p2a,p2b\n|-damage|p2a: Calyrex|14/100\n|-damage|p2b: Koraidon|53/100\n|move|p2a: Calyrex|Astral Barrage|p1b: Landorus|[spread] p1a,p1b\n|-resisted|p1a: Tornadus\n|-damage|p1a: Tornadus|18/100\n|-damage|p1b: Landorus|9/100\n|\n|-weather|SunnyDay|[upkeep]\n|upkeep\n|turn|3\n|\n|t:|1746101930\n|move|p2a: Calyrex|Protect|p2a: Calyrex\n|-singleturn|p2a: Calyrex|Protect\n|move|p2b: Koraidon|Protect|p2b: Koraidon\n|-singleturn|p2b: Koraidon|Protect\n|move|p1a: Tornadus|Rain Dance|p1a: Tornadus\n|-weather|RainDance\n|move|p1b: Landorus|Sandsear Storm|p2b: Koraidon|[spread] \n|-activate|p2a: Calyrex|move: Protect\n|-activate|p2b: Koraidon|move: Protect\n|\n|-weather|RainDance|[upkeep]\n|upkeep\n|turn|4\n|\n|t:|1746101944\n|switch|p2a: Raging Bolt|Raging Bolt, L50|100/100\n|switch|p2b: Ogerpon|Ogerpon-Cornerstone, L50, F|63/100\n|move|p1b: Landorus|Sandsear Storm|p2a: Raging Bolt|[spread] p2a,p2b\n|-supereffective|p2a: Raging Bolt\n|-damage|p2a: Raging Bolt|33/100\n|-damage|p2b: Ogerpon|0 fnt\n|faint|p2b: Ogerpon\n|move|p1a: Tornadus|Bleakwind Storm|p2a: Raging Bolt\n|-resisted|p2a: Raging Bolt\n|-damage|p2a: Raging Bolt|20/100\n|-unboost|p2a: Raging Bolt|spe|1\n|\n|-weather|RainDance|[upkeep]\n|upkeep\n|\n|t:|1746101952\n|switch|p2b: Koraidon|Koraidon, L50|53/100\n|-weather|SunnyDay|[from] ability: Orichalcum Pulse|[of] p2b: Koraidon\n|-activate|p2a: Raging Bolt|ability: Protosynthesis\n|-start|p2a: Raging Bolt|protosynthesisspa\n|-activate|p2b: Koraidon|Orichalcum Pulse|[source]\n|turn|5\n|inactive|Jean CHASUBLE 1 has 30 seconds left.\n|inactive|Romeria VGC has 30 seconds left.\n|inactive|Romeria VGC has 20 seconds left.\n|\n|t:|1746101992\n|move|p2a: Raging Bolt|Thunderclap|p1a: Tornadus\n|-damage|p1a: Tornadus|0 fnt\n|faint|p1a: Tornadus\n|move|p1b: Landorus|Sandsear Storm|p2a: Raging Bolt|[spread] p2a\n|-miss|p1b: Landorus|p2b: Koraidon\n|-supereffective|p2a: Raging Bolt\n|-damage|p2a: Raging Bolt|0 fnt\n|faint|p2a: Raging Bolt\n|-end|p2a: Raging Bolt|Protosynthesis|[silent]\n|move|p2b: Koraidon|Flame Charge|p1b: Landorus\n|-crit|p1b: Landorus\n|-damage|p1b: Landorus|0 fnt\n|-boost|p2b: Koraidon|spe|1\n|faint|p1b: Landorus\n|\n|-weather|SunnyDay|[upkeep]\n|-sideend|p1: Jean CHASUBLE 1|move: Tailwind\n|upkeep\n|\n|t:|1746102006\n|switch|p1b: Zacian|Zacian-Crowned, L50|100/100\n|switch|p2a: Calyrex|Calyrex-Shadow, L50, tera:Ghost|14/100\n|-ability|p2a: Calyrex|As One\n|-ability|p2a: Calyrex|Unnerve\n|-ability|p1b: Zacian|Intrepid Sword|boost\n|-boost|p1b: Zacian|atk|1\n|turn|6\n|\n|t:|1746102016\n|move|p2b: Koraidon|Flare Blitz|p1b: Zacian\n|-supereffective|p1b: Zacian\n|-damage|p1b: Zacian|0 fnt\n|faint|p1b: Zacian\n|-damage|p2b: Koraidon|25/100|[from] Recoil\n|\n|win|Romeria VGC\n||Romeria VGC is ready for game 2.\n", "uploadtime": 1746102023, "views": 10, "formatid": "gen9vgc2025regibo3", "rating": null, "private": 0, "password": null}