{"id": "gen9vgc2025regibo3-2354741579", "format": "[Gen 9] VGC 2025 Reg I (Bo3)", "players": ["kanedaaaaaaaaaaa", "Virone"], "log": "|j|\u2606kanedaaaaaaaaaaa\n|j|\u2606Virone\n|html|<table width=\"100%\"><tr><td align=\"left\">kanedaaaaaaaaaaa</td><td align=\"right\">Virone</tr><tr><td align=\"left\"><i class=\"fa fa-circle\"></i> <i class=\"fa fa-circle-o\"></i> </td><td align=\"right\"><i class=\"fa fa-circle-o\"></i> <i class=\"fa fa-circle\"></i> </tr></table>\n|uhtml|bestof|<h2><strong>Game 3</strong> of <a href=\"/game-bestof3-gen9vgc2025regibo3-2354736302\">a best-of-3</a></h2>\n|t:|1746115706\n|gametype|doubles\n|player|p1|kanedaaaaaaaaaaa|mustard-champion|1068\n|player|p2|Virone|veteranf|1034\n|teamsize|p1|6\n|teamsize|p2|6\n|gen|9\n|tier|[Gen 9] VGC 2025 Reg I (Bo3)\n|rated|\n|rule|Species Clause: Limit one of each Pok\u00e9mon\n|rule|Item Clause: Limit 1 of each item\n|clearpoke\n|poke|p1|Lunala, L50|\n|poke|p1|Ursaluna, L50, F|\n|poke|p1|Smeargle, L50, F|\n|poke|p1|Calyrex-Ice, L50|\n|poke|p1|Electabuzz, L50, F|\n|poke|p1|Incineroar, L50, F|\n|poke|p2|Calyrex-Ice, L50|\n|poke|p2|Ninetales-Alola, L50, F|\n|poke|p2|Whimsicott, L50, F|\n|poke|p2|Indeedee-F, L50, F|\n|poke|p2|Raging Bolt, L50|\n|poke|p2|Miraidon, L50|\n|teampreview|4\n|showteam|p1|Lunala||PowerHerb|ShadowShield|MeteorBeam,WideGuard,TrickRoom,MoongeistBeam||||||50|,,,,,Dark]Ursaluna||FlameOrb|Guts|Earthquake,Facade,Crunch,Protect|||F|||50|,,,,,Ghost]Smeargle||FocusSash|Moody|Decorate,FakeOut,Spore,TrickRoom|||F|||50|,,,,,Ghost]Calyrex-Ice||LifeOrb|AsOneGlastrier|GlacialLance,CloseCombat,TrickRoom,Protect||||||50|,,,,,Psychic]Electabuzz||Eviolite|VitalSpirit|FollowMe,VoltSwitch,Taunt,Feint|||F|||50|,,,,,Ghost]Incineroar||SafetyGoggles|Intimidate|PartingShot,Taunt,FakeOut,KnockOff|||F|||50|,,,,,Fire\n|showteam|p2|Calyrex-Ice||WeaknessPolicy|AsOneGlastrier|GlacialLance,HighHorsepower,TrickRoom,Protect||||||50|,,,,,Grass]Ninetales-Alola||FocusSash|SnowWarning|FreezeDry,AuroraVeil,Blizzard,Protect|||F|||50|,,,,,Ghost]Whimsicott||CovertCloak|Prankster|Moonblast,Encore,LightScreen,Uturn|||F|||50|,,,,,Fire]Indeedee-F||SafetyGoggles|PsychicSurge|Psychic,FollowMe,TrickRoom,HelpingHand|||F|||50|,,,,,Fairy]Raging Bolt||BoosterEnergy|Protosynthesis|Thunderbolt,DragonPulse,Thunderclap,Protect||||||50|,,,,,Electric]Miraidon||ChoiceSpecs|HadronEngine|ElectroDrift,DragonPulse,VoltSwitch,DazzlingGleam||||||50|,,,,,Fairy\n|inactive|Battle timer is ON: inactive players will automatically lose when time's up. (requested by Virone)\n|\n|t:|1746115805\n|start\n|switch|p1a: Smeargle|Smeargle, L50, F|100/100\n|switch|p1b: Incineroar|Incineroar, L50, F|100/100\n|switch|p2a: Calyrex|Calyrex-Ice, L50|100/100\n|switch|p2b: Miraidon|Miraidon, L50|100/100\n|-ability|p2a: Calyrex|As One\n|-ability|p2a: Calyrex|Unnerve\n|-fieldstart|move: Electric Terrain|[from] ability: Hadron Engine|[of] p2b: Miraidon\n|-ability|p1b: Incineroar|Intimidate|boost\n|-unboost|p2a: Calyrex|atk|1\n|-unboost|p2b: Miraidon|atk|1\n|turn|1\n|inactive|Virone has 30 seconds left.\n|\n|t:|1746115831\n|move|p1b: Incineroar|Fake Out|p2a: Calyrex\n|-damage|p2a: Calyrex|92/100\n|move|p2b: Miraidon|Electro Drift|p1b: Incineroar\n|-damage|p1b: Incineroar|0 fnt\n|faint|p1b: Incineroar\n|move|p1a: Smeargle|Trick Room|p1a: Smeargle\n|-fieldstart|move: Trick Room|[of] p1a: Smeargle\n|cant|p2a: Calyrex|flinch\n|\n|-ability|p1a: Smeargle|Moody|boost\n|-boost|p1a: Smeargle|def|2\n|-unboost|p1a: Smeargle|spe|1\n|upkeep\n|\n|t:|1746115841\n|switch|p1b: Ursaluna|Ursaluna, L50, F|100/100\n|turn|2\n|inactive|kanedaaaaaaaaaaa has 30 seconds left.\n|\n|t:|1746115872\n|switch|p2b: Ninetales|Ninetales-Alola, L50, F|100/100\n|-weather|Snowscape|[from] ability: Snow Warning|[of] p2b: Ninetales\n|move|p1b: Ursaluna|Protect|p1b: Ursaluna\n|-singleturn|p1b: Ursaluna|Protect\n|move|p2a: Calyrex|Glacial Lance|p1b: Ursaluna|[spread] p1a\n|-activate|p1b: Ursaluna|move: Protect\n|-crit|p1a: Smeargle\n|-enditem|p1a: Smeargle|Focus Sash\n|-damage|p1a: Smeargle|1/100\n|move|p1a: Smeargle|Decorate|p1b: Ursaluna\n|-boost|p1b: Ursaluna|atk|2\n|-boost|p1b: Ursaluna|spa|2\n|\n|-weather|Snowscape|[upkeep]\n|-status|p1b: Ursaluna|brn|[from] item: Flame Orb\n|-ability|p1a: Smeargle|Moody|boost\n|-boost|p1a: Smeargle|atk|2\n|-unboost|p1a: Smeargle|spd|1\n|upkeep\n|turn|3\n|\n|t:|1746115897\n|move|p2a: Calyrex|Protect|p2a: Calyrex\n|-singleturn|p2a: Calyrex|Protect\n|move|p1b: Ursaluna|Earthquake|p2a: Calyrex|[spread] p1a,p2b\n|-activate|p2a: Calyrex|move: Protect\n|-damage|p1a: Smeargle|0 fnt\n|-enditem|p2b: Ninetales|Focus Sash\n|-damage|p2b: Ninetales|1/100\n|faint|p1a: Smeargle\n|move|p2b: Ninetales|Aurora Veil|p2b: Ninetales\n|-sidestart|p2: Virone|move: Aurora Veil\n|\n|-weather|Snowscape|[upkeep]\n|-damage|p1b: Ursaluna|95/100 brn|[from] brn\n|upkeep\n|\n|t:|1746115905\n|switch|p1a: Lunala|Lunala, L50|100/100\n|turn|4\n|\n|t:|1746115926\n|switch|p2b: Whimsicott|Whimsicott, L50, F, shiny|100/100\n|-terastallize|p2a: Calyrex|Grass\n|move|p1a: Lunala|Wide Guard|p1a: Lunala\n|-singleturn|p1a: Lunala|Wide Guard\n|move|p2a: Calyrex|High Horsepower|p1b: Ursaluna\n|-damage|p1b: Ursaluna|74/100 brn\n|move|p1b: Ursaluna|Earthquake|p2b: Whimsicott|[spread] p2a,p2b\n|-activate|p1a: Lunala|move: Wide Guard\n|-resisted|p2a: Calyrex\n|-resisted|p2b: Whimsicott\n|-damage|p2a: Calyrex|63/100\n|-damage|p2b: Whimsicott|49/100\n|\n|-weather|Snowscape|[upkeep]\n|-damage|p1b: Ursaluna|68/100 brn|[from] brn\n|upkeep\n|turn|5\n|inactive|kanedaaaaaaaaaaa has 30 seconds left.\n|inactive|Virone has 30 seconds left.\n|inactive|kanedaaaaaaaaaaa has 20 seconds left.\n|inactive|Virone has 20 seconds left.\n|inactive|kanedaaaaaaaaaaa has 15 seconds left.\n|inactive|Virone has 15 seconds left.\n|inactive|kanedaaaaaaaaaaa has 10 seconds left.\n|\n|t:|1746115974\n|switch|p2a: Ninetales|Ninetales-Alola, L50, F|1/100\n|move|p1a: Lunala|Wide Guard|p1a: Lunala\n|-singleturn|p1a: Lunala|Wide Guard\n|move|p2b: Whimsicott|Encore|p1b: Ursaluna\n|-start|p1b: Ursaluna|Encore\n|move|p1b: Ursaluna|Earthquake|p2b: Whimsicott|[spread] p2a,p2b\n|-activate|p1a: Lunala|move: Wide Guard\n|-resisted|p2b: Whimsicott\n|-damage|p2a: Ninetales|0 fnt\n|-damage|p2b: Whimsicott|0 fnt\n|faint|p2a: Ninetales\n|faint|p2b: Whimsicott\n|\n|-weather|Snowscape|[upkeep]\n|-damage|p1b: Ursaluna|62/100 brn|[from] brn\n|-fieldend|move: Trick Room\n|-fieldend|move: Electric Terrain\n|upkeep\n|\n|t:|1746115983\n|switch|p2a: Calyrex|Calyrex-Ice, L50, tera:Grass|63/100\n|switch|p2b: Miraidon|Miraidon, L50|100/100\n|-ability|p2a: Calyrex|As One\n|-ability|p2a: Calyrex|Unnerve\n|-fieldstart|move: Electric Terrain|[from] ability: Hadron Engine|[of] p2b: Miraidon\n|turn|6\n|\n|t:|1746116021\n|move|p2b: Miraidon|Dragon Pulse|p1b: Ursaluna\n|-damage|p1b: Ursaluna|0 fnt\n|faint|p1b: Ursaluna\n|move|p2a: Calyrex|Glacial Lance|p1a: Lunala\n|-damage|p1a: Lunala|65/100\n|move|p1a: Lunala|Trick Room|p1a: Lunala\n|-fieldstart|move: Trick Room|[of] p1a: Lunala\n|\n|-weather|none\n|upkeep\n|turn|7\n|\n|t:|1746116031\n|move|p1a: Lunala|Wide Guard|p1a: Lunala\n|-singleturn|p1a: Lunala|Wide Guard\n|move|p2a: Calyrex|Glacial Lance|p1a: Lunala\n|-activate|p1a: Lunala|move: Wide Guard\n|move|p2b: Miraidon|Dragon Pulse|p1a: Lunala\n|-damage|p1a: Lunala|0 fnt\n|faint|p1a: Lunala\n|\n|win|Virone\n|raw|kanedaaaaaaaaaaa's rating: 1068 &rarr; <strong>1046</strong><br />(-22 for losing)\n|raw|Virone's rating: 1034 &rarr; <strong>1072</strong><br />(+38 for winning)\n|c|\u2606kanedaaaaaaaaaaa|miss click lmao\n|l|\u2606kanedaaaaaaaaaaa\n|player|p1|\n|l|\u2606Virone\n|player|p2|\n", "uploadtime": 1746116327, "views": 20, "formatid": "gen9vgc2025regibo3", "rating": 1046, "private": 0, "password": null}