{"id": "gen9vgc2025regibo3-2353648711", "format": "[Gen 9] VGC 2025 Reg I (Bo3)", "players": ["We_Are_Toasted", "Bmcqueen"], "log": "|j|\u2606We_Are_Toasted\n|j|\u2606Bmcqueen\n|html|<table width=\"100%\"><tr><td align=\"left\">We_Are_Toasted</td><td align=\"right\">Bmcqueen</tr><tr><td align=\"left\"><i class=\"fa fa-circle-o\"></i> <i class=\"fa fa-circle-o\"></i> </td><td align=\"right\"><i class=\"fa fa-circle-o\"></i> <i class=\"fa fa-circle-o\"></i> </tr></table>\n|uhtml|bestof|<h2><strong>Game 1</strong> of <a href=\"/game-bestof3-gen9vgc2025regibo3-2353648710\">a best-of-3</a></h2>\n|t:|1745978828\n|gametype|doubles\n|player|p1|We_Are_Toasted|larry|1306\n|player|p2|Bmcqueen|rood|1310\n|teamsize|p1|6\n|teamsize|p2|6\n|gen|9\n|tier|[Gen 9] VGC 2025 Reg I (Bo3)\n|rated|\n|rule|Species Clause: Limit one of each Pok\u00e9mon\n|rule|Item Clause: Limit 1 of each item\n|clearpoke\n|poke|p1|Miraidon, L50|\n|poke|p1|Grimmsnarl, L50, M|\n|poke|p1|Iron Hands, L50|\n|poke|p1|Lunala, L50|\n|poke|p1|Chi-Yu, L50|\n|poke|p1|Ursaluna, L50, F|\n|poke|p2|Tyranitar, L50, F|\n|poke|p2|Excadrill, L50, M|\n|poke|p2|Farigiraf, L50, F|\n|poke|p2|Miraidon, L50|\n|poke|p2|Ho-Oh, L50|\n|poke|p2|Iron Bundle, L50|\n|teampreview|4\n|showteam|p1|Miraidon||ChoiceSpecs|HadronEngine|VoltSwitch,DracoMeteor,ElectroDrift,DazzlingGleam||||||50|,,,,,Fairy]Grimmsnarl||LightClay|Prankster|LightScreen,Reflect,ThunderWave,SpiritBreak|||M|||50|,,,,,Ghost]Iron Hands||AssaultVest|QuarkDrive|DrainPunch,FakeOut,WildCharge,LowKick||||||50|,,,,,Bug]Lunala||PowerHerb|ShadowShield|MoongeistBeam,MeteorBeam,WideGuard,TrickRoom||||||50|,,,,,Water]Chi-Yu||ChoiceScarf|BeadsofRuin|Snarl,HeatWave,DarkPulse,Overheat||||||50|,,,,,Ghost]Ursaluna||FlameOrb|Guts|Facade,HeadlongRush,Earthquake,Protect|||F|||50|,,,,,Ghost\n|showteam|p2|Tyranitar||AssaultVest|SandStream|RockSlide,KnockOff,LowKick,TeraBlast|||F|||50|,,,,,Flying]Excadrill||LifeOrb|SandRush|HighHorsepower,Earthquake,IronHead,Protect|||M|||50|,,,,,Ground]Farigiraf||ElectricSeed|ArmorTail|Psychic,FoulPlay,TrickRoom,Imprison|||F|||50|,,,,,Steel]Miraidon||ChoiceSpecs|HadronEngine|ElectroDrift,DracoMeteor,VoltSwitch,DazzlingGleam||||||50|,,,,,Fairy]Ho-Oh||ClearAmulet|Regenerator|BraveBird,SacredFire,Tailwind,Protect||||||50|,,,,,Grass]Iron Bundle||FocusSash|QuarkDrive|FreezeDry,IcyWind,Encore,Protect||||||50|,,,,,Ghost\n|inactive|Battle timer is ON: inactive players will automatically lose when time's up. (requested by Bmcqueen)\n|inactive|We_Are_Toasted has 60 seconds left.\n|inactive|Bmcqueen has 60 seconds left.\n|inactive|We_Are_Toasted has 30 seconds left.\n|inactive|We_Are_Toasted has 20 seconds left.\n|inactive|We_Are_Toasted has 15 seconds left.\n|inactive|We_Are_Toasted has 10 seconds left.\n|inactive|We_Are_Toasted has 5 seconds left.\n|\n|t:|1745978918\n|start\n|switch|p1a: Miraidon|Miraidon, L50|100/100\n|switch|p1b: Grimmsnarl|Grimmsnarl, L50, M|100/100\n|switch|p2a: Tyranitar|Tyranitar, L50, F|100/100\n|switch|p2b: Excadrill|Excadrill, L50, M|100/100\n|-fieldstart|move: Electric Terrain|[from] ability: Hadron Engine|[of] p1a: Miraidon\n|-weather|Sandstorm|[from] ability: Sand Stream|[of] p2a: Tyranitar\n|turn|1\n|inactive|We_Are_Toasted has 30 seconds left.\n|inactive|We_Are_Toasted has 20 seconds left.\n|\n|t:|1745978954\n|-terastallize|p1a: Miraidon|Fairy\n|move|p1b: Grimmsnarl|Reflect|p1b: Grimmsnarl\n|-sidestart|p1: We_Are_Toasted|Reflect\n|move|p2b: Excadrill|Iron Head|p1a: Miraidon\n|-supereffective|p1a: Miraidon\n|-damage|p1a: Miraidon|27/100\n|-damage|p2b: Excadrill|91/100|[from] item: Life Orb\n|cant|p1a: Miraidon|flinch\n|move|p2a: Tyranitar|Knock Off|p1a: Miraidon\n|-resisted|p1a: Miraidon\n|-damage|p1a: Miraidon|8/100\n|-enditem|p1a: Miraidon|Choice Specs|[from] move: Knock Off|[of] p2a: Tyranitar\n|\n|-weather|Sandstorm|[upkeep]\n|-damage|p1a: Miraidon|2/100|[from] Sandstorm\n|-damage|p1b: Grimmsnarl|95/100|[from] Sandstorm\n|upkeep\n|turn|2\n|\n|t:|1745978976\n|switch|p1a: Brian Hands|Iron Hands, L50|100/100\n|-activate|p1a: Brian Hands|ability: Quark Drive\n|-start|p1a: Brian Hands|quarkdriveatk\n|move|p2b: Excadrill|Iron Head|p1b: Grimmsnarl\n|-supereffective|p1b: Grimmsnarl\n|-damage|p1b: Grimmsnarl|12/100\n|-damage|p2b: Excadrill|81/100|[from] item: Life Orb\n|move|p2a: Tyranitar|Rock Slide|p1b: Grimmsnarl|[spread] p1a,p1b\n|-resisted|p1a: Brian Hands\n|-damage|p1a: Brian Hands|94/100\n|-damage|p1b: Grimmsnarl|0 fnt\n|faint|p1b: Grimmsnarl\n|\n|-weather|Sandstorm|[upkeep]\n|-damage|p1a: Brian Hands|88/100|[from] Sandstorm\n|upkeep\n|\n|t:|1745978993\n|switch|p1b: Miraidon|Miraidon, L50, tera:Fairy|2/100\n|-activate|p1b: Miraidon|ability: Hadron Engine\n|turn|3\n|inactive|We_Are_Toasted has 30 seconds left.\n|\n|t:|1745979020\n|switch|p2a: Farigiraf|Farigiraf, L50, F|100/100\n|-enditem|p2a: Farigiraf|Electric Seed\n|-boost|p2a: Farigiraf|def|1|[from] item: Electric Seed\n|move|p2b: Excadrill|Protect|p2b: Excadrill\n|-singleturn|p2b: Excadrill|Protect\n|move|p1a: Brian Hands|Fake Out||[still]\n|cant|p2a: Farigiraf|ability: Armor Tail|Fake Out|[of] p1a: Brian Hands\n|move|p1b: Miraidon|Volt Switch|p2a: Farigiraf\n|-damage|p2a: Farigiraf|44/100\n|\n|t:|1745979023\n|switch|p1b: Lunala|Lunala, L50|100/100|[from] Volt Switch\n|\n|-weather|Sandstorm|[upkeep]\n|-damage|p1b: Lunala|94/100|[from] Sandstorm\n|-damage|p2a: Farigiraf|38/100|[from] Sandstorm\n|-damage|p1a: Brian Hands|81/100|[from] Sandstorm\n|upkeep\n|turn|4\n|\n|t:|1745979046\n|-terastallize|p2b: Excadrill|Ground\n|move|p2b: Excadrill|High Horsepower|p1a: Brian Hands\n|-supereffective|p1a: Brian Hands\n|-damage|p1a: Brian Hands|0 fnt\n|faint|p1a: Brian Hands\n|-end|p1a: Brian Hands|Quark Drive|[silent]\n|-damage|p2b: Excadrill|71/100|[from] item: Life Orb\n|move|p1b: Lunala|Meteor Beam||[still]\n|-prepare|p1b: Lunala|Meteor Beam\n|-boost|p1b: Lunala|spa|1\n|-enditem|p1b: Lunala|Power Herb\n|-anim|p1b: Lunala|Meteor Beam|p2a: Farigiraf\n|-damage|p2a: Farigiraf|0 fnt\n|faint|p2a: Farigiraf\n|\n|-weather|Sandstorm|[upkeep]\n|-damage|p1b: Lunala|88/100|[from] Sandstorm\n|upkeep\n|\n|t:|1745979065\n|switch|p2a: Ho-Oh|Ho-Oh, L50|100/100\n|switch|p1a: Miraidon|Miraidon, L50, tera:Fairy|2/100\n|-activate|p1a: Miraidon|ability: Hadron Engine\n|turn|5\n|\n|t:|1745979074\n|move|p2a: Ho-Oh|Protect|p2a: Ho-Oh\n|-singleturn|p2a: Ho-Oh|Protect\n|move|p2b: Excadrill|Earthquake|p1b: Lunala|[spread] p1a,p1b\n|-activate|p2a: Ho-Oh|move: Protect\n|-damage|p1a: Miraidon|0 fnt\n|-damage|p1b: Lunala|48/100\n|faint|p1a: Miraidon\n|-damage|p2b: Excadrill|62/100|[from] item: Life Orb\n|move|p1b: Lunala|Moongeist Beam|p2b: Excadrill\n|-damage|p2b: Excadrill|0 fnt\n|faint|p2b: Excadrill\n|\n|-weather|none\n|-fieldend|move: Electric Terrain\n|upkeep\n|-message|We_Are_Toasted forfeited.\n|\n|win|Bmcqueen\n||We_Are_Toasted is ready for game 2.\n||Bmcqueen is ready for game 2.\n|uhtml|next|Next: <a href=\"/battle-gen9vgc2025regibo3-2353650858\"><strong>Game 2 of 3</strong></a>\n", "uploadtime": 1745979090, "views": 19, "formatid": "gen9vgc2025regibo3", "rating": null, "private": 0, "password": null}