{"id": "gen9vgc2025regibo3-2353643199", "format": "[Gen 9] VGC 2025 Reg I (Bo3)", "players": ["psychor&r", "tatsur0u"], "log": "|j|\u2606psychor&r\n|j|\u2606tatsur0u\n|html|<table width=\"100%\"><tr><td align=\"left\">psychor&amp;r</td><td align=\"right\">tatsur0u</tr><tr><td align=\"left\"><i class=\"fa fa-circle-o\"></i> <i class=\"fa fa-circle-o\"></i> </td><td align=\"right\"><i class=\"fa fa-circle-o\"></i> <i class=\"fa fa-circle-o\"></i> </tr></table>\n|uhtml|bestof|<h2><strong>Game 1</strong> of <a href=\"/game-bestof3-gen9vgc2025regibo3-2353643198\">a best-of-3</a></h2>\n|t:|1745978163\n|gametype|doubles\n|player|p1|psychor&r|101|1249\n|player|p2|tatsur0u|266|1324\n|teamsize|p1|6\n|teamsize|p2|6\n|gen|9\n|tier|[Gen 9] VGC 2025 Reg I (Bo3)\n|rated|\n|rule|Species Clause: Limit one of each Pok\u00e9mon\n|rule|Item Clause: Limit 1 of each item\n|clearpoke\n|poke|p1|Indeedee-F, L50, F|\n|poke|p1|Calyrex-Ice, L50|\n|poke|p1|Ursaluna-Bloodmoon, L50, M|\n|poke|p1|Smeargle, L50, M|\n|poke|p1|Urshifu-*, L50, M|\n|poke|p1|Lunala, L50|\n|poke|p2|Calyrex-Shadow, L50|\n|poke|p2|Zamazenta-*, L50|\n|poke|p2|Ogerpon-Hearthflame, L50, F|\n|poke|p2|Raging Bolt, L50|\n|poke|p2|Ting-Lu, L50|\n|poke|p2|Dondozo, L50, F|\n|teampreview|4\n|showteam|p1|Indeedee-F||PsychicSeed|PsychicSurge|Psychic,TrickRoom,FollowMe,HelpingHand|||F|||50|,,,,,Fairy]Calyrex-Ice||ClearAmulet|AsOneGlastrier|GlacialLance,HighHorsepower,TrickRoom,Protect||||||50|,,,,,Fire]Ursaluna-Bloodmoon||LifeOrb|MindsEye|EarthPower,HyperVoice,BloodMoon,Protect|||M|||50|,,,,,Normal]Smeargle||FocusSash|OwnTempo|FollowMe,FakeOut,Decorate,Spore|||M|||50|,,,,,Grass]Urshifu||ChoiceBand|UnseenFist|WickedBlow,SuckerPunch,CloseCombat,Detect|||M|||50|,,,,,Grass]Lunala||PowerHerb|ShadowShield|ExpandingForce,TrickRoom,MoongeistBeam,MeteorBeam||||||50|,,,,,Grass\n|showteam|p2|Calyrex-Shadow||FocusSash|AsOneSpectrier|AstralBarrage,Psychic,PollenPuff,Protect||||||50|,,,,,Ghost]Zamazenta-Crowned||RustedShield|DauntlessShield|BodyPress,behemothbash,WideGuard,Protect||||||50|,,,,,Dragon]Ogerpon-Hearthflame||HearthflameMask|MoldBreaker|IvyCudgel,WoodHammer,FollowMe,SpikyShield|||F|||50|,,,,,Fire]Raging Bolt||AssaultVest|Protosynthesis|Thunderclap,Thunderbolt,Electroweb,DracoMeteor||||||50|,,,,,Fairy]Ting-Lu||FigyBerry|VesselofRuin|Ruination,ThroatChop,SandTomb,Protect||||||50|,,,,,Water]Dondozo||Leftovers|Unaware|WaveCrash,Yawn,Protect,Fissure|||F|||50|,,,,,Poison\n|inactive|Battle timer is ON: inactive players will automatically lose when time's up. (requested by tatsur0u)\n|inactive|tatsur0u has 60 seconds left.\n|\n|t:|1745978196\n|start\n|switch|p1a: Calyrex|Calyrex-Ice, L50|100/100\n|switch|p1b: Smeargle|Smeargle, L50, M, shiny|100/100\n|switch|p2a: Calyrex|Calyrex-Shadow, L50|100/100\n|switch|p2b: Zamazenta|Zamazenta-Crowned, L50|100/100\n|-ability|p2a: Calyrex|As One\n|-ability|p2a: Calyrex|Unnerve\n|-ability|p1a: Calyrex|As One\n|-ability|p1a: Calyrex|Unnerve\n|-ability|p2b: Zamazenta|Dauntless Shield|boost\n|-boost|p2b: Zamazenta|def|1\n|turn|1\n|\n|t:|1745978215\n|-terastallize|p1a: Calyrex|Fire\n|move|p1b: Smeargle|Fake Out|p2b: Zamazenta\n|-resisted|p2b: Zamazenta\n|-damage|p2b: Zamazenta|99/100\n|move|p2a: Calyrex|Pollen Puff|p1b: Smeargle\n|-damage|p1b: Smeargle|37/100\n|cant|p2b: Zamazenta|flinch\n|move|p1a: Calyrex|Trick Room|p1a: Calyrex\n|-fieldstart|move: Trick Room|[of] p1a: Calyrex\n|\n|upkeep\n|turn|2\n|\n|t:|1745978230\n|-terastallize|p2b: Zamazenta|Dragon\n|move|p1b: Smeargle|Decorate|p1a: Calyrex\n|-boost|p1a: Calyrex|atk|2\n|-boost|p1a: Calyrex|spa|2\n|move|p1a: Calyrex|High Horsepower|p2b: Zamazenta\n|-damage|p2b: Zamazenta|66/100\n|move|p2b: Zamazenta|Body Press|p1b: Smeargle\n|-supereffective|p1b: Smeargle\n|-damage|p1b: Smeargle|0 fnt\n|faint|p1b: Smeargle\n|move|p2a: Calyrex|Astral Barrage|p1a: Calyrex\n|-damage|p1a: Calyrex|54/100\n|\n|upkeep\n|\n|t:|1745978241\n|switch|p1b: Lunala|Lunala, L50|100/100\n|turn|3\n|\n|t:|1745978255\n|switch|p2a: Dondozo|Dondozo, L50, F|100/100\n|move|p1a: Calyrex|Glacial Lance|p2a: Dondozo|[spread] p2a,p2b\n|-resisted|p2a: Dondozo\n|-supereffective|p2b: Zamazenta\n|-damage|p2a: Dondozo|84/100\n|-damage|p2b: Zamazenta|0 fnt\n|faint|p2b: Zamazenta\n|-ability|p1a: Calyrex|Chilling Neigh|boost\n|-boost|p1a: Calyrex|atk|1\n|move|p1b: Lunala|Meteor Beam||[still]\n|-prepare|p1b: Lunala|Meteor Beam\n|-boost|p1b: Lunala|spa|1\n|-enditem|p1b: Lunala|Power Herb\n|-anim|p1b: Lunala|Meteor Beam|p2a: Dondozo\n|-damage|p2a: Dondozo|45/100\n|\n|-heal|p2a: Dondozo|51/100|[from] item: Leftovers\n|upkeep\n|\n|t:|1745978264\n|switch|p2b: Ogerpon|Ogerpon-Hearthflame, L50, F|100/100\n|-ability|p2b: Ogerpon|Mold Breaker\n|turn|4\n|\n|t:|1745978275\n|move|p2b: Ogerpon|Spiky Shield|p2b: Ogerpon\n|-singleturn|p2b: Ogerpon|move: Protect\n|move|p2a: Dondozo|Yawn|p1a: Calyrex\n|-start|p1a: Calyrex|move: Yawn|[of] p2a: Dondozo\n|move|p1a: Calyrex|Glacial Lance|p2a: Dondozo|[spread] p2a\n|-activate|p2b: Ogerpon|move: Protect\n|-resisted|p2a: Dondozo\n|-damage|p2a: Dondozo|37/100\n|move|p1b: Lunala|Moongeist Beam|p2a: Dondozo\n|-damage|p2a: Dondozo|0 fnt\n|faint|p2a: Dondozo\n|\n|upkeep\n|\n|t:|1745978278\n|switch|p2a: Calyrex|Calyrex-Shadow, L50|100/100\n|-ability|p2a: Calyrex|As One\n|-ability|p2a: Calyrex|Unnerve\n|turn|5\n|\n|t:|1745978291\n|switch|p1a: Indeedee|Indeedee-F, L50, F, shiny|100/100\n|-fieldstart|move: Psychic Terrain|[from] ability: Psychic Surge|[of] p1a: Indeedee\n|-enditem|p1a: Indeedee|Psychic Seed\n|-boost|p1a: Indeedee|spd|1|[from] item: Psychic Seed\n|move|p2a: Calyrex|Protect|p2a: Calyrex\n|-singleturn|p2a: Calyrex|Protect\n|move|p1b: Lunala|Expanding Force|p2a: Calyrex|[spread] p2b\n|-activate|p2a: Calyrex|move: Protect\n|-damage|p2b: Ogerpon|0 fnt\n|faint|p2b: Ogerpon\n|\n|-fieldend|move: Trick Room\n|upkeep\n|turn|6\n|\n|t:|1745978305\n|move|p2a: Calyrex|Astral Barrage|p1b: Lunala|[spread] p1b\n|-immune|p1a: Indeedee\n|-supereffective|p1b: Lunala\n|-damage|p1b: Lunala|15/100\n|move|p1b: Lunala|Moongeist Beam|p2a: Calyrex\n|-supereffective|p2a: Calyrex\n|-crit|p2a: Calyrex\n|-enditem|p2a: Calyrex|Focus Sash\n|-damage|p2a: Calyrex|1/100\n|move|p1a: Indeedee|Trick Room|p1a: Indeedee\n|-fieldstart|move: Trick Room|[of] p1a: Indeedee\n|\n|upkeep\n|turn|7\n|-message|tatsur0u forfeited.\n|\n|win|psychor&r\n||psychor&r is ready for game 2.\n", "uploadtime": 1745978319, "views": 11, "formatid": "gen9vgc2025regibo3", "rating": null, "private": 0, "password": null}