{"id": "gen9vgc2025regibo3-2353858490", "format": "[Gen 9] VGC 2025 Reg I (Bo3)", "players": ["Edozeg", "bigpezzy3"], "log": "|j|\u2606Edozeg\n|j|\u2606bigpezzy3\n|html|<table width=\"100%\"><tr><td align=\"left\">Edozeg</td><td align=\"right\">bigpezzy3</tr><tr><td align=\"left\"><i class=\"fa fa-circle-o\"></i> <i class=\"fa fa-circle-o\"></i> </td><td align=\"right\"><i class=\"fa fa-circle-o\"></i> <i class=\"fa fa-circle-o\"></i> </tr></table>\n|uhtml|bestof|<h2><strong>Game 1</strong> of <a href=\"/game-bestof3-gen9vgc2025regibo3-2353858489\">a best-of-3</a></h2>\n|t:|1746011316\n|gametype|doubles\n|player|p1|Edozeg|grimsley|1051\n|player|p2|bigpezzy3|roark|1127\n|teamsize|p1|6\n|teamsize|p2|6\n|gen|9\n|tier|[Gen 9] VGC 2025 Reg I (Bo3)\n|rated|\n|rule|Species Clause: Limit one of each Pok\u00e9mon\n|rule|Item Clause: Limit 1 of each item\n|clearpoke\n|poke|p1|Kyogre, L50|\n|poke|p1|Zamazenta-*, L50|\n|poke|p1|Indeedee-F, L50, F|\n|poke|p1|Dragapult, L50, M|\n|poke|p1|Chien-Pao, L50|\n|poke|p1|Incineroar, L50, M|\n|poke|p2|Calyrex-Shadow, L50|\n|poke|p2|Koraidon, L50|\n|poke|p2|Chi-Yu, L50|\n|poke|p2|Whimsicott, L50, M|\n|poke|p2|Ogerpon-Cornerstone, L50, F|\n|poke|p2|Raging Bolt, L50|\n|teampreview|4\n|showteam|p1|Kyogre||ChoiceScarf|Drizzle|WaterSpout,IceBeam,OriginPulse,HydroPump||||||50|,,,,,Grass]Zamazenta-Crowned||RustedShield|DauntlessShield|BodyPress,HeavySlam,WideGuard,Protect||||||50|,,,,,Dragon]Indeedee-F||PsychicSeed|PsychicSurge|TrickRoom,FollowMe,HelpingHand,Imprison|||F|||50|,,,,,Fairy]Dragapult||FocusSash|ClearBody|PhantomForce,DragonDarts,DragonDance,Protect|||M|||50|,,,,,Normal]Chien-Pao||ClearAmulet|SwordofRuin|SuckerPunch,ThroatChop,SacredSword,Protect||||||50|,,,,,Stellar]Incineroar||RockyHelmet|Intimidate|Taunt,FakeOut,PartingShot,KnockOff|||M|||50|,,,,,Grass\n|showteam|p2|Calyrex-Shadow||FocusSash|AsOneSpectrier|AstralBarrage,Psychic,WillOWisp,Protect||||||50|,,,,,Normal]Koraidon||LifeOrb|OrichalcumPulse|CloseCombat,FlareBlitz,FlameCharge,Protect||||||50|,,,,,Fire]Chi-Yu||ChoiceScarf|BeadsofRuin|DarkPulse,HeatWave,Overheat,Snarl||||||50|,,,,,Ghost]Whimsicott||CovertCloak|Prankster|HelpingHand,Moonblast,Tailwind,Encore|||M|||50|,,,,,Dark]Ogerpon-Cornerstone||CornerstoneMask|Sturdy|FollowMe,IvyCudgel,SpikyShield,PowerWhip|||F|||50|,,,,,Rock]Raging Bolt||ChoiceSpecs|Protosynthesis|DracoMeteor,Thunderclap,Thunderbolt,VoltSwitch||||||50|,,,,,Electric\n|inactive|Battle timer is ON: inactive players will automatically lose when time's up. (requested by bigpezzy3)\n|c|\u2606bigpezzy3|gl\n|inactive|Edozeg has 60 seconds left.\n|inactive|bigpezzy3 has 60 seconds left.\n|\n|t:|1746011353\n|start\n|switch|p1a: Zamazenta|Zamazenta-Crowned, L50|100/100\n|switch|p1b: Incineroar|Incineroar, L50, M|100/100\n|switch|p2a: Mini|Raging Bolt, L50|100/100\n|switch|p2b: Horse Girl|Calyrex-Shadow, L50|100/100\n|-ability|p2b: Horse Girl|As One\n|-ability|p2b: Horse Girl|Unnerve\n|-ability|p1a: Zamazenta|Dauntless Shield|boost\n|-boost|p1a: Zamazenta|def|1\n|-ability|p1b: Incineroar|Intimidate|boost\n|-unboost|p2a: Mini|atk|1\n|-unboost|p2b: Horse Girl|atk|1\n|turn|1\n|inactive|Edozeg has 30 seconds left.\n|inactive|bigpezzy3 has 30 seconds left.\n|inactive|Edozeg has 20 seconds left.\n|inactive|Edozeg has 15 seconds left.\n|\n|t:|1746011397\n|move|p1a: Zamazenta|Protect|p1a: Zamazenta\n|-singleturn|p1a: Zamazenta|Protect\n|move|p2b: Horse Girl|Psychic|p1a: Zamazenta\n|-activate|p1a: Zamazenta|move: Protect\n|move|p2a: Mini|Thunderbolt|p1a: Zamazenta\n|-activate|p1a: Zamazenta|move: Protect\n|move|p1b: Incineroar|Parting Shot|p2a: Mini\n|-unboost|p2a: Mini|atk|1\n|-unboost|p2a: Mini|spa|1\n|\n|t:|1746011406\n|switch|p1b: Chien-Pao|Chien-Pao, L50|100/100|[from] Parting Shot\n|-ability|p1b: Chien-Pao|Sword of Ruin\n|\n|upkeep\n|turn|2\n|inactive|bigpezzy3 has 30 seconds left.\n|\n|t:|1746011438\n|switch|p1a: Incineroar|Incineroar, L50, M|100/100\n|-ability|p1a: Incineroar|Intimidate|boost\n|-unboost|p2a: Mini|atk|1\n|-unboost|p2b: Horse Girl|atk|1\n|move|p1b: Chien-Pao|Protect|p1b: Chien-Pao\n|-singleturn|p1b: Chien-Pao|Protect\n|move|p2b: Horse Girl|Astral Barrage|p1b: Chien-Pao|[spread] p1a\n|-activate|p1b: Chien-Pao|move: Protect\n|-resisted|p1a: Incineroar\n|-damage|p1a: Incineroar|75/100\n|move|p2a: Mini|Thunderbolt|p1b: Chien-Pao\n|-activate|p1b: Chien-Pao|move: Protect\n|\n|upkeep\n|turn|3\n|inactive|bigpezzy3 has 30 seconds left.\n|inactive|bigpezzy3 has 20 seconds left.\n|inactive|bigpezzy3 has 15 seconds left.\n|inactive|bigpezzy3 has 10 seconds left.\n|\n|t:|1746011485\n|move|p1a: Incineroar|Fake Out|p2a: Mini\n|-damage|p2a: Mini|88/100\n|move|p2b: Horse Girl|Astral Barrage|p1b: Chien-Pao|[spread] p1a,p1b\n|-resisted|p1a: Incineroar\n|-resisted|p1b: Chien-Pao\n|-damage|p1a: Incineroar|51/100\n|-damage|p1b: Chien-Pao|55/100\n|move|p1b: Chien-Pao|Throat Chop|p2b: Horse Girl\n|-supereffective|p2b: Horse Girl\n|-enditem|p2b: Horse Girl|Focus Sash\n|-damage|p2b: Horse Girl|1/100\n|-start|p2b: Horse Girl|Throat Chop|[silent]\n|cant|p2a: Mini|flinch\n|\n|upkeep\n|turn|4\n|\n|t:|1746011506\n|move|p2b: Horse Girl|Protect|p2b: Horse Girl\n|-singleturn|p2b: Horse Girl|Protect\n|move|p1b: Chien-Pao|Sucker Punch|p2a: Mini\n|-damage|p2a: Mini|41/100\n|move|p2a: Mini|Thunderbolt|p1b: Chien-Pao\n|-damage|p1b: Chien-Pao|0 fnt\n|faint|p1b: Chien-Pao\n|move|p1a: Incineroar|Parting Shot|p2a: Mini\n|-unboost|p2a: Mini|atk|1\n|-unboost|p2a: Mini|spa|1\n|\n|t:|1746011520\n|switch|p1a: Kyogre|Kyogre, L50|100/100|[from] Parting Shot\n|-weather|RainDance|[from] ability: Drizzle|[of] p1a: Kyogre\n|\n|-weather|RainDance|[upkeep]\n|-end|p2b: Horse Girl|Throat Chop|[silent]\n|upkeep\n|\n|t:|1746011521\n|switch|p1b: Incineroar|Incineroar, L50, M|51/100\n|-ability|p1b: Incineroar|Intimidate|boost\n|-unboost|p2a: Mini|atk|1\n|-unboost|p2b: Horse Girl|atk|1\n|turn|5\n|inactive|bigpezzy3 has 30 seconds left.\n|inactive|Edozeg has 30 seconds left.\n|\n|t:|1746011554\n|-end|p2a: Mini|Protosynthesis|[silent]\n|switch|p2a: Sun Bike|Koraidon, L50|100/100\n|-weather|SunnyDay|[from] ability: Orichalcum Pulse|[of] p2a: Sun Bike\n|-activate|p2a: Sun Bike|Orichalcum Pulse|[source]\n|move|p1a: Kyogre|Water Spout|p2b: Horse Girl|[spread] p2a,p2b\n|-resisted|p2a: Sun Bike\n|-damage|p2a: Sun Bike|83/100\n|-damage|p2b: Horse Girl|0 fnt\n|faint|p2b: Horse Girl\n|move|p1b: Incineroar|Parting Shot|p2a: Sun Bike\n|-unboost|p2a: Sun Bike|atk|1\n|-unboost|p2a: Sun Bike|spa|1\n|\n|t:|1746011561\n|switch|p1b: Zamazenta|Zamazenta-Crowned, L50|100/100|[from] Parting Shot\n|\n|-weather|SunnyDay|[upkeep]\n|upkeep\n|\n|t:|1746011568\n|switch|p2b: Mini|Raging Bolt, L50|41/100\n|-activate|p2b: Mini|ability: Protosynthesis\n|-start|p2b: Mini|protosynthesisspa\n|turn|6\n|inactive|Edozeg has 30 seconds left.\n|inactive|bigpezzy3 has 30 seconds left.\n|\n|t:|1746011596\n|switch|p1a: Incineroar|Incineroar, L50, M|51/100\n|-ability|p1a: Incineroar|Intimidate|boost\n|-unboost|p2a: Sun Bike|atk|1\n|-unboost|p2b: Mini|atk|1\n|-terastallize|p1b: Zamazenta|Dragon\n|move|p2a: Sun Bike|Close Combat|p1a: Incineroar\n|-supereffective|p1a: Incineroar\n|-damage|p1a: Incineroar|0 fnt\n|-unboost|p2a: Sun Bike|def|1\n|-unboost|p2a: Sun Bike|spd|1\n|-damage|p2a: Sun Bike|67/100|[from] item: Rocky Helmet|[of] p1a: Incineroar\n|faint|p1a: Incineroar\n|-damage|p2a: Sun Bike|57/100|[from] item: Life Orb\n|move|p1b: Zamazenta|Body Press|p2b: Mini\n|-damage|p2b: Mini|0 fnt\n|faint|p2b: Mini\n|-end|p2b: Mini|Protosynthesis|[silent]\n|\n|-weather|SunnyDay|[upkeep]\n|upkeep\n|\n|t:|1746011615\n|switch|p2b: Leafy Bonk|Ogerpon-Cornerstone, L50, F|100/100\n|switch|p1a: Kyogre|Kyogre, L50|100/100\n|-weather|RainDance|[from] ability: Drizzle|[of] p1a: Kyogre\n|turn|7\n|\n|t:|1746011640\n|move|p1a: Kyogre|Water Spout|p2a: Sun Bike|[spread] p2a,p2b\n|-resisted|p2a: Sun Bike\n|-damage|p2a: Sun Bike|0 fnt\n|-ability|p2b: Leafy Bonk|Sturdy\n|-damage|p2b: Leafy Bonk|1/100\n|faint|p2a: Sun Bike\n|move|p2b: Leafy Bonk|Power Whip|p1a: Kyogre\n|-supereffective|p1a: Kyogre\n|-damage|p1a: Kyogre|0 fnt\n|faint|p1a: Kyogre\n|move|p1b: Zamazenta|Body Press|p2b: Leafy Bonk\n|-supereffective|p2b: Leafy Bonk\n|-damage|p2b: Leafy Bonk|0 fnt\n|faint|p2b: Leafy Bonk\n|\n|win|Edozeg\n||Edozeg is ready for game 2.\n|inactive|bigpezzy3 has 30 seconds to confirm battle start!\n|l|\u2606Edozeg\n|player|p1|\n||bigpezzy3 is ready for game 2.\n|uhtml|next|Next: <a href=\"/battle-gen9vgc2025regibo3-2353860880\"><strong>Game 2 of 3</strong></a>\n", "uploadtime": 1746011931, "views": 7, "formatid": "gen9vgc2025regibo3", "rating": null, "private": 0, "password": null}