{"id": "gen9vgc2025regibo3-2353683766", "format": "[Gen 9] VGC 2025 Reg I (Bo3)", "players": ["brutal mcbonnet", "8123A"], "log": "|j|\u2606brutal mcbonnet\n|j|\u26068123A\n|html|<table width=\"100%\"><tr><td align=\"left\">brutal mcbonnet</td><td align=\"right\">8123A</tr><tr><td align=\"left\"><i class=\"fa fa-circle-o\"></i> <i class=\"fa fa-circle-o\"></i> </td><td align=\"right\"><i class=\"fa fa-circle-o\"></i> <i class=\"fa fa-circle-o\"></i> </tr></table>\n|uhtml|bestof|<h2><strong>Game 1</strong> of <a href=\"/game-bestof3-gen9vgc2025regibo3-2353683765\">a best-of-3</a></h2>\n|t:|1745983210\n|gametype|doubles\n|player|p1|brutal mcbonnet|skyla|1191\n|player|p2|8123A|fisherman-gen4|1201\n|teamsize|p1|6\n|teamsize|p2|6\n|gen|9\n|tier|[Gen 9] VGC 2025 Reg I (Bo3)\n|rated|\n|rule|Species Clause: Limit one of each Pok\u00e9mon\n|rule|Item Clause: Limit 1 of each item\n|clearpoke\n|poke|p1|Koraidon, L50|\n|poke|p1|Ho-Oh, L50|\n|poke|p1|Brute Bonnet, L50|\n|poke|p1|Flutter Mane, L50|\n|poke|p1|Raging Bolt, L50|\n|poke|p1|Iron Treads, L50|\n|poke|p2|Kyogre, L50|\n|poke|p2|Calyrex-Ice, L50|\n|poke|p2|Rillaboom, L50, F|\n|poke|p2|Amoonguss, L50, M|\n|poke|p2|Incineroar, L50, F|\n|poke|p2|Tornadus, L50, M|\n|teampreview|4\n|showteam|p1|Koraidon||LifeOrb|OrichalcumPulse|CloseCombat,FlareBlitz,BreakingSwipe,Protect||||||50|,,,,,Fire]Ho-Oh||ClearAmulet|Regenerator|SacredFire,BraveBird,Tailwind,Protect||||||50|,,,,,Grass]Brute Bonnet||CovertCloak|Protosynthesis|SuckerPunch,PollenPuff,Spore,RagePowder||||||50|,,,,,Water]Flutter Mane||FocusSash|Protosynthesis|Moonblast,ShadowBall,IcyWind,Protect||||||50|,,,,,Stellar]Raging Bolt||AssaultVest|Protosynthesis|Thunderclap,Thunderbolt,DragonPulse,Electroweb||||||50|,,,,,Electric]Iron Treads||ChoiceBand|QuarkDrive|HighHorsepower,IronHead,Earthquake,SteelRoller||||||50|,,,,,Ghost\n|showteam|p2|Kyogre||Leftovers|Drizzle|WaterSpout,OriginPulse,IceBeam,CalmMind||||||50|,,,,,Grass]Calyrex-Ice||ClearAmulet|AsOneGlastrier|TrickRoom,GlacialLance,Protect,HighHorsepower||||||50|,,,,,Fire]Rillaboom||AssaultVest|GrassySurge|FakeOut,GrassyGlide,WoodHammer,Uturn|||F|||50|,,,,,Fire]Amoonguss||MentalHerb|Regenerator|Spore,RagePowder,PollenPuff,Protect|||M|||50|,,,,,Fairy]Incineroar||SafetyGoggles|Intimidate|FakeOut,KnockOff,PartingShot,FlareBlitz|||F|||50|,,,,,Ghost]Tornadus||CovertCloak|Prankster|BleakwindStorm,Tailwind,Protect,Taunt|||M|||50|,,,,,Steel\n|\n|t:|1745983235\n|start\n|switch|p1a: Brute Bonnet|Brute Bonnet, L50, shiny|100/100\n|switch|p1b: Raging Bolt|Raging Bolt, L50|100/100\n|switch|p2a: Rillaboom|Rillaboom, L50, F|100/100\n|switch|p2b: Calyrex|Calyrex-Ice, L50|100/100\n|-ability|p2b: Calyrex|As One\n|-ability|p2b: Calyrex|Unnerve\n|-fieldstart|move: Grassy Terrain|[from] ability: Grassy Surge|[of] p2a: Rillaboom\n|turn|1\n|\n|t:|1745983274\n|move|p2a: Rillaboom|Fake Out|p1a: Brute Bonnet\n|-damage|p1a: Brute Bonnet|90/100\n|move|p1b: Raging Bolt|Thunderbolt|p2b: Calyrex\n|-damage|p2b: Calyrex|62/100\n|move|p1a: Brute Bonnet|Spore|p2b: Calyrex\n|-status|p2b: Calyrex|slp|[from] move: Spore\n|cant|p2b: Calyrex|slp\n|\n|-heal|p1a: Brute Bonnet|96/100|[from] Grassy Terrain\n|-heal|p2b: Calyrex|68/100 slp|[from] Grassy Terrain\n|upkeep\n|turn|2\n|\n|t:|1745983294\n|-end|p1a: Brute Bonnet|Protosynthesis|[silent]\n|switch|p1a: Ho-Oh|Ho-Oh, L50, shiny|100/100\n|move|p2a: Rillaboom|U-turn|p1a: Ho-Oh\n|-resisted|p1a: Ho-Oh\n|-crit|p1a: Ho-Oh\n|-damage|p1a: Ho-Oh|93/100\n|\n|t:|1745983307\n|switch|p2a: Tornadus|Tornadus, L50, M|100/100|[from] U-turn\n|move|p1b: Raging Bolt|Thunderbolt|p2a: Tornadus\n|-supereffective|p2a: Tornadus\n|-damage|p2a: Tornadus|0 fnt\n|faint|p2a: Tornadus\n|cant|p2b: Calyrex|slp\n|\n|-heal|p2b: Calyrex|74/100 slp|[from] Grassy Terrain\n|upkeep\n|\n|t:|1745983315\n|switch|p2a: Rillaboom|Rillaboom, L50, F|100/100\n|turn|3\n|\n|t:|1745983330\n|move|p2a: Rillaboom|Fake Out|p1a: Ho-Oh\n|-damage|p1a: Ho-Oh|77/100\n|cant|p1a: Ho-Oh|flinch\n|move|p1b: Raging Bolt|Thunderbolt|p2b: Calyrex\n|-damage|p2b: Calyrex|36/100 slp\n|-curestatus|p2b: Calyrex|slp|[msg]\n|move|p2b: Calyrex|Glacial Lance|p1a: Ho-Oh|[spread] p1a,p1b\n|-supereffective|p1b: Raging Bolt\n|-damage|p1a: Ho-Oh|34/100\n|-damage|p1b: Raging Bolt|25/100\n|\n|-heal|p1b: Raging Bolt|31/100|[from] Grassy Terrain\n|-heal|p2b: Calyrex|42/100|[from] Grassy Terrain\n|upkeep\n|turn|4\n|\n|t:|1745983362\n|-end|p1b: Raging Bolt|Protosynthesis|[silent]\n|switch|p1b: Koraidon|Koraidon, L50|100/100\n|-weather|SunnyDay|[from] ability: Orichalcum Pulse|[of] p1b: Koraidon\n|-activate|p1b: Koraidon|Orichalcum Pulse|[source]\n|move|p2b: Calyrex|Protect|p2b: Calyrex\n|-singleturn|p2b: Calyrex|Protect\n|move|p2a: Rillaboom|Wood Hammer|p1b: Koraidon\n|-resisted|p1b: Koraidon\n|-damage|p1b: Koraidon|65/100\n|-damage|p2a: Rillaboom|88/100|[from] Recoil\n|move|p1a: Ho-Oh|Sacred Fire|p2a: Rillaboom\n|-supereffective|p2a: Rillaboom\n|-damage|p2a: Rillaboom|0 fnt\n|faint|p2a: Rillaboom\n|\n|-weather|SunnyDay|[upkeep]\n|-heal|p1b: Koraidon|71/100|[from] Grassy Terrain\n|-heal|p2b: Calyrex|47/100|[from] Grassy Terrain\n|upkeep\n|\n|t:|1745983371\n|switch|p2a: Kyogre|Kyogre, L50|100/100\n|-weather|RainDance|[from] ability: Drizzle|[of] p2a: Kyogre\n|turn|5\n|\n|t:|1745983398\n|switch|p1b: Brute Bonnet|Brute Bonnet, L50, shiny|96/100\n|-terastallize|p2b: Calyrex|Fire\n|move|p1a: Ho-Oh|Brave Bird|p2b: Calyrex\n|-damage|p2b: Calyrex|14/100\n|-damage|p1a: Ho-Oh|23/100|[from] Recoil\n|move|p2a: Kyogre|Water Spout|p1b: Brute Bonnet|[spread] p1a,p1b\n|-supereffective|p1a: Ho-Oh\n|-resisted|p1b: Brute Bonnet\n|-damage|p1a: Ho-Oh|0 fnt\n|-damage|p1b: Brute Bonnet|59/100\n|faint|p1a: Ho-Oh\n|move|p2b: Calyrex|Glacial Lance|p1b: Brute Bonnet\n|-supereffective|p1b: Brute Bonnet\n|-damage|p1b: Brute Bonnet|0 fnt\n|faint|p1b: Brute Bonnet\n|-end|p1b: Brute Bonnet|Protosynthesis|[silent]\n|-ability|p2b: Calyrex|Chilling Neigh|boost\n|-boost|p2b: Calyrex|atk|1\n|\n|-weather|RainDance|[upkeep]\n|-heal|p2b: Calyrex|20/100|[from] Grassy Terrain\n|-fieldend|move: Grassy Terrain\n|upkeep\n|\n|t:|1745983407\n|switch|p1a: Koraidon|Koraidon, L50|71/100\n|switch|p1b: Raging Bolt|Raging Bolt, L50|31/100\n|-weather|SunnyDay|[from] ability: Orichalcum Pulse|[of] p1a: Koraidon\n|-activate|p1b: Raging Bolt|ability: Protosynthesis\n|-start|p1b: Raging Bolt|protosynthesisspa\n|-activate|p1a: Koraidon|Orichalcum Pulse|[source]\n|turn|6\n|\n|t:|1745983418\n|-terastallize|p1b: Raging Bolt|Electric\n|move|p1b: Raging Bolt|Thunderclap|p2a: Kyogre\n|-supereffective|p2a: Kyogre\n|-crit|p2a: Kyogre\n|-damage|p2a: Kyogre|0 fnt\n|faint|p2a: Kyogre\n|move|p1a: Koraidon|Breaking Swipe|p2b: Calyrex\n|-damage|p2b: Calyrex|0 fnt\n|faint|p2b: Calyrex\n|-damage|p1a: Koraidon|61/100|[from] item: Life Orb\n|\n|win|brutal mcbonnet\n||8123A is ready for game 2.\n||brutal mcbonnet is ready for game 2.\n|uhtml|next|Next: <a href=\"/battle-gen9vgc2025regibo3-2353685486\"><strong>Game 2 of 3</strong></a>\n|l|\u26068123A\n|player|p2|\n", "uploadtime": 1745983498, "views": 13, "formatid": "gen9vgc2025regibo3", "rating": null, "private": 0, "password": null}