{"id": "gen9vgc2025regibo3-2354482822", "format": "[Gen 9] VGC 2025 Reg I (Bo3)", "players": ["IamMoiBoi", "M0Rl"], "log": "|j|\u2606IamMoiBoi\n|j|\u2606M0Rl\n|html|<table width=\"100%\"><tr><td align=\"left\">IamMoiBoi</td><td align=\"right\">M0Rl</tr><tr><td align=\"left\"><i class=\"fa fa-circle-o\"></i> <i class=\"fa fa-circle-o\"></i> </td><td align=\"right\"><i class=\"fa fa-circle-o\"></i> <i class=\"fa fa-circle-o\"></i> </tr></table>\n|uhtml|bestof|<h2><strong>Game 1</strong> of <a href=\"/game-bestof3-gen9vgc2025regibo3-2354482821\">a best-of-3</a></h2>\n|t:|1746079069\n|gametype|doubles\n|player|p1|IamMoiBoi|red|\n|player|p2|M0Rl|pokemonrangerf|\n|teamsize|p1|6\n|teamsize|p2|6\n|gen|9\n|tier|[Gen 9] VGC 2025 Reg I (Bo3)\n|rule|Species Clause: Limit one of each Pok\u00e9mon\n|rule|Item Clause: Limit 1 of each item\n|clearpoke\n|poke|p1|Gothitelle, L50, F|\n|poke|p1|Goodra, L50, F|\n|poke|p1|Suicune, L50|\n|poke|p1|Politoed, L50, M|\n|poke|p1|Chandelure, L50, F|\n|poke|p1|Cresselia, L50, F|\n|poke|p2|Lucario, L50, F|\n|poke|p2|Chi-Yu, L50|\n|poke|p2|Iron Hands, L50|\n|poke|p2|Arcanine-Hisui, L50, M|\n|poke|p2|Volcarona, L50, F|\n|poke|p2|Flareon, L50, F|\n|teampreview|4\n|showteam|p1|Gothitelle||MentalHerb|ShadowTag|FakeOut,TrickRoom,HelpingHand,ExpandingForce|||F|||50|,,,,,Psychic]Goodra||AssaultVest|SapSipper|RockSlide,Thunder,Scald,DragonClaw|||F|||50|,,,,,Dragon]Suicune||ChestoBerry|InnerFocus|Rest,CalmMind,IceBeam,Surf||||||50|,,,,,Water]Politoed||FocusSash|Drizzle|ChillingWater,PerishSong,Protect,Surf|||M|||50|,,,,,Water]Chandelure||ChoiceSpecs|FlashFire|Flamethrower,ShadowBall,Overheat,Psychic|||F|||50|,,,,,Ghost]Cresselia||CovertCloak|Levitate|TrickRoom,LunarBlessing,Moonblast,DazzlingGleam|||F|||50|,,,,,Psychic\n|showteam|p2|Lucario||ChoiceScarf|InnerFocus|AuraSphere,BulletPunch,CloseCombat,Earthquake|||F|||50|,,,,,Fire]Chi-Yu||LifeOrb|BeadsofRuin|DarkPulse,LavaPlume,Overheat,Protect||||||50|,,,,,Fire]Iron Hands||BoosterEnergy|QuarkDrive|FakeOut,CloseCombat,DrainPunch,IcePunch||||||50|,,,,,Grass]Arcanine-Hisui||ChoiceBand|Intimidate|ExtremeSpeed,FlameCharge,CloseCombat,PsychicFangs|||M|||50|,,,,,Steel]Volcarona||AbsorbBulb|FlameBody|Tailwind,Flamethrower,QuiverDance,Hurricane|||F|||50|,,,,,Bug]Flareon||FlameOrb|Guts|SunnyDay,FireFang,FlareBlitz,Facade|||F|||50|,,,,,Water\n|\n|t:|1746079082\n|start\n|switch|p1a: Cresselia|Cresselia, L50, F|100/100\n|switch|p1b: Politoed|Politoed, L50, M|100/100\n|switch|p2a: Lucario|Lucario, L50, F|100/100\n|switch|p2b: Chi-Yu|Chi-Yu, L50|100/100\n|-ability|p2b: Chi-Yu|Beads of Ruin\n|-weather|RainDance|[from] ability: Drizzle|[of] p1b: Politoed\n|turn|1\n|\n|t:|1746079117\n|move|p2a: Lucario|Close Combat|p1b: Politoed\n|-damage|p1b: Politoed|53/100\n|-unboost|p2a: Lucario|def|1\n|-unboost|p2a: Lucario|spd|1\n|move|p2b: Chi-Yu|Dark Pulse|p1a: Cresselia\n|-supereffective|p1a: Cresselia\n|-damage|p1a: Cresselia|0 fnt\n|faint|p1a: Cresselia\n|-damage|p2b: Chi-Yu|90/100|[from] item: Life Orb\n|move|p1b: Politoed|Perish Song|p1b: Politoed\n|-start|p1b: Politoed|perish3|[silent]\n|-start|p2a: Lucario|perish3|[silent]\n|-start|p2b: Chi-Yu|perish3|[silent]\n|-fieldactivate|move: Perish Song\n|\n|-weather|RainDance|[upkeep]\n|-start|p2a: Lucario|perish3\n|-start|p2b: Chi-Yu|perish3\n|-start|p1b: Politoed|perish3\n|upkeep\n|\n|t:|1746079136\n|switch|p1a: Gothitelle|Gothitelle, L50, F|100/100\n|turn|2\n|\n|t:|1746079148\n|-terastallize|p1b: Politoed|Water\n|move|p1a: Gothitelle|Fake Out|p2b: Chi-Yu\n|-damage|p2b: Chi-Yu|80/100\n|move|p2a: Lucario|Close Combat|p1b: Politoed\n|-damage|p1b: Politoed|4/100\n|-unboost|p2a: Lucario|def|1\n|-unboost|p2a: Lucario|spd|1\n|cant|p2b: Chi-Yu|flinch\n|move|p1b: Politoed|Surf|p2a: Lucario|[spread] p1a,p2a,p2b\n|-supereffective|p2b: Chi-Yu\n|-damage|p1a: Gothitelle|20/100\n|-damage|p2a: Lucario|0 fnt\n|-damage|p2b: Chi-Yu|0 fnt\n|faint|p2a: Lucario\n|faint|p2b: Chi-Yu\n|\n|-weather|RainDance|[upkeep]\n|-start|p1b: Politoed|perish2\n|upkeep\n|\n|t:|1746079164\n|switch|p2b: Arcanine|Arcanine-Hisui, L50, M|100/100\n|switch|p2a: Iron Hands|Iron Hands, L50|100/100\n|-ability|p2b: Arcanine|Intimidate|boost\n|-unboost|p1a: Gothitelle|atk|1\n|-unboost|p1b: Politoed|atk|1\n|-enditem|p2a: Iron Hands|Booster Energy\n|-activate|p2a: Iron Hands|ability: Quark Drive|[fromitem]\n|-start|p2a: Iron Hands|quarkdriveatk\n|turn|3\n|\n|t:|1746079193\n|switch|p1a: Chandelure|Chandelure, L50, F|100/100\n|move|p2b: Arcanine|Extreme Speed|p1b: Politoed\n|-damage|p1b: Politoed|0 fnt\n|faint|p1b: Politoed\n|move|p2a: Iron Hands|Ice Punch|p1a: Chandelure\n|-resisted|p1a: Chandelure\n|-damage|p1a: Chandelure|79/100\n|\n|-weather|RainDance|[upkeep]\n|upkeep\n|\n|t:|1746079203\n|switch|p1b: Gothitelle|Gothitelle, L50, F|20/100\n|turn|4\n|\n|t:|1746079218\n|move|p1b: Gothitelle|Fake Out|p2b: Arcanine\n|-resisted|p2b: Arcanine\n|-damage|p2b: Arcanine|96/100\n|cant|p2b: Arcanine|flinch\n|move|p1a: Chandelure|Psychic|p2a: Iron Hands\n|-supereffective|p2a: Iron Hands\n|-damage|p2a: Iron Hands|11/100\n|-unboost|p2a: Iron Hands|spd|1\n|move|p2a: Iron Hands|Ice Punch|p1a: Chandelure\n|-resisted|p1a: Chandelure\n|-damage|p1a: Chandelure|54/100\n|\n|-weather|RainDance|[upkeep]\n|upkeep\n|turn|5\n|\n|t:|1746079245\n|move|p1b: Gothitelle|Helping Hand|p1a: Chandelure\n|-singleturn|p1a: Chandelure|Helping Hand|[of] p1b: Gothitelle\n|move|p2b: Arcanine|Extreme Speed|p1b: Gothitelle\n|-damage|p1b: Gothitelle|0 fnt\n|faint|p1b: Gothitelle\n|move|p1a: Chandelure|Psychic|p2b: Arcanine\n|-damage|p2b: Arcanine|0 fnt\n|faint|p2b: Arcanine\n|move|p2a: Iron Hands|Ice Punch|p1a: Chandelure\n|-resisted|p1a: Chandelure\n|-damage|p1a: Chandelure|30/100\n|\n|-weather|none\n|upkeep\n|turn|6\n|\n|t:|1746079261\n|-terastallize|p2a: Iron Hands|Grass\n|move|p1a: Chandelure|Psychic|p2a: Iron Hands\n|-damage|p2a: Iron Hands|0 fnt\n|faint|p2a: Iron Hands\n|-end|p2a: Iron Hands|Quark Drive|[silent]\n|\n|win|IamMoiBoi\n||IamMoiBoi is ready for game 2.\n||M0Rl is ready for game 2.\n|uhtml|next|Next: <a href=\"/battle-gen9vgc2025regibo3-2354483832\"><strong>Game 2 of 3</strong></a>\n|l|\u2606IamMoiBoi\n|player|p1|\n|l|\u2606M0Rl\n|player|p2|\n", "uploadtime": 1746079541, "views": 9, "formatid": "gen9vgc2025regibo3", "rating": null, "private": 0, "password": null}