{"id": "gen9vgc2025regibo3-2353385474", "format": "[Gen 9] VGC 2025 Reg I (Bo3)", "players": ["dragonkenergy", "souraiz?vgc"], "log": "|j|\u2606dragonkenergy\n|j|\u2606souraiz?vgc\n|html|<table width=\"100%\"><tr><td align=\"left\">dragonkenergy</td><td align=\"right\">souraiz?vgc</tr><tr><td align=\"left\"><i class=\"fa fa-circle-o\"></i> <i class=\"fa fa-circle-o\"></i> </td><td align=\"right\"><i class=\"fa fa-circle-o\"></i> <i class=\"fa fa-circle-o\"></i> </tr></table>\n|uhtml|bestof|<h2><strong>Game 1</strong> of <a href=\"/game-bestof3-gen9vgc2025regibo3-2353385473\">a best-of-3</a></h2>\n|t:|1745951392\n|gametype|doubles\n|player|p1|dragonkenergy|265|1354\n|player|p2|souraiz?vgc|janine|1310\n|teamsize|p1|6\n|teamsize|p2|6\n|gen|9\n|tier|[Gen 9] VGC 2025 Reg I (Bo3)\n|rated|\n|rule|Species Clause: Limit one of each Pok\u00e9mon\n|rule|Item Clause: Limit 1 of each item\n|clearpoke\n|poke|p1|Miraidon, L50|\n|poke|p1|Ho-Oh, L50|\n|poke|p1|Iron Treads, L50|\n|poke|p1|Iron Hands, L50|\n|poke|p1|Iron Jugulis, L50|\n|poke|p1|Toxapex, L50, M|\n|poke|p2|Kyogre, L50|\n|poke|p2|Calyrex-Ice, L50|\n|poke|p2|Flutter Mane, L50|\n|poke|p2|Urshifu-*, L50, M|\n|poke|p2|Indeedee-F, L50, F|\n|poke|p2|Ursaluna-Bloodmoon, L50, M|\n|teampreview|4\n|showteam|p1|Miraidon||ChoiceScarf|HadronEngine|ElectroDrift,DracoMeteor,VoltSwitch,DazzlingGleam||||||50|,,,,,Electric]Ho-Oh||ClearAmulet|Regenerator|SacredFire,BraveBird,Tailwind,Protect||||||50|,,,,,Grass]Iron Treads||ChoiceBand|QuarkDrive|IronHead,Earthquake,HighHorsepower,SteelRoller||||||50|,,,,,Ghost]Iron Hands||AssaultVest|QuarkDrive|DrainPunch,LowKick,WildCharge,FakeOut||||||50|,,,,,Bug]Iron Jugulis||CovertCloak|QuarkDrive|Snarl,Tailwind,Protect,FlashCannon||||||50|,,,,,Steel]Toxapex||RockyHelmet|Regenerator|WideGuard,BanefulBunker,Infestation,Toxic|||M|||50|,,,,,Dark\n|showteam|p2|Kyogre||AssaultVest|Drizzle|WaterSpout,OriginPulse,IceBeam,Thunder||||||50|,,,,,Grass]Calyrex-Ice||ClearAmulet|AsOneGlastrier|GlacialLance,CloseCombat,TrickRoom,Protect||||||50|,,,,,Fire]Flutter Mane||BoosterEnergy|Protosynthesis|ShadowBall,Moonblast,IcyWind,Protect||||||50|,,,,,Fairy]Urshifu-Rapid-Strike||ChoiceBand|UnseenFist|CloseCombat,SurgingStrikes,AquaJet,Uturn|||M|||50|,,,,,Water]Indeedee-F||RockyHelmet|PsychicSurge|Psychic,HelpingHand,FollowMe,TrickRoom|||F|||50|,,,,,Grass]Ursaluna-Bloodmoon||LifeOrb|MindsEye|EarthPower,HyperVoice,BloodMoon,Protect|||M|||50|,,,,,Normal\n|inactive|Battle timer is ON: inactive players will automatically lose when time's up. (requested by souraiz?vgc)\n|c|\u2606souraiz?vgc|holly\n|c|\u2606souraiz?vgc|nice team\n|inactive|dragonkenergy has 60 seconds left.\n|c|\u2606dragonkenergy|thanks. i'm on the verge of dropping it because ho-oh never hits sacred\n|\n|t:|1745951438\n|start\n|switch|p1a: Miraidon|Miraidon, L50|100/100\n|switch|p1b: Iron Treads|Iron Treads, L50|100/100\n|switch|p2a: Calyrex|Calyrex-Ice, L50|100/100\n|switch|p2b: Indeedee|Indeedee-F, L50, F|100/100\n|-ability|p2a: Calyrex|As One\n|-ability|p2a: Calyrex|Unnerve\n|-fieldstart|move: Electric Terrain|[from] ability: Hadron Engine|[of] p1a: Miraidon\n|-activate|p1b: Iron Treads|ability: Quark Drive\n|-start|p1b: Iron Treads|quarkdrivespe\n|-fieldstart|move: Psychic Terrain|[from] ability: Psychic Surge|[of] p2b: Indeedee\n|-end|p1b: Iron Treads|Quark Drive\n|turn|1\n|c|\u2606souraiz?vgc|yeah\n|c|\u2606souraiz?vgc|i know this feeling\n|\n|t:|1745951455\n|move|p2b: Indeedee|Follow Me|p2b: Indeedee\n|-singleturn|p2b: Indeedee|move: Follow Me\n|move|p1a: Miraidon|Volt Switch|p2b: Indeedee\n|-damage|p2b: Indeedee|62/100\n|\n|t:|1745951459\n|switch|p1a: Ho-Oh|Ho-Oh, L50|100/100|[from] Volt Switch\n|move|p1b: Iron Treads|Earthquake|p2b: Indeedee|[spread] p2a,p2b\n|-immune|p1a: Ho-Oh\n|-damage|p2a: Calyrex|70/100\n|-damage|p2b: Indeedee|10/100\n|move|p2a: Calyrex|Trick Room|p2a: Calyrex\n|-fieldstart|move: Trick Room|[of] p2a: Calyrex\n|\n|upkeep\n|turn|2\n|\n|t:|1745951477\n|move|p2a: Calyrex|Protect|p2a: Calyrex\n|-singleturn|p2a: Calyrex|Protect\n|move|p1a: Ho-Oh|Protect|p1a: Ho-Oh\n|-singleturn|p1a: Ho-Oh|Protect\n|move|p2b: Indeedee|Psychic|p1b: Iron Treads\n|-resisted|p1b: Iron Treads\n|-damage|p1b: Iron Treads|74/100\n|-unboost|p1b: Iron Treads|spd|1\n|move|p1b: Iron Treads|Earthquake|p2b: Indeedee|[spread] p2b\n|-activate|p1a: Ho-Oh|move: Protect\n|-activate|p2a: Calyrex|move: Protect\n|-damage|p2b: Indeedee|0 fnt\n|faint|p2b: Indeedee\n|\n|upkeep\n|\n|t:|1745951490\n|switch|p2b: Kyogre|Kyogre, L50|100/100\n|-weather|RainDance|[from] ability: Drizzle|[of] p2b: Kyogre\n|turn|3\n|\n|t:|1745951509\n|move|p2a: Calyrex|Glacial Lance|p1a: Ho-Oh|[spread] p1a,p1b\n|-damage|p1a: Ho-Oh|54/100\n|-damage|p1b: Iron Treads|16/100\n|move|p2b: Kyogre|Water Spout|p1b: Iron Treads|[spread] p1a,p1b\n|-supereffective|p1a: Ho-Oh\n|-supereffective|p1b: Iron Treads\n|-crit|p1b: Iron Treads\n|-damage|p1a: Ho-Oh|0 fnt\n|-damage|p1b: Iron Treads|0 fnt\n|faint|p1a: Ho-Oh\n|faint|p1b: Iron Treads\n|-end|p1b: Iron Treads|Quark Drive|[silent]\n|\n|-weather|RainDance|[upkeep]\n|upkeep\n|\n|t:|1745951515\n|switch|p1a: Miraidon|Miraidon, L50|100/100\n|switch|p1b: Iron Hands|Iron Hands, L50|100/100\n|-fieldstart|move: Electric Terrain|[from] ability: Hadron Engine|[of] p1a: Miraidon\n|-activate|p1b: Iron Hands|ability: Quark Drive\n|-start|p1b: Iron Hands|quarkdriveatk\n|turn|4\n|\n|t:|1745951527\n|-terastallize|p2b: Kyogre|Grass\n|-terastallize|p1a: Miraidon|Electric\n|move|p2a: Calyrex|Protect|p2a: Calyrex\n|-singleturn|p2a: Calyrex|Protect\n|move|p1b: Iron Hands|Low Kick|p2b: Kyogre\n|-damage|p2b: Kyogre|15/100\n|move|p2b: Kyogre|Ice Beam|p1a: Miraidon\n|-damage|p1a: Miraidon|69/100\n|move|p1a: Miraidon|Electro Drift|p2a: Calyrex\n|-activate|p2a: Calyrex|move: Protect\n|\n|-weather|RainDance|[upkeep]\n|upkeep\n|turn|5\n|\n|t:|1745951549\n|move|p1b: Iron Hands|Low Kick|p2a: Calyrex\n|-damage|p2a: Calyrex|11/100\n|move|p2a: Calyrex|Glacial Lance|p1b: Iron Hands|[spread] p1a,p1b\n|-damage|p1a: Miraidon|9/100\n|-damage|p1b: Iron Hands|59/100\n|move|p2b: Kyogre|Origin Pulse|p1b: Iron Hands|[spread] p1a,p1b\n|-crit|p1a: Miraidon\n|-damage|p1a: Miraidon|0 fnt\n|-damage|p1b: Iron Hands|20/100\n|faint|p1a: Miraidon\n|\n|-weather|RainDance|[upkeep]\n|-fieldend|move: Trick Room\n|upkeep\n|turn|6\n|\n|t:|1745951562\n|move|p2b: Kyogre|Ice Beam|p1b: Iron Hands\n|-damage|p1b: Iron Hands|0 fnt\n|faint|p1b: Iron Hands\n|-end|p1b: Iron Hands|Quark Drive|[silent]\n|\n|win|souraiz?vgc\n||souraiz?vgc is ready for game 2.\n||dragonkenergy is ready for game 2.\n|uhtml|next|Next: <a href=\"/battle-gen9vgc2025regibo3-2353387523\"><strong>Game 2 of 3</strong></a>\n|l|\u2606souraiz?vgc\n|player|p2|\n", "uploadtime": 1745952079, "views": 31, "formatid": "gen9vgc2025regibo3", "rating": null, "private": 0, "password": null}