{"id": "gen9vgc2025regibo3-2354971366", "format": "[Gen 9] VGC 2025 Reg I (Bo3)", "players": ["puli95", "ZaddyZimmy"], "log": "|j|\u2606puli95\n|j|\u2606ZaddyZimmy\n|html|<table width=\"100%\"><tr><td align=\"left\">puli95</td><td align=\"right\">ZaddyZimmy</tr><tr><td align=\"left\"><i class=\"fa fa-circle-o\"></i> <i class=\"fa fa-circle-o\"></i> </td><td align=\"right\"><i class=\"fa fa-circle-o\"></i> <i class=\"fa fa-circle-o\"></i> </tr></table>\n|uhtml|bestof|<h2><strong>Game 1</strong> of <a href=\"/game-bestof3-gen9vgc2025regibo3-2354971365\">a best-of-3</a></h2>\n|t:|1746137195\n|gametype|doubles\n|player|p1|puli95|170|1060\n|player|p2|ZaddyZimmy|firebreather|1026\n|teamsize|p1|5\n|teamsize|p2|6\n|gen|9\n|tier|[Gen 9] VGC 2025 Reg I (Bo3)\n|rated|\n|rule|Species Clause: Limit one of each Pok\u00e9mon\n|rule|Item Clause: Limit 1 of each item\n|clearpoke\n|poke|p1|Eternatus, L50|\n|poke|p1|Grimmsnarl, L50, M|\n|poke|p1|Rillaboom, L50, F|\n|poke|p1|Dondozo, L50, F|\n|poke|p1|Tatsugiri-Stretchy, L50, F|\n|poke|p2|Brute Bonnet, L50|\n|poke|p2|Clefable, L50, F|\n|poke|p2|Lunala, L50|\n|poke|p2|Koraidon, L50|\n|poke|p2|Indeedee-F, L50, F|\n|poke|p2|Urshifu-*, L50, M|\n|teampreview|4\n|showteam|p1|Eternatus||RockyHelmet|Pressure|SludgeBomb,CosmicPower,ToxicSpikes,Recover||||||50|,,,,,Water]Grimmsnarl||LightClay|Prankster|SpiritBreak,Reflect,LightScreen,ThunderWave|||M|||50|,,,,,Dragon]Rillaboom||AssaultVest|GrassySurge|WoodHammer,GrassyGlide,FakeOut,Uturn|||F|||50|,,,,,Fire]Dondozo||Leftovers|Unaware|Earthquake,IceFang,OrderUp,Protect|||F|||50|,,,,,Grass]Tatsugiri-Stretchy||ToxicOrb|Commander|DracoMeteor,IcyWind,DragonCheer,Protect|||F|||50|,,,,,Ghost\n|showteam|p2|Brute Bonnet||BoosterEnergy|Protosynthesis|RagePowder,Spore,Protect,SuckerPunch||||||50|,,,,,Water]Clefable||Leftovers|Unaware|FollowMe,HelpingHand,Moonblast,HealPulse|||F|||50|,,,,,Fire]Lunala||PowerHerb|ShadowShield|TrickRoom,MeteorBeam,ExpandingForce,MoongeistBeam||||||50|,,,,,Psychic]Koraidon||LifeOrb|OrichalcumPulse|CloseCombat,FlareBlitz,Protect,FlameCharge||||||50|,,,,,Fire]Indeedee-F||RockyHelmet|PsychicSurge|HelpingHand,FollowMe,Psychic,TrickRoom|||F|||50|,,,,,Steel]Urshifu-Rapid-Strike||FocusSash|UnseenFist|AquaJet,Detect,CloseCombat,SurgingStrikes|||M|||50|,,,,,Water\n|inactive|Battle timer is ON: inactive players will automatically lose when time's up. (requested by ZaddyZimmy)\n|j| Masterdraw\n|l| Masterdraw\n|\n|t:|1746137217\n|start\n|switch|p1a: Dondozo|Dondozo, L50, F|100/100\n|switch|p1b: Rillaboom|Rillaboom, L50, F|100/100\n|switch|p2a: Brute Bonnet|Brute Bonnet, L50|100/100\n|switch|p2b: Urshifu|Urshifu-Rapid-Strike, L50, M|100/100\n|-fieldstart|move: Grassy Terrain|[from] ability: Grassy Surge|[of] p1b: Rillaboom\n|-enditem|p2a: Brute Bonnet|Booster Energy\n|-activate|p2a: Brute Bonnet|ability: Protosynthesis|[fromitem]\n|-start|p2a: Brute Bonnet|protosynthesisdef\n|turn|1\n|\n|t:|1746137240\n|-terastallize|p1a: Dondozo|Grass\n|move|p2b: Urshifu|Detect|p2b: Urshifu\n|-singleturn|p2b: Urshifu|Protect\n|move|p1b: Rillaboom|Fake Out|p2b: Urshifu\n|-activate|p2b: Urshifu|move: Protect\n|move|p2a: Brute Bonnet|Spore|p1a: Dondozo\n|-immune|p1a: Dondozo\n|move|p1a: Dondozo|Ice Fang|p2a: Brute Bonnet|[miss]\n|-miss|p1a: Dondozo|p2a: Brute Bonnet\n|\n|upkeep\n|turn|2\n|inactive|puli95 has 30 seconds left.\n|\n|t:|1746137266\n|switch|p2b: Koraidon|Koraidon, L50|100/100\n|-weather|SunnyDay|[from] ability: Orichalcum Pulse|[of] p2b: Koraidon\n|-activate|p2b: Koraidon|Orichalcum Pulse|[source]\n|switch|p1b: Tatsugiri|Tatsugiri-Stretchy, L50, F|100/100\n|-activate|p1b: Tatsugiri|ability: Commander|[of] p1a: Dondozo\n|-boost|p1a: Dondozo|atk|2\n|-boost|p1a: Dondozo|spa|2\n|-boost|p1a: Dondozo|spe|2\n|-boost|p1a: Dondozo|def|2\n|-boost|p1a: Dondozo|spd|2\n|move|p2a: Brute Bonnet|Protect|p2a: Brute Bonnet\n|-singleturn|p2a: Brute Bonnet|Protect\n|move|p1a: Dondozo|Ice Fang|p2a: Brute Bonnet\n|-activate|p2a: Brute Bonnet|move: Protect\n|\n|-weather|SunnyDay|[upkeep]\n|-status|p1b: Tatsugiri|tox|[from] item: Toxic Orb\n|upkeep\n|turn|3\n|inactive|puli95 has 30 seconds left.\n|\n|t:|1746137295\n|-terastallize|p2b: Koraidon|Fire\n|move|p2b: Koraidon|Flare Blitz|p1a: Dondozo\n|-supereffective|p1a: Dondozo\n|-damage|p1a: Dondozo|0 fnt\n|faint|p1a: Dondozo\n|-damage|p2b: Koraidon|53/100|[from] Recoil\n|-damage|p2b: Koraidon|43/100|[from] item: Life Orb\n|move|p2a: Brute Bonnet|Spore||[still]\n|-fail|p2a: Brute Bonnet\n|\n|-weather|SunnyDay|[upkeep]\n|-heal|p2b: Koraidon|49/100|[from] Grassy Terrain\n|-damage|p1b: Tatsugiri|94/100 tox|[from] psn\n|upkeep\n|\n|t:|1746137311\n|switch|p1a: Eternatus|Eternatus, L50|100/100\n|-ability|p1a: Eternatus|Pressure\n|turn|4\n|inactive|ZaddyZimmy has 30 seconds left.\n|\n|t:|1746137341\n|move|p2b: Koraidon|Flare Blitz|p1a: Eternatus\n|-resisted|p1a: Eternatus\n|-damage|p1a: Eternatus|39/100\n|-damage|p2b: Koraidon|33/100|[from] item: Rocky Helmet|[of] p1a: Eternatus\n|-damage|p2b: Koraidon|5/100|[from] Recoil\n|-damage|p2b: Koraidon|0 fnt|[from] item: Life Orb\n|faint|p2b: Koraidon\n|move|p1a: Eternatus|Toxic Spikes|p2a: Brute Bonnet\n|-sidestart|p2: ZaddyZimmy|move: Toxic Spikes\n|move|p1b: Tatsugiri|Icy Wind|p2a: Brute Bonnet\n|-supereffective|p2a: Brute Bonnet\n|-damage|p2a: Brute Bonnet|69/100\n|-unboost|p2a: Brute Bonnet|spe|1\n|move|p2a: Brute Bonnet|Spore|p1a: Eternatus\n|-status|p1a: Eternatus|slp|[from] move: Spore\n|\n|-weather|SunnyDay|[upkeep]\n|-heal|p1a: Eternatus|45/100 slp|[from] Grassy Terrain\n|-heal|p1b: Tatsugiri|100/100 tox|[from] Grassy Terrain\n|-heal|p2a: Brute Bonnet|75/100|[from] Grassy Terrain\n|-damage|p1b: Tatsugiri|88/100 tox|[from] psn\n|upkeep\n|\n|t:|1746137363\n|switch|p2b: Lunala|Lunala, L50|100/100\n|-status|p2b: Lunala|psn\n|turn|5\n|\n|t:|1746137380\n|move|p2a: Brute Bonnet|Rage Powder|p2a: Brute Bonnet\n|-singleturn|p2a: Brute Bonnet|move: Rage Powder\n|cant|p1a: Eternatus|slp\n|move|p1b: Tatsugiri|Icy Wind|p2b: Lunala|[spread] p2a\n|-miss|p1b: Tatsugiri|p2b: Lunala\n|-supereffective|p2a: Brute Bonnet\n|-damage|p2a: Brute Bonnet|53/100\n|-unboost|p2a: Brute Bonnet|spe|1\n|move|p2b: Lunala|Meteor Beam||[still]\n|-prepare|p2b: Lunala|Meteor Beam\n|-boost|p2b: Lunala|spa|1\n|-enditem|p2b: Lunala|Power Herb\n|-anim|p2b: Lunala|Meteor Beam|p1b: Tatsugiri\n|-damage|p1b: Tatsugiri|3/100 tox\n|\n|-weather|SunnyDay|[upkeep]\n|-heal|p1a: Eternatus|51/100 slp|[from] Grassy Terrain\n|-heal|p1b: Tatsugiri|10/100 tox|[from] Grassy Terrain\n|-heal|p2a: Brute Bonnet|59/100|[from] Grassy Terrain\n|-damage|p1b: Tatsugiri|0 fnt|[from] psn\n|faint|p1b: Tatsugiri\n|-damage|p2b: Lunala|88/100 psn|[from] psn\n|-fieldend|move: Grassy Terrain\n|upkeep\n|\n|t:|1746137401\n|switch|p1b: Rillaboom|Rillaboom, L50, F|100/100\n|-fieldstart|move: Grassy Terrain|[from] ability: Grassy Surge|[of] p1b: Rillaboom\n|turn|6\n|\n|t:|1746137425\n|move|p2a: Brute Bonnet|Rage Powder|p2a: Brute Bonnet\n|-singleturn|p2a: Brute Bonnet|move: Rage Powder\n|cant|p1a: Eternatus|slp\n|move|p1b: Rillaboom|Wood Hammer|p2b: Lunala\n|-damage|p2b: Lunala|21/100 psn\n|-damage|p1b: Rillaboom|74/100|[from] Recoil\n|move|p2b: Lunala|Expanding Force|p1a: Eternatus\n|-supereffective|p1a: Eternatus\n|-damage|p1a: Eternatus|0 fnt\n|faint|p1a: Eternatus\n|\n|-weather|none\n|-heal|p1b: Rillaboom|80/100|[from] Grassy Terrain\n|-heal|p2b: Lunala|27/100 psn|[from] Grassy Terrain\n|-heal|p2a: Brute Bonnet|65/100|[from] Grassy Terrain\n|-damage|p2b: Lunala|15/100 psn|[from] psn\n|upkeep\n|turn|7\n|\n|t:|1746137449\n|move|p1b: Rillaboom|Grassy Glide|p2b: Lunala\n|-damage|p2b: Lunala|0 fnt\n|faint|p2b: Lunala\n|move|p2a: Brute Bonnet|Sucker Punch||[still]\n|-fail|p2a: Brute Bonnet\n|\n|-heal|p1b: Rillaboom|86/100|[from] Grassy Terrain\n|-heal|p2a: Brute Bonnet|71/100|[from] Grassy Terrain\n|upkeep\n|\n|t:|1746137456\n|switch|p2b: Urshifu|Urshifu-Rapid-Strike, L50, M|100/100\n|-status|p2b: Urshifu|psn\n|turn|8\n|\n|t:|1746137477\n|move|p1b: Rillaboom|Grassy Glide|p2b: Urshifu\n|-supereffective|p2b: Urshifu\n|-damage|p2b: Urshifu|39/100 psn\n|move|p2a: Brute Bonnet|Sucker Punch||[still]\n|-fail|p2a: Brute Bonnet\n|move|p2b: Urshifu|Close Combat|p1b: Rillaboom\n|-damage|p1b: Rillaboom|19/100\n|-unboost|p2b: Urshifu|def|1\n|-unboost|p2b: Urshifu|spd|1\n|\n|-heal|p2b: Urshifu|44/100 psn|[from] Grassy Terrain\n|-heal|p1b: Rillaboom|25/100|[from] Grassy Terrain\n|-heal|p2a: Brute Bonnet|77/100|[from] Grassy Terrain\n|-damage|p2b: Urshifu|32/100 psn|[from] psn\n|upkeep\n|turn|9\n|inactive|puli95 has 30 seconds left.\n|inactive|puli95 has 20 seconds left.\n|inactive|puli95 has 15 seconds left.\n|inactive|puli95 has 10 seconds left.\n|\n|t:|1746137522\n|move|p2a: Brute Bonnet|Protect|p2a: Brute Bonnet\n|-singleturn|p2a: Brute Bonnet|Protect\n|move|p1b: Rillaboom|Grassy Glide|p2b: Urshifu\n|-supereffective|p2b: Urshifu\n|-damage|p2b: Urshifu|0 fnt\n|faint|p2b: Urshifu\n|\n|-heal|p1b: Rillaboom|32/100|[from] Grassy Terrain\n|-heal|p2a: Brute Bonnet|83/100|[from] Grassy Terrain\n|upkeep\n|turn|10\n|\n|t:|1746137535\n|move|p2a: Brute Bonnet|Sucker Punch|p1b: Rillaboom\n|-damage|p1b: Rillaboom|3/100\n|move|p1b: Rillaboom|U-turn|p2a: Brute Bonnet\n|-supereffective|p2a: Brute Bonnet\n|-damage|p2a: Brute Bonnet|37/100\n|\n|-heal|p1b: Rillaboom|9/100|[from] Grassy Terrain\n|-heal|p2a: Brute Bonnet|43/100|[from] Grassy Terrain\n|-fieldend|move: Grassy Terrain\n|upkeep\n|turn|11\n|\n|t:|1746137546\n|move|p2a: Brute Bonnet|Sucker Punch|p1b: Rillaboom\n|-damage|p1b: Rillaboom|0 fnt\n|faint|p1b: Rillaboom\n|\n|win|ZaddyZimmy\n||ZaddyZimmy is ready for game 2.\n||puli95 is ready for game 2.\n|uhtml|next|Next: <a href=\"/battle-gen9vgc2025regibo3-2354974575\"><strong>Game 2 of 3</strong></a>\n", "uploadtime": 1746137928, "views": 4, "formatid": "gen9vgc2025regibo3", "rating": null, "private": 0, "password": null}