{"id": "gen9vgc2025regibo3-2354410181", "format": "[Gen 9] VGC 2025 Reg I (Bo3)", "players": ["Alecat", "Shiftyeyes"], "log": "|j|\u2606Alecat\n|j|\u2606Shiftyeyes\n|html|<table width=\"100%\"><tr><td align=\"left\">Alecat</td><td align=\"right\">Shiftyeyes</tr><tr><td align=\"left\"><i class=\"fa fa-circle-o\"></i> <i class=\"fa fa-circle-o\"></i> </td><td align=\"right\"><i class=\"fa fa-circle-o\"></i> <i class=\"fa fa-circle-o\"></i> </tr></table>\n|uhtml|bestof|<h2><strong>Game 1</strong> of <a href=\"/game-bestof3-gen9vgc2025regibo3-2354410180\">a best-of-3</a></h2>\n|t:|1746067947\n|gametype|doubles\n|player|p1|Alecat|scientistf|1108\n|player|p2|Shiftyeyes|265|1067\n|teamsize|p1|6\n|teamsize|p2|6\n|gen|9\n|tier|[Gen 9] VGC 2025 Reg I (Bo3)\n|rated|\n|rule|Species Clause: Limit one of each Pok\u00e9mon\n|rule|Item Clause: Limit 1 of each item\n|clearpoke\n|poke|p1|Terapagos, L50, M|\n|poke|p1|Mienshao, L50, M|\n|poke|p1|Comfey, L50, M|\n|poke|p1|Rillaboom, L50, F|\n|poke|p1|Calyrex-Shadow, L50|\n|poke|p1|Farigiraf, L50, M|\n|poke|p2|Zacian-*, L50|\n|poke|p2|Miraidon, L50|\n|poke|p2|Farigiraf, L50, M|\n|poke|p2|Ogerpon-Cornerstone, L50, F|\n|poke|p2|Tornadus, L50, M|\n|poke|p2|Iron Boulder, L50|\n|teampreview|4\n|showteam|p1|Terapagos||Leftovers|TeraShift|Protect,BodyPress,CalmMind,TeraStarstorm|||M|||50|,,,,,Stellar]Mienshao||FocusSash|InnerFocus|FakeOut,WideGuard,CloseCombat,Coaching|||M|||50|,,,,,Dark]Comfey||AguavBerry|Triage|DrainingKiss,FloralHealing,Protect,LeechSeed|||M|||50|,,,,,Grass]Rillaboom||AssaultVest|GrassySurge|FakeOut,GrassyGlide,WoodHammer,Uturn|||F|||50|,,,,,Water]Calyrex-Shadow||SitrusBerry|AsOneSpectrier|Protect,AstralBarrage,Psychic,PollenPuff||||||50|,,,,,Fairy]Farigiraf||RockyHelmet|ArmorTail|FoulPlay,TrickRoom,AllySwitch,Roar|||M|||50|,,,,,Fairy\n|showteam|p2|Zacian-Crowned||RustedSword|IntrepidSword|behemothblade,PlayRough,Protect,SacredSword||||||50|,,,,,Stellar]Miraidon||Magnet|HadronEngine|ElectroDrift,DazzlingGleam,Protect,VoltSwitch||||||50|,,,,,Electric]Farigiraf||ElectricSeed|ArmorTail|HelpingHand,PsychicNoise,TrickRoom,Imprison|||M|||50|,,,,,Grass]Ogerpon-Cornerstone||CornerstoneMask|Sturdy|IvyCudgel,SpikyShield,PowerWhip,FollowMe|||F|||50|,,,,,Rock]Tornadus||CovertCloak|Prankster|Tailwind,IcyWind,BleakwindStorm,Taunt|||M|||50|,,,,,Dark]Iron Boulder||ClearAmulet|QuarkDrive|MightyCleave,Taunt,Protect,IronHead||||||50|,,,,,Rock\n|inactive|Battle timer is ON: inactive players will automatically lose when time's up. (requested by Alecat)\n|inactive|Alecat has 60 seconds left.\n|inactive|Shiftyeyes has 60 seconds left.\n|inactive|Alecat has 30 seconds left.\n|\n|t:|1746068009\n|start\n|switch|p1a: Mienshao|Mienshao, L50, M|100/100\n|switch|p1b: Terapagos|Terapagos, L50, M|100/100\n|switch|p2a: Farigiraf|Farigiraf, L50, M|100/100\n|switch|p2b: Miraidon|Miraidon, L50|100/100\n|-activate|p1b: Terapagos|ability: Tera Shift\n|detailschange|p1b: Terapagos|Terapagos-Terastal, L50, M\n|-heal|p1b: Terapagos|100/100|[silent]\n|-fieldstart|move: Electric Terrain|[from] ability: Hadron Engine|[of] p2b: Miraidon\n|-enditem|p2a: Farigiraf|Electric Seed\n|-boost|p2a: Farigiraf|def|1|[from] item: Electric Seed\n|turn|1\n|\n|t:|1746068024\n|move|p2b: Miraidon|Dazzling Gleam|p1b: Terapagos|[spread] p1a,p1b\n|-supereffective|p1a: Mienshao\n|-activate|p1b: Terapagos|ability: Tera Shell\n|-resisted|p1b: Terapagos\n|-enditem|p1a: Mienshao|Focus Sash\n|-damage|p1a: Mienshao|1/100\n|-damage|p1b: Terapagos|90/100\n|move|p1a: Mienshao|Coaching|p1b: Terapagos\n|-boost|p1b: Terapagos|atk|1\n|-boost|p1b: Terapagos|def|1\n|move|p1b: Terapagos|Calm Mind|p1b: Terapagos\n|-boost|p1b: Terapagos|spa|1\n|-boost|p1b: Terapagos|spd|1\n|move|p2a: Farigiraf|Psychic Noise|p1a: Mienshao\n|-supereffective|p1a: Mienshao\n|-damage|p1a: Mienshao|0 fnt\n|faint|p1a: Mienshao\n|\n|-heal|p1b: Terapagos|96/100|[from] item: Leftovers\n|upkeep\n|\n|t:|1746068042\n|switch|p1a: Comfey|Comfey, L50, M|100/100\n|turn|2\n|\n|t:|1746068055\n|move|p1b: Terapagos|Protect|p1b: Terapagos\n|-singleturn|p1b: Terapagos|Protect\n|move|p2b: Miraidon|Volt Switch|p1b: Terapagos\n|-activate|p1b: Terapagos|move: Protect\n|move|p1a: Comfey|Leech Seed|p2a: Farigiraf\n|-start|p2a: Farigiraf|move: Leech Seed\n|move|p2a: Farigiraf|Psychic Noise|p1a: Comfey\n|-damage|p1a: Comfey|77/100\n|-start|p1a: Comfey|move: Heal Block\n|\n|-heal|p1b: Terapagos|100/100|[from] item: Leftovers\n|-damage|p2a: Farigiraf|88/100|[from] Leech Seed|[of] p1a: Comfey\n|upkeep\n|turn|3\n|\n|t:|1746068071\n|move|p2a: Farigiraf|Helping Hand|p2b: Miraidon\n|-singleturn|p2b: Miraidon|Helping Hand|[of] p2a: Farigiraf\n|move|p1a: Comfey|Protect|p1a: Comfey\n|-singleturn|p1a: Comfey|Protect\n|move|p2b: Miraidon|Electro Drift|p1b: Terapagos\n|-activate|p1b: Terapagos|ability: Tera Shell\n|-resisted|p1b: Terapagos\n|-damage|p1b: Terapagos|60/100\n|move|p1b: Terapagos|Calm Mind|p1b: Terapagos\n|-boost|p1b: Terapagos|spa|1\n|-boost|p1b: Terapagos|spd|1\n|\n|-heal|p1b: Terapagos|65/100|[from] item: Leftovers\n|-damage|p2a: Farigiraf|76/100|[from] Leech Seed|[of] p1a: Comfey\n|-end|p1a: Comfey|move: Heal Block\n|upkeep\n|turn|4\n|\n|t:|1746068088\n|move|p2a: Farigiraf|Helping Hand|p2b: Miraidon\n|-singleturn|p2b: Miraidon|Helping Hand|[of] p2a: Farigiraf\n|move|p1a: Comfey|Floral Healing|p1b: Terapagos\n|-heal|p1b: Terapagos|100/100\n|move|p2b: Miraidon|Electro Drift|p1a: Comfey\n|-damage|p1a: Comfey|0 fnt\n|faint|p1a: Comfey\n|move|p1b: Terapagos|Tera Starstorm|p2b: Miraidon\n|-damage|p2b: Miraidon|24/100\n|\n|upkeep\n|\n|t:|1746068103\n|switch|p1a: Farigiraf|Farigiraf, L50, M|100/100\n|turn|5\n|inactive|Alecat has 30 seconds left.\n|\n|t:|1746068131\n|-terastallize|p2b: Miraidon|Electric\n|move|p2a: Farigiraf|Helping Hand|p2b: Miraidon\n|-singleturn|p2b: Miraidon|Helping Hand|[of] p2a: Farigiraf\n|move|p1a: Farigiraf|Ally Switch|p1a: Farigiraf\n|swap|p1a: Farigiraf|1|[from] move: Ally Switch\n|move|p2b: Miraidon|Electro Drift|p1a: Terapagos\n|-activate|p1a: Terapagos|ability: Tera Shell\n|-resisted|p1a: Terapagos\n|-damage|p1a: Terapagos|58/100\n|move|p1a: Terapagos|Tera Starstorm|p2a: Farigiraf\n|-crit|p2a: Farigiraf\n|-damage|p2a: Farigiraf|0 fnt\n|faint|p2a: Farigiraf\n|\n|-heal|p1a: Terapagos|64/100|[from] item: Leftovers\n|-fieldend|move: Electric Terrain\n|upkeep\n|\n|t:|1746068142\n|switch|p2a: Zacian|Zacian-Crowned, L50|100/100\n|-ability|p2a: Zacian|Intrepid Sword|boost\n|-boost|p2a: Zacian|atk|1\n|turn|6\n|\n|t:|1746068155\n|move|p1a: Terapagos|Protect|p1a: Terapagos\n|-singleturn|p1a: Terapagos|Protect\n|move|p2a: Zacian|Behemoth Blade|p1a: Terapagos\n|-activate|p1a: Terapagos|move: Protect\n|move|p2b: Miraidon|Volt Switch|p1a: Terapagos\n|-activate|p1a: Terapagos|move: Protect\n|move|p1b: Farigiraf|Roar|p2a: Zacian\n|drag|p2a: Iron Boulder|Iron Boulder, L50|100/100\n|\n|-heal|p1a: Terapagos|70/100|[from] item: Leftovers\n|upkeep\n|turn|7\n|\n|t:|1746068170\n|-terastallize|p1a: Terapagos|Stellar\n|detailschange|p1a: Terapagos|Terapagos-Stellar, L50, M, tera:Stellar\n|-heal|p1a: Terapagos|78/100|[silent]\n|move|p2b: Miraidon|Volt Switch|p1a: Terapagos\n|-damage|p1a: Terapagos|61/100\n|\n|t:|1746068177\n|switch|p2b: Zacian|Zacian-Crowned, L50|100/100|[from] Volt Switch\n|move|p2a: Iron Boulder|Taunt|p1a: Terapagos\n|-start|p1a: Terapagos|move: Taunt\n|move|p1a: Terapagos|Tera Starstorm|p2a: Iron Boulder|[spread] p2a,p2b\n|-damage|p2a: Iron Boulder|43/100\n|-damage|p2b: Zacian|43/100\n|move|p1b: Farigiraf|Trick Room|p1b: Farigiraf\n|-fieldstart|move: Trick Room|[of] p1b: Farigiraf\n|\n|-heal|p1a: Terapagos|67/100|[from] item: Leftovers\n|upkeep\n|turn|8\n|-message|Shiftyeyes forfeited.\n|\n|win|Alecat\n|l|\u2606Shiftyeyes\n|player|p2|\n||Shiftyeyes is ready for game 2.\n", "uploadtime": 1746068189, "views": 10, "formatid": "gen9vgc2025regibo3", "rating": null, "private": 0, "password": null}