{"id": "gen9vgc2025regibo3-2354751648", "format": "[Gen 9] VGC 2025 Reg I (Bo3)", "players": ["J0nko_", "ShDw Ace"], "log": "|j|\u2606J0nko_\n|j|\u2606ShDw Ace\n|html|<table width=\"100%\"><tr><td align=\"left\">J0nko_</td><td align=\"right\">ShDw Ace</tr><tr><td align=\"left\"><i class=\"fa fa-circle-o\"></i> <i class=\"fa fa-circle-o\"></i> </td><td align=\"right\"><i class=\"fa fa-circle-o\"></i> <i class=\"fa fa-circle-o\"></i> </tr></table>\n|uhtml|bestof|<h2><strong>Game 1</strong> of <a href=\"/game-bestof3-gen9vgc2025regibo3-2354751647\">a best-of-3</a></h2>\n|t:|1746116598\n|gametype|doubles\n|player|p1|J0nko_|elesa|1156\n|player|p2|ShDw Ace|steven|1129\n|teamsize|p1|6\n|teamsize|p2|6\n|gen|9\n|tier|[Gen 9] VGC 2025 Reg I (Bo3)\n|rated|\n|rule|Species Clause: Limit one of each Pok\u00e9mon\n|rule|Item Clause: Limit 1 of each item\n|clearpoke\n|poke|p1|Kyogre, L50|\n|poke|p1|Calyrex-Shadow, L50|\n|poke|p1|Urshifu-*, L50, M|\n|poke|p1|Incineroar, L50, M|\n|poke|p1|Roaring Moon, L50|\n|poke|p1|Rhydon, L50, F|\n|poke|p2|Calyrex-Shadow, L50|\n|poke|p2|Muk-Alola, L50, M|\n|poke|p2|Smeargle, L50, M|\n|poke|p2|Lugia, L50|\n|poke|p2|Rillaboom, L50, M|\n|poke|p2|Torkoal, L50, M|\n|teampreview|4\n|showteam|p1|Kyogre||AssaultVest|Drizzle|WaterSpout,IceBeam,OriginPulse,Thunder||||||50|,,,,,Grass]Calyrex-Shadow||FocusSash|AsOneSpectrier|AstralBarrage,Disable,Encore,Protect||||||50|,,,,,Dark]Urshifu-Rapid-Strike||ChoiceScarf|UnseenFist|IceSpinner,SurgingStrikes,CloseCombat,Uturn|||M|||50|,,,,,Ghost]Incineroar||SafetyGoggles|Intimidate|KnockOff,PartingShot,FakeOut,HelpingHand|||M|||50|,,,,,Bug]Roaring Moon||BoosterEnergy|Protosynthesis|Acrobatics,Tailwind,Protect,KnockOff||||||50|,,,,,Flying]Rhydon||Eviolite|LightningRod|TeraBlast,HighHorsepower,RockSlide,Protect|||F|||50|,,,,,Fairy\n|showteam|p2|Calyrex-Shadow||ClearAmulet|AsOneSpectrier|PsychUp,StoredPower,AstralBarrage,Protect||||||50|,,,,,Fairy]Muk-Alola||BlackSludge|PowerofAlchemy|Minimize,Protect,PoisonJab,KnockOff|||M|||50|,,,,,Grass]Smeargle||FocusSash|Moody|Spore,FollowMe,Explosion,FakeOut|||M|||50|,,,,,Ghost]Lugia||Leftovers|Multiscale|PsychUp,Recover,EarthPower,Aeroblast||||||50|,,,,,Ground]Rillaboom||AssaultVest|GrassySurge|Uturn,GrassyGlide,FakeOut,Earthquake|||M|||50|,,,,,Fire]Torkoal||AirBalloon|Drought|Protect,BodyPress,ClearSmog,Overheat|||M|||50|,,,,,Water\n|inactive|Battle timer is ON: inactive players will automatically lose when time's up. (requested by J0nko_)\n|inactive|J0nko_ has 60 seconds left.\n|\n|t:|1746116631\n|start\n|switch|p1a: Kyogre|Kyogre, L50|100/100\n|switch|p1b: Urshifu|Urshifu-Rapid-Strike, L50, M|100/100\n|switch|p2a: Muk|Muk-Alola, L50, M, shiny|100/100\n|switch|p2b: Smeargle|Smeargle, L50, M, shiny|100/100\n|-weather|RainDance|[from] ability: Drizzle|[of] p1a: Kyogre\n|turn|1\n|\n|t:|1746116647\n|move|p2b: Smeargle|Fake Out|p1b: Urshifu\n|-damage|p1b: Urshifu|95/100\n|cant|p1b: Urshifu|flinch\n|move|p1a: Kyogre|Water Spout|p2b: Smeargle|[spread] p2a,p2b\n|-damage|p2a: Muk|44/100\n|-enditem|p2b: Smeargle|Focus Sash\n|-damage|p2b: Smeargle|1/100\n|move|p2a: Muk|Minimize|p2a: Muk\n|-boost|p2a: Muk|evasion|2\n|\n|-weather|RainDance|[upkeep]\n|-heal|p2a: Muk|50/100|[from] item: Black Sludge\n|-ability|p2b: Smeargle|Moody|boost\n|-boost|p2b: Smeargle|spe|2\n|-unboost|p2b: Smeargle|def|1\n|upkeep\n|turn|2\n|\n|t:|1746116671\n|move|p2b: Smeargle|Spore|p1b: Urshifu\n|-status|p1b: Urshifu|slp|[from] move: Spore\n|cant|p1b: Urshifu|slp\n|move|p1a: Kyogre|Water Spout|p2b: Smeargle|[spread] p2a,p2b\n|-damage|p2a: Muk|0 fnt\n|-damage|p2b: Smeargle|0 fnt\n|faint|p2a: Muk\n|faint|p2b: Smeargle\n|\n|-weather|RainDance|[upkeep]\n|upkeep\n|\n|t:|1746116683\n|switch|p2b: Lugia|Lugia, L50, shiny|100/100\n|switch|p2a: Calyrex|Calyrex-Shadow, L50|100/100\n|-ability|p2a: Calyrex|As One\n|-ability|p2a: Calyrex|Unnerve\n|turn|3\n|\n|t:|1746116703\n|switch|p1b: Incineroar|Incineroar, L50, M, shiny|100/100\n|-ability|p1b: Incineroar|Intimidate|boost\n|-fail|p2a: Calyrex|unboost|[from] item: Clear Amulet|[of] p2a: Calyrex\n|-unboost|p2b: Lugia|atk|1\n|move|p2a: Calyrex|Astral Barrage|p1b: Incineroar|[spread] p1a,p1b\n|-resisted|p1b: Incineroar\n|-damage|p1a: Kyogre|77/100\n|-damage|p1b: Incineroar|77/100\n|move|p2b: Lugia|Aeroblast|p1b: Incineroar\n|-damage|p1b: Incineroar|52/100\n|move|p1a: Kyogre|Thunder|p2b: Lugia\n|-supereffective|p2b: Lugia\n|-damage|p2b: Lugia|79/100\n|\n|-weather|RainDance|[upkeep]\n|-heal|p2b: Lugia|85/100|[from] item: Leftovers\n|upkeep\n|turn|4\n|\n|t:|1746116726\n|-terastallize|p2a: Calyrex|Fairy\n|move|p2a: Calyrex|Astral Barrage|p1b: Incineroar|[spread] p1a,p1b\n|-resisted|p1b: Incineroar\n|-damage|p1a: Kyogre|53/100\n|-damage|p1b: Incineroar|28/100\n|move|p2b: Lugia|Aeroblast|p1a: Kyogre\n|-crit|p1a: Kyogre\n|-damage|p1a: Kyogre|30/100\n|move|p1a: Kyogre|Thunder|p2b: Lugia\n|-supereffective|p2b: Lugia\n|-damage|p2b: Lugia|39/100\n|-status|p2b: Lugia|par\n|move|p1b: Incineroar|Knock Off|p2a: Calyrex\n|-resisted|p2a: Calyrex\n|-damage|p2a: Calyrex|76/100\n|-enditem|p2a: Calyrex|Clear Amulet|[from] move: Knock Off|[of] p1b: Incineroar\n|\n|-weather|RainDance|[upkeep]\n|-heal|p2b: Lugia|45/100 par|[from] item: Leftovers\n|upkeep\n|turn|5\n|inactive|J0nko_ has 30 seconds left.\n|\n|t:|1746116755\n|move|p2a: Calyrex|Astral Barrage|p1a: Kyogre|[spread] p1a,p1b\n|-resisted|p1b: Incineroar\n|-damage|p1a: Kyogre|3/100\n|-damage|p1b: Incineroar|6/100\n|move|p1a: Kyogre|Origin Pulse|p2b: Lugia|[spread] p2a,p2b\n|-damage|p2a: Calyrex|1/100\n|-damage|p2b: Lugia|7/100 par\n|move|p1b: Incineroar|Knock Off|p2b: Lugia\n|-supereffective|p2b: Lugia\n|-damage|p2b: Lugia|0 fnt\n|-enditem|p2b: Lugia|Leftovers|[from] move: Knock Off|[of] p1b: Incineroar\n|faint|p2b: Lugia\n|\n|-weather|none\n|upkeep\n|turn|6\n|\n|t:|1746116771\n|move|p2a: Calyrex|Astral Barrage|p1b: Incineroar|[spread] p1a,p1b\n|-resisted|p1b: Incineroar\n|-damage|p1a: Kyogre|0 fnt\n|-damage|p1b: Incineroar|0 fnt\n|faint|p1a: Kyogre\n|faint|p1b: Incineroar\n|-ability|p2a: Calyrex|Grim Neigh|boost\n|-boost|p2a: Calyrex|spa|2\n|\n|upkeep\n|\n|t:|1746116776\n|switch|p1a: Urshifu|Urshifu-Rapid-Strike, L50, M|95/100 slp\n|switch|p1b: Calyrex|Calyrex-Shadow, L50|100/100\n|-ability|p1b: Calyrex|As One\n|-ability|p1b: Calyrex|Unnerve\n|turn|7\n|\n|t:|1746116785\n|-terastallize|p1b: Calyrex|Dark\n|-curestatus|p1a: Urshifu|slp|[msg]\n|move|p1a: Urshifu|Surging Strikes|p2a: Calyrex\n|-crit|p2a: Calyrex\n|-damage|p2a: Calyrex|0 fnt\n|faint|p2a: Calyrex\n|-hitcount|p2: Calyrex|1\n|\n|win|J0nko_\n|l|\u2606ShDw Ace\n|player|p2|\n||J0nko_ is ready for game 2.\n||ShDw Ace is ready for game 2.\n|uhtml|next|Next: <a href=\"/battle-gen9vgc2025regibo3-2354753825\"><strong>Game 2 of 3</strong></a>\n|l|\u2606J0nko_\n|player|p1|\n", "uploadtime": 1746117148, "views": 5, "formatid": "gen9vgc2025regibo3", "rating": null, "private": 0, "password": null}