{"id": "gen9vgc2025regibo3-2354003535", "format": "[Gen 9] VGC 2025 Reg I (Bo3)", "players": ["edo ghira", "Kerchack roar"], "log": "|j|\u2606edo ghira\n|j|\u2606Kerchack roar\n|html|<table width=\"100%\"><tr><td align=\"left\">edo ghira</td><td align=\"right\">Kerchack roar</tr><tr><td align=\"left\"><i class=\"fa fa-circle-o\"></i> <i class=\"fa fa-circle-o\"></i> </td><td align=\"right\"><i class=\"fa fa-circle-o\"></i> <i class=\"fa fa-circle\"></i> </tr></table>\n|uhtml|bestof|<h2><strong>Game 2</strong> of <a href=\"/game-bestof3-gen9vgc2025regibo3-2354001038\">a best-of-3</a></h2>\n|t:|1746026632\n|gametype|doubles\n|player|p1|edo ghira|lance|1287\n|player|p2|Kerchack roar|101|1231\n|teamsize|p1|6\n|teamsize|p2|6\n|gen|9\n|tier|[Gen 9] VGC 2025 Reg I (Bo3)\n|rated|\n|rule|Species Clause: Limit one of each Pok\u00e9mon\n|rule|Item Clause: Limit 1 of each item\n|clearpoke\n|poke|p1|Koraidon, L50|\n|poke|p1|Lunala, L50|\n|poke|p1|Indeedee-F, L50, F|\n|poke|p1|Incineroar, L50, F|\n|poke|p1|Ursaluna, L50, M|\n|poke|p1|Brute Bonnet, L50|\n|poke|p2|Lunala, L50|\n|poke|p2|Koraidon, L50|\n|poke|p2|Walking Wake, L50|\n|poke|p2|Rillaboom, L50, F|\n|poke|p2|Incineroar, L50, M|\n|poke|p2|Tornadus, L50, M|\n|teampreview|4\n|showteam|p1|Koraidon||LifeOrb|OrichalcumPulse|CloseCombat,FlameCharge,FlareBlitz,Protect||||||50|,,,,,Fire]Lunala||SafetyGoggles|ShadowShield|ExpandingForce,MoongeistBeam,WideGuard,TrickRoom||||||50|,,,,,Water]Indeedee-F||PsychicSeed|PsychicSurge|FollowMe,TrickRoom,Psychic,HealPulse|||F|||50|,,,,,Fairy]Incineroar||AssaultVest|Intimidate|KnockOff,Uturn,FakeOut,FlareBlitz|||F|||50|,,,,,Bug]Ursaluna||FlameOrb|Guts|Facade,HeadlongRush,Earthquake,Protect|||M|||50|,,,,,Ghost]Brute Bonnet||RockyHelmet|Protosynthesis|SeedBomb,SuckerPunch,Spore,RagePowder||||||50|,,,,,Water\n|showteam|p2|Lunala||Leftovers|ShadowShield|MoongeistBeam,Moonblast,CalmMind,WideGuard||||||50|,,,,,Fairy]Koraidon||LifeOrb|OrichalcumPulse|CollisionCourse,FlareBlitz,FlameCharge,Protect||||||50|,,,,,Fire]Walking Wake||MysticWater|Protosynthesis|HydroSteam,DracoMeteor,Flamethrower,Protect||||||50|,,,,,Water]Rillaboom||AssaultVest|GrassySurge|WoodHammer,GrassyGlide,FakeOut,Uturn|||F|||50|,,,,,Fire]Incineroar||SafetyGoggles|Intimidate|KnockOff,FakeOut,PartingShot,FlareBlitz|||M|||50|,,,,,Ghost]Tornadus||FocusSash|Prankster|BleakwindStorm,Tailwind,SunnyDay,Protect|||M|||50|,,,,,Dark\n|\n|t:|1746026682\n|start\n|switch|p1a: Medusa|Lunala, L50|100/100\n|switch|p1b: Pennywise|Indeedee-F, L50, F|100/100\n|switch|p2a: Lunala|Lunala, L50|100/100\n|switch|p2b: Incineroar|Incineroar, L50, M|100/100\n|-fieldstart|move: Psychic Terrain|[from] ability: Psychic Surge|[of] p1b: Pennywise\n|-enditem|p1b: Pennywise|Psychic Seed\n|-boost|p1b: Pennywise|spd|1|[from] item: Psychic Seed\n|-ability|p2b: Incineroar|Intimidate|boost\n|-unboost|p1a: Medusa|atk|1\n|-unboost|p1b: Pennywise|atk|1\n|turn|1\n|\n|t:|1746026698\n|switch|p2a: Rillaboom|Rillaboom, L50, F|100/100\n|-fieldstart|move: Grassy Terrain|[from] ability: Grassy Surge|[of] p2a: Rillaboom\n|switch|p1a: Grendel|Ursaluna, L50, M|100/100\n|move|p2b: Incineroar|Knock Off|p1a: Grendel\n|-damage|p1a: Grendel|71/100\n|-enditem|p1a: Grendel|Flame Orb|[from] move: Knock Off|[of] p2b: Incineroar\n|move|p1b: Pennywise|Trick Room|p1b: Pennywise\n|-fieldstart|move: Trick Room|[of] p1b: Pennywise\n|\n|-heal|p1a: Grendel|77/100|[from] Grassy Terrain\n|upkeep\n|turn|2\n|\n|t:|1746026719\n|switch|p2b: Lunala|Lunala, L50|100/100\n|switch|p1b: Frankestein|Brute Bonnet, L50|100/100\n|move|p1a: Grendel|Headlong Rush|p2b: Lunala\n|-damage|p2b: Lunala|71/100\n|-unboost|p1a: Grendel|def|1\n|-unboost|p1a: Grendel|spd|1\n|move|p2a: Rillaboom|U-turn|p1b: Frankestein\n|-supereffective|p1b: Frankestein\n|-damage|p1b: Frankestein|36/100\n|-damage|p2a: Rillaboom|84/100|[from] item: Rocky Helmet|[of] p1b: Frankestein\n|\n|t:|1746026732\n|switch|p2a: Incineroar|Incineroar, L50, M|100/100|[from] U-turn\n|-ability|p2a: Incineroar|Intimidate|boost\n|-unboost|p1a: Grendel|atk|1\n|-unboost|p1b: Frankestein|atk|1\n|\n|-heal|p1a: Grendel|83/100|[from] Grassy Terrain\n|-heal|p1b: Frankestein|42/100|[from] Grassy Terrain\n|-heal|p2b: Lunala|77/100|[from] Grassy Terrain\n|-heal|p2b: Lunala|83/100|[from] item: Leftovers\n|upkeep\n|turn|3\n|\n|t:|1746026745\n|switch|p2a: Rillaboom|Rillaboom, L50, F|84/100\n|move|p1a: Grendel|Headlong Rush|p2a: Rillaboom\n|-resisted|p2a: Rillaboom\n|-damage|p2a: Rillaboom|67/100\n|-unboost|p1a: Grendel|def|1\n|-unboost|p1a: Grendel|spd|1\n|move|p1b: Frankestein|Spore|p2b: Lunala\n|-status|p2b: Lunala|slp|[from] move: Spore\n|cant|p2b: Lunala|slp\n|\n|-heal|p1a: Grendel|89/100|[from] Grassy Terrain\n|-heal|p1b: Frankestein|48/100|[from] Grassy Terrain\n|-heal|p2a: Rillaboom|72/100|[from] Grassy Terrain\n|-heal|p2b: Lunala|90/100 slp|[from] Grassy Terrain\n|-heal|p2b: Lunala|96/100 slp|[from] item: Leftovers\n|upkeep\n|turn|4\n|\n|t:|1746026782\n|switch|p1a: Medusa|Lunala, L50|100/100\n|move|p1b: Frankestein|Seed Bomb|p2b: Lunala\n|-damage|p2b: Lunala|70/100 slp\n|move|p2a: Rillaboom|U-turn|p1b: Frankestein\n|-supereffective|p1b: Frankestein\n|-damage|p1b: Frankestein|0 fnt\n|-damage|p2a: Rillaboom|56/100|[from] item: Rocky Helmet|[of] p1b: Frankestein\n|faint|p1b: Frankestein\n|-end|p1b: Frankestein|Protosynthesis|[silent]\n|\n|t:|1746026793\n|switch|p2a: Koraidon|Koraidon, L50|100/100|[from] U-turn\n|-weather|SunnyDay|[from] ability: Orichalcum Pulse|[of] p2a: Koraidon\n|-activate|p2a: Koraidon|Orichalcum Pulse|[source]\n|-curestatus|p2b: Lunala|slp|[msg]\n|move|p2b: Lunala|Calm Mind|p2b: Lunala\n|-boost|p2b: Lunala|spa|1\n|-boost|p2b: Lunala|spd|1\n|\n|-weather|SunnyDay|[upkeep]\n|-heal|p2b: Lunala|77/100|[from] Grassy Terrain\n|-heal|p2b: Lunala|83/100|[from] item: Leftovers\n|upkeep\n|\n|t:|1746026806\n|switch|p1b: Pennywise|Indeedee-F, L50, F|100/100\n|-fieldstart|move: Psychic Terrain|[from] ability: Psychic Surge|[of] p1b: Pennywise\n|turn|5\n|\n|t:|1746026821\n|switch|p2a: Rillaboom|Rillaboom, L50, F|56/100\n|-fieldstart|move: Grassy Terrain|[from] ability: Grassy Surge|[of] p2a: Rillaboom\n|-terastallize|p1a: Medusa|Water\n|-terastallize|p2b: Lunala|Fairy\n|move|p1b: Pennywise|Psychic|p2b: Lunala\n|-damage|p2b: Lunala|69/100\n|move|p1a: Medusa|Expanding Force|p2b: Lunala\n|-damage|p2b: Lunala|49/100\n|move|p2b: Lunala|Moonblast|p1b: Pennywise\n|-damage|p1b: Pennywise|19/100\n|\n|-weather|SunnyDay|[upkeep]\n|-heal|p1b: Pennywise|25/100|[from] Grassy Terrain\n|-heal|p2a: Rillaboom|62/100|[from] Grassy Terrain\n|-heal|p2b: Lunala|55/100|[from] Grassy Terrain\n|-heal|p2b: Lunala|61/100|[from] item: Leftovers\n|-fieldend|move: Trick Room\n|upkeep\n|turn|6\n|\n|t:|1746026839\n|move|p1b: Pennywise|Follow Me|p1b: Pennywise\n|-singleturn|p1b: Pennywise|move: Follow Me\n|move|p2b: Lunala|Moonblast|p1b: Pennywise\n|-damage|p1b: Pennywise|0 fnt\n|faint|p1b: Pennywise\n|move|p2a: Rillaboom|Wood Hammer|p1a: Medusa\n|-supereffective|p1a: Medusa\n|-damage|p1a: Medusa|41/100\n|-damage|p2a: Rillaboom|39/100|[from] Recoil\n|move|p1a: Medusa|Trick Room|p1a: Medusa\n|-fieldstart|move: Trick Room|[of] p1a: Medusa\n|\n|-weather|SunnyDay|[upkeep]\n|-heal|p2a: Rillaboom|44/100|[from] Grassy Terrain\n|-heal|p1a: Medusa|47/100|[from] Grassy Terrain\n|-heal|p2b: Lunala|68/100|[from] Grassy Terrain\n|-heal|p2b: Lunala|74/100|[from] item: Leftovers\n|upkeep\n|\n|t:|1746026852\n|switch|p1b: Grendel|Ursaluna, L50, M|89/100\n|turn|7\n|\n|t:|1746026859\n|move|p2a: Rillaboom|Grassy Glide|p1a: Medusa\n|-supereffective|p1a: Medusa\n|-damage|p1a: Medusa|0 fnt\n|faint|p1a: Medusa\n|move|p1b: Grendel|Headlong Rush|p2b: Lunala\n|-damage|p2b: Lunala|23/100\n|-unboost|p1b: Grendel|def|1\n|-unboost|p1b: Grendel|spd|1\n|move|p2b: Lunala|Moonblast|p1b: Grendel\n|-damage|p1b: Grendel|0 fnt\n|faint|p1b: Grendel\n|\n|win|Kerchack roar\n|raw|edo ghira's rating: 1287 &rarr; <strong>1258</strong><br />(-29 for losing)\n|raw|Kerchack roar's rating: 1231 &rarr; <strong>1260</strong><br />(+29 for winning)\n|l|\u2606edo ghira\n|player|p1|\n", "uploadtime": 1746026886, "views": 28, "formatid": "gen9vgc2025regibo3", "rating": 1258, "private": 0, "password": null}