{"id": "gen9vgc2025regibo3-2353738867", "format": "[Gen 9] VGC 2025 Reg I (Bo3)", "players": ["StealthR2", "Dracoignius97"], "log": "|j|\u2606StealthR2\n|j|\u2606Dracoignius97\n|html|<table width=\"100%\"><tr><td align=\"left\">StealthR2</td><td align=\"right\">Dracoignius97</tr><tr><td align=\"left\"><i class=\"fa fa-circle-o\"></i> <i class=\"fa fa-circle-o\"></i> </td><td align=\"right\"><i class=\"fa fa-circle-o\"></i> <i class=\"fa fa-circle-o\"></i> </tr></table>\n|uhtml|bestof|<h2><strong>Game 1</strong> of <a href=\"/game-bestof3-gen9vgc2025regibo3-2353738866\">a best-of-3</a></h2>\n|t:|1745991545\n|gametype|doubles\n|player|p1|StealthR2|bruno-gen3|\n|player|p2|Dracoignius97|steven|\n|teamsize|p1|6\n|teamsize|p2|6\n|gen|9\n|tier|[Gen 9] VGC 2025 Reg I (Bo3)\n|rule|Species Clause: Limit one of each Pok\u00e9mon\n|rule|Item Clause: Limit 1 of each item\n|clearpoke\n|poke|p1|Giratina-Origin, L50|\n|poke|p1|Zamazenta-*, L50|\n|poke|p1|Volcarona, L50, F|\n|poke|p1|Dondozo, L50, F|\n|poke|p1|Ting-Lu, L50|\n|poke|p1|Raging Bolt, L50|\n|poke|p2|Lunala, L50|\n|poke|p2|Koraidon, L50|\n|poke|p2|Flutter Mane, L50|\n|poke|p2|Indeedee-F, L50, F|\n|poke|p2|Ogerpon-Cornerstone, L50, F|\n|poke|p2|Chi-Yu, L50|\n|teampreview|4\n|showteam|p1|Giratina-Origin||GriseousCore|Levitate|Protect,Poltergeist,ShadowSneak,DragonClaw||||||50|,,,,,Fire]Zamazenta-Crowned||RustedShield|DauntlessShield|behemothbash,BodyPress,WideGuard,Protect||||||50|,,,,,Dragon]Volcarona||SitrusBerry|FlameBody|GigaDrain,FieryDance,QuiverDance,Protect|||F|||50|,,,,,Grass]Dondozo||Leftovers|Unaware|WaveCrash,Fissure,Protect,Yawn|||F|||50|,,,,,Poison]Ting-Lu||RockyHelmet|VesselofRuin|SandTomb,Ruination,Protect,Taunt||||||50|,,,,,Poison]Raging Bolt||AssaultVest|Protosynthesis|VoltSwitch,Electroweb,Thunderclap,DracoMeteor||||||50|,,,,,Electric\n|showteam|p2|Lunala||PowerHerb|ShadowShield|Protect,ExpandingForce,MoongeistBeam,MeteorBeam||||||50|,,,,,Water]Koraidon||LifeOrb|OrichalcumPulse|Protect,FlareBlitz,FlameCharge,CloseCombat||||||50|,,,,,Fire]Flutter Mane||FocusSash|Protosynthesis|Protect,Moonblast,ShadowBall,IcyWind||||||50|,,,,,Normal]Indeedee-F||RockyHelmet|PsychicSurge|FollowMe,HelpingHand,ShadowBall,TrickRoom|||F|||50|,,,,,Water]Ogerpon-Cornerstone||CornerstoneMask|Sturdy|Protect,IvyCudgel,PowerWhip,FollowMe|||F|||50|,,,,,Rock]Chi-Yu||ChoiceScarf|BeadsofRuin|HeatWave,Snarl,DarkPulse,Overheat||||||50|,,,,,Dark\n|\n|t:|1745991699\n|start\n|switch|p1a: Ting-Lu|Ting-Lu, L50|100/100\n|switch|p1b: Dondozo|Dondozo, L50, F, shiny|100/100\n|switch|p2a: Indeedee|Indeedee-F, L50, F|100/100\n|switch|p2b: Chi-Yu|Chi-Yu, L50|100/100\n|-ability|p2b: Chi-Yu|Beads of Ruin\n|-fieldstart|move: Psychic Terrain|[from] ability: Psychic Surge|[of] p2a: Indeedee\n|-ability|p1a: Ting-Lu|Vessel of Ruin\n|turn|1\n|\n|t:|1745991750\n|switch|p2b: Koraidon|Koraidon, L50|100/100\n|-weather|SunnyDay|[from] ability: Orichalcum Pulse|[of] p2b: Koraidon\n|-activate|p2b: Koraidon|Orichalcum Pulse|[source]\n|move|p2a: Indeedee|Follow Me|p2a: Indeedee\n|-singleturn|p2a: Indeedee|move: Follow Me\n|move|p1a: Ting-Lu|Sand Tomb|p2a: Indeedee\n|-damage|p2a: Indeedee|85/100\n|-activate|p2a: Indeedee|move: Sand Tomb|[of] p1a: Ting-Lu\n|move|p1b: Dondozo|Yawn|p2a: Indeedee\n|-start|p2a: Indeedee|move: Yawn|[of] p1b: Dondozo\n|\n|-weather|SunnyDay|[upkeep]\n|-damage|p2a: Indeedee|73/100|[from] move: Sand Tomb|[partiallytrapped]\n|upkeep\n|turn|2\n|\n|t:|1745991793\n|move|p2b: Koraidon|Protect|p2b: Koraidon\n|-singleturn|p2b: Koraidon|Protect\n|move|p1a: Ting-Lu|Protect|p1a: Ting-Lu\n|-singleturn|p1a: Ting-Lu|Protect\n|move|p2a: Indeedee|Follow Me|p2a: Indeedee\n|-singleturn|p2a: Indeedee|move: Follow Me\n|move|p1b: Dondozo|Yawn||[still]\n|-fail|p1b: Dondozo\n|\n|-weather|SunnyDay|[upkeep]\n|-damage|p2a: Indeedee|60/100|[from] move: Sand Tomb|[partiallytrapped]\n|-end|p2a: Indeedee|move: Yawn|[silent]\n|-status|p2a: Indeedee|slp\n|upkeep\n|turn|3\n|\n|t:|1745991827\n|switch|p1a: Giratina|Giratina-Origin, L50, shiny|100/100\n|cant|p2a: Indeedee|slp\n|move|p2b: Koraidon|Close Combat|p1a: Giratina\n|-immune|p1a: Giratina\n|move|p1b: Dondozo|Yawn|p2b: Koraidon\n|-start|p2b: Koraidon|move: Yawn|[of] p1b: Dondozo\n|\n|-weather|SunnyDay|[upkeep]\n|-end|p2a: Indeedee|Sand Tomb|[partiallytrapped]|[silent]\n|upkeep\n|turn|4\n|\n|t:|1745991867\n|-curestatus|p2a: Indeedee|slp|[msg]\n|move|p2a: Indeedee|Follow Me|p2a: Indeedee\n|-singleturn|p2a: Indeedee|move: Follow Me\n|move|p2b: Koraidon|Close Combat|p1b: Dondozo\n|-damage|p1b: Dondozo|43/100\n|-unboost|p2b: Koraidon|def|1\n|-unboost|p2b: Koraidon|spd|1\n|-damage|p2b: Koraidon|91/100|[from] item: Life Orb\n|move|p1a: Giratina|Dragon Claw|p2a: Indeedee\n|-damage|p2a: Indeedee|6/100\n|-damage|p1a: Giratina|84/100|[from] item: Rocky Helmet|[of] p2a: Indeedee\n|move|p1b: Dondozo|Wave Crash|p2a: Indeedee\n|-damage|p2a: Indeedee|0 fnt\n|-damage|p1b: Dondozo|27/100|[from] item: Rocky Helmet|[of] p2a: Indeedee\n|faint|p2a: Indeedee\n|-damage|p1b: Dondozo|26/100|[from] Recoil\n|\n|-weather|SunnyDay|[upkeep]\n|-heal|p1b: Dondozo|32/100|[from] item: Leftovers\n|-end|p2b: Koraidon|move: Yawn|[silent]\n|-status|p2b: Koraidon|slp\n|upkeep\n|\n|t:|1745991888\n|switch|p2a: Chi-Yu|Chi-Yu, L50|100/100\n|-ability|p2a: Chi-Yu|Beads of Ruin\n|turn|5\n|\n|t:|1745991916\n|switch|p1b: Ting-Lu|Ting-Lu, L50|100/100\n|-ability|p1b: Ting-Lu|Vessel of Ruin\n|-terastallize|p2a: Chi-Yu|Dark\n|cant|p2b: Koraidon|slp\n|move|p1a: Giratina|Protect|p1a: Giratina\n|-singleturn|p1a: Giratina|Protect\n|move|p2a: Chi-Yu|Snarl|p1a: Giratina|[spread] p1b\n|-activate|p1a: Giratina|move: Protect\n|-resisted|p1b: Ting-Lu\n|-damage|p1b: Ting-Lu|90/100\n|-unboost|p1b: Ting-Lu|spa|1\n|\n|-weather|none\n|-fieldend|move: Psychic Terrain\n|upkeep\n|turn|6\n|\n|t:|1745991957\n|switch|p2b: Flutter Mane|Flutter Mane, L50|100/100\n|-terastallize|p1a: Giratina|Fire\n|move|p2a: Chi-Yu|Snarl|p1a: Giratina|[spread] p1a,p1b\n|-resisted|p1b: Ting-Lu\n|-damage|p1a: Giratina|60/100\n|-damage|p1b: Ting-Lu|80/100\n|-unboost|p1a: Giratina|spa|1\n|-unboost|p1b: Ting-Lu|spa|1\n|move|p1a: Giratina|Dragon Claw|p2b: Flutter Mane\n|-immune|p2b: Flutter Mane\n|move|p1b: Ting-Lu|Sand Tomb|p2a: Chi-Yu\n|-damage|p2a: Chi-Yu|80/100\n|-activate|p2a: Chi-Yu|move: Sand Tomb|[of] p1b: Ting-Lu\n|\n|-damage|p2a: Chi-Yu|68/100|[from] move: Sand Tomb|[partiallytrapped]\n|upkeep\n|turn|7\n|\n|t:|1745991993\n|move|p2b: Flutter Mane|Protect|p2b: Flutter Mane\n|-singleturn|p2b: Flutter Mane|Protect\n|move|p1a: Giratina|Shadow Sneak|p2b: Flutter Mane\n|-activate|p2b: Flutter Mane|move: Protect\n|move|p2a: Chi-Yu|Snarl|p1b: Ting-Lu|[spread] p1a\n|-miss|p2a: Chi-Yu|p1b: Ting-Lu\n|-damage|p1a: Giratina|33/100\n|-unboost|p1a: Giratina|spa|1\n|move|p1b: Ting-Lu|Ruination|p2a: Chi-Yu\n|-damage|p2a: Chi-Yu|34/100\n|\n|-damage|p2a: Chi-Yu|22/100|[from] move: Sand Tomb|[partiallytrapped]\n|upkeep\n|turn|8\n|\n|t:|1745992017\n|-end|p2b: Flutter Mane|Protosynthesis|[silent]\n|switch|p2b: Koraidon|Koraidon, L50|91/100 slp\n|-weather|SunnyDay|[from] ability: Orichalcum Pulse|[of] p2b: Koraidon\n|-activate|p2b: Koraidon|Orichalcum Pulse|[source]\n|move|p1a: Giratina|Shadow Sneak|p2b: Koraidon\n|-damage|p2b: Koraidon|66/100 slp\n|move|p2a: Chi-Yu|Snarl|p1a: Giratina|[spread] p1a,p1b\n|-resisted|p1b: Ting-Lu\n|-damage|p1a: Giratina|7/100\n|-damage|p1b: Ting-Lu|69/100\n|-unboost|p1a: Giratina|spa|1\n|-unboost|p1b: Ting-Lu|spa|1\n|move|p1b: Ting-Lu|Sand Tomb|p2b: Koraidon\n|-damage|p2b: Koraidon|55/100 slp\n|-activate|p2b: Koraidon|move: Sand Tomb|[of] p1b: Ting-Lu\n|\n|-weather|SunnyDay|[upkeep]\n|-damage|p2a: Chi-Yu|10/100|[from] move: Sand Tomb|[partiallytrapped]\n|-damage|p2b: Koraidon|43/100 slp|[from] move: Sand Tomb|[partiallytrapped]\n|upkeep\n|turn|9\n|\n|t:|1745992050\n|-curestatus|p2b: Koraidon|slp|[msg]\n|move|p2b: Koraidon|Protect|p2b: Koraidon\n|-singleturn|p2b: Koraidon|Protect\n|move|p1b: Ting-Lu|Protect|p1b: Ting-Lu\n|-singleturn|p1b: Ting-Lu|Protect\n|move|p1a: Giratina|Shadow Sneak|p2a: Chi-Yu\n|-resisted|p2a: Chi-Yu\n|-damage|p2a: Chi-Yu|0 fnt\n|faint|p2a: Chi-Yu\n|\n|-weather|SunnyDay|[upkeep]\n|-damage|p2b: Koraidon|31/100|[from] move: Sand Tomb|[partiallytrapped]\n|upkeep\n|\n|t:|1745992061\n|switch|p2a: Flutter Mane|Flutter Mane, L50|100/100\n|-activate|p2a: Flutter Mane|ability: Protosynthesis\n|-start|p2a: Flutter Mane|protosynthesisspe\n|turn|10\n|\n|t:|1745992101\n|move|p2a: Flutter Mane|Protect|p2a: Flutter Mane\n|-singleturn|p2a: Flutter Mane|Protect\n|move|p1a: Giratina|Protect|p1a: Giratina\n|-singleturn|p1a: Giratina|Protect\n|move|p2b: Koraidon|Flame Charge|p1a: Giratina\n|-activate|p1a: Giratina|move: Protect\n|move|p1b: Ting-Lu|Sand Tomb|p2a: Flutter Mane\n|-activate|p2a: Flutter Mane|move: Protect\n|\n|-weather|SunnyDay|[upkeep]\n|-damage|p2b: Koraidon|18/100|[from] move: Sand Tomb|[partiallytrapped]\n|upkeep\n|turn|11\n|\n|t:|1745992133\n|move|p1a: Giratina|Shadow Sneak|p2a: Flutter Mane\n|-supereffective|p2a: Flutter Mane\n|-enditem|p2a: Flutter Mane|Focus Sash\n|-damage|p2a: Flutter Mane|1/100\n|move|p2a: Flutter Mane|Icy Wind|p1a: Giratina|[spread] p1a,p1b\n|-resisted|p1a: Giratina\n|-supereffective|p1b: Ting-Lu\n|-damage|p1a: Giratina|3/100\n|-damage|p1b: Ting-Lu|55/100\n|-unboost|p1a: Giratina|spe|1\n|-unboost|p1b: Ting-Lu|spe|1\n|move|p2b: Koraidon|Close Combat|p1b: Ting-Lu\n|-supereffective|p1b: Ting-Lu\n|-damage|p1b: Ting-Lu|0 fnt\n|-unboost|p2b: Koraidon|def|1\n|-unboost|p2b: Koraidon|spd|1\n|-damage|p2b: Koraidon|2/100|[from] item: Rocky Helmet|[of] p1b: Ting-Lu\n|faint|p1b: Ting-Lu\n|-damage|p2b: Koraidon|0 fnt|[from] item: Life Orb\n|faint|p2b: Koraidon\n|\n|-weather|SunnyDay|[upkeep]\n|upkeep\n|\n|t:|1745992150\n|switch|p1b: Dondozo|Dondozo, L50, F, shiny|32/100\n|turn|12\n|\n|t:|1745992157\n|move|p1a: Giratina|Shadow Sneak|p2a: Flutter Mane\n|-supereffective|p2a: Flutter Mane\n|-damage|p2a: Flutter Mane|0 fnt\n|faint|p2a: Flutter Mane\n|-end|p2a: Flutter Mane|Protosynthesis|[silent]\n|\n|win|StealthR2\n||Dracoignius97 is ready for game 2.\n||StealthR2 is ready for game 2.\n|uhtml|next|Next: <a href=\"/battle-gen9vgc2025regibo3-2353742392\"><strong>Game 2 of 3</strong></a>\n", "uploadtime": 1745992426, "views": 22, "formatid": "gen9vgc2025regibo3", "rating": null, "private": 0, "password": null}