{"id": "gen9vgc2025regibo3-2354287991", "format": "[Gen 9] VGC 2025 Reg I (Bo3)", "players": ["Fuchsblitz", "Jbsmah"], "log": "|j|\u2606Fuchsblitz\n|j|\u2606Jbsmah\n|html|<table width=\"100%\"><tr><td align=\"left\">Fuchsblitz</td><td align=\"right\">Jbsmah</tr><tr><td align=\"left\"><i class=\"fa fa-circle-o\"></i> <i class=\"fa fa-circle-o\"></i> </td><td align=\"right\"><i class=\"fa fa-circle-o\"></i> <i class=\"fa fa-circle\"></i> </tr></table>\n|uhtml|bestof|<h2><strong>Game 2</strong> of <a href=\"/game-bestof3-gen9vgc2025regibo3-2354285054\">a best-of-3</a></h2>\n|t:|1746053218\n|gametype|doubles\n|player|p1|Fuchsblitz|ethan|1113\n|player|p2|Jbsmah|170|1089\n|teamsize|p1|6\n|teamsize|p2|6\n|gen|9\n|tier|[Gen 9] VGC 2025 Reg I (Bo3)\n|rated|\n|rule|Species Clause: Limit one of each Pok\u00e9mon\n|rule|Item Clause: Limit 1 of each item\n|clearpoke\n|poke|p1|Lunala, L50|\n|poke|p1|Indeedee-F, L50, F|\n|poke|p1|Roaring Moon, L50|\n|poke|p1|Zacian-*, L50|\n|poke|p1|Urshifu-*, L50, M|\n|poke|p1|Amoonguss, L50, F|\n|poke|p2|Calyrex-Ice, L50|\n|poke|p2|Farigiraf, L50, M|\n|poke|p2|Iron Valiant, L50|\n|poke|p2|Miraidon, L50|\n|poke|p2|Iron Hands, L50|\n|poke|p2|Volcarona, L50, F|\n|teampreview|4\n|showteam|p1|Lunala||PowerHerb|ShadowShield|MoongeistBeam,MeteorBeam,ExpandingForce,WideGuard||||||50|,,,,,Water]Indeedee-F||PsychicSeed|PsychicSurge|FollowMe,Psychic,TrickRoom,HelpingHand|||F|||50|,,,,,Fairy]Roaring Moon||BoosterEnergy|Protosynthesis|Acrobatics,KnockOff,Tailwind,Protect||||||50|,,,,,Flying]Zacian-Crowned||RustedSword|IntrepidSword|PlayRough,behemothblade,TeraBlast,Protect||||||50|,,,,,Ground]Urshifu-Rapid-Strike||ChoiceBand|UnseenFist|SurgingStrikes,AquaJet,CloseCombat,Uturn|||M|||50|,,,,,Water]Amoonguss||RockyHelmet|Regenerator|PollenPuff,Spore,RagePowder,Protect|||F|||50|,,,,,Water\n|showteam|p2|Calyrex-Ice||ClearAmulet|AsOneGlastrier|GlacialLance,HighHorsepower,TrickRoom,Protect||||||50|,,,,,Fire]Farigiraf||ElectricSeed|ArmorTail|Psychic,FoulPlay,TrickRoom,Protect|||M|||50|,,,,,Water]Iron Valiant||FocusSash|QuarkDrive|Moonblast,WideGuard,Coaching,Protect||||||50|,,,,,Ghost]Miraidon||ChoiceSpecs|HadronEngine|ElectroDrift,VoltSwitch,DazzlingGleam,DracoMeteor||||||50|,,,,,Fairy]Iron Hands||AssaultVest|QuarkDrive|FakeOut,WildCharge,DrainPunch,LowKick||||||50|,,,,,Water]Volcarona||RockyHelmet|FlameBody|Overheat,StruggleBug,RagePowder,Protect|||F|||50|,,,,,Water\n|inactive|Battle timer is ON: inactive players will automatically lose when time's up. (requested by Jbsmah)\n|\n|t:|1746053244\n|start\n|switch|p1a: Indeedee|Indeedee-F, L50, F|100/100\n|switch|p1b: Jesden|Lunala, L50, shiny|100/100\n|switch|p2a: Iron Valiant|Iron Valiant, L50|100/100\n|switch|p2b: Miraidon|Miraidon, L50|100/100\n|-fieldstart|move: Electric Terrain|[from] ability: Hadron Engine|[of] p2b: Miraidon\n|-activate|p2a: Iron Valiant|ability: Quark Drive\n|-start|p2a: Iron Valiant|quarkdrivespe\n|-fieldstart|move: Psychic Terrain|[from] ability: Psychic Surge|[of] p1a: Indeedee\n|-end|p2a: Iron Valiant|Quark Drive\n|-enditem|p1a: Indeedee|Psychic Seed\n|-boost|p1a: Indeedee|spd|1|[from] item: Psychic Seed\n|turn|1\n|inactive|Fuchsblitz has 30 seconds left.\n|inactive|Fuchsblitz has 20 seconds left.\n|\n|t:|1746053280\n|move|p2a: Iron Valiant|Wide Guard|p2a: Iron Valiant\n|-singleturn|p2a: Iron Valiant|Wide Guard\n|move|p2b: Miraidon|Volt Switch|p1b: Jesden\n|-damage|p1b: Jesden|81/100\n|\n|t:|1746053286\n|switch|p2b: Calyrex|Calyrex-Ice, L50|100/100|[from] Volt Switch\n|-ability|p2b: Calyrex|As One\n|-ability|p2b: Calyrex|Unnerve\n|move|p1b: Jesden|Meteor Beam||[still]\n|-prepare|p1b: Jesden|Meteor Beam\n|-boost|p1b: Jesden|spa|1\n|-enditem|p1b: Jesden|Power Herb\n|-anim|p1b: Jesden|Meteor Beam|p2b: Calyrex\n|-supereffective|p2b: Calyrex\n|-damage|p2b: Calyrex|6/100\n|move|p1a: Indeedee|Trick Room|p1a: Indeedee\n|-fieldstart|move: Trick Room|[of] p1a: Indeedee\n|\n|upkeep\n|turn|2\n|\n|t:|1746053310\n|switch|p1a: Amoonguss|Amoonguss, L50, F|100/100\n|move|p2b: Calyrex|Protect|p2b: Calyrex\n|-singleturn|p2b: Calyrex|Protect\n|move|p1b: Jesden|Moongeist Beam|p2b: Calyrex\n|-activate|p2b: Calyrex|move: Protect\n|move|p2a: Iron Valiant|Moonblast|p1b: Jesden\n|-damage|p1b: Jesden|47/100\n|\n|upkeep\n|turn|3\n|\n|t:|1746053327\n|-end|p2a: Iron Valiant|Quark Drive|[silent]\n|switch|p2a: Miraidon|Miraidon, L50|100/100\n|-fieldstart|move: Electric Terrain|[from] ability: Hadron Engine|[of] p2a: Miraidon\n|move|p1a: Amoonguss|Spore|p2a: Miraidon\n|-activate|p2a: Miraidon|move: Electric Terrain\n|move|p2b: Calyrex|Glacial Lance|p1b: Jesden|[spread] p1a,p1b\n|-supereffective|p1a: Amoonguss\n|-damage|p1a: Amoonguss|20/100\n|-damage|p1b: Jesden|0 fnt\n|faint|p1b: Jesden\n|-ability|p2b: Calyrex|Chilling Neigh|boost\n|-boost|p2b: Calyrex|atk|1\n|\n|upkeep\n|\n|t:|1746053338\n|switch|p1b: Indeedee|Indeedee-F, L50, F|100/100\n|-fieldstart|move: Psychic Terrain|[from] ability: Psychic Surge|[of] p1b: Indeedee\n|turn|4\n|\n|t:|1746053351\n|switch|p2a: Iron Valiant|Iron Valiant, L50|100/100\n|move|p2b: Calyrex|Protect|p2b: Calyrex\n|-singleturn|p2b: Calyrex|Protect\n|move|p1a: Amoonguss|Spore|p2a: Iron Valiant\n|-status|p2a: Iron Valiant|slp|[from] move: Spore\n|move|p1b: Indeedee|Psychic|p2b: Calyrex\n|-activate|p2b: Calyrex|move: Protect\n|\n|upkeep\n|turn|5\n|inactive|Fuchsblitz has 30 seconds left.\n|\n|t:|1746053380\n|switch|p1b: Sif|Zacian-Crowned, L50, shiny|100/100\n|-ability|p1b: Sif|Intrepid Sword|boost\n|-boost|p1b: Sif|atk|1\n|-end|p2a: Iron Valiant|Quark Drive|[silent]\n|switch|p2a: Miraidon|Miraidon, L50|100/100\n|-fieldstart|move: Electric Terrain|[from] ability: Hadron Engine|[of] p2a: Miraidon\n|move|p1a: Amoonguss|Spore|p2b: Calyrex\n|-activate|p2b: Calyrex|move: Electric Terrain\n|move|p2b: Calyrex|Glacial Lance|p1a: Amoonguss|[spread] p1a,p1b\n|-supereffective|p1a: Amoonguss\n|-resisted|p1b: Sif\n|-damage|p1a: Amoonguss|0 fnt\n|-damage|p1b: Sif|69/100\n|faint|p1a: Amoonguss\n|-ability|p2b: Calyrex|Chilling Neigh|boost\n|-boost|p2b: Calyrex|atk|1\n|\n|-fieldend|move: Trick Room\n|upkeep\n|\n|t:|1746053391\n|switch|p1a: Indeedee|Indeedee-F, L50, F|100/100\n|-fieldstart|move: Psychic Terrain|[from] ability: Psychic Surge|[of] p1a: Indeedee\n|turn|6\n|\n|t:|1746053410\n|switch|p2a: Iron Valiant|Iron Valiant, L50|100/100 slp\n|move|p1b: Sif|Behemoth Blade|p2a: Iron Valiant\n|-supereffective|p2a: Iron Valiant\n|-enditem|p2a: Iron Valiant|Focus Sash\n|-damage|p2a: Iron Valiant|1/100 slp\n|move|p1a: Indeedee|Psychic|p2b: Calyrex\n|-resisted|p2b: Calyrex\n|-damage|p2b: Calyrex|0 fnt\n|faint|p2b: Calyrex\n|\n|upkeep\n|\n|t:|1746053421\n|switch|p2b: Volcarona|Volcarona, L50, F|100/100\n|turn|7\n|\n|t:|1746053439\n|-terastallize|p1b: Sif|Ground\n|move|p1a: Indeedee|Helping Hand|p1b: Sif\n|-singleturn|p1b: Sif|Helping Hand|[of] p1a: Indeedee\n|cant|p2a: Iron Valiant|slp\n|move|p1b: Sif|Tera Blast|p2b: Volcarona|[anim] Tera Blast Ground\n|-damage|p2b: Volcarona|0 fnt\n|faint|p2b: Volcarona\n|\n|upkeep\n|\n|t:|1746053446\n|switch|p2b: Miraidon|Miraidon, L50|100/100\n|-fieldstart|move: Electric Terrain|[from] ability: Hadron Engine|[of] p2b: Miraidon\n|-activate|p2a: Iron Valiant|ability: Quark Drive\n|-start|p2a: Iron Valiant|quarkdrivespe\n|turn|8\n|\n|t:|1746053458\n|cant|p2a: Iron Valiant|slp\n|move|p2b: Miraidon|Draco Meteor|p1b: Sif\n|-damage|p1b: Sif|0 fnt\n|-unboost|p2b: Miraidon|spa|2\n|faint|p1b: Sif\n|move|p1a: Indeedee|Psychic|p2a: Iron Valiant\n|-supereffective|p2a: Iron Valiant\n|-damage|p2a: Iron Valiant|0 fnt\n|faint|p2a: Iron Valiant\n|-end|p2a: Iron Valiant|Quark Drive|[silent]\n|\n|upkeep\n|turn|9\n|\n|t:|1746053469\n|move|p2b: Miraidon|Draco Meteor|p1a: Indeedee\n|-damage|p1a: Indeedee|32/100\n|-unboost|p2b: Miraidon|spa|2\n|move|p1a: Indeedee|Psychic|p2b: Miraidon\n|-damage|p2b: Miraidon|73/100\n|\n|upkeep\n|turn|10\n|\n|t:|1746053473\n|move|p2b: Miraidon|Draco Meteor|p1a: Indeedee\n|-damage|p1a: Indeedee|0 fnt\n|-unboost|p2b: Miraidon|spa|2\n|faint|p1a: Indeedee\n|\n|win|Jbsmah\n|raw|Fuchsblitz's rating: 1113 &rarr; <strong>1086</strong><br />(-27 for losing)\n|raw|Jbsmah's rating: 1089 &rarr; <strong>1117</strong><br />(+28 for winning)\n", "uploadtime": 1746053475, "views": 7, "formatid": "gen9vgc2025regibo3", "rating": 1086, "private": 0, "password": null}