{"id": "gen9vgc2025regibo3-2354307432", "format": "[Gen 9] VGC 2025 Reg I (Bo3)", "players": ["is_katabo", "Lance IV"], "log": "|j|\u2606is_katabo\n|j|\u2606Lance IV\n|html|<table width=\"100%\"><tr><td align=\"left\">is_katabo</td><td align=\"right\">Lance IV</tr><tr><td align=\"left\"><i class=\"fa fa-circle-o\"></i> <i class=\"fa fa-circle-o\"></i> </td><td align=\"right\"><i class=\"fa fa-circle-o\"></i> <i class=\"fa fa-circle-o\"></i> </tr></table>\n|uhtml|bestof|<h2><strong>Game 1</strong> of <a href=\"/game-bestof3-gen9vgc2025regibo3-2354307431\">a best-of-3</a></h2>\n|t:|1746055471\n|gametype|doubles\n|player|p1|is_katabo|caitlin|1128\n|player|p2|Lance IV|266|1123\n|teamsize|p1|6\n|teamsize|p2|6\n|gen|9\n|tier|[Gen 9] VGC 2025 Reg I (Bo3)\n|rated|\n|rule|Species Clause: Limit one of each Pok\u00e9mon\n|rule|Item Clause: Limit 1 of each item\n|clearpoke\n|poke|p1|Koraidon, L50|\n|poke|p1|Calyrex-Shadow, L50|\n|poke|p1|Incineroar, L50, F|\n|poke|p1|Indeedee-F, L50, F|\n|poke|p1|Brute Bonnet, L50|\n|poke|p1|Flutter Mane, L50|\n|poke|p2|Miraidon, L50|\n|poke|p2|Zacian-*, L50|\n|poke|p2|Farigiraf, L50, M|\n|poke|p2|Ogerpon-Cornerstone, L50, F|\n|poke|p2|Tornadus, L50, M|\n|poke|p2|Urshifu-*, L50, F|\n|teampreview|4\n|showteam|p1|Koraidon||LifeOrb|OrichalcumPulse|CloseCombat,FlameCharge,FlareBlitz,Protect||||||50|,,,,,Fire]Calyrex-Shadow||FocusSash|AsOneSpectrier|AstralBarrage,ExpandingForce,Psychic,Protect||||||50|,,,,,Ghost]Incineroar||SafetyGoggles|Intimidate|FakeOut,KnockOff,PartingShot,Taunt|||F|||50|,,,,,Bug]Indeedee-F||RockyHelmet|PsychicSurge|Psychic,FollowMe,HelpingHand,TrickRoom|||F|||50|,,,,,Water]Brute Bonnet||CovertCloak|Protosynthesis|SeedBomb,SuckerPunch,RagePowder,Spore||||||50|,,,,,Fairy]Flutter Mane||BoosterEnergy|Protosynthesis|Moonblast,IcyWind,Taunt,Protect||||||50|,,,,,Water\n|showteam|p2|Miraidon||ChoiceSpecs|HadronEngine|DazzlingGleam,VoltSwitch,ElectroDrift,DracoMeteor||||||50|,,,,,Fairy]Zacian-Crowned||RustedSword|IntrepidSword|behemothblade,PlayRough,Protect,SwordsDance||||||50|,,,,,Water]Farigiraf||ElectricSeed|ArmorTail|TrickRoom,Imprison,FoulPlay,Roar|||M|||50|,,,,,Water]Ogerpon-Cornerstone||CornerstoneMask|Sturdy|IvyCudgel,SpikyShield,FollowMe,WoodHammer|||F|||50|,,,,,Rock]Tornadus||CovertCloak|Prankster|BleakwindStorm,Taunt,Tailwind,RainDance|||M|||50|,,,,,Dark]Urshifu-Rapid-Strike||ChoiceScarf|UnseenFist|AquaJet,SurgingStrikes,CloseCombat,Uturn|||F|||50|,,,,,Water\n|inactive|Battle timer is ON: inactive players will automatically lose when time's up. (requested by Lance IV)\n|inactive|is_katabo has 60 seconds left.\n|inactive|Lance IV has 60 seconds left.\n|\n|t:|1746055534\n|start\n|switch|p1a: Jockey|Calyrex-Shadow, L50|100/100\n|switch|p1b: Goat|Indeedee-F, L50, F|100/100\n|switch|p2a: Miraidon|Miraidon, L50|100/100\n|switch|p2b: Tornadus|Tornadus, L50, M|100/100\n|-ability|p1a: Jockey|As One\n|-ability|p1a: Jockey|Unnerve\n|-fieldstart|move: Electric Terrain|[from] ability: Hadron Engine|[of] p2a: Miraidon\n|-fieldstart|move: Psychic Terrain|[from] ability: Psychic Surge|[of] p1b: Goat\n|turn|1\n|\n|t:|1746055558\n|move|p1a: Jockey|Protect|p1a: Jockey\n|-singleturn|p1a: Jockey|Protect\n|move|p2b: Tornadus|Tailwind|p2b: Tornadus\n|-sidestart|p2: Lance IV|move: Tailwind\n|move|p2a: Miraidon|Volt Switch|p1b: Goat\n|-damage|p1b: Goat|42/100\n|\n|t:|1746055566\n|switch|p2a: Farigiraf|Farigiraf, L50, M|100/100|[from] Volt Switch\n|move|p1b: Goat|Trick Room|p1b: Goat\n|-fieldstart|move: Trick Room|[of] p1b: Goat\n|\n|upkeep\n|turn|2\n|\n|t:|1746055578\n|move|p1b: Goat|Helping Hand|p1a: Jockey\n|-singleturn|p1a: Jockey|Helping Hand|[of] p1b: Goat\n|move|p1a: Jockey|Expanding Force|p2b: Tornadus|[spread] p2a,p2b\n|-resisted|p2a: Farigiraf\n|-damage|p2a: Farigiraf|64/100\n|-damage|p2b: Tornadus|0 fnt\n|faint|p2b: Tornadus\n|-ability|p1a: Jockey|Grim Neigh|boost\n|-boost|p1a: Jockey|spa|1\n|move|p2a: Farigiraf|Trick Room|p2a: Farigiraf\n|-fieldend|move: Trick Room\n|\n|upkeep\n|\n|t:|1746055590\n|switch|p2b: Miraidon|Miraidon, L50|100/100\n|-fieldstart|move: Electric Terrain|[from] ability: Hadron Engine|[of] p2b: Miraidon\n|-enditem|p2a: Farigiraf|Electric Seed\n|-boost|p2a: Farigiraf|def|1|[from] item: Electric Seed\n|turn|3\n|\n|t:|1746055603\n|-terastallize|p1a: Jockey|Ghost\n|move|p1b: Goat|Follow Me|p1b: Goat\n|-singleturn|p1b: Goat|move: Follow Me\n|move|p2b: Miraidon|Electro Drift|p1b: Goat\n|-damage|p1b: Goat|0 fnt\n|-damage|p2b: Miraidon|84/100|[from] item: Rocky Helmet|[of] p1b: Goat\n|faint|p1b: Goat\n|move|p1a: Jockey|Astral Barrage|p2b: Miraidon|[spread] p2b\n|-immune|p2a: Farigiraf\n|-damage|p2b: Miraidon|0 fnt\n|faint|p2b: Miraidon\n|-ability|p1a: Jockey|Grim Neigh|boost\n|-boost|p1a: Jockey|spa|1\n|move|p2a: Farigiraf|Foul Play|p1a: Jockey\n|-supereffective|p1a: Jockey\n|-damage|p1a: Jockey|62/100\n|\n|upkeep\n|\n|t:|1746055623\n|switch|p2b: Zacian|Zacian-Crowned, L50, shiny|100/100\n|switch|p1b: Ghast|Flutter Mane, L50|100/100\n|-ability|p2b: Zacian|Intrepid Sword|boost\n|-boost|p2b: Zacian|atk|1\n|-enditem|p1b: Ghast|Booster Energy\n|-activate|p1b: Ghast|ability: Protosynthesis|[fromitem]\n|-start|p1b: Ghast|protosynthesisspe\n|turn|4\n|\n|t:|1746055641\n|move|p2b: Zacian|Behemoth Blade|p1b: Ghast\n|-supereffective|p1b: Ghast\n|-damage|p1b: Ghast|0 fnt\n|faint|p1b: Ghast\n|-end|p1b: Ghast|Protosynthesis|[silent]\n|move|p1a: Jockey|Astral Barrage|p2a: Farigiraf|[spread] p2b\n|-immune|p2a: Farigiraf\n|-damage|p2b: Zacian|0 fnt\n|faint|p2b: Zacian\n|-ability|p1a: Jockey|Grim Neigh|boost\n|-boost|p1a: Jockey|spa|1\n|move|p2a: Farigiraf|Roar|p1a: Jockey\n|drag|p1a: Chicken|Koraidon, L50|100/100\n|-weather|SunnyDay|[from] ability: Orichalcum Pulse|[of] p1a: Chicken\n|-activate|p1a: Chicken|Orichalcum Pulse|[source]\n|\n|-weather|SunnyDay|[upkeep]\n|-sideend|p2: Lance IV|move: Tailwind\n|upkeep\n|\n|t:|1746055657\n|switch|p1b: Jockey|Calyrex-Shadow, L50, tera:Ghost|62/100\n|-ability|p1b: Jockey|As One\n|-ability|p1b: Jockey|Unnerve\n|turn|5\n|\n|t:|1746055670\n|move|p1b: Jockey|Psychic|p2a: Farigiraf\n|-resisted|p2a: Farigiraf\n|-damage|p2a: Farigiraf|45/100\n|move|p1a: Chicken|Close Combat|p2a: Farigiraf\n|-damage|p2a: Farigiraf|0 fnt\n|-unboost|p1a: Chicken|def|1\n|-unboost|p1a: Chicken|spd|1\n|faint|p2a: Farigiraf\n|-damage|p1a: Chicken|91/100|[from] item: Life Orb\n|\n|win|is_katabo\n", "uploadtime": 1746055679, "views": 6, "formatid": "gen9vgc2025regibo3", "rating": null, "private": 0, "password": null}