{"id": "gen9vgc2025regibo3-2354326763", "format": "[Gen 9] VGC 2025 Reg I (Bo3)", "players": ["mavvyvgc", "Gopackgo25"], "log": "|j|\u2606mavvyvgc\n|j|\u2606Gopackgo25\n|html|<table width=\"100%\"><tr><td align=\"left\">mavvyvgc</td><td align=\"right\">Gopackgo25</tr><tr><td align=\"left\"><i class=\"fa fa-circle-o\"></i> <i class=\"fa fa-circle-o\"></i> </td><td align=\"right\"><i class=\"fa fa-circle-o\"></i> <i class=\"fa fa-circle-o\"></i> </tr></table>\n|uhtml|bestof|<h2><strong>Game 1</strong> of <a href=\"/game-bestof3-gen9vgc2025regibo3-2354326762\">a best-of-3</a></h2>\n|t:|1746057740\n|gametype|doubles\n|player|p1|mavvyvgc|riley|\n|player|p2|Gopackgo25|170|\n|teamsize|p1|6\n|teamsize|p2|6\n|gen|9\n|tier|[Gen 9] VGC 2025 Reg I (Bo3)\n|rule|Species Clause: Limit one of each Pok\u00e9mon\n|rule|Item Clause: Limit 1 of each item\n|clearpoke\n|poke|p1|Calyrex-Shadow, L50|\n|poke|p1|Kyurem-White, L50|\n|poke|p1|Slowking, L50, F|\n|poke|p1|Tornadus, L50, M|\n|poke|p1|Rillaboom, L50, F|\n|poke|p1|Incineroar, L50, F|\n|poke|p2|Dialga-Origin, L50|\n|poke|p2|Ursaluna, L50, F|\n|poke|p2|Cresselia, L50, F|\n|poke|p2|Kyogre, L50|\n|poke|p2|Grimmsnarl, L50, M|\n|poke|p2|Tornadus, L50, M|\n|teampreview|4\n|showteam|p1|Calyrex-Shadow||FocusSash|AsOneSpectrier|DarkPulse,AstralBarrage,NastyPlot,Protect||||||50|,,,,,Dark]Kyurem-White||ChoiceSpecs|Turboblaze|EarthPower,Blizzard,DragonPulse,FusionFlare||||||50|,,,,,Ground]Slowking||RockyHelmet|Oblivious|Psychic,TrickRoom,ChillyReception,HydroPump|||F|||50|,,,,,Water]Tornadus||CovertCloak|Prankster|Tailwind,BleakwindStorm,Protect,Snowscape|||M|||50|,,,,,Dark]Rillaboom||GrassySeed|GrassySurge|DrumBeating,Uturn,GrassyGlide,FakeOut|||F|||50|,,,,,Grass]Incineroar||AssaultVest|Intimidate|FakeOut,KnockOff,FlareBlitz,Uturn|||F|||50|,,,,,Fire\n|showteam|p2|Dialga-Origin||AdamantCrystal|Telepathy|DragonPulse,FlashCannon,TrickRoom,Protect||||||50|,,,,,Bug]Ursaluna||FlameOrb|Guts|Facade,Earthquake,HeadlongRush,Protect|||F|||50|,,,,,Ghost]Cresselia||SafetyGoggles|Levitate|LunarBlessing,TrickRoom,AllySwitch,Psychic|||F|||50|,,,,,Steel]Kyogre||Leftovers|Drizzle|OriginPulse,CalmMind,Protect,IceBeam||||||50|,,,,,Grass]Grimmsnarl||LightClay|Prankster|LightScreen,Reflect,ThunderWave,FoulPlay|||M|||50|,,,,,Ghost]Tornadus||RockyHelmet|Prankster|Protect,Tailwind,RainDance,Hurricane|||M|||50|,,,,,Dark\n|c|\u2606mavvyvgc|that's a sick team\n|c|\u2606Gopackgo25|its fun for sure! Taking it plus the last one to Milwuakee\n|c|\u2606Gopackgo25|*Milwaukee\n|\n|t:|1746057818\n|start\n|switch|p1a: Rillaboom|Rillaboom, L50, F|100/100\n|switch|p1b: Kyurem|Kyurem-White, L50|100/100\n|switch|p2a: Grimmsnarl|Grimmsnarl, L50, M|100/100\n|switch|p2b: Cresselia|Cresselia, L50, F|100/100\n|-ability|p1b: Kyurem|Turboblaze\n|-fieldstart|move: Grassy Terrain|[from] ability: Grassy Surge|[of] p1a: Rillaboom\n|-enditem|p1a: Rillaboom|Grassy Seed\n|-boost|p1a: Rillaboom|def|1|[from] item: Grassy Seed\n|turn|1\n|\n|t:|1746057849\n|move|p1a: Rillaboom|Fake Out|p2b: Cresselia\n|-damage|p2b: Cresselia|91/100\n|move|p2a: Grimmsnarl|Light Screen|p2a: Grimmsnarl\n|-sidestart|p2: Gopackgo25|move: Light Screen\n|move|p1b: Kyurem|Blizzard|p2b: Cresselia|[spread] p2a,p2b\n|-damage|p2a: Grimmsnarl|48/100\n|-damage|p2b: Cresselia|63/100\n|cant|p2b: Cresselia|flinch\n|\n|-heal|p2a: Grimmsnarl|54/100|[from] Grassy Terrain\n|upkeep\n|turn|2\n|\n|t:|1746057866\n|move|p1a: Rillaboom|Grassy Glide|p2b: Cresselia\n|-damage|p2b: Cresselia|36/100\n|move|p2a: Grimmsnarl|Reflect|p2a: Grimmsnarl\n|-sidestart|p2: Gopackgo25|Reflect\n|move|p1b: Kyurem|Blizzard|p2b: Cresselia|[spread] p2b\n|-miss|p1b: Kyurem|p2a: Grimmsnarl\n|-damage|p2b: Cresselia|8/100\n|move|p2b: Cresselia|Trick Room|p2b: Cresselia\n|-fieldstart|move: Trick Room|[of] p2b: Cresselia\n|\n|-heal|p2a: Grimmsnarl|60/100|[from] Grassy Terrain\n|upkeep\n|turn|3\n|\n|t:|1746057888\n|move|p2b: Cresselia|Ally Switch|p2b: Cresselia\n|swap|p2b: Cresselia|0|[from] move: Ally Switch\n|move|p1a: Rillaboom|Grassy Glide|p2a: Cresselia\n|-damage|p2a: Cresselia|0 fnt\n|faint|p2a: Cresselia\n|move|p2b: Grimmsnarl|Foul Play|p1a: Rillaboom\n|-damage|p1a: Rillaboom|73/100\n|move|p1b: Kyurem|Blizzard|p2b: Grimmsnarl\n|-damage|p2b: Grimmsnarl|0 fnt\n|faint|p2b: Grimmsnarl\n|\n|-heal|p1a: Rillaboom|79/100|[from] Grassy Terrain\n|upkeep\n|\n|t:|1746057901\n|switch|p2b: Dialga|Dialga-Origin, L50|100/100\n|switch|p2a: Ursaluna|Ursaluna, L50, F|100/100\n|turn|4\n|\n|t:|1746057941\n|-terastallize|p1b: Kyurem|Ground\n|move|p2a: Ursaluna|Protect|p2a: Ursaluna\n|-singleturn|p2a: Ursaluna|Protect\n|move|p2b: Dialga|Protect|p2b: Dialga\n|-singleturn|p2b: Dialga|Protect\n|move|p1a: Rillaboom|Grassy Glide|p2a: Ursaluna\n|-activate|p2a: Ursaluna|move: Protect\n|move|p1b: Kyurem|Blizzard|p2b: Dialga|[spread] \n|-activate|p2a: Ursaluna|move: Protect\n|-activate|p2b: Dialga|move: Protect\n|\n|-heal|p1a: Rillaboom|85/100|[from] Grassy Terrain\n|-status|p2a: Ursaluna|brn|[from] item: Flame Orb\n|upkeep\n|turn|5\n|\n|t:|1746057969\n|-terastallize|p2a: Ursaluna|Ghost\n|move|p1a: Rillaboom|Grassy Glide|p2a: Ursaluna\n|-damage|p2a: Ursaluna|83/100 brn\n|move|p2a: Ursaluna|Facade|p1b: Kyurem\n|-damage|p1b: Kyurem|0 fnt\n|faint|p1b: Kyurem\n|move|p2b: Dialga|Dragon Pulse|p1a: Rillaboom\n|-damage|p1a: Rillaboom|15/100\n|\n|-heal|p2a: Ursaluna|89/100 brn|[from] Grassy Terrain\n|-heal|p1a: Rillaboom|21/100|[from] Grassy Terrain\n|-damage|p2a: Ursaluna|83/100 brn|[from] brn\n|-fieldend|move: Grassy Terrain\n|upkeep\n|\n|t:|1746057992\n|switch|p1b: Calyrex|Calyrex-Shadow, L50|100/100\n|-ability|p1b: Calyrex|As One\n|-ability|p1b: Calyrex|Unnerve\n|turn|6\n|\n|t:|1746058015\n|move|p1b: Calyrex|Protect|p1b: Calyrex\n|-singleturn|p1b: Calyrex|Protect\n|move|p2a: Ursaluna|Earthquake|p1b: Calyrex|[spread] p1a\n|-activate|p1b: Calyrex|move: Protect\n|-activate|p2b: Dialga|ability: Telepathy\n|-resisted|p1a: Rillaboom\n|-damage|p1a: Rillaboom|1/100\n|move|p1a: Rillaboom|U-turn|p2a: Ursaluna\n|-resisted|p2a: Ursaluna\n|-damage|p2a: Ursaluna|78/100 brn\n|\n|t:|1746058025\n|switch|p1a: Tornadus|Tornadus, L50, M|100/100|[from] U-turn\n|move|p2b: Dialga|Dragon Pulse|p1b: Calyrex\n|-activate|p1b: Calyrex|move: Protect\n|\n|-damage|p2a: Ursaluna|72/100 brn|[from] brn\n|-fieldend|move: Trick Room\n|upkeep\n|turn|7\n|\n|t:|1746058047\n|move|p2a: Ursaluna|Protect|p2a: Ursaluna\n|-singleturn|p2a: Ursaluna|Protect\n|move|p1a: Tornadus|Tailwind|p1a: Tornadus\n|-sidestart|p1: mavvyvgc|move: Tailwind\n|move|p1b: Calyrex|Astral Barrage|p2a: Ursaluna|[spread] p2b\n|-activate|p2a: Ursaluna|move: Protect\n|-damage|p2b: Dialga|72/100\n|move|p2b: Dialga|Trick Room|p2b: Dialga\n|-fieldstart|move: Trick Room|[of] p2b: Dialga\n|\n|-damage|p2a: Ursaluna|66/100 brn|[from] brn\n|upkeep\n|turn|8\n|\n|t:|1746058084\n|move|p2a: Ursaluna|Facade|p1a: Tornadus\n|-damage|p1a: Tornadus|0 fnt\n|faint|p1a: Tornadus\n|move|p2b: Dialga|Dragon Pulse|p1b: Calyrex\n|-damage|p1b: Calyrex|35/100\n|move|p1b: Calyrex|Astral Barrage|p2b: Dialga|[spread] p2a,p2b\n|-supereffective|p2a: Ursaluna\n|-damage|p2a: Ursaluna|0 fnt\n|-damage|p2b: Dialga|46/100\n|faint|p2a: Ursaluna\n|-ability|p1b: Calyrex|Grim Neigh|boost\n|-boost|p1b: Calyrex|spa|1\n|\n|-sideend|p2: Gopackgo25|move: Light Screen\n|upkeep\n|c|\u2606mavvyvgc|gg\n|\n|t:|1746058101\n|switch|p1a: Rillaboom|Rillaboom, L50, F|1/100\n|-fieldstart|move: Grassy Terrain|[from] ability: Grassy Surge|[of] p1a: Rillaboom\n|turn|9\n|c|\u2606mavvyvgc|got me\n|c|\u2606Gopackgo25|we see\n|\n|t:|1746058132\n|move|p2b: Dialga|Protect|p2b: Dialga\n|-singleturn|p2b: Dialga|Protect\n|move|p1a: Rillaboom|Fake Out|p2b: Dialga\n|-activate|p2b: Dialga|move: Protect\n|move|p1b: Calyrex|Nasty Plot|p1b: Calyrex\n|-boost|p1b: Calyrex|spa|2\n|\n|-heal|p2b: Dialga|52/100|[from] Grassy Terrain\n|-heal|p1a: Rillaboom|7/100|[from] Grassy Terrain\n|-heal|p1b: Calyrex|40/100|[from] Grassy Terrain\n|-sideend|p2: Gopackgo25|Reflect\n|upkeep\n|turn|10\n|c|\u2606Gopackgo25|I was calling a protect lol\n|\n|t:|1746058163\n|move|p1b: Calyrex|Protect|p1b: Calyrex\n|-singleturn|p1b: Calyrex|Protect\n|move|p1a: Rillaboom|Grassy Glide|p2b: Dialga\n|-resisted|p2b: Dialga\n|-damage|p2b: Dialga|45/100\n|move|p2b: Dialga|Dragon Pulse|p1b: Calyrex\n|-activate|p1b: Calyrex|move: Protect\n|\n|-heal|p2b: Dialga|51/100|[from] Grassy Terrain\n|-heal|p1a: Rillaboom|13/100|[from] Grassy Terrain\n|-heal|p1b: Calyrex|46/100|[from] Grassy Terrain\n|-sideend|p1: mavvyvgc|move: Tailwind\n|upkeep\n|turn|11\n|\n|t:|1746058186\n|move|p1b: Calyrex|Protect||[still]\n|-fail|p1b: Calyrex\n|move|p1a: Rillaboom|Drum Beating|p2b: Dialga\n|-resisted|p2b: Dialga\n|-damage|p2b: Dialga|43/100\n|-unboost|p2b: Dialga|spe|1\n|move|p2b: Dialga|Dragon Pulse|p1b: Calyrex\n|-damage|p1b: Calyrex|0 fnt\n|faint|p1b: Calyrex\n|\n|-heal|p2b: Dialga|49/100|[from] Grassy Terrain\n|-heal|p1a: Rillaboom|18/100|[from] Grassy Terrain\n|-fieldend|move: Trick Room\n|upkeep\n|turn|12\n|\n|t:|1746058202\n|move|p1a: Rillaboom|U-turn|p2b: Dialga\n|-resisted|p2b: Dialga\n|-damage|p2b: Dialga|41/100\n|move|p2b: Dialga|Dragon Pulse|p1a: Rillaboom\n|-damage|p1a: Rillaboom|0 fnt\n|faint|p1a: Rillaboom\n|\n|win|Gopackgo25\n|inactive|mavvyvgc has 30 seconds to confirm battle start!\n|inactive|Gopackgo25 has 30 seconds to confirm battle start!\n||Gopackgo25 is ready for game 2.\n|inactive|mavvyvgc has 20 seconds to confirm battle start!\n|c|\u2606mavvyvgc|i knew i had to double protect to win\n||mavvyvgc is ready for game 2.\n|uhtml|next|Next: <a href=\"/battle-gen9vgc2025regibo3-2354330924\"><strong>Game 2 of 3</strong></a>\n|l|\u2606Gopackgo25\n|player|p2|\n", "uploadtime": 1746059364, "views": 11, "formatid": "gen9vgc2025regibo3", "rating": null, "private": 0, "password": null}