{"id": "gen9vgc2025regibo3-2354618417", "format": "[Gen 9] VGC 2025 Reg I (Bo3)", "players": ["I saw Carcosa", "lokkont"], "log": "|j|\u2606I saw Carcosa\n|j|\u2606lokkont\n|html|<table width=\"100%\"><tr><td align=\"left\">I saw Carcosa</td><td align=\"right\">lokkont</tr><tr><td align=\"left\"><i class=\"fa fa-circle-o\"></i> <i class=\"fa fa-circle-o\"></i> </td><td align=\"right\"><i class=\"fa fa-circle-o\"></i> <i class=\"fa fa-circle\"></i> </tr></table>\n|uhtml|bestof|<h2><strong>Game 2</strong> of <a href=\"/game-bestof3-gen9vgc2025regibo3-2354615718\">a best-of-3</a></h2>\n|t:|1746103520\n|gametype|doubles\n|player|p1|I saw Carcosa|pokemonbreederf|1292\n|player|p2|lokkont|169|1213\n|teamsize|p1|6\n|teamsize|p2|6\n|gen|9\n|tier|[Gen 9] VGC 2025 Reg I (Bo3)\n|rated|\n|rule|Species Clause: Limit one of each Pok\u00e9mon\n|rule|Item Clause: Limit 1 of each item\n|clearpoke\n|poke|p1|Zacian-*, L50|\n|poke|p1|Kyogre, L50|\n|poke|p1|Tornadus, L50, M|\n|poke|p1|Urshifu-*, L50, M|\n|poke|p1|Incineroar, L50, M|\n|poke|p1|Amoonguss, L50, M|\n|poke|p2|Calyrex-Shadow, L50|\n|poke|p2|Zamazenta-*, L50|\n|poke|p2|Urshifu-*, L50, M|\n|poke|p2|Rillaboom, L50, M|\n|poke|p2|Incineroar, L50, M|\n|poke|p2|Pelipper, L50, M|\n|teampreview|4\n|showteam|p1|Zacian-Crowned||RustedSword|IntrepidSword|behemothblade,PlayRough,SacredSword,Protect||||||50|,,,,,Fairy]Kyogre||MysticWater|Drizzle|WaterSpout,OriginPulse,IceBeam,Protect||||||50|,,,,,Water]Tornadus||CovertCloak|Prankster|BleakwindStorm,Taunt,RainDance,Tailwind|||M|||50|,,,,,Dark]Urshifu-Rapid-Strike||ChoiceScarf|UnseenFist|SurgingStrikes,CloseCombat,AquaJet,Coaching|||M|||50|,,,,,Water]Incineroar||AssaultVest|Intimidate|FlareBlitz,KnockOff,Uturn,FakeOut|||M|||50|,,,,,Grass]Amoonguss||RockyHelmet|Regenerator|SludgeBomb,RagePowder,Spore,Protect|||M|||50|,,,,,Dark\n|showteam|p2|Calyrex-Shadow||LifeOrb|AsOneSpectrier|Protect,AstralBarrage,Substitute,Psychic||||||50|,,,,,Dark]Zamazenta-Crowned||RustedShield|DauntlessShield|HeavySlam,BodyPress,Protect,WideGuard||||||50|,,,,,Dragon]Urshifu-Rapid-Strike||ChoiceScarf|UnseenFist|SurgingStrikes,CloseCombat,AquaJet,Uturn|||M|||50|,,,,,Ghost]Rillaboom||AssaultVest|GrassySurge|FakeOut,GrassyGlide,WoodHammer,Uturn|||M|||50|,,,,,Fire]Incineroar||SafetyGoggles|Intimidate|FakeOut,WillOWisp,KnockOff,PartingShot|||M|||50|,,,,,Bug]Pelipper||FocusSash|Drizzle|WeatherBall,Hurricane,Tailwind,Protect|||M|||50|,,,,,Ghost\n|inactive|Battle timer is ON: inactive players will automatically lose when time's up. (requested by lokkont)\n|inactive|I saw Carcosa has 60 seconds left.\n|\n|t:|1746103590\n|start\n|switch|p1a: The Dark Spires|Tornadus, L50, M, shiny|100/100\n|switch|p1b: The Pallid King|Zacian-Crowned, L50|100/100\n|switch|p2a: Calyrex|Calyrex-Shadow, L50|100/100\n|switch|p2b: Rillaboom|Rillaboom, L50, M|100/100\n|-ability|p2a: Calyrex|As One\n|-ability|p2a: Calyrex|Unnerve\n|-ability|p1b: The Pallid King|Intrepid Sword|boost\n|-boost|p1b: The Pallid King|atk|1\n|-fieldstart|move: Grassy Terrain|[from] ability: Grassy Surge|[of] p2b: Rillaboom\n|turn|1\n|inactive|lokkont has 30 seconds left.\n|\n|t:|1746103616\n|move|p1b: The Pallid King|Protect|p1b: The Pallid King\n|-singleturn|p1b: The Pallid King|Protect\n|move|p2b: Rillaboom|Fake Out|p1b: The Pallid King\n|-activate|p1b: The Pallid King|move: Protect\n|move|p1a: The Dark Spires|Taunt|p2a: Calyrex\n|-start|p2a: Calyrex|move: Taunt\n|move|p2a: Calyrex|Astral Barrage|p1a: The Dark Spires|[spread] p1a\n|-activate|p1b: The Pallid King|move: Protect\n|-damage|p1a: The Dark Spires|25/100\n|-damage|p2a: Calyrex|91/100|[from] item: Life Orb\n|\n|-heal|p2a: Calyrex|97/100|[from] Grassy Terrain\n|upkeep\n|turn|2\n|inactive|I saw Carcosa has 30 seconds left.\n|inactive|lokkont has 30 seconds left.\n|\n|t:|1746103645\n|switch|p2a: Zamazenta|Zamazenta-Crowned, L50|100/100\n|-ability|p2a: Zamazenta|Dauntless Shield|boost\n|-boost|p2a: Zamazenta|def|1\n|-terastallize|p1b: The Pallid King|Fairy\n|move|p1a: The Dark Spires|Tailwind|p1a: The Dark Spires\n|-sidestart|p1: I saw Carcosa|move: Tailwind\n|move|p1b: The Pallid King|Play Rough|p2a: Zamazenta|[miss]\n|-miss|p1b: The Pallid King|p2a: Zamazenta\n|move|p2b: Rillaboom|U-turn|p1a: The Dark Spires\n|-resisted|p1a: The Dark Spires\n|-damage|p1a: The Dark Spires|14/100\n|inactive|lokkont has 30 seconds left.\n|\n|t:|1746103676\n|switch|p2b: Calyrex|Calyrex-Shadow, L50|97/100|[from] U-turn\n|-ability|p2b: Calyrex|As One\n|-ability|p2b: Calyrex|Unnerve\n|\n|-heal|p2b: Calyrex|100/100|[from] Grassy Terrain\n|upkeep\n|turn|3\n|\n|t:|1746103698\n|move|p2a: Zamazenta|Protect|p2a: Zamazenta\n|-singleturn|p2a: Zamazenta|Protect\n|move|p1a: The Dark Spires|Taunt|p2a: Zamazenta\n|-activate|p2a: Zamazenta|move: Protect\n|move|p1b: The Pallid King|Play Rough|p2b: Calyrex\n|-damage|p2b: Calyrex|0 fnt\n|faint|p2b: Calyrex\n|\n|upkeep\n|\n|t:|1746103708\n|switch|p2b: Rillaboom|Rillaboom, L50, M|100/100\n|turn|4\n|\n|t:|1746103732\n|switch|p1b: Beneath Hali|Kyogre, L50, shiny|100/100\n|-weather|RainDance|[from] ability: Drizzle|[of] p1b: Beneath Hali\n|move|p2b: Rillaboom|Fake Out|p1b: Beneath Hali\n|-damage|p1b: Beneath Hali|88/100\n|move|p1a: The Dark Spires|Bleakwind Storm|p2a: Zamazenta|[spread] p2a,p2b\n|-supereffective|p2b: Rillaboom\n|-damage|p2a: Zamazenta|75/100\n|-damage|p2b: Rillaboom|57/100\n|-unboost|p2b: Rillaboom|spe|1\n|move|p2a: Zamazenta|Heavy Slam|p1b: Beneath Hali\n|-resisted|p1b: Beneath Hali\n|-damage|p1b: Beneath Hali|76/100\n|\n|-weather|RainDance|[upkeep]\n|-heal|p1b: Beneath Hali|82/100|[from] Grassy Terrain\n|-heal|p2a: Zamazenta|81/100|[from] Grassy Terrain\n|-heal|p2b: Rillaboom|63/100|[from] Grassy Terrain\n|upkeep\n|turn|5\n|\n|t:|1746103757\n|switch|p1b: He Takes Hold|Amoonguss, L50, M, shiny|100/100\n|move|p2a: Zamazenta|Wide Guard|p2a: Zamazenta\n|-singleturn|p2a: Zamazenta|Wide Guard\n|move|p1a: The Dark Spires|Taunt|p2a: Zamazenta\n|-start|p2a: Zamazenta|move: Taunt\n|move|p2b: Rillaboom|Wood Hammer|p1b: He Takes Hold\n|-resisted|p1b: He Takes Hold\n|-damage|p1b: He Takes Hold|78/100\n|-damage|p2b: Rillaboom|46/100|[from] item: Rocky Helmet|[of] p1b: He Takes Hold\n|-damage|p2b: Rillaboom|37/100|[from] Recoil\n|\n|-weather|RainDance|[upkeep]\n|-heal|p2a: Zamazenta|87/100|[from] Grassy Terrain\n|-heal|p2b: Rillaboom|44/100|[from] Grassy Terrain\n|-heal|p1b: He Takes Hold|84/100|[from] Grassy Terrain\n|-sideend|p1: I saw Carcosa|move: Tailwind\n|-fieldend|move: Grassy Terrain\n|upkeep\n|turn|6\n|-message|lokkont forfeited.\n|\n|win|I saw Carcosa\n||lokkont is ready for game 3.\n||I saw Carcosa is ready for game 3.\n|uhtml|next|Next: <a href=\"/battle-gen9vgc2025regibo3-2354620397\"><strong>Game 3 of 3</strong></a>\n|l|\u2606I saw Carcosa\n|player|p1|\n", "uploadtime": 1746104151, "views": 13, "formatid": "gen9vgc2025regibo3", "rating": null, "private": 0, "password": null}