{"id": "gen9vgc2025regibo3-2353946998", "format": "[Gen 9] VGC 2025 Reg I (Bo3)", "players": ["frog herbert", "bertcamem"], "log": "|j|\u2606frog herbert\n|j|\u2606bertcamem\n|html|<table width=\"100%\"><tr><td align=\"left\">frog herbert</td><td align=\"right\">bertcamem</tr><tr><td align=\"left\"><i class=\"fa fa-circle\"></i> <i class=\"fa fa-circle-o\"></i> </td><td align=\"right\"><i class=\"fa fa-circle-o\"></i> <i class=\"fa fa-circle\"></i> </tr></table>\n|uhtml|bestof|<h2><strong>Game 3</strong> of <a href=\"/game-bestof3-gen9vgc2025regibo3-2353942479\">a best-of-3</a></h2>\n|t:|1746021596\n|gametype|doubles\n|player|p1|frog herbert|juan|1180\n|player|p2|bertcamem|169|1211\n|teamsize|p1|6\n|teamsize|p2|6\n|gen|9\n|tier|[Gen 9] VGC 2025 Reg I (Bo3)\n|rated|\n|rule|Species Clause: Limit one of each Pok\u00e9mon\n|rule|Item Clause: Limit 1 of each item\n|clearpoke\n|poke|p1|Iron Valiant, L50|\n|poke|p1|Miraidon, L50|\n|poke|p1|Zacian-*, L50|\n|poke|p1|Farigiraf, L50, M|\n|poke|p1|Zapdos-Galar, L50|\n|poke|p1|Iron Moth, L50|\n|poke|p2|Koraidon, L50|\n|poke|p2|Ho-Oh, L50|\n|poke|p2|Gurdurr, L50, M|\n|poke|p2|Flutter Mane, L50|\n|poke|p2|Rillaboom, L50, M|\n|poke|p2|Raging Bolt, L50|\n|teampreview|4\n|showteam|p1|Iron Valiant||BoosterEnergy|QuarkDrive|WideGuard,Taunt,Coaching,IcyWind||||||50|,,,,,Grass]Miraidon||ChoiceSpecs|HadronEngine|ElectroDrift,DracoMeteor,DazzlingGleam,VoltSwitch||||||50|,,,,,Fairy]Zacian-Crowned||RustedSword|IntrepidSword|Protect,PlayRough,behemothblade,SacredSword||||||50|,,,,,Water]Farigiraf||ElectricSeed|ArmorTail|FoulPlay,LightScreen,Roar,TrickRoom|||M|||50|,,,,,Fairy]Zapdos-Galar||ChoiceScarf|Defiant|ThunderousKick,BraveBird,KnockOff,Uturn||||||50|,,,,,Dark]Iron Moth||PowerHerb|QuarkDrive|Protect,FieryDance,SludgeWave,MeteorBeam||||||50|,,,,,Grass\n|showteam|p2|Koraidon||LifeOrb|OrichalcumPulse|FlareBlitz,CloseCombat,Protect,Uturn||||||50|,,,,,Fire]Ho-Oh||ClearAmulet|Regenerator|SacredFire,BraveBird,Protect,Tailwind||||||50|,,,,,Grass]Gurdurr||Eviolite|IronFist|DrainPunch,Coaching,WideGuard,HelpingHand|||M|||50|,,,,,Water]Flutter Mane||FocusSash|Protosynthesis|Moonblast,ShadowBall,Taunt,IcyWind||||||50|,,,,,Normal]Rillaboom||AssaultVest|GrassySurge|FakeOut,GrassyGlide,HighHorsepower,Uturn|||M|||50|,,,,,Fire]Raging Bolt||BoosterEnergy|Protosynthesis|Protect,Thunderclap,Thunderbolt,DracoMeteor||||||50|,,,,,Fairy\n|inactive|Battle timer is ON: inactive players will automatically lose when time's up. (requested by bertcamem)\n|inactive|frog herbert has 60 seconds left.\n|\n|t:|1746021633\n|start\n|switch|p1a: Zapdos|Zapdos-Galar, L50|100/100\n|switch|p1b: Zacian|Zacian-Crowned, L50|100/100\n|switch|p2a: Chariot|Rillaboom, L50, M|100/100\n|switch|p2b: Tower|Raging Bolt, L50|100/100\n|-ability|p1b: Zacian|Intrepid Sword|boost\n|-boost|p1b: Zacian|atk|1\n|-fieldstart|move: Grassy Terrain|[from] ability: Grassy Surge|[of] p2a: Chariot\n|-enditem|p2b: Tower|Booster Energy\n|-activate|p2b: Tower|ability: Protosynthesis|[fromitem]\n|-start|p2b: Tower|protosynthesisspa\n|turn|1\n|inactive|frog herbert has 30 seconds left.\n|\n|t:|1746021662\n|switch|p1a: Iron Moth|Iron Moth, L50|100/100\n|move|p2a: Chariot|Fake Out|p1b: Zacian\n|-resisted|p1b: Zacian\n|-damage|p1b: Zacian|94/100\n|move|p2b: Tower|Thunderclap||[still]\n|-fail|p2b: Tower\n|cant|p1b: Zacian|flinch\n|\n|-heal|p1b: Zacian|100/100|[from] Grassy Terrain\n|upkeep\n|turn|2\n|\n|t:|1746021684\n|-terastallize|p2a: Chariot|Fire\n|move|p2b: Tower|Protect|p2b: Tower\n|-singleturn|p2b: Tower|Protect\n|move|p1b: Zacian|Play Rough|p2b: Tower\n|-activate|p2b: Tower|move: Protect\n|move|p1a: Iron Moth|Sludge Wave|p2a: Chariot|[spread] p2a\n|-activate|p2b: Tower|move: Protect\n|-immune|p1b: Zacian\n|-damage|p2a: Chariot|76/100\n|-status|p2a: Chariot|psn\n|move|p2a: Chariot|U-turn|p1a: Iron Moth\n|-resisted|p1a: Iron Moth\n|-damage|p1a: Iron Moth|92/100\n|\n|t:|1746021689\n|switch|p2a: Sun|Koraidon, L50|100/100|[from] U-turn\n|-weather|SunnyDay|[from] ability: Orichalcum Pulse|[of] p2a: Sun\n|-activate|p2a: Sun|Orichalcum Pulse|[source]\n|\n|-weather|SunnyDay|[upkeep]\n|-heal|p1a: Iron Moth|98/100|[from] Grassy Terrain\n|upkeep\n|turn|3\n|inactive|frog herbert has 30 seconds left.\n|inactive|frog herbert has 20 seconds left.\n|inactive|frog herbert has 15 seconds left.\n|inactive|frog herbert has 10 seconds left.\n|\n|t:|1746021736\n|move|p1b: Zacian|Play Rough|p2a: Sun|[miss]\n|-miss|p1b: Zacian|p2a: Sun\n|move|p2a: Sun|Flare Blitz|p1b: Zacian\n|-supereffective|p1b: Zacian\n|-crit|p1b: Zacian\n|-damage|p1b: Zacian|0 fnt\n|faint|p1b: Zacian\n|-damage|p2a: Sun|66/100|[from] Recoil\n|-damage|p2a: Sun|57/100|[from] item: Life Orb\n|move|p1a: Iron Moth|Meteor Beam||[still]\n|-prepare|p1a: Iron Moth|Meteor Beam\n|-boost|p1a: Iron Moth|spa|1\n|-enditem|p1a: Iron Moth|Power Herb\n|-anim|p1a: Iron Moth|Meteor Beam|p2b: Tower|[miss]\n|-miss|p1a: Iron Moth|p2b: Tower\n|move|p2b: Tower|Thunderbolt|p1a: Iron Moth\n|-damage|p1a: Iron Moth|42/100\n|\n|-weather|SunnyDay|[upkeep]\n|-heal|p2a: Sun|63/100|[from] Grassy Terrain\n|-heal|p1a: Iron Moth|48/100|[from] Grassy Terrain\n|upkeep\n|c|\u2606bertcamem|oof\n|c|\u2606bertcamem|sorry brother\n|c|\u2606bertcamem|oh mygod\n|c|\u2606frog herbert|All good\n|inactive|frog herbert has 30 seconds left.\n|c|\u2606frog herbert|thats the power of gurdurr\n|\n|t:|1746021767\n|switch|p1b: Miraidon|Miraidon, L50|100/100\n|-fieldstart|move: Electric Terrain|[from] ability: Hadron Engine|[of] p1b: Miraidon\n|-activate|p1a: Iron Moth|ability: Quark Drive\n|-start|p1a: Iron Moth|quarkdrivespa\n|turn|4\n|c|\u2606bertcamem|HAHAHA\n|inactive|frog herbert has 30 seconds left.\n|\n|t:|1746021794\n|switch|p2a: Chariot|Rillaboom, L50, M, tera:Fire|76/100 psn\n|-fieldstart|move: Grassy Terrain|[from] ability: Grassy Surge|[of] p2a: Chariot\n|-end|p1a: Iron Moth|Quark Drive\n|-terastallize|p1b: Miraidon|Fairy\n|move|p2b: Tower|Thunderclap|p1a: Iron Moth\n|-damage|p1a: Iron Moth|0 fnt\n|faint|p1a: Iron Moth\n|-end|p1a: Iron Moth|Quark Drive|[silent]\n|move|p1b: Miraidon|Dazzling Gleam|p2a: Chariot|[spread] p2a,p2b\n|-resisted|p2a: Chariot\n|-supereffective|p2b: Tower\n|-damage|p2a: Chariot|60/100 psn\n|-damage|p2b: Tower|24/100\n|\n|-weather|SunnyDay|[upkeep]\n|-heal|p2a: Chariot|66/100 psn|[from] Grassy Terrain\n|-heal|p2b: Tower|30/100|[from] Grassy Terrain\n|-damage|p2a: Chariot|54/100 psn|[from] psn\n|upkeep\n|\n|t:|1746021807\n|switch|p1a: Zapdos|Zapdos-Galar, L50|100/100\n|turn|5\n|\n|t:|1746021817\n|move|p2a: Chariot|Fake Out|p1b: Miraidon\n|-damage|p1b: Miraidon|84/100\n|move|p2b: Tower|Thunderclap|p1a: Zapdos\n|-supereffective|p1a: Zapdos\n|-damage|p1a: Zapdos|0 fnt\n|faint|p1a: Zapdos\n|cant|p1b: Miraidon|flinch\n|\n|-weather|SunnyDay|[upkeep]\n|-heal|p1b: Miraidon|90/100|[from] Grassy Terrain\n|-heal|p2a: Chariot|60/100 psn|[from] Grassy Terrain\n|-heal|p2b: Tower|36/100|[from] Grassy Terrain\n|-damage|p2a: Chariot|48/100 psn|[from] psn\n|upkeep\n|turn|6\n|\n|t:|1746021822\n|move|p2a: Chariot|Grassy Glide|p1b: Miraidon\n|-damage|p1b: Miraidon|51/100\n|move|p2b: Tower|Thunderclap|p1b: Miraidon\n|-damage|p1b: Miraidon|2/100\n|move|p1b: Miraidon|Dazzling Gleam|p2a: Chariot|[spread] p2a,p2b\n|-resisted|p2a: Chariot\n|-supereffective|p2b: Tower\n|-damage|p2a: Chariot|30/100 psn\n|-damage|p2b: Tower|0 fnt\n|faint|p2b: Tower\n|-end|p2b: Tower|Protosynthesis|[silent]\n|\n|-weather|none\n|-heal|p1b: Miraidon|8/100|[from] Grassy Terrain\n|-heal|p2a: Chariot|36/100 psn|[from] Grassy Terrain\n|-damage|p2a: Chariot|23/100 psn|[from] psn\n|upkeep\n|c|\u2606frog herbert|Gg\n|c|\u2606bertcamem|ggs\n|\n|t:|1746021828\n|switch|p2b: Sun|Koraidon, L50|63/100\n|-weather|SunnyDay|[from] ability: Orichalcum Pulse|[of] p2b: Sun\n|-activate|p2b: Sun|Orichalcum Pulse|[source]\n|turn|7\n|c|\u2606bertcamem|was your game if you hit play rough\n|\n|t:|1746021840\n|move|p2a: Chariot|Grassy Glide|p1b: Miraidon\n|-damage|p1b: Miraidon|0 fnt\n|faint|p1b: Miraidon\n|\n|win|bertcamem\n|raw|frog herbert's rating: 1180 &rarr; <strong>1157</strong><br />(-23 for losing)\n|raw|bertcamem's rating: 1211 &rarr; <strong>1234</strong><br />(+23 for winning)\n|c|\u2606frog herbert|Indeed\n|l|\u2606bertcamem\n|player|p2|\n|l|\u2606frog herbert\n|player|p1|\n", "uploadtime": 1746022126, "views": 6, "formatid": "gen9vgc2025regibo3", "rating": 1157, "private": 0, "password": null}