{"id": "gen9vgc2025regibo3-2355013840", "format": "[Gen 9] VGC 2025 Reg I (Bo3)", "players": ["Pzdns99", "inXuman"], "log": "|j|\u2606Pzdns99\n|j|\u2606inXuman\n|html|<table width=\"100%\"><tr><td align=\"left\">Pzdns99</td><td align=\"right\">inXuman</tr><tr><td align=\"left\"><i class=\"fa fa-circle\"></i> <i class=\"fa fa-circle-o\"></i> </td><td align=\"right\"><i class=\"fa fa-circle-o\"></i> <i class=\"fa fa-circle-o\"></i> </tr></table>\n|uhtml|bestof|<h2><strong>Game 2</strong> of <a href=\"/game-bestof3-gen9vgc2025regibo3-2355010741\">a best-of-3</a></h2>\n|t:|1746142100\n|gametype|doubles\n|player|p1|Pzdns99|grimsley|1203\n|player|p2|inXuman|shadowtriad|1110\n|teamsize|p1|6\n|teamsize|p2|6\n|gen|9\n|tier|[Gen 9] VGC 2025 Reg I (Bo3)\n|rated|\n|rule|Species Clause: Limit one of each Pok\u00e9mon\n|rule|Item Clause: Limit 1 of each item\n|clearpoke\n|poke|p1|Rillaboom, L50, M|\n|poke|p1|Lunala, L50|\n|poke|p1|Koraidon, L50|\n|poke|p1|Raging Bolt, L50|\n|poke|p1|Chi-Yu, L50|\n|poke|p1|Flutter Mane, L50|\n|poke|p2|Miraidon, L50|\n|poke|p2|Calyrex-Ice, L50|\n|poke|p2|Ditto, L50|\n|poke|p2|Farigiraf, L50, M|\n|poke|p2|Volcarona, L50, M|\n|poke|p2|Iron Hands, L50|\n|teampreview|4\n|showteam|p1|Rillaboom||AssaultVest|GrassySurge|Uturn,WoodHammer,GrassyGlide,FakeOut|||M|||50|,,,,,Fire]Lunala||GrassySeed|ShadowShield|MoongeistBeam,TrickRoom,Moonblast,WideGuard||||||50|,,,,,Fairy]Koraidon||LoadedDice|OrichalcumPulse|ScaleShot,CollisionCourse,FlareBlitz,Protect||||||50|,,,,,Fire]Raging Bolt||BoosterEnergy|Protosynthesis|Thunderclap,Thunderbolt,DracoMeteor,Protect||||||50|,,,,,Electric]Chi-Yu||CovertCloak|BeadsofRuin|Flamethrower,Snarl,FlameCharge,Taunt||||||50|,,,,,Water]Flutter Mane||FocusSash|Protosynthesis|IcyWind,Moonblast,Protect,ShadowBall||||||50|,,,,,Normal\n|showteam|p2|Miraidon||ChoiceSpecs|HadronEngine|VoltSwitch,ElectroDrift,DracoMeteor,DazzlingGleam||||||50|,,,,,Fairy]Calyrex-Ice||ClearAmulet|AsOneGlastrier|GlacialLance,HighHorsepower,TrickRoom,Protect||||||50|,,,,,Fire]Ditto||FocusSash|Imposter|Transform||||||50|,,,,,Ghost]Farigiraf||ElectricSeed|ArmorTail|Psychic,TrickRoom,FoulPlay,HelpingHand|||M|||50|,,,,,Water]Volcarona||RockyHelmet|FlameBody|Tailwind,RagePowder,FieryDance,Protect|||M|||50|,,,,,Dragon]Iron Hands||AssaultVest|QuarkDrive|FakeOut,DrainPunch,LowKick,HeavySlam||||||50|,,,,,Water\n|\n|t:|1746142139\n|start\n|switch|p1a: Rillaboom|Rillaboom, L50, M|100/100\n|switch|p1b: Lunala|Lunala, L50|100/100\n|switch|p2a: Miraidon|Miraidon, L50|100/100\n|switch|p2b: Calyrex|Calyrex-Ice, L50|100/100\n|-ability|p2b: Calyrex|As One\n|-ability|p2b: Calyrex|Unnerve\n|-fieldstart|move: Electric Terrain|[from] ability: Hadron Engine|[of] p2a: Miraidon\n|-fieldstart|move: Grassy Terrain|[from] ability: Grassy Surge|[of] p1a: Rillaboom\n|-enditem|p1b: Lunala|Grassy Seed\n|-boost|p1b: Lunala|def|1|[from] item: Grassy Seed\n|turn|1\n|inactive|Battle timer is ON: inactive players will automatically lose when time's up. (requested by Pzdns99)\n|\n|t:|1746142160\n|-terastallize|p2b: Calyrex|Fire\n|move|p1a: Rillaboom|Fake Out|p2a: Miraidon\n|-damage|p2a: Miraidon|87/100\n|cant|p2a: Miraidon|flinch\n|move|p1b: Lunala|Moonblast|p2a: Miraidon\n|-supereffective|p2a: Miraidon\n|-damage|p2a: Miraidon|30/100\n|move|p2b: Calyrex|Trick Room|p2b: Calyrex\n|-fieldstart|move: Trick Room|[of] p2b: Calyrex\n|\n|-heal|p2a: Miraidon|36/100|[from] Grassy Terrain\n|upkeep\n|turn|2\n|inactive|inXuman has 30 seconds left.\n|\n|t:|1746142194\n|switch|p1a: Chi-Yu|Chi-Yu, L50|100/100\n|-ability|p1a: Chi-Yu|Beads of Ruin\n|move|p2b: Calyrex|High Horsepower|p1b: Lunala\n|-damage|p1b: Lunala|89/100\n|move|p1b: Lunala|Moonblast|p2a: Miraidon\n|-supereffective|p2a: Miraidon\n|-damage|p2a: Miraidon|0 fnt\n|faint|p2a: Miraidon\n|\n|-heal|p1b: Lunala|96/100|[from] Grassy Terrain\n|upkeep\n|\n|t:|1746142206\n|switch|p2a: Iron Hands|Iron Hands, L50|100/100\n|turn|3\n|\n|t:|1746142222\n|-terastallize|p1a: Chi-Yu|Water\n|move|p2a: Iron Hands|Drain Punch|p1a: Chi-Yu\n|-damage|p1a: Chi-Yu|41/100\n|move|p2b: Calyrex|Glacial Lance|p1a: Chi-Yu|[spread] p1a,p1b\n|-resisted|p1a: Chi-Yu\n|-damage|p1a: Chi-Yu|6/100\n|-damage|p1b: Lunala|66/100\n|move|p1b: Lunala|Moongeist Beam|p2b: Calyrex\n|-damage|p2b: Calyrex|52/100\n|move|p1a: Chi-Yu|Flamethrower|p2b: Calyrex\n|-resisted|p2b: Calyrex\n|-damage|p2b: Calyrex|30/100\n|\n|-heal|p2b: Calyrex|36/100|[from] Grassy Terrain\n|-heal|p1b: Lunala|72/100|[from] Grassy Terrain\n|-heal|p1a: Chi-Yu|12/100|[from] Grassy Terrain\n|upkeep\n|turn|4\n|\n|t:|1746142246\n|move|p2a: Iron Hands|Low Kick|p1a: Chi-Yu\n|-damage|p1a: Chi-Yu|0 fnt\n|faint|p1a: Chi-Yu\n|move|p2b: Calyrex|Glacial Lance|p1b: Lunala\n|-damage|p1b: Lunala|31/100\n|move|p1b: Lunala|Moongeist Beam|p2b: Calyrex\n|-damage|p2b: Calyrex|0 fnt\n|faint|p2b: Calyrex\n|\n|-heal|p1b: Lunala|37/100|[from] Grassy Terrain\n|upkeep\n|\n|t:|1746142256\n|switch|p2b: Ditto|Ditto, L50, shiny|100/100\n|switch|p1a: Koraidon|Koraidon, L50|100/100\n|-transform|p2b: Ditto|p1a: Koraidon|[from] ability: Imposter\n|-weather|SunnyDay|[from] ability: Orichalcum Pulse|[of] p2b: Ditto\n|-activate|p2b: Ditto|Orichalcum Pulse|[source]\n|-activate|p1a: Koraidon|ability: Orichalcum Pulse\n|turn|5\n|\n|t:|1746142270\n|move|p2a: Iron Hands|Heavy Slam|p1b: Lunala\n|-damage|p1b: Lunala|20/100\n|move|p1b: Lunala|Moonblast|p2b: Ditto\n|-supereffective|p2b: Ditto\n|-crit|p2b: Ditto\n|-enditem|p2b: Ditto|Focus Sash\n|-damage|p2b: Ditto|1/100\n|move|p2b: Ditto|Scale Shot|p1a: Koraidon\n|-supereffective|p1a: Koraidon\n|-damage|p1a: Koraidon|69/100\n|-supereffective|p1a: Koraidon\n|-damage|p1a: Koraidon|38/100\n|-supereffective|p1a: Koraidon\n|-damage|p1a: Koraidon|4/100\n|-hitcount|p1a: Koraidon|3\n|-unboost|p2b: Ditto|def|1\n|-boost|p2b: Ditto|spe|1\n|move|p1a: Koraidon|Scale Shot|p2a: Iron Hands\n|-damage|p2a: Iron Hands|88/100\n|-damage|p2a: Iron Hands|75/100\n|-damage|p2a: Iron Hands|62/100\n|-damage|p2a: Iron Hands|49/100\n|-hitcount|p2a: Iron Hands|4\n|-unboost|p1a: Koraidon|def|1\n|-boost|p1a: Koraidon|spe|1\n|\n|-weather|SunnyDay|[upkeep]\n|-heal|p2a: Iron Hands|55/100|[from] Grassy Terrain\n|-heal|p1b: Lunala|27/100|[from] Grassy Terrain\n|-heal|p1a: Koraidon|10/100|[from] Grassy Terrain\n|-heal|p2b: Ditto|7/100|[from] Grassy Terrain\n|-fieldend|move: Trick Room\n|-fieldend|move: Grassy Terrain\n|upkeep\n|turn|6\n|inactive|inXuman has 30 seconds left.\n|\n|t:|1746142300\n|move|p2b: Ditto|Protect|p2b: Ditto\n|-singleturn|p2b: Ditto|Protect\n|move|p1a: Koraidon|Scale Shot|p2a: Iron Hands\n|-damage|p2a: Iron Hands|40/100\n|-damage|p2a: Iron Hands|26/100\n|-damage|p2a: Iron Hands|13/100\n|-damage|p2a: Iron Hands|0 fnt\n|faint|p2a: Iron Hands\n|-end|p2a: Iron Hands|Quark Drive|[silent]\n|-hitcount|p2: Iron Hands|4\n|-unboost|p1a: Koraidon|def|1\n|-boost|p1a: Koraidon|spe|1\n|move|p1b: Lunala|Moonblast|p2b: Ditto\n|-activate|p2b: Ditto|move: Protect\n|\n|-weather|SunnyDay|[upkeep]\n|upkeep\n|turn|7\n|-message|inXuman forfeited.\n|raw|Pzdns99's rating: 1203 &rarr; <strong>1221</strong><br />(+18 for winning)\n|raw|inXuman's rating: 1110 &rarr; <strong>1092</strong><br />(-18 for losing)\n|\n|win|Pzdns99\n", "uploadtime": 1746142306, "views": 3, "formatid": "gen9vgc2025regibo3", "rating": 1092, "private": 0, "password": null}