{"id": "gen9vgc2025regibo3-2353609670", "format": "[Gen 9] VGC 2025 Reg I (Bo3)", "players": ["We_Are_Toasted", "snickers23"], "log": "|j|\u2606We_Are_Toasted\n|j|\u2606snickers23\n|html|<table width=\"100%\"><tr><td align=\"left\">We_Are_Toasted</td><td align=\"right\">snickers23</tr><tr><td align=\"left\"><i class=\"fa fa-circle-o\"></i> <i class=\"fa fa-circle-o\"></i> </td><td align=\"right\"><i class=\"fa fa-circle-o\"></i> <i class=\"fa fa-circle\"></i> </tr></table>\n|uhtml|bestof|<h2><strong>Game 2</strong> of <a href=\"/game-bestof3-gen9vgc2025regibo3-2353606444\">a best-of-3</a></h2>\n|t:|1745974160\n|gametype|doubles\n|player|p1|We_Are_Toasted|larry|1355\n|player|p2|snickers23|102|1316\n|teamsize|p1|6\n|teamsize|p2|6\n|gen|9\n|tier|[Gen 9] VGC 2025 Reg I (Bo3)\n|rated|\n|rule|Species Clause: Limit one of each Pok\u00e9mon\n|rule|Item Clause: Limit 1 of each item\n|clearpoke\n|poke|p1|Miraidon, L50|\n|poke|p1|Grimmsnarl, L50, M|\n|poke|p1|Iron Hands, L50|\n|poke|p1|Lunala, L50|\n|poke|p1|Chi-Yu, L50|\n|poke|p1|Ursaluna, L50, F|\n|poke|p2|Calyrex-Shadow, L50|\n|poke|p2|Zamazenta-*, L50|\n|poke|p2|Incineroar, L50, F|\n|poke|p2|Rillaboom, L50, F|\n|poke|p2|Clefairy, L50, F|\n|poke|p2|Urshifu-*, L50, M|\n|teampreview|4\n|showteam|p1|Miraidon||ChoiceSpecs|HadronEngine|VoltSwitch,DracoMeteor,ElectroDrift,DazzlingGleam||||||50|,,,,,Fairy]Grimmsnarl||LightClay|Prankster|LightScreen,Reflect,ThunderWave,SpiritBreak|||M|||50|,,,,,Ghost]Iron Hands||AssaultVest|QuarkDrive|DrainPunch,FakeOut,WildCharge,LowKick||||||50|,,,,,Bug]Lunala||PowerHerb|ShadowShield|MoongeistBeam,MeteorBeam,WideGuard,TrickRoom||||||50|,,,,,Water]Chi-Yu||ChoiceScarf|BeadsofRuin|Snarl,HeatWave,DarkPulse,Overheat||||||50|,,,,,Ghost]Ursaluna||FlameOrb|Guts|Facade,HeadlongRush,Earthquake,Protect|||F|||50|,,,,,Ghost\n|showteam|p2|Calyrex-Shadow||SpellTag|AsOneSpectrier|AstralBarrage,Psychic,NastyPlot,Protect||||||50|,,,,,Dark]Zamazenta-Crowned||RustedShield|DauntlessShield|BodyPress,HeavySlam,WideGuard,Protect||||||50|,,,,,Water]Incineroar||SafetyGoggles|Intimidate|FlareBlitz,KnockOff,PartingShot,FakeOut|||F|||50|,,,,,Ghost]Rillaboom||AssaultVest|GrassySurge|WoodHammer,GrassyGlide,Uturn,FakeOut|||F|||50|,,,,,Fire]Clefairy||Eviolite|FriendGuard|FollowMe,IcyWind,HelpingHand,Protect|||F|||50|,,,,,Grass]Urshifu-Rapid-Strike||ChoiceScarf|UnseenFist|SurgingStrikes,CloseCombat,Uturn,RainDance|||M|||50|,,,,,Water\n|inactive|Battle timer is ON: inactive players will automatically lose when time's up. (requested by We_Are_Toasted)\n|j| BreadPudding248\n|inactive|We_Are_Toasted has 60 seconds left.\n|inactive|We_Are_Toasted has 30 seconds left.\n|inactive|We_Are_Toasted has 20 seconds left.\n|inactive|We_Are_Toasted has 15 seconds left.\n|inactive|We_Are_Toasted has 10 seconds left.\n|inactive|We_Are_Toasted has 5 seconds left.\n|\n|t:|1745974250\n|start\n|switch|p1a: Miraidon|Miraidon, L50|100/100\n|switch|p1b: Grimmsnarl|Grimmsnarl, L50, M|100/100\n|switch|p2a: Zamazenta|Zamazenta-Crowned, L50, shiny|100/100\n|switch|p2b: Rillaboom|Rillaboom, L50, F, shiny|100/100\n|-fieldstart|move: Electric Terrain|[from] ability: Hadron Engine|[of] p1a: Miraidon\n|-ability|p2a: Zamazenta|Dauntless Shield|boost\n|-boost|p2a: Zamazenta|def|1\n|-fieldstart|move: Grassy Terrain|[from] ability: Grassy Surge|[of] p2b: Rillaboom\n|turn|1\n|inactive|We_Are_Toasted has 30 seconds left.\n|inactive|snickers23 has 30 seconds left.\n|\n|t:|1745974284\n|switch|p1b: Brian Hands|Iron Hands, L50|100/100\n|move|p1a: Miraidon|Volt Switch|p2a: Zamazenta\n|-damage|p2a: Zamazenta|58/100\n|\n|t:|1745974289\n|switch|p1a: Grimmsnarl|Grimmsnarl, L50, M|100/100|[from] Volt Switch\n|move|p2a: Zamazenta|Heavy Slam|p1b: Brian Hands\n|-resisted|p1b: Brian Hands\n|-damage|p1b: Brian Hands|92/100\n|move|p2b: Rillaboom|Wood Hammer|p1b: Brian Hands\n|-damage|p1b: Brian Hands|35/100\n|-damage|p2b: Rillaboom|79/100|[from] Recoil\n|\n|-heal|p2a: Zamazenta|64/100|[from] Grassy Terrain\n|-heal|p2b: Rillaboom|84/100|[from] Grassy Terrain\n|-heal|p1b: Brian Hands|42/100|[from] Grassy Terrain\n|upkeep\n|turn|2\n|inactive|We_Are_Toasted has 30 seconds left.\n|inactive|snickers23 has 30 seconds left.\n|inactive|We_Are_Toasted has 20 seconds left.\n|\n|t:|1745974324\n|move|p1b: Brian Hands|Fake Out|p2b: Rillaboom\n|-damage|p2b: Rillaboom|70/100\n|move|p1a: Grimmsnarl|Reflect|p1a: Grimmsnarl\n|-sidestart|p1: We_Are_Toasted|Reflect\n|move|p2a: Zamazenta|Heavy Slam|p1a: Grimmsnarl\n|-supereffective|p1a: Grimmsnarl\n|-damage|p1a: Grimmsnarl|35/100\n|cant|p2b: Rillaboom|flinch\n|\n|-heal|p2a: Zamazenta|70/100|[from] Grassy Terrain\n|-heal|p2b: Rillaboom|76/100|[from] Grassy Terrain\n|-heal|p1a: Grimmsnarl|41/100|[from] Grassy Terrain\n|-heal|p1b: Brian Hands|48/100|[from] Grassy Terrain\n|upkeep\n|turn|3\n|inactive|We_Are_Toasted has 30 seconds left.\n|inactive|snickers23 has 30 seconds left.\n|inactive|We_Are_Toasted has 20 seconds left.\n|inactive|snickers23 has 20 seconds left.\n|\n|t:|1745974363\n|switch|p1a: Miraidon|Miraidon, L50|100/100\n|-fieldstart|move: Electric Terrain|[from] ability: Hadron Engine|[of] p1a: Miraidon\n|-activate|p1b: Brian Hands|ability: Quark Drive\n|-start|p1b: Brian Hands|quarkdriveatk\n|-terastallize|p1b: Brian Hands|Bug\n|move|p2a: Zamazenta|Heavy Slam|p1a: Miraidon\n|-resisted|p1a: Miraidon\n|-damage|p1a: Miraidon|90/100\n|move|p2b: Rillaboom|U-turn|p1b: Brian Hands\n|-damage|p1b: Brian Hands|36/100\n|\n|t:|1745974379\n|switch|p2b: Calyrex|Calyrex-Shadow, L50|100/100|[from] U-turn\n|-ability|p2b: Calyrex|As One\n|-ability|p2b: Calyrex|Unnerve\n|move|p1b: Brian Hands|Low Kick|p2a: Zamazenta\n|-supereffective|p2a: Zamazenta\n|-damage|p2a: Zamazenta|0 fnt\n|faint|p2a: Zamazenta\n|\n|upkeep\n|\n|t:|1745974388\n|switch|p2a: Rillaboom|Rillaboom, L50, F, shiny|76/100\n|-fieldstart|move: Grassy Terrain|[from] ability: Grassy Surge|[of] p2a: Rillaboom\n|-end|p1b: Brian Hands|Quark Drive\n|turn|4\n|inactive|We_Are_Toasted has 30 seconds left.\n|\n|t:|1745974422\n|-end|p1b: Brian Hands|Quark Drive|[silent]\n|switch|p1b: Grimmsnarl|Grimmsnarl, L50, M|41/100\n|move|p2a: Rillaboom|Fake Out|p1a: Miraidon\n|-damage|p1a: Miraidon|82/100\n|move|p2b: Calyrex|Nasty Plot|p2b: Calyrex\n|-boost|p2b: Calyrex|spa|2\n|cant|p1a: Miraidon|flinch\n|\n|-heal|p1a: Miraidon|88/100|[from] Grassy Terrain\n|-heal|p2a: Rillaboom|82/100|[from] Grassy Terrain\n|-heal|p1b: Grimmsnarl|47/100|[from] Grassy Terrain\n|upkeep\n|turn|5\n|inactive|We_Are_Toasted has 30 seconds left.\n|inactive|snickers23 has 30 seconds left.\n|inactive|snickers23 has 20 seconds left.\n|inactive|We_Are_Toasted has 20 seconds left.\n|\n|t:|1745974463\n|-terastallize|p2b: Calyrex|Dark\n|move|p1b: Grimmsnarl|Light Screen|p1b: Grimmsnarl\n|-sidestart|p1: We_Are_Toasted|move: Light Screen\n|move|p2b: Calyrex|Astral Barrage|p1a: Miraidon|[spread] p1a,p1b\n|-resisted|p1b: Grimmsnarl\n|-damage|p1a: Miraidon|16/100\n|-damage|p1b: Grimmsnarl|9/100\n|move|p1a: Miraidon|Dazzling Gleam|p2a: Rillaboom|[spread] p2a,p2b\n|-supereffective|p2b: Calyrex\n|-damage|p2a: Rillaboom|56/100\n|-damage|p2b: Calyrex|33/100\n|move|p2a: Rillaboom|U-turn|p1b: Grimmsnarl\n|-damage|p1b: Grimmsnarl|0 fnt\n|faint|p1b: Grimmsnarl\n|\n|t:|1745974478\n|switch|p2a: Clefairy|Clefairy, L50, F, shiny|100/100|[from] U-turn\n|\n|-heal|p2b: Calyrex|39/100|[from] Grassy Terrain\n|-heal|p1a: Miraidon|22/100|[from] Grassy Terrain\n|upkeep\n|\n|t:|1745974480\n|switch|p1b: Lunala|Lunala, L50|100/100\n|turn|6\n|inactive|We_Are_Toasted has 30 seconds left.\n|inactive|snickers23 has 30 seconds left.\n|\n|t:|1745974506\n|move|p2a: Clefairy|Follow Me|p2a: Clefairy\n|-singleturn|p2a: Clefairy|move: Follow Me\n|move|p2b: Calyrex|Psychic|p1a: Miraidon\n|-damage|p1a: Miraidon|0 fnt\n|faint|p1a: Miraidon\n|-ability|p2b: Calyrex|Grim Neigh|boost\n|-boost|p2b: Calyrex|spa|1\n|move|p1b: Lunala|Trick Room|p1b: Lunala\n|-fieldstart|move: Trick Room|[of] p1b: Lunala\n|\n|-heal|p2b: Calyrex|45/100|[from] Grassy Terrain\n|upkeep\n|\n|t:|1745974510\n|switch|p1a: Brian Hands|Iron Hands, L50, tera:Bug|36/100\n|turn|7\n|inactive|We_Are_Toasted has 30 seconds left.\n|inactive|We_Are_Toasted has 20 seconds left.\n|\n|t:|1745974546\n|move|p2a: Clefairy|Protect|p2a: Clefairy\n|-singleturn|p2a: Clefairy|Protect\n|move|p2b: Calyrex|Protect|p2b: Calyrex\n|-singleturn|p2b: Calyrex|Protect\n|move|p1a: Brian Hands|Fake Out|p2b: Calyrex\n|-activate|p2b: Calyrex|move: Protect\n|move|p1b: Lunala|Meteor Beam||[still]\n|-prepare|p1b: Lunala|Meteor Beam\n|-boost|p1b: Lunala|spa|1\n|-enditem|p1b: Lunala|Power Herb\n|-anim|p1b: Lunala|Meteor Beam|p2a: Clefairy\n|-activate|p2a: Clefairy|move: Protect\n|\n|-heal|p1a: Brian Hands|42/100|[from] Grassy Terrain\n|-heal|p2b: Calyrex|52/100|[from] Grassy Terrain\n|upkeep\n|turn|8\n|\n|t:|1745974567\n|move|p2a: Clefairy|Follow Me|p2a: Clefairy\n|-singleturn|p2a: Clefairy|move: Follow Me\n|move|p1a: Brian Hands|Drain Punch|p2a: Clefairy\n|-resisted|p2a: Clefairy\n|-damage|p2a: Clefairy|86/100\n|-heal|p1a: Brian Hands|47/100|[from] drain|[of] p2a: Clefairy\n|move|p1b: Lunala|Moongeist Beam|p2a: Clefairy\n|-damage|p2a: Clefairy|12/100\n|move|p2b: Calyrex|Astral Barrage|p1b: Lunala|[spread] p1a,p1b\n|-supereffective|p1b: Lunala\n|-damage|p1a: Brian Hands|2/100\n|-damage|p1b: Lunala|0 fnt\n|faint|p1b: Lunala\n|-ability|p2b: Calyrex|Grim Neigh|boost\n|-boost|p2b: Calyrex|spa|1\n|\n|-heal|p2a: Clefairy|19/100|[from] Grassy Terrain\n|-heal|p1a: Brian Hands|8/100|[from] Grassy Terrain\n|-heal|p2b: Calyrex|58/100|[from] Grassy Terrain\n|-fieldend|move: Grassy Terrain\n|upkeep\n|turn|9\n|-message|We_Are_Toasted forfeited.\n|\n|win|snickers23\n|raw|We_Are_Toasted's rating: 1355 &rarr; <strong>1333</strong><br />(-22 for losing)\n|raw|snickers23's rating: 1316 &rarr; <strong>1338</strong><br />(+22 for winning)\n", "uploadtime": 1745974585, "views": 21, "formatid": "gen9vgc2025regibo3", "rating": 1333, "private": 0, "password": null}