{"id": "gen9vgc2025regibo3-2353707687", "format": "[Gen 9] VGC 2025 Reg I (Bo3)", "players": ["direclawexperience", "alteraltaltaccount"], "log": "|j|\u2606direclawexperience\n|j|\u203dalteraltaltaccount\n|html|<table width=\"100%\"><tr><td align=\"left\">direclawexperience</td><td align=\"right\">alteraltaltaccount</tr><tr><td align=\"left\"><i class=\"fa fa-circle-o\"></i> <i class=\"fa fa-circle-o\"></i> </td><td align=\"right\"><i class=\"fa fa-circle-o\"></i> <i class=\"fa fa-circle-o\"></i> </tr></table>\n|uhtml|bestof|<h2><strong>Game 1</strong> of <a href=\"/game-bestof3-gen9vgc2025regibo3-2353707686\">a best-of-3</a></h2>\n|t:|1745986504\n|gametype|doubles\n|player|p1|direclawexperience|benga|1090\n|player|p2|alteraltaltaccount|lucas|1135\n|teamsize|p1|6\n|teamsize|p2|6\n|gen|9\n|tier|[Gen 9] VGC 2025 Reg I (Bo3)\n|rated|\n|rule|Species Clause: Limit one of each Pok\u00e9mon\n|rule|Item Clause: Limit 1 of each item\n|clearpoke\n|poke|p1|Zamazenta-*, L50|\n|poke|p1|Raging Bolt, L50|\n|poke|p1|Flutter Mane, L50|\n|poke|p1|Urshifu-*, L50, M|\n|poke|p1|Volcarona, L50, M|\n|poke|p1|Terapagos, L50, M|\n|poke|p2|Miraidon, L50|\n|poke|p2|Whimsicott, L50, F|\n|poke|p2|Urshifu-*, L50, M|\n|poke|p2|Lunala, L50|\n|poke|p2|Incineroar, L50, F|\n|poke|p2|Farigiraf, L50, F|\n|teampreview|4\n|showteam|p1|Zamazenta-Crowned||RustedShield|DauntlessShield|BodyPress,IronDefense,HeavySlam,Protect||||||50|,,,,,Dragon]Raging Bolt||AssaultVest|Protosynthesis|Electroweb,Snarl,Thunderclap,DracoMeteor||||||50|,,,,,Fairy]Flutter Mane||BoosterEnergy|Protosynthesis|Moonblast,Hex,ThunderWave,Taunt||||||50|,,,,,Stellar]Urshifu||ChoiceBand|UnseenFist|WickedBlow,SuckerPunch,Uturn,CloseCombat|||M|||50|,,,,,Ghost]Volcarona||RockyHelmet|FlameBody|Overheat,RagePowder,WillOWisp,Tailwind|||M|||50|,,,,,Water]Terapagos||PowerHerb|TeraShift|TeraStarstorm,MeteorBeam,Flamethrower,Protect|||M|||50|,,,,,Stellar\n|showteam|p2|Miraidon||ChoiceSpecs|HadronEngine|ElectroDrift,DragonPulse,VoltSwitch,Discharge||||||50|,,,,,Grass]Whimsicott||CovertCloak|Prankster|Moonblast,Encore,Taunt,Tailwind|||F|||50|,,,,,Dark]Urshifu-Rapid-Strike||FocusSash|UnseenFist|SurgingStrikes,AquaJet,CloseCombat,Uturn|||M|||50|,,,,,Stellar]Lunala||PowerHerb|ShadowShield|Moonblast,MeteorBeam,WideGuard,MoongeistBeam||||||50|,,,,,Fairy]Incineroar||AssaultVest|Intimidate|FakeOut,KnockOff,FlareBlitz,Uturn|||F|||50|,,,,,Bug]Farigiraf||ThroatSpray|ArmorTail|HyperVoice,Psychic,TrickRoom,Protect|||F|||50|,,,,,Water\n|inactive|Battle timer is ON: inactive players will automatically lose when time's up. (requested by direclawexperience)\n|inactive|direclawexperience has 60 seconds left.\n|j| seeing improvement\n|inactive|direclawexperience has 30 seconds left.\n|\n|t:|1745986567\n|start\n|switch|p1a: Raging Bolt|Raging Bolt, L50|100/100\n|switch|p1b: Terapagos|Terapagos, L50, M|100/100\n|switch|p2a: Miraidon|Miraidon, L50|100/100\n|switch|p2b: Whimsicott|Whimsicott, L50, F|100/100\n|-activate|p1b: Terapagos|ability: Tera Shift\n|detailschange|p1b: Terapagos|Terapagos-Terastal, L50, M\n|-heal|p1b: Terapagos|100/100|[silent]\n|-fieldstart|move: Electric Terrain|[from] ability: Hadron Engine|[of] p2a: Miraidon\n|turn|1\n|\n|t:|1745986588\n|-terastallize|p1b: Terapagos|Stellar\n|detailschange|p1b: Terapagos|Terapagos-Stellar, L50, M, tera:Stellar\n|-heal|p1b: Terapagos|100/100|[silent]\n|-ability|p1b: Terapagos|Teraform Zero\n|-fieldend|move: Electric Terrain\n|move|p2b: Whimsicott|Tailwind|p2b: Whimsicott\n|-sidestart|p2: alteraltaltaccount|move: Tailwind\n|move|p2a: Miraidon|Volt Switch|p1b: Terapagos\n|-damage|p1b: Terapagos|68/100\n|\n|t:|1745986591\n|switch|p2a: Lunala|Lunala, L50|100/100|[from] Volt Switch\n|move|p1b: Terapagos|Meteor Beam||[still]\n|-prepare|p1b: Terapagos|Meteor Beam\n|-boost|p1b: Terapagos|spa|1\n|-enditem|p1b: Terapagos|Power Herb\n|-anim|p1b: Terapagos|Meteor Beam|p2b: Whimsicott\n|-damage|p2b: Whimsicott|2/100\n|move|p1a: Raging Bolt|Draco Meteor|p2a: Lunala\n|-damage|p2a: Lunala|72/100\n|-unboost|p1a: Raging Bolt|spa|2\n|\n|upkeep\n|turn|2\n|inactive|direclawexperience has 30 seconds left.\n|inactive|direclawexperience has 20 seconds left.\n|inactive|direclawexperience has 15 seconds left.\n|\n|t:|1745986632\n|move|p2b: Whimsicott|Moonblast|p1b: Terapagos\n|-damage|p1b: Terapagos|51/100\n|-unboost|p1b: Terapagos|spa|1\n|move|p2a: Lunala|Meteor Beam||[still]\n|-prepare|p2a: Lunala|Meteor Beam\n|-boost|p2a: Lunala|spa|1\n|-enditem|p2a: Lunala|Power Herb\n|-anim|p2a: Lunala|Meteor Beam|p1b: Terapagos\n|-damage|p1b: Terapagos|11/100\n|move|p1b: Terapagos|Flamethrower|p2b: Whimsicott\n|-supereffective|p2b: Whimsicott\n|-damage|p2b: Whimsicott|0 fnt\n|faint|p2b: Whimsicott\n|move|p1a: Raging Bolt|Snarl|p2a: Lunala\n|-supereffective|p2a: Lunala\n|-damage|p2a: Lunala|43/100\n|-unboost|p2a: Lunala|spa|1\n|\n|upkeep\n|\n|t:|1745986643\n|switch|p2b: Miraidon|Miraidon, L50|100/100\n|-fieldstart|move: Electric Terrain|[from] ability: Hadron Engine|[of] p2b: Miraidon\n|turn|3\n|\n|t:|1745986663\n|-end|p1a: Raging Bolt|Protosynthesis|[silent]\n|switch|p1a: Flutter Mane|Flutter Mane, L50|100/100\n|-enditem|p1a: Flutter Mane|Booster Energy\n|-activate|p1a: Flutter Mane|ability: Protosynthesis|[fromitem]\n|-start|p1a: Flutter Mane|protosynthesisspe\n|move|p2b: Miraidon|Volt Switch|p1b: Terapagos\n|-damage|p1b: Terapagos|0 fnt\n|faint|p1b: Terapagos\n|\n|t:|1745986671\n|switch|p2b: Urshifu|Urshifu-Rapid-Strike, L50, M|100/100|[from] Volt Switch\n|move|p2a: Lunala|Moonblast|p1a: Flutter Mane\n|-damage|p1a: Flutter Mane|69/100\n|-unboost|p1a: Flutter Mane|spa|1\n|\n|upkeep\n|\n|t:|1745986678\n|switch|p1b: Raging Bolt|Raging Bolt, L50|100/100\n|turn|4\n|\n|t:|1745986689\n|-terastallize|p2a: Lunala|Fairy\n|move|p2b: Urshifu|Surging Strikes|p1a: Flutter Mane\n|-crit|p1a: Flutter Mane\n|-damage|p1a: Flutter Mane|35/100\n|-crit|p1a: Flutter Mane\n|-damage|p1a: Flutter Mane|2/100\n|-crit|p1a: Flutter Mane\n|-damage|p1a: Flutter Mane|0 fnt\n|faint|p1a: Flutter Mane\n|-end|p1a: Flutter Mane|Protosynthesis|[silent]\n|-hitcount|p1: Flutter Mane|3\n|move|p2a: Lunala|Moonblast|p1b: Raging Bolt\n|-supereffective|p1b: Raging Bolt\n|-damage|p1b: Raging Bolt|45/100\n|move|p1b: Raging Bolt|Electroweb|p2b: Urshifu|[spread] p2a,p2b\n|-supereffective|p2b: Urshifu\n|-damage|p2a: Lunala|23/100\n|-damage|p2b: Urshifu|18/100\n|-unboost|p2a: Lunala|spe|1\n|-unboost|p2b: Urshifu|spe|1\n|\n|-sideend|p2: alteraltaltaccount|move: Tailwind\n|upkeep\n|\n|t:|1745986705\n|switch|p1a: Urshifu|Urshifu, L50, M|100/100\n|turn|5\n|inactive|direclawexperience has 30 seconds left.\n|\n|t:|1745986739\n|move|p2a: Lunala|Wide Guard|p2a: Lunala\n|-singleturn|p2a: Lunala|Wide Guard\n|move|p1a: Urshifu|Close Combat|p2b: Urshifu\n|-damage|p2b: Urshifu|0 fnt\n|-unboost|p1a: Urshifu|def|1\n|-unboost|p1a: Urshifu|spd|1\n|faint|p2b: Urshifu\n|move|p1b: Raging Bolt|Electroweb|p2a: Lunala\n|-activate|p2a: Lunala|move: Wide Guard\n|\n|upkeep\n|\n|t:|1745986743\n|switch|p2b: Miraidon|Miraidon, L50|100/100\n|-activate|p2b: Miraidon|ability: Hadron Engine\n|turn|6\n|\n|t:|1745986761\n|move|p2b: Miraidon|Dragon Pulse|p1b: Raging Bolt\n|-supereffective|p1b: Raging Bolt\n|-damage|p1b: Raging Bolt|0 fnt\n|faint|p1b: Raging Bolt\n|-end|p1b: Raging Bolt|Protosynthesis|[silent]\n|move|p1a: Urshifu|Close Combat|p2a: Lunala\n|-resisted|p2a: Lunala\n|-damage|p2a: Lunala|0 fnt\n|-unboost|p1a: Urshifu|def|1\n|-unboost|p1a: Urshifu|spd|1\n|faint|p2a: Lunala\n|\n|upkeep\n|turn|7\n|\n|t:|1745986769\n|move|p2b: Miraidon|Dragon Pulse|p1a: Urshifu\n|-damage|p1a: Urshifu|0 fnt\n|faint|p1a: Urshifu\n|\n|win|alteraltaltaccount\n|l|\u2606direclawexperience\n|player|p1|\n|l| seeing improvement\n||direclawexperience is ready for game 2.\n|l|\u203dalteraltaltaccount\n|player|p2|\n||alteraltaltaccount is ready for game 2.\n|uhtml|next|Next: <a href=\"/battle-gen9vgc2025regibo3-2353709531\"><strong>Game 2 of 3</strong></a>\n", "uploadtime": 1745987140, "views": 6, "formatid": "gen9vgc2025regibo3", "rating": null, "private": 0, "password": null}