{"id": "gen9vgc2025regibo3-2354147867", "format": "[Gen 9] VGC 2025 Reg I (Bo3)", "players": ["NerdConsultant", "yamimalik777"], "log": "|j|\u2606NerdConsultant\n|j|\u2606yamimalik777\n|html|<table width=\"100%\"><tr><td align=\"left\">NerdConsultant</td><td align=\"right\">yamimalik777</tr><tr><td align=\"left\"><i class=\"fa fa-circle-o\"></i> <i class=\"fa fa-circle-o\"></i> </td><td align=\"right\"><i class=\"fa fa-circle-o\"></i> <i class=\"fa fa-circle-o\"></i> </tr></table>\n|uhtml|bestof|<h2><strong>Game 1</strong> of <a href=\"/game-bestof3-gen9vgc2025regibo3-2354147866\">a best-of-3</a></h2>\n|t:|1746038986\n|gametype|doubles\n|player|p1|NerdConsultant|roxie|1125\n|player|p2|yamimalik777|102|1172\n|teamsize|p1|6\n|teamsize|p2|6\n|gen|9\n|tier|[Gen 9] VGC 2025 Reg I (Bo3)\n|rated|\n|rule|Species Clause: Limit one of each Pok\u00e9mon\n|rule|Item Clause: Limit 1 of each item\n|clearpoke\n|poke|p1|Miraidon, L50|\n|poke|p1|Calyrex-Ice, L50|\n|poke|p1|Iron Hands, L50|\n|poke|p1|Whimsicott, L50, M|\n|poke|p1|Grimmsnarl, L50, M|\n|poke|p1|Ogerpon-Hearthflame, L50, F|\n|poke|p2|Kyogre, L50|\n|poke|p2|Zamazenta-*, L50|\n|poke|p2|Tornadus, L50, M|\n|poke|p2|Incineroar, L50, M|\n|poke|p2|Rillaboom, L50, F|\n|poke|p2|Urshifu-*, L50, M|\n|teampreview|4\n|showteam|p1|Miraidon||ChoiceSpecs|HadronEngine|VoltSwitch,ElectroDrift,DazzlingGleam,DracoMeteor||||||50|,,,,,Fairy]Calyrex-Ice||ClearAmulet|AsOneGlastrier|GlacialLance,HighHorsepower,TrickRoom,Protect||||||50|,,,,,Fire]Iron Hands||AssaultVest|QuarkDrive|DrainPunch,LowKick,WildCharge,FakeOut||||||50|,,,,,Bug]Whimsicott||CovertCloak|Prankster|Moonblast,Encore,Tailwind,LightScreen|||M|||50|,,,,,Dark]Grimmsnarl||LightClay|Prankster|FoulPlay,Reflect,LightScreen,ThunderWave|||M|||50|,,,,,Ghost]Ogerpon-Hearthflame||HearthflameMask|MoldBreaker|IvyCudgel,WoodHammer,FollowMe,SpikyShield|||F|||50|,,,,,Fire\n|showteam|p2|Kyogre||ChoiceSpecs|Drizzle|WaterSpout,OriginPulse,Thunder,IceBeam||||||50|,,,,,Grass]Zamazenta-Crowned||RustedShield|DauntlessShield|WideGuard,BodyPress,Protect,HeavySlam||||||50|,,,,,Dragon]Tornadus||CovertCloak|Prankster|Tailwind,Taunt,Hurricane,Protect|||M|||50|,,,,,Dark]Incineroar||SafetyGoggles|Intimidate|FakeOut,KnockOff,PartingShot,Protect|||M|||50|,,,,,Ghost]Rillaboom||AssaultVest|GrassySurge|FakeOut,GrassyGlide,WoodHammer,Uturn|||F|||50|,,,,,Fire]Urshifu||FocusSash|UnseenFist|WickedBlow,SuckerPunch,CloseCombat,Detect|||M|||50|,,,,,Ghost\n|inactive|Battle timer is ON: inactive players will automatically lose when time's up. (requested by yamimalik777)\n|\n|t:|1746039035\n|start\n|switch|p1a: Iron Hands|Iron Hands, L50|100/100\n|switch|p1b: Calyrex|Calyrex-Ice, L50|100/100\n|switch|p2a: Rillaboom|Rillaboom, L50, F|100/100\n|switch|p2b: Kyogre|Kyogre, L50|100/100\n|-ability|p1b: Calyrex|As One\n|-ability|p1b: Calyrex|Unnerve\n|-weather|RainDance|[from] ability: Drizzle|[of] p2b: Kyogre\n|-fieldstart|move: Grassy Terrain|[from] ability: Grassy Surge|[of] p2a: Rillaboom\n|turn|1\n|\n|t:|1746039060\n|switch|p2b: Incineroar|Incineroar, L50, M|100/100\n|-ability|p2b: Incineroar|Intimidate|boost\n|-unboost|p1a: Iron Hands|atk|1\n|-fail|p1b: Calyrex|unboost|[from] item: Clear Amulet|[of] p1b: Calyrex\n|switch|p1b: Grimmsnarl|Grimmsnarl, L50, M|100/100\n|move|p1a: Iron Hands|Fake Out|p2b: Incineroar\n|-damage|p2b: Incineroar|92/100\n|move|p2a: Rillaboom|U-turn|p1b: Grimmsnarl\n|-damage|p1b: Grimmsnarl|78/100\n|\n|t:|1746039076\n|switch|p2a: Kyogre|Kyogre, L50|100/100|[from] U-turn\n|\n|-weather|RainDance|[upkeep]\n|-heal|p1b: Grimmsnarl|84/100|[from] Grassy Terrain\n|-heal|p2b: Incineroar|98/100|[from] Grassy Terrain\n|upkeep\n|turn|2\n|\n|t:|1746039089\n|-terastallize|p2a: Kyogre|Grass\n|-terastallize|p1b: Grimmsnarl|Ghost\n|move|p2b: Incineroar|Fake Out|p1b: Grimmsnarl\n|-immune|p1b: Grimmsnarl\n|move|p1b: Grimmsnarl|Light Screen|p1b: Grimmsnarl\n|-sidestart|p1: NerdConsultant|move: Light Screen\n|move|p2a: Kyogre|Origin Pulse|p1a: Iron Hands|[spread] p1a\n|-miss|p2a: Kyogre|p1b: Grimmsnarl\n|-damage|p1a: Iron Hands|68/100\n|move|p1a: Iron Hands|Low Kick|p2a: Kyogre\n|-damage|p2a: Kyogre|52/100\n|\n|-weather|RainDance|[upkeep]\n|-heal|p2a: Kyogre|58/100|[from] Grassy Terrain\n|-heal|p1b: Grimmsnarl|90/100|[from] Grassy Terrain\n|-heal|p2b: Incineroar|100/100|[from] Grassy Terrain\n|-heal|p1a: Iron Hands|74/100|[from] Grassy Terrain\n|upkeep\n|turn|3\n|\n|t:|1746039110\n|move|p1b: Grimmsnarl|Thunder Wave|p2a: Kyogre\n|-status|p2a: Kyogre|par\n|move|p2b: Incineroar|Parting Shot|p1a: Iron Hands\n|-unboost|p1a: Iron Hands|atk|1\n|-unboost|p1a: Iron Hands|spa|1\n|\n|t:|1746039118\n|switch|p2b: Rillaboom|Rillaboom, L50, F|100/100|[from] Parting Shot\n|move|p2a: Kyogre|Origin Pulse|p1b: Grimmsnarl|[spread] p1a,p1b\n|-damage|p1a: Iron Hands|38/100\n|-damage|p1b: Grimmsnarl|30/100\n|move|p1a: Iron Hands|Low Kick|p2a: Kyogre\n|-damage|p2a: Kyogre|20/100 par\n|\n|-weather|RainDance|[upkeep]\n|-heal|p1b: Grimmsnarl|36/100|[from] Grassy Terrain\n|-heal|p2a: Kyogre|26/100 par|[from] Grassy Terrain\n|-heal|p1a: Iron Hands|44/100|[from] Grassy Terrain\n|upkeep\n|turn|4\n|\n|t:|1746039139\n|switch|p2b: Incineroar|Incineroar, L50, M|100/100\n|-ability|p2b: Incineroar|Intimidate|boost\n|-unboost|p1a: Iron Hands|atk|1\n|-unboost|p1b: Grimmsnarl|atk|1\n|-end|p1a: Iron Hands|Quark Drive|[silent]\n|switch|p1a: Miraidon|Miraidon, L50|100/100\n|-fieldstart|move: Electric Terrain|[from] ability: Hadron Engine|[of] p1a: Miraidon\n|move|p1b: Grimmsnarl|Thunder Wave|p2b: Incineroar\n|-hint|Since gen 7, Dark is immune to Prankster moves.\n|-immune|p2b: Incineroar\n|cant|p2a: Kyogre|par\n|\n|-weather|RainDance|[upkeep]\n|upkeep\n|turn|5\n|\n|t:|1746039163\n|switch|p1a: Iron Hands|Iron Hands, L50|44/100\n|-activate|p1a: Iron Hands|ability: Quark Drive\n|-start|p1a: Iron Hands|quarkdriveatk\n|switch|p2a: Rillaboom|Rillaboom, L50, F|100/100\n|-fieldstart|move: Grassy Terrain|[from] ability: Grassy Surge|[of] p2a: Rillaboom\n|-end|p1a: Iron Hands|Quark Drive\n|move|p1b: Grimmsnarl|Foul Play|p2a: Rillaboom\n|-crit|p2a: Rillaboom\n|-damage|p2a: Rillaboom|35/100\n|move|p2b: Incineroar|Parting Shot|p1a: Iron Hands\n|-unboost|p1a: Iron Hands|atk|1\n|-unboost|p1a: Iron Hands|spa|1\n|\n|t:|1746039177\n|switch|p2b: Kyogre|Kyogre, L50, tera:Grass|26/100 par|[from] Parting Shot\n|\n|-weather|none\n|-heal|p2a: Rillaboom|41/100|[from] Grassy Terrain\n|-heal|p1b: Grimmsnarl|42/100|[from] Grassy Terrain\n|-heal|p2b: Kyogre|31/100 par|[from] Grassy Terrain\n|-heal|p1a: Iron Hands|50/100|[from] Grassy Terrain\n|upkeep\n|turn|6\n|\n|t:|1746039198\n|switch|p1b: Miraidon|Miraidon, L50|100/100\n|-fieldstart|move: Electric Terrain|[from] ability: Hadron Engine|[of] p1b: Miraidon\n|-activate|p1a: Iron Hands|ability: Quark Drive\n|-start|p1a: Iron Hands|quarkdrivedef\n|switch|p2b: Incineroar|Incineroar, L50, M|100/100\n|-ability|p2b: Incineroar|Intimidate|boost\n|-unboost|p1a: Iron Hands|atk|1\n|-unboost|p1b: Miraidon|atk|1\n|move|p2a: Rillaboom|U-turn|p1b: Miraidon\n|-damage|p1b: Miraidon|75/100\n|\n|t:|1746039210\n|switch|p2a: Kyogre|Kyogre, L50, tera:Grass|31/100 par|[from] U-turn\n|-weather|RainDance|[from] ability: Drizzle|[of] p2a: Kyogre\n|move|p1a: Iron Hands|Drain Punch|p2a: Kyogre\n|-damage|p2a: Kyogre|11/100 par\n|-heal|p1a: Iron Hands|57/100|[from] drain|[of] p2a: Kyogre\n|\n|-weather|RainDance|[upkeep]\n|upkeep\n|turn|7\n|\n|t:|1746039232\n|move|p2b: Incineroar|Fake Out|p1b: Miraidon\n|-damage|p1b: Miraidon|65/100\n|cant|p1b: Miraidon|flinch\n|move|p2a: Kyogre|Ice Beam|p1b: Miraidon\n|-supereffective|p1b: Miraidon\n|-damage|p1b: Miraidon|6/100\n|move|p1a: Iron Hands|Drain Punch|p2a: Kyogre\n|-damage|p2a: Kyogre|0 fnt\n|-heal|p1a: Iron Hands|60/100|[from] drain|[of] p2a: Kyogre\n|faint|p2a: Kyogre\n|\n|-weather|RainDance|[upkeep]\n|upkeep\n|\n|t:|1746039241\n|switch|p2a: Rillaboom|Rillaboom, L50, F|41/100\n|-fieldstart|move: Grassy Terrain|[from] ability: Grassy Surge|[of] p2a: Rillaboom\n|-end|p1a: Iron Hands|Quark Drive\n|turn|8\n|inactive|NerdConsultant has 30 seconds left.\n|\n|t:|1746039274\n|switch|p1b: Grimmsnarl|Grimmsnarl, L50, M, tera:Ghost|42/100\n|-end|p1a: Iron Hands|Quark Drive|[silent]\n|switch|p1a: Calyrex|Calyrex-Ice, L50|100/100\n|-ability|p1a: Calyrex|As One\n|-ability|p1a: Calyrex|Unnerve\n|move|p2a: Rillaboom|Fake Out|p1b: Grimmsnarl\n|-immune|p1b: Grimmsnarl\n|move|p2b: Incineroar|Parting Shot|p1b: Grimmsnarl\n|-unboost|p1b: Grimmsnarl|atk|1\n|-unboost|p1b: Grimmsnarl|spa|1\n|\n|t:|1746039286\n|switch|p2b: Zamazenta|Zamazenta-Crowned, L50|100/100|[from] Parting Shot\n|-ability|p2b: Zamazenta|Dauntless Shield|boost\n|-boost|p2b: Zamazenta|def|1\n|\n|-weather|RainDance|[upkeep]\n|-heal|p2a: Rillaboom|46/100|[from] Grassy Terrain\n|-heal|p1b: Grimmsnarl|48/100|[from] Grassy Terrain\n|upkeep\n|turn|9\n|\n|t:|1746039309\n|move|p1b: Grimmsnarl|Thunder Wave|p2b: Zamazenta\n|-status|p2b: Zamazenta|par\n|move|p2a: Rillaboom|U-turn|p1a: Calyrex\n|-supereffective|p1a: Calyrex\n|-damage|p1a: Calyrex|73/100\n|\n|t:|1746039314\n|switch|p2a: Incineroar|Incineroar, L50, M|100/100|[from] U-turn\n|-ability|p2a: Incineroar|Intimidate|boost\n|-fail|p1a: Calyrex|unboost|[from] item: Clear Amulet|[of] p1a: Calyrex\n|-unboost|p1b: Grimmsnarl|atk|1\n|move|p2b: Zamazenta|Body Press|p1a: Calyrex\n|-damage|p1a: Calyrex|32/100\n|move|p1a: Calyrex|High Horsepower|p2a: Incineroar\n|-supereffective|p2a: Incineroar\n|-damage|p2a: Incineroar|25/100\n|\n|-weather|RainDance|[upkeep]\n|-heal|p2a: Incineroar|31/100|[from] Grassy Terrain\n|-heal|p1b: Grimmsnarl|54/100|[from] Grassy Terrain\n|-heal|p1a: Calyrex|38/100|[from] Grassy Terrain\n|-sideend|p1: NerdConsultant|move: Light Screen\n|upkeep\n|turn|10\n|\n|t:|1746039337\n|move|p1a: Calyrex|Protect|p1a: Calyrex\n|-singleturn|p1a: Calyrex|Protect\n|move|p1b: Grimmsnarl|Reflect|p1b: Grimmsnarl\n|-sidestart|p1: NerdConsultant|Reflect\n|move|p2a: Incineroar|Knock Off|p1b: Grimmsnarl\n|-supereffective|p1b: Grimmsnarl\n|-damage|p1b: Grimmsnarl|0 fnt\n|-enditem|p1b: Grimmsnarl|Light Clay|[from] move: Knock Off|[of] p2a: Incineroar\n|faint|p1b: Grimmsnarl\n|move|p2b: Zamazenta|Body Press|p1a: Calyrex\n|-activate|p1a: Calyrex|move: Protect\n|\n|-weather|none\n|-heal|p2a: Incineroar|37/100|[from] Grassy Terrain\n|-heal|p1a: Calyrex|44/100|[from] Grassy Terrain\n|upkeep\n|\n|t:|1746039352\n|switch|p1b: Miraidon|Miraidon, L50|6/100\n|-fieldstart|move: Electric Terrain|[from] ability: Hadron Engine|[of] p1b: Miraidon\n|turn|11\n|\n|t:|1746039366\n|move|p2a: Incineroar|Protect|p2a: Incineroar\n|-singleturn|p2a: Incineroar|Protect\n|move|p1b: Miraidon|Volt Switch|p2a: Incineroar\n|-activate|p2a: Incineroar|move: Protect\n|move|p2b: Zamazenta|Body Press|p1b: Miraidon\n|-damage|p1b: Miraidon|0 fnt\n|faint|p1b: Miraidon\n|move|p1a: Calyrex|High Horsepower|p2b: Zamazenta\n|-supereffective|p2b: Zamazenta\n|-damage|p2b: Zamazenta|73/100 par\n|\n|upkeep\n|\n|t:|1746039378\n|switch|p1b: Iron Hands|Iron Hands, L50|60/100\n|-activate|p1b: Iron Hands|ability: Quark Drive\n|-start|p1b: Iron Hands|quarkdriveatk\n|turn|12\n|\n|t:|1746039395\n|switch|p2a: Rillaboom|Rillaboom, L50, F|46/100\n|-fieldstart|move: Grassy Terrain|[from] ability: Grassy Surge|[of] p2a: Rillaboom\n|-end|p1b: Iron Hands|Quark Drive\n|move|p2b: Zamazenta|Body Press|p1a: Calyrex\n|-damage|p1a: Calyrex|13/100\n|move|p1a: Calyrex|Glacial Lance|p2b: Zamazenta|[spread] p2a,p2b\n|-supereffective|p2a: Rillaboom\n|-resisted|p2b: Zamazenta\n|-crit|p2b: Zamazenta\n|-damage|p2a: Rillaboom|0 fnt\n|-damage|p2b: Zamazenta|51/100 par\n|faint|p2a: Rillaboom\n|-ability|p1a: Calyrex|Chilling Neigh|boost\n|-boost|p1a: Calyrex|atk|1\n|move|p1b: Iron Hands|Low Kick|p2b: Zamazenta\n|-supereffective|p2b: Zamazenta\n|-crit|p2b: Zamazenta\n|-damage|p2b: Zamazenta|0 fnt\n|faint|p2b: Zamazenta\n|\n|-heal|p1a: Calyrex|19/100|[from] Grassy Terrain\n|-heal|p1b: Iron Hands|66/100|[from] Grassy Terrain\n|upkeep\n|\n|t:|1746039405\n|switch|p2b: Incineroar|Incineroar, L50, M|37/100\n|-ability|p2b: Incineroar|Intimidate|boost\n|-fail|p1a: Calyrex|unboost|[from] item: Clear Amulet|[of] p1a: Calyrex\n|-unboost|p1b: Iron Hands|atk|1\n|turn|13\n|-message|yamimalik777 forfeited.\n|\n|win|NerdConsultant\n|l|\u2606yamimalik777\n|player|p2|\n||yamimalik777 is ready for game 2.\n||NerdConsultant is ready for game 2.\n|uhtml|next|Next: <a href=\"/battle-gen9vgc2025regibo3-2354152852\"><strong>Game 2 of 3</strong></a>\n", "uploadtime": 1746040036, "views": 10, "formatid": "gen9vgc2025regibo3", "rating": null, "private": 0, "password": null}