{"id": "gen9vgc2025regibo3-2353731542", "format": "[Gen 9] VGC 2025 Reg I (Bo3)", "players": ["Mentalsyndrome", "Priest_of_Talos"], "log": "|j|\u2606Mentalsyndrome\n|j|\u2606Priest_of_Talos\n|html|<table width=\"100%\"><tr><td align=\"left\">Mentalsyndrome</td><td align=\"right\">Priest_of_Talos</tr><tr><td align=\"left\"><i class=\"fa fa-circle-o\"></i> <i class=\"fa fa-circle-o\"></i> </td><td align=\"right\"><i class=\"fa fa-circle-o\"></i> <i class=\"fa fa-circle-o\"></i> </tr></table>\n|uhtml|bestof|<h2><strong>Game 1</strong> of <a href=\"/game-bestof3-gen9vgc2025regibo3-2353731541\">a best-of-3</a></h2>\n|t:|1745990293\n|gametype|doubles\n|player|p1|Mentalsyndrome|170|1095\n|player|p2|Priest_of_Talos|170|1045\n|teamsize|p1|6\n|teamsize|p2|6\n|gen|9\n|tier|[Gen 9] VGC 2025 Reg I (Bo3)\n|rated|\n|rule|Species Clause: Limit one of each Pok\u00e9mon\n|rule|Item Clause: Limit 1 of each item\n|clearpoke\n|poke|p1|Bastiodon, L50, F|\n|poke|p1|Flutter Mane, L50|\n|poke|p1|Raging Bolt, L50|\n|poke|p1|Koraidon, L50|\n|poke|p1|Groudon, L50|\n|poke|p1|Brute Bonnet, L50|\n|poke|p2|Iron Hands, L50|\n|poke|p2|Chi-Yu, L50|\n|poke|p2|Miraidon, L50|\n|poke|p2|Whimsicott, L50, M|\n|poke|p2|Lunala, L50|\n|poke|p2|Farigiraf, L50, F|\n|teampreview|4\n|showteam|p1|Bastiodon||Leftovers|Sturdy|IronDefense,BodyPress,WideGuard,FoulPlay|||F|||50|,,,,,Water]Flutter Mane||FocusSash|Protosynthesis|IcyWind,Moonblast,Protect,Taunt||||||50|,,,,,Normal]Raging Bolt||LifeOrb|Protosynthesis|Thunderbolt,DracoMeteor,Thunderclap,Protect||||||50|,,,,,Fairy]Koraidon||ClearAmulet|OrichalcumPulse|FlareBlitz,FlameCharge,CloseCombat,Protect||||||50|,,,,,Fire]Groudon||AssaultVest|Drought|PrecipiceBlades,HeatCrash,ThunderPunch,HighHorsepower||||||50|,,,,,Fire]Brute Bonnet||CovertCloak|Protosynthesis|SuckerPunch,Spore,RagePowder,SeedBomb||||||50|,,,,,Poison\n|showteam|p2|Iron Hands||AssaultVest|QuarkDrive|LowKick,WildCharge,FakeOut,BrickBreak||||||50|,,,,,Water]Chi-Yu||ChoiceScarf|BeadsofRuin|HeatWave,Overheat,DarkPulse,Snarl||||||50|,,,,,Ghost]Miraidon||ChoiceSpecs|HadronEngine|ElectroDrift,DracoMeteor,VoltSwitch,DazzlingGleam||||||50|,,,,,Fairy]Whimsicott||CovertCloak|Prankster|Moonblast,LightScreen,Tailwind,Encore|||M|||50|,,,,,Dark]Lunala||PowerHerb|ShadowShield|MoongeistBeam,MeteorBeam,WideGuard,DazzlingGleam||||||50|,,,,,Fairy]Farigiraf||ElectricSeed|ArmorTail|TrickRoom,FoulPlay,Psychic,HelpingHand|||F|||50|,,,,,Fairy\n|inactive|Battle timer is ON: inactive players will automatically lose when time's up. (requested by Mentalsyndrome)\n|inactive|Mentalsyndrome has 60 seconds left.\n|inactive|Priest_of_Talos has 60 seconds left.\n|\n|t:|1745990347\n|start\n|switch|p1a: Don Steadman|Flutter Mane, L50|100/100\n|switch|p1b: Don Hotwheels|Koraidon, L50|100/100\n|switch|p2a: Miraidon|Miraidon, L50|100/100\n|switch|p2b: Whimsicott|Whimsicott, L50, M|100/100\n|-weather|SunnyDay|[from] ability: Orichalcum Pulse|[of] p1b: Don Hotwheels\n|-activate|p1a: Don Steadman|ability: Protosynthesis\n|-start|p1a: Don Steadman|protosynthesisspe\n|-activate|p1b: Don Hotwheels|Orichalcum Pulse|[source]\n|-fieldstart|move: Electric Terrain|[from] ability: Hadron Engine|[of] p2a: Miraidon\n|turn|1\n|\n|t:|1745990365\n|-terastallize|p2a: Miraidon|Fairy\n|move|p1b: Don Hotwheels|Protect|p1b: Don Hotwheels\n|-singleturn|p1b: Don Hotwheels|Protect\n|move|p2b: Whimsicott|Tailwind|p2b: Whimsicott\n|-sidestart|p2: Priest_of_Talos|move: Tailwind\n|move|p2a: Miraidon|Draco Meteor|p1b: Don Hotwheels\n|-activate|p1b: Don Hotwheels|move: Protect\n|move|p1a: Don Steadman|Moonblast|p2a: Miraidon\n|-damage|p2a: Miraidon|58/100\n|\n|-weather|SunnyDay|[upkeep]\n|upkeep\n|turn|2\n|\n|t:|1745990384\n|switch|p1b: Don Groo|Groudon, L50|100/100\n|move|p2b: Whimsicott|Light Screen|p2b: Whimsicott\n|-sidestart|p2: Priest_of_Talos|move: Light Screen\n|move|p2a: Miraidon|Draco Meteor|p1b: Don Groo\n|-damage|p1b: Don Groo|20/100\n|-unboost|p2a: Miraidon|spa|2\n|move|p1a: Don Steadman|Moonblast|p2a: Miraidon\n|-damage|p2a: Miraidon|25/100\n|-unboost|p2a: Miraidon|spa|1\n|\n|-weather|SunnyDay|[upkeep]\n|upkeep\n|turn|3\n|\n|t:|1745990404\n|switch|p2a: Lunala|Lunala, L50|100/100\n|move|p2b: Whimsicott|Moonblast|p1b: Don Groo\n|-crit|p1b: Don Groo\n|-damage|p1b: Don Groo|0 fnt\n|faint|p1b: Don Groo\n|move|p1a: Don Steadman|Moonblast|p2a: Lunala\n|-damage|p2a: Lunala|89/100\n|\n|-weather|SunnyDay|[upkeep]\n|upkeep\n|\n|t:|1745990414\n|switch|p1b: Don Hotwheels|Koraidon, L50|100/100\n|-activate|p1b: Don Hotwheels|ability: Orichalcum Pulse\n|turn|4\n|\n|t:|1745990436\n|move|p1b: Don Hotwheels|Protect|p1b: Don Hotwheels\n|-singleturn|p1b: Don Hotwheels|Protect\n|move|p2b: Whimsicott|Moonblast|p1a: Don Steadman\n|-damage|p1a: Don Steadman|72/100\n|-unboost|p1a: Don Steadman|spa|1\n|move|p1a: Don Steadman|Taunt|p2b: Whimsicott\n|-start|p2b: Whimsicott|move: Taunt\n|move|p2a: Lunala|Meteor Beam||[still]\n|-prepare|p2a: Lunala|Meteor Beam\n|-boost|p2a: Lunala|spa|1\n|-enditem|p2a: Lunala|Power Herb\n|-anim|p2a: Lunala|Meteor Beam|p1b: Don Hotwheels\n|-activate|p1b: Don Hotwheels|move: Protect\n|\n|-weather|SunnyDay|[upkeep]\n|-sideend|p2: Priest_of_Talos|move: Tailwind\n|upkeep\n|turn|5\n|\n|t:|1745990453\n|-terastallize|p1b: Don Hotwheels|Fire\n|move|p1a: Don Steadman|Taunt|p2a: Lunala\n|-start|p2a: Lunala|move: Taunt\n|move|p1b: Don Hotwheels|Flame Charge|p2b: Whimsicott\n|-supereffective|p2b: Whimsicott\n|-damage|p2b: Whimsicott|0 fnt\n|-boost|p1b: Don Hotwheels|spe|1\n|faint|p2b: Whimsicott\n|move|p2a: Lunala|Moongeist Beam|p1b: Don Hotwheels\n|-damage|p1b: Don Hotwheels|15/100\n|\n|-weather|none\n|-end|p1a: Don Steadman|Protosynthesis\n|-fieldend|move: Electric Terrain\n|upkeep\n|\n|t:|1745990456\n|switch|p2b: Iron Hands|Iron Hands, L50|100/100\n|turn|6\n|\n|t:|1745990472\n|move|p1b: Don Hotwheels|Protect|p1b: Don Hotwheels\n|-singleturn|p1b: Don Hotwheels|Protect\n|move|p2b: Iron Hands|Fake Out|p1b: Don Hotwheels\n|-activate|p1b: Don Hotwheels|move: Protect\n|move|p1a: Don Steadman|Moonblast|p2b: Iron Hands\n|-supereffective|p2b: Iron Hands\n|-damage|p2b: Iron Hands|79/100\n|-unboost|p2b: Iron Hands|spa|1\n|move|p2a: Lunala|Moongeist Beam|p1a: Don Steadman\n|-supereffective|p1a: Don Steadman\n|-damage|p1a: Don Steadman|0 fnt\n|faint|p1a: Don Steadman\n|-end|p1a: Don Steadman|Protosynthesis|[silent]\n|\n|-sideend|p2: Priest_of_Talos|move: Light Screen\n|upkeep\n|\n|t:|1745990476\n|switch|p1a: Don Mayo|Raging Bolt, L50|100/100\n|turn|7\n|\n|t:|1745990487\n|move|p1b: Don Hotwheels|Close Combat|p2b: Iron Hands\n|-damage|p2b: Iron Hands|32/100\n|-unboost|p1b: Don Hotwheels|def|1\n|-unboost|p1b: Don Hotwheels|spd|1\n|move|p2a: Lunala|Dazzling Gleam|p1a: Don Mayo|[spread] p1a,p1b\n|-supereffective|p1a: Don Mayo\n|-resisted|p1b: Don Hotwheels\n|-damage|p1a: Don Mayo|42/100\n|-damage|p1b: Don Hotwheels|0 fnt\n|faint|p1b: Don Hotwheels\n|move|p1a: Don Mayo|Thunderbolt|p2a: Lunala\n|-damage|p2a: Lunala|48/100\n|-damage|p1a: Don Mayo|33/100|[from] item: Life Orb\n|move|p2b: Iron Hands|Low Kick|p1a: Don Mayo\n|-damage|p1a: Don Mayo|0 fnt\n|faint|p1a: Don Mayo\n|-end|p1a: Don Mayo|Protosynthesis|[silent]\n|\n|win|Priest_of_Talos\n||Mentalsyndrome is ready for game 2.\n||Priest_of_Talos is ready for game 2.\n|uhtml|next|Next: <a href=\"/battle-gen9vgc2025regibo3-2353732755\"><strong>Game 2 of 3</strong></a>\n|l|\u2606Mentalsyndrome\n|player|p1|\n|l|\u2606Priest_of_Talos\n|player|p2|\n", "uploadtime": 1745990753, "views": 22, "formatid": "gen9vgc2025regibo3", "rating": null, "private": 0, "password": null}