{"id": "gen9vgc2025regibo3-2353660633", "format": "[Gen 9] VGC 2025 Reg I (Bo3)", "players": ["dyslexikcitten", "Mopp_Is_Here"], "log": "|j|\u2606dyslexikcitten\n|j|\u2606Mopp_Is_Here\n|html|<table width=\"100%\"><tr><td align=\"left\">dyslexikcitten</td><td align=\"right\">Mopp_Is_Here</tr><tr><td align=\"left\"><i class=\"fa fa-circle-o\"></i> <i class=\"fa fa-circle-o\"></i> </td><td align=\"right\"><i class=\"fa fa-circle-o\"></i> <i class=\"fa fa-circle-o\"></i> </tr></table>\n|uhtml|bestof|<h2><strong>Game 1</strong> of <a href=\"/game-bestof3-gen9vgc2025regibo3-2353660632\">a best-of-3</a></h2>\n|t:|1745980289\n|gametype|doubles\n|player|p1|dyslexikcitten|102|1079\n|player|p2|Mopp_Is_Here|backpacker|1040\n|teamsize|p1|6\n|teamsize|p2|6\n|gen|9\n|tier|[Gen 9] VGC 2025 Reg I (Bo3)\n|rated|\n|rule|Species Clause: Limit one of each Pok\u00e9mon\n|rule|Item Clause: Limit 1 of each item\n|clearpoke\n|poke|p1|Scream Tail, L50|\n|poke|p1|Koraidon, L50|\n|poke|p1|Indeedee-F, L50, F|\n|poke|p1|Lunala, L50|\n|poke|p1|Thundurus-Therian, L50, M|\n|poke|p1|Urshifu-*, L50, F|\n|poke|p2|Miraidon, L50|\n|poke|p2|Iron Hands, L50|\n|poke|p2|Chi-Yu, L50|\n|poke|p2|Whimsicott, L50, M|\n|poke|p2|Urshifu-*, L50, M|\n|poke|p2|Terapagos, L50, M|\n|teampreview|4\n|showteam|p1|Scream Tail||BoosterEnergy|Protosynthesis|Disable,Encore,Protect,DazzlingGleam||||||50|,,,,,Dark]Koraidon||ChoiceBand|OrichalcumPulse|CloseCombat,BreakingSwipe,FlareBlitz,Uturn||||||50|,,,,,Fire]Indeedee-F||SafetyGoggles|PsychicSurge|FollowMe,AlluringVoice,TrickRoom,HelpingHand|||F|||50|,,,,,Fairy]Lunala||PowerHerb|ShadowShield|WideGuard,MoongeistBeam,ExpandingForce,MeteorBeam||||||50|,,,,,Water]Thundurus-Therian||AssaultVest|VoltAbsorb|WildboltStorm,TeraBlast,VoltSwitch,Snarl|||M|||50|,,,,,Fairy]Urshifu||FocusSash|UnseenFist|CloseCombat,WickedBlow,Detect,Taunt|||F|||50|,,,,,Stellar\n|showteam|p2|Miraidon||LifeOrb|HadronEngine|ElectroDrift,DracoMeteor,Taunt,Protect||||||50|,,,,,Electric]Iron Hands||ClearAmulet|QuarkDrive|FakeOut,DrainPunch,WildCharge,Protect||||||50|,,,,,Grass]Chi-Yu||FocusSash|BeadsofRuin|HeatWave,DarkPulse,Overheat,Protect||||||50|,,,,,Fire]Whimsicott||MentalHerb|Prankster|Tailwind,Encore,EnergyBall,Taunt|||M|||50|,,,,,Ghost]Urshifu-Rapid-Strike||MysticWater|UnseenFist|AquaJet,SurgingStrikes,CloseCombat,Protect|||M|||50|,,,,,Water]Terapagos||Leftovers|TeraShift|TeraStarstorm,CalmMind,DarkPulse,Protect|||M|||50|,,,,,Stellar\n|\n|t:|1745980307\n|start\n|switch|p1a: Koraidon|Koraidon, L50|100/100\n|switch|p1b: Lunala|Lunala, L50|100/100\n|switch|p2a: Whimsiscott|Whimsicott, L50, M|100/100\n|switch|p2b: Miraidoff|Miraidon, L50|100/100\n|-weather|SunnyDay|[from] ability: Orichalcum Pulse|[of] p1a: Koraidon\n|-activate|p1a: Koraidon|Orichalcum Pulse|[source]\n|-fieldstart|move: Electric Terrain|[from] ability: Hadron Engine|[of] p2b: Miraidoff\n|turn|1\n|inactive|Battle timer is ON: inactive players will automatically lose when time's up. (requested by dyslexikcitten)\n|\n|t:|1745980322\n|switch|p1b: Indeedee|Indeedee-F, L50, F|100/100\n|-fieldstart|move: Psychic Terrain|[from] ability: Psychic Surge|[of] p1b: Indeedee\n|-terastallize|p1a: Koraidon|Fire\n|move|p2b: Miraidoff|Protect|p2b: Miraidoff\n|-singleturn|p2b: Miraidoff|Protect\n|move|p2a: Whimsiscott|Tailwind|p2a: Whimsiscott\n|-sidestart|p2: Mopp_Is_Here|move: Tailwind\n|move|p1a: Koraidon|Flare Blitz|p2a: Whimsiscott\n|-supereffective|p2a: Whimsiscott\n|-damage|p2a: Whimsiscott|0 fnt\n|faint|p2a: Whimsiscott\n|-damage|p1a: Koraidon|69/100|[from] Recoil\n|\n|-weather|SunnyDay|[upkeep]\n|upkeep\n|\n|t:|1745980336\n|switch|p2a: Yu-Chi|Chi-Yu, L50|100/100\n|-ability|p2a: Yu-Chi|Beads of Ruin\n|turn|2\n|\n|t:|1745980359\n|switch|p2b: Terrypagos|Terapagos, L50, M|100/100\n|-activate|p2b: Terrypagos|ability: Tera Shift\n|detailschange|p2b: Terrypagos|Terapagos-Terastal, L50, M\n|-heal|p2b: Terrypagos|100/100|[silent]\n|switch|p1a: Thundurus|Thundurus-Therian, L50, M|100/100\n|move|p2a: Yu-Chi|Dark Pulse|p1b: Indeedee\n|-supereffective|p1b: Indeedee\n|-damage|p1b: Indeedee|1/100\n|move|p1b: Indeedee|Trick Room|p1b: Indeedee\n|-fieldstart|move: Trick Room|[of] p1b: Indeedee\n|\n|-weather|SunnyDay|[upkeep]\n|upkeep\n|turn|3\n|\n|t:|1745980377\n|move|p2a: Yu-Chi|Protect|p2a: Yu-Chi\n|-singleturn|p2a: Yu-Chi|Protect\n|move|p1b: Indeedee|Alluring Voice|p2a: Yu-Chi\n|-activate|p2a: Yu-Chi|move: Protect\n|move|p1a: Thundurus|Snarl|p2b: Terrypagos|[spread] p2b\n|-activate|p2a: Yu-Chi|move: Protect\n|-activate|p2b: Terrypagos|ability: Tera Shell\n|-resisted|p2b: Terrypagos\n|-damage|p2b: Terrypagos|93/100\n|-unboost|p2b: Terrypagos|spa|1\n|move|p2b: Terrypagos|Calm Mind|p2b: Terrypagos\n|-boost|p2b: Terrypagos|spa|1\n|-boost|p2b: Terrypagos|spd|1\n|\n|-weather|SunnyDay|[upkeep]\n|-heal|p2b: Terrypagos|99/100|[from] item: Leftovers\n|upkeep\n|turn|4\n|\n|t:|1745980397\n|move|p1a: Thundurus|Snarl|p2a: Yu-Chi|[spread] p2a,p2b\n|-resisted|p2a: Yu-Chi\n|-damage|p2a: Yu-Chi|92/100\n|-damage|p2b: Terrypagos|88/100\n|-unboost|p2a: Yu-Chi|spa|1\n|-unboost|p2b: Terrypagos|spa|1\n|move|p2b: Terrypagos|Calm Mind|p2b: Terrypagos\n|-boost|p2b: Terrypagos|spa|1\n|-boost|p2b: Terrypagos|spd|1\n|move|p2a: Yu-Chi|Heat Wave|p1b: Indeedee|[spread] p1a,p1b\n|-damage|p1a: Thundurus|63/100\n|-damage|p1b: Indeedee|0 fnt\n|faint|p1b: Indeedee\n|\n|-weather|SunnyDay|[upkeep]\n|-heal|p2b: Terrypagos|94/100|[from] item: Leftovers\n|-sideend|p2: Mopp_Is_Here|move: Tailwind\n|upkeep\n|\n|t:|1745980404\n|switch|p1b: Koraidon|Koraidon, L50, tera:Fire|69/100\n|-activate|p1b: Koraidon|ability: Orichalcum Pulse\n|turn|5\n|\n|t:|1745980420\n|move|p2b: Terrypagos|Protect|p2b: Terrypagos\n|-singleturn|p2b: Terrypagos|Protect\n|move|p1a: Thundurus|Snarl|p2a: Yu-Chi|[spread] p2a\n|-activate|p2b: Terrypagos|move: Protect\n|-resisted|p2a: Yu-Chi\n|-damage|p2a: Yu-Chi|83/100\n|-unboost|p2a: Yu-Chi|spa|1\n|move|p2a: Yu-Chi|Dark Pulse|p1b: Koraidon\n|-damage|p1b: Koraidon|40/100\n|cant|p1b: Koraidon|flinch\n|\n|-weather|none\n|-heal|p2b: Terrypagos|99/100|[from] item: Leftovers\n|-fieldend|move: Psychic Terrain\n|upkeep\n|turn|6\n|\n|t:|1745980444\n|-terastallize|p2b: Terrypagos|Stellar\n|detailschange|p2b: Terrypagos|Terapagos-Stellar, L50, M, tera:Stellar\n|-heal|p2b: Terrypagos|99/100|[silent]\n|move|p2b: Terrypagos|Tera Starstorm|p1a: Thundurus|[spread] p1a,p1b\n|-supereffective|p1b: Koraidon\n|-damage|p1a: Thundurus|18/100\n|-damage|p1b: Koraidon|0 fnt\n|faint|p1b: Koraidon\n|move|p1a: Thundurus|Snarl|p2b: Terrypagos|[spread] p2a,p2b\n|-resisted|p2a: Yu-Chi\n|-damage|p2a: Yu-Chi|74/100\n|-damage|p2b: Terrypagos|93/100\n|-unboost|p2a: Yu-Chi|spa|1\n|-unboost|p2b: Terrypagos|spa|1\n|move|p2a: Yu-Chi|Dark Pulse|p1a: Thundurus\n|-damage|p1a: Thundurus|0 fnt\n|faint|p1a: Thundurus\n|\n|-heal|p2b: Terrypagos|99/100|[from] item: Leftovers\n|-fieldend|move: Trick Room\n|upkeep\n|\n|t:|1745980447\n|switch|p1a: Lunala|Lunala, L50|100/100\n|turn|7\n|-message|dyslexikcitten forfeited.\n|\n|win|Mopp_Is_Here\n", "uploadtime": 1745980453, "views": 6, "formatid": "gen9vgc2025regibo3", "rating": null, "private": 0, "password": null}