{"id": "gen9vgc2025regibo3-2353587066", "format": "[Gen 9] VGC 2025 Reg I (Bo3)", "players": ["jermicelli", "AwsoGlitch"], "log": "|j|\u2606jermicelli\n|j|\u2606AwsoGlitch\n|html|<table width=\"100%\"><tr><td align=\"left\">jermicelli</td><td align=\"right\">AwsoGlitch</tr><tr><td align=\"left\"><i class=\"fa fa-circle-o\"></i> <i class=\"fa fa-circle-o\"></i> </td><td align=\"right\"><i class=\"fa fa-circle-o\"></i> <i class=\"fa fa-circle-o\"></i> </tr></table>\n|uhtml|bestof|<h2><strong>Game 1</strong> of <a href=\"/game-bestof3-gen9vgc2025regibo3-2353587065\">a best-of-3</a></h2>\n|t:|1745971502\n|gametype|doubles\n|player|p1|jermicelli|265|1083\n|player|p2|AwsoGlitch|riley|1091\n|teamsize|p1|6\n|teamsize|p2|6\n|gen|9\n|tier|[Gen 9] VGC 2025 Reg I (Bo3)\n|rated|\n|rule|Species Clause: Limit one of each Pok\u00e9mon\n|rule|Item Clause: Limit 1 of each item\n|clearpoke\n|poke|p1|Ursaluna-Bloodmoon, L50, M|\n|poke|p1|Dialga-Origin, L50|\n|poke|p1|Incineroar, L50, M|\n|poke|p1|Calyrex-Ice, L50|\n|poke|p1|Indeedee-F, L50, F|\n|poke|p1|Amoonguss, L50, F|\n|poke|p2|Terapagos, L50, M|\n|poke|p2|Farigiraf, L50, M|\n|poke|p2|Incineroar, L50, M|\n|poke|p2|Calyrex-Ice, L50|\n|poke|p2|Ninetales-Alola, L50, M|\n|poke|p2|Landorus, L50, M|\n|teampreview|4\n|showteam|p1|Ursaluna-Bloodmoon||LifeOrb|MindsEye|EarthPower,HyperVoice,Protect,BloodMoon|||M|||50|,,,,,Ghost]Dialga-Origin||AdamantCrystal|Telepathy|DragonPulse,FlashCannon,Flamethrower,TrickRoom||||||50|,,,,,Fairy]Incineroar||SafetyGoggles|Intimidate|Protect,PartingShot,FakeOut,FlareBlitz|||M|||50|,,,,,Grass]Calyrex-Ice||ClearAmulet|AsOneGlastrier|GlacialLance,Protect,TrickRoom,HighHorsepower||||||50|,,,,,Water]Indeedee-F||PsychicSeed|PsychicSurge|FollowMe,TrickRoom,HelpingHand,ShadowBall|||F|||50|,,,,,Psychic]Amoonguss||Leftovers|Regenerator|SludgeBomb,Spore,RagePowder,Protect|||F|||50|,,,,,Water\n|showteam|p2|Terapagos||Leftovers|TeraShift|Protect,TeraStarstorm,BugBuzz,DarkPulse|||M|||50|,,,,,Stellar]Farigiraf||MentalHerb|ArmorTail|TrickRoom,Endeavor,Psychic,Protect|||M|||50|,,,,,Steel]Incineroar||SafetyGoggles|Intimidate|FakeOut,PartingShot,FlareBlitz,KnockOff|||M|||50|,,,,,Ghost]Calyrex-Ice||CovertCloak|AsOneGlastrier|Protect,GlacialLance,HighHorsepower,Crunch||||||50|,,,,,Grass]Ninetales-Alola||LightClay|SnowWarning|Protect,AuroraVeil,Blizzard,MistyTerrain|||M|||50|,,,,,Grass]Landorus||LifeOrb|SheerForce|EarthPower,Psychic,SludgeWave,Protect|||M|||50|,,,,,Poison\n|inactive|Battle timer is ON: inactive players will automatically lose when time's up. (requested by AwsoGlitch)\n|inactive|jermicelli has 60 seconds left.\n|\n|t:|1745971534\n|start\n|switch|p1a: Bunny|Indeedee-F, L50, F|100/100\n|switch|p1b: Goat|Dialga-Origin, L50|100/100\n|switch|p2a: Calyrex|Calyrex-Ice, L50|100/100\n|switch|p2b: Ninetales|Ninetales-Alola, L50, M|100/100\n|-ability|p2a: Calyrex|As One\n|-ability|p2a: Calyrex|Unnerve\n|-weather|Snowscape|[from] ability: Snow Warning|[of] p2b: Ninetales\n|-fieldstart|move: Psychic Terrain|[from] ability: Psychic Surge|[of] p1a: Bunny\n|-enditem|p1a: Bunny|Psychic Seed\n|-boost|p1a: Bunny|spd|1|[from] item: Psychic Seed\n|turn|1\n|\n|t:|1745971558\n|move|p2a: Calyrex|Protect|p2a: Calyrex\n|-singleturn|p2a: Calyrex|Protect\n|move|p1a: Bunny|Follow Me|p1a: Bunny\n|-singleturn|p1a: Bunny|move: Follow Me\n|move|p2b: Ninetales|Aurora Veil|p2b: Ninetales\n|-sidestart|p2: AwsoGlitch|move: Aurora Veil\n|move|p1b: Goat|Trick Room|p1b: Goat\n|-fieldstart|move: Trick Room|[of] p1b: Goat\n|\n|-weather|Snowscape|[upkeep]\n|upkeep\n|turn|2\n|\n|t:|1745971580\n|move|p2a: Calyrex|Glacial Lance|p1b: Goat|[spread] p1a,p1b\n|-damage|p1a: Bunny|44/100\n|-damage|p1b: Goat|59/100\n|move|p1a: Bunny|Shadow Ball|p2a: Calyrex\n|-supereffective|p2a: Calyrex\n|-damage|p2a: Calyrex|83/100\n|move|p1b: Goat|Flash Cannon|p2a: Calyrex\n|-supereffective|p2a: Calyrex\n|-damage|p2a: Calyrex|35/100\n|move|p2b: Ninetales|Misty Terrain|p2b: Ninetales\n|-fieldstart|move: Misty Terrain\n|\n|-weather|Snowscape|[upkeep]\n|upkeep\n|turn|3\n|inactive|jermicelli has 30 seconds left.\n|\n|t:|1745971605\n|switch|p2a: Farigiraf|Farigiraf, L50, M|100/100\n|switch|p1a: Horse|Calyrex-Ice, L50|100/100\n|-ability|p1a: Horse|As One\n|-ability|p1a: Horse|Unnerve\n|move|p1b: Goat|Flash Cannon|p2b: Ninetales\n|-supereffective|p2b: Ninetales\n|-damage|p2b: Ninetales|0 fnt\n|faint|p2b: Ninetales\n|\n|-weather|Snowscape|[upkeep]\n|upkeep\n|\n|t:|1745971609\n|switch|p2b: Calyrex|Calyrex-Ice, L50|35/100\n|-ability|p2b: Calyrex|As One\n|-ability|p2b: Calyrex|Unnerve\n|turn|4\n|inactive|jermicelli has 30 seconds left.\n|inactive|jermicelli has 20 seconds left.\n|inactive|jermicelli has 15 seconds left.\n|\n|t:|1745971650\n|move|p2b: Calyrex|Protect|p2b: Calyrex\n|-singleturn|p2b: Calyrex|Protect\n|move|p1a: Horse|High Horsepower|p2a: Farigiraf\n|-damage|p2a: Farigiraf|80/100\n|move|p2a: Farigiraf|Psychic|p1b: Goat\n|-resisted|p1b: Goat\n|-damage|p1b: Goat|46/100\n|move|p1b: Goat|Flash Cannon|p2a: Farigiraf\n|-damage|p2a: Farigiraf|41/100\n|\n|-weather|Snowscape|[upkeep]\n|upkeep\n|turn|5\n|\n|t:|1745971673\n|-terastallize|p2b: Calyrex|Grass\n|move|p1a: Horse|Glacial Lance|p2b: Calyrex|[spread] p2a,p2b\n|-supereffective|p2b: Calyrex\n|-damage|p2a: Farigiraf|14/100\n|-damage|p2b: Calyrex|0 fnt\n|faint|p2b: Calyrex\n|-ability|p1a: Horse|Chilling Neigh|boost\n|-boost|p1a: Horse|atk|1\n|move|p2a: Farigiraf|Endeavor|p1a: Horse\n|-damage|p1a: Horse|16/100\n|move|p1b: Goat|Flash Cannon|p2a: Farigiraf\n|-damage|p2a: Farigiraf|0 fnt\n|faint|p2a: Farigiraf\n|\n|-weather|none\n|-fieldend|move: Trick Room\n|upkeep\n|\n|t:|1745971677\n|switch|p2b: Terapagos|Terapagos, L50, M|100/100\n|-activate|p2b: Terapagos|ability: Tera Shift\n|detailschange|p2b: Terapagos|Terapagos-Terastal, L50, M\n|-heal|p2b: Terapagos|100/100|[silent]\n|turn|6\n|\n|t:|1745971696\n|move|p1a: Horse|Protect|p1a: Horse\n|-singleturn|p1a: Horse|Protect\n|move|p2b: Terapagos|Tera Starstorm|p1a: Horse\n|-activate|p1a: Horse|move: Protect\n|move|p1b: Goat|Trick Room|p1b: Goat\n|-fieldstart|move: Trick Room|[of] p1b: Goat\n|\n|-fieldend|Misty Terrain\n|upkeep\n|turn|7\n|\n|t:|1745971711\n|move|p1a: Horse|High Horsepower|p2b: Terapagos\n|-activate|p2b: Terapagos|ability: Tera Shell\n|-resisted|p2b: Terapagos\n|-crit|p2b: Terapagos\n|-damage|p2b: Terapagos|61/100\n|move|p1b: Goat|Dragon Pulse|p2b: Terapagos\n|-damage|p2b: Terapagos|29/100\n|move|p2b: Terapagos|Tera Starstorm|p1a: Horse\n|-damage|p1a: Horse|0 fnt\n|faint|p1a: Horse\n|\n|-heal|p2b: Terapagos|35/100|[from] item: Leftovers\n|upkeep\n|\n|t:|1745971723\n|switch|p1a: Bear|Ursaluna-Bloodmoon, L50, M|100/100\n|turn|8\n|\n|t:|1745971744\n|move|p1a: Bear|Protect|p1a: Bear\n|-singleturn|p1a: Bear|Protect\n|move|p1b: Goat|Dragon Pulse|p2b: Terapagos\n|-damage|p2b: Terapagos|0 fnt\n|faint|p2b: Terapagos\n|\n|win|jermicelli\n||AwsoGlitch is ready for game 2.\n", "uploadtime": 1745971752, "views": 7, "formatid": "gen9vgc2025regibo3", "rating": null, "private": 0, "password": null}