{"id": "gen9vgc2025regibo3-2353642715", "format": "[Gen 9] VGC 2025 Reg I (Bo3)", "players": ["mr giri", "stewiegriffin999"], "log": "|j|\u2606mr giri\n|j|\u2606stewiegriffin999\n|html|<table width=\"100%\"><tr><td align=\"left\">mr giri</td><td align=\"right\">stewiegriffin999</tr><tr><td align=\"left\"><i class=\"fa fa-circle-o\"></i> <i class=\"fa fa-circle-o\"></i> </td><td align=\"right\"><i class=\"fa fa-circle-o\"></i> <i class=\"fa fa-circle-o\"></i> </tr></table>\n|uhtml|bestof|<h2><strong>Game 1</strong> of <a href=\"/game-bestof3-gen9vgc2025regibo3-2353642714\">a best-of-3</a></h2>\n|t:|1745978101\n|gametype|doubles\n|player|p1|mr giri|blue|\n|player|p2|stewiegriffin999|gambler|\n|teamsize|p1|6\n|teamsize|p2|6\n|gen|9\n|tier|[Gen 9] VGC 2025 Reg I (Bo3)\n|rule|Species Clause: Limit one of each Pok\u00e9mon\n|rule|Item Clause: Limit 1 of each item\n|clearpoke\n|poke|p1|Koraidon, L50|\n|poke|p1|Calyrex-Shadow, L50|\n|poke|p1|Chi-Yu, L50|\n|poke|p1|Weezing-Galar, L50, M|\n|poke|p1|Dondozo, L50, M|\n|poke|p1|Tatsugiri-Droopy, L50, F|\n|poke|p2|Ho-Oh, L50|\n|poke|p2|Armarouge, L50, F|\n|poke|p2|Ting-Lu, L50|\n|poke|p2|Koraidon, L50|\n|poke|p2|Ogerpon-Cornerstone, L50, F|\n|poke|p2|Iron Crown, L50|\n|teampreview|4\n|showteam|p1|Koraidon||AbilityShield|OrichalcumPulse|CollisionCourse,FlameCharge,FlareBlitz,Protect||||||50|,,,,,Fire]Calyrex-Shadow||FocusSash|AsOneSpectrier|AstralBarrage,Psychic,NastyPlot,Protect||||||50|,,,,,Ghost]Chi-Yu||ChoiceScarf|BeadsofRuin|DarkPulse,Snarl,HeatWave,Overheat||||||50|,,,,,Ghost]Weezing-Galar||CovertCloak|NeutralizingGas|ToxicSpikes,StrangeSteam,Taunt,Protect|||M|||50|,,,,,Dark]Dondozo||Leftovers|Unaware|Earthquake,OrderUp,BodyPress,Protect|||M|||50|,,,,,Grass]Tatsugiri-Droopy||RockyHelmet|Commander|MuddyWater,DracoMeteor,HelpingHand,Protect|||F|||50|,,,,,Ghost\n|showteam|p2|Ho-Oh||SafetyGoggles|Regenerator|Tailwind,Protect,SacredFire,BraveBird||||||50|,,,,,Dragon]Armarouge||CovertCloak|FlashFire|HeatWave,TrickRoom,WideGuard,ClearSmog|||F|||50|,,,,,Grass]Ting-Lu||Leftovers|VesselofRuin|Ruination,Bulldoze,Protect,LashOut||||||50|,,,,,Poison]Koraidon||ClearAmulet|OrichalcumPulse|CollisionCourse,FlareBlitz,Protect,Taunt||||||50|,,,,,Fire]Ogerpon-Cornerstone||CornerstoneMask|Sturdy|IvyCudgel,PowerWhip,FollowMe,SpikyShield|||F|||50|,,,,,Rock]Iron Crown||BoosterEnergy|QuarkDrive|TeraBlast,TachyonCutter,CalmMind,Protect||||||50|,,,,,Ground\n|inactive|Battle timer is ON: inactive players will automatically lose when time's up. (requested by mr giri)\n|\n|t:|1745978123\n|start\n|switch|p1a: Calyrex|Calyrex-Shadow, L50|100/100\n|switch|p1b: Tatsugiri|Tatsugiri-Droopy, L50, F, shiny|100/100\n|switch|p2a: Ting-Lu|Ting-Lu, L50|100/100\n|switch|p2b: Ho-Oh|Ho-Oh, L50|100/100\n|-ability|p1a: Calyrex|As One\n|-ability|p1a: Calyrex|Unnerve\n|-ability|p2a: Ting-Lu|Vessel of Ruin\n|turn|1\n|inactive|stewiegriffin999 has 30 seconds left.\n|inactive|mr giri has 30 seconds left.\n|inactive|stewiegriffin999 has 20 seconds left.\n|inactive|mr giri has 20 seconds left.\n|\n|t:|1745978164\n|move|p2a: Ting-Lu|Protect|p2a: Ting-Lu\n|-singleturn|p2a: Ting-Lu|Protect\n|move|p1a: Calyrex|Astral Barrage|p2b: Ho-Oh|[spread] p2b\n|-activate|p2a: Ting-Lu|move: Protect\n|-damage|p2b: Ho-Oh|76/100\n|move|p2b: Ho-Oh|Brave Bird|p1b: Tatsugiri\n|-damage|p1b: Tatsugiri|35/100\n|-damage|p2b: Ho-Oh|60/100|[from] item: Rocky Helmet|[of] p1b: Tatsugiri\n|-damage|p2b: Ho-Oh|41/100|[from] Recoil\n|move|p1b: Tatsugiri|Muddy Water|p2a: Ting-Lu|[spread] p2b\n|-activate|p2a: Ting-Lu|move: Protect\n|-supereffective|p2b: Ho-Oh\n|-damage|p2b: Ho-Oh|13/100\n|\n|upkeep\n|turn|2\n|inactive|stewiegriffin999 has 30 seconds left.\n|inactive|stewiegriffin999 has 20 seconds left.\n|\n|t:|1745978201\n|switch|p2b: Ogerpon|Ogerpon-Cornerstone, L50, F|100/100\n|move|p1a: Calyrex|Astral Barrage|p2b: Ogerpon|[spread] p2a,p2b\n|-resisted|p2a: Ting-Lu\n|-damage|p2a: Ting-Lu|86/100\n|-damage|p2b: Ogerpon|48/100\n|move|p1b: Tatsugiri|Muddy Water|p2a: Ting-Lu|[spread] p2b\n|-miss|p1b: Tatsugiri|p2a: Ting-Lu\n|-damage|p2b: Ogerpon|23/100\n|move|p2a: Ting-Lu|Lash Out|p1a: Calyrex\n|-supereffective|p1a: Calyrex\n|-enditem|p1a: Calyrex|Focus Sash\n|-damage|p1a: Calyrex|1/100\n|\n|-heal|p2a: Ting-Lu|93/100|[from] item: Leftovers\n|upkeep\n|turn|3\n|inactive|mr giri has 30 seconds left.\n|inactive|stewiegriffin999 has 30 seconds left.\n|\n|t:|1745978229\n|switch|p1a: Koraidon|Koraidon, L50|100/100\n|-weather|SunnyDay|[from] ability: Orichalcum Pulse|[of] p1a: Koraidon\n|-activate|p1a: Koraidon|Orichalcum Pulse|[source]\n|move|p2b: Ogerpon|Spiky Shield|p2b: Ogerpon\n|-singleturn|p2b: Ogerpon|move: Protect\n|move|p1b: Tatsugiri|Draco Meteor|p2b: Ogerpon\n|-activate|p2b: Ogerpon|move: Protect\n|move|p2a: Ting-Lu|Bulldoze|p1b: Tatsugiri|[spread] p1a,p1b\n|-activate|p2b: Ogerpon|move: Protect\n|-crit|p1a: Koraidon\n|-damage|p1a: Koraidon|75/100\n|-damage|p1b: Tatsugiri|15/100\n|-unboost|p1a: Koraidon|spe|1\n|-unboost|p1b: Tatsugiri|spe|1\n|\n|-weather|SunnyDay|[upkeep]\n|-heal|p2a: Ting-Lu|99/100|[from] item: Leftovers\n|upkeep\n|turn|4\n|inactive|stewiegriffin999 has 30 seconds left.\n|inactive|stewiegriffin999 has 20 seconds left.\n|inactive|stewiegriffin999 has 15 seconds left.\n|\n|t:|1745978272\n|switch|p2a: Armarouge|Armarouge, L50, F|100/100\n|move|p2b: Ogerpon|Ivy Cudgel|p1b: Tatsugiri|[anim] Ivy Cudgel Rock\n|-crit|p1b: Tatsugiri\n|-damage|p1b: Tatsugiri|0 fnt\n|faint|p1b: Tatsugiri\n|move|p1a: Koraidon|Flame Charge|p2b: Ogerpon\n|-damage|p2b: Ogerpon|0 fnt\n|-boost|p1a: Koraidon|spe|1\n|faint|p2b: Ogerpon\n|\n|-weather|SunnyDay|[upkeep]\n|upkeep\n|inactive|stewiegriffin999 has 30 seconds left.\n|inactive|stewiegriffin999 has 20 seconds left.\n|\n|t:|1745978311\n|switch|p2b: Ho-Oh|Ho-Oh, L50|46/100\n|switch|p1b: Chi-Yu|Chi-Yu, L50|100/100\n|-ability|p1b: Chi-Yu|Beads of Ruin\n|turn|5\n|inactive|stewiegriffin999 has 30 seconds left.\n|inactive|stewiegriffin999 has 20 seconds left.\n|\n|t:|1745978351\n|switch|p2a: Ting-Lu|Ting-Lu, L50|99/100\n|-ability|p2a: Ting-Lu|Vessel of Ruin\n|-terastallize|p1a: Koraidon|Fire\n|move|p1b: Chi-Yu|Dark Pulse|p2a: Ting-Lu\n|-resisted|p2a: Ting-Lu\n|-damage|p2a: Ting-Lu|84/100\n|move|p1a: Koraidon|Flare Blitz|p2b: Ho-Oh\n|-resisted|p2b: Ho-Oh\n|-damage|p2b: Ho-Oh|0 fnt\n|faint|p2b: Ho-Oh\n|-damage|p1a: Koraidon|57/100|[from] Recoil\n|\n|-weather|SunnyDay|[upkeep]\n|-heal|p2a: Ting-Lu|90/100|[from] item: Leftovers\n|upkeep\n|\n|t:|1745978360\n|switch|p2b: Armarouge|Armarouge, L50, F|100/100\n|turn|6\n|\n|t:|1745978372\n|-terastallize|p2b: Armarouge|Grass\n|move|p2a: Ting-Lu|Protect|p2a: Ting-Lu\n|-singleturn|p2a: Ting-Lu|Protect\n|move|p1b: Chi-Yu|Dark Pulse|p2a: Ting-Lu\n|-activate|p2a: Ting-Lu|move: Protect\n|move|p1a: Koraidon|Collision Course|p2a: Ting-Lu\n|-activate|p2a: Ting-Lu|move: Protect\n|move|p2b: Armarouge|Trick Room|p2b: Armarouge\n|-fieldstart|move: Trick Room|[of] p2b: Armarouge\n|\n|-weather|SunnyDay|[upkeep]\n|-heal|p2a: Ting-Lu|96/100|[from] item: Leftovers\n|upkeep\n|turn|7\n|inactive|mr giri has 30 seconds left.\n|inactive|stewiegriffin999 has 30 seconds left.\n|\n|t:|1745978401\n|move|p2a: Ting-Lu|Lash Out|p1a: Koraidon\n|-damage|p1a: Koraidon|31/100\n|move|p2b: Armarouge|Heat Wave|p1a: Koraidon|[spread] p1a,p1b\n|-resisted|p1a: Koraidon\n|-resisted|p1b: Chi-Yu\n|-damage|p1a: Koraidon|7/100\n|-damage|p1b: Chi-Yu|78/100\n|move|p1a: Koraidon|Collision Course|p2a: Ting-Lu\n|-supereffective|p2a: Ting-Lu\n|-damage|p2a: Ting-Lu|0 fnt\n|faint|p2a: Ting-Lu\n|move|p1b: Chi-Yu|Dark Pulse|p2b: Armarouge\n|-damage|p2b: Armarouge|36/100\n|\n|-weather|none\n|upkeep\n|turn|8\n|\n|t:|1745978411\n|move|p1a: Koraidon|Protect|p1a: Koraidon\n|-singleturn|p1a: Koraidon|Protect\n|move|p2b: Armarouge|Heat Wave|p1a: Koraidon|[spread] p1b\n|-activate|p1a: Koraidon|move: Protect\n|-resisted|p1b: Chi-Yu\n|-damage|p1b: Chi-Yu|59/100\n|move|p1b: Chi-Yu|Dark Pulse|p2b: Armarouge\n|-damage|p2b: Armarouge|0 fnt\n|faint|p2b: Armarouge\n|\n|win|mr giri\n||mr giri is ready for game 2.\n||mr giri is ready for game 2.\n||stewiegriffin999 is ready for game 2.\n|uhtml|next|Next: <a href=\"/battle-gen9vgc2025regibo3-2353645311\"><strong>Game 2 of 3</strong></a>\n|l|\u2606mr giri\n|player|p1|\n|l|\u2606stewiegriffin999\n|player|p2|\n", "uploadtime": 1745978712, "views": 6, "formatid": "gen9vgc2025regibo3", "rating": null, "private": 0, "password": null}