{"id": "gen9vgc2025regibo3-2354863838", "format": "[Gen 9] VGC 2025 Reg I (Bo3)", "players": ["MarceloCe13", "Ziik"], "log": "|j|\u2606MarceloCe13\n|j|\u2606Ziik\n|html|<table width=\"100%\"><tr><td align=\"left\">MarceloCe13</td><td align=\"right\">Ziik</tr><tr><td align=\"left\"><i class=\"fa fa-circle\"></i> <i class=\"fa fa-circle-o\"></i> </td><td align=\"right\"><i class=\"fa fa-circle-o\"></i> <i class=\"fa fa-circle\"></i> </tr></table>\n|uhtml|bestof|<h2><strong>Game 3</strong> of <a href=\"/game-bestof3-gen9vgc2025regibo3-2354857168\">a best-of-3</a></h2>\n|t:|1746126420\n|gametype|doubles\n|player|p1|MarceloCe13|170|1153\n|player|p2|Ziik|psychic|1146\n|teamsize|p1|6\n|teamsize|p2|6\n|gen|9\n|tier|[Gen 9] VGC 2025 Reg I (Bo3)\n|rated|\n|rule|Species Clause: Limit one of each Pok\u00e9mon\n|rule|Item Clause: Limit 1 of each item\n|clearpoke\n|poke|p1|Miraidon, L50|\n|poke|p1|Calyrex-Ice, L50|\n|poke|p1|Iron Hands, L50|\n|poke|p1|Urshifu-*, L50, F|\n|poke|p1|Ogerpon-Cornerstone, L50, F|\n|poke|p1|Incineroar, L50, F|\n|poke|p2|Chien-Pao, L50|\n|poke|p2|Flutter Mane, L50|\n|poke|p2|Gouging Fire, L50|\n|poke|p2|Koraidon, L50|\n|poke|p2|Lunala, L50|\n|poke|p2|Whimsicott, L50, F|\n|teampreview|4\n|showteam|p1|Miraidon||ChoiceSpecs|HadronEngine|ElectroDrift,DracoMeteor,VoltSwitch,DazzlingGleam||||||50|,,,,,Fairy]Calyrex-Ice||ClearAmulet|AsOneGlastrier|GlacialLance,HighHorsepower,TrickRoom,Protect||||||50|,,,,,Water]Iron Hands||AssaultVest|QuarkDrive|DrainPunch,LowKick,WildCharge,FakeOut||||||50|,,,,,Bug]Urshifu-Rapid-Strike||ChoiceScarf|UnseenFist|SurgingStrikes,CloseCombat,Coaching,Uturn|||F|||50|,,,,,Water]Ogerpon-Cornerstone||CornerstoneMask|Sturdy|IvyCudgel,Encore,FollowMe,SpikyShield|||F|||50|,,,,,Rock]Incineroar||RockyHelmet|Intimidate|KnockOff,FakeOut,WillOWisp,PartingShot|||F|||50|,,,,,Bug\n|showteam|p2|Chien-Pao||FocusSash|SwordofRuin|Protect,SuckerPunch,SacredSword,IceSpinner||||||50|,,,,,Ghost]Flutter Mane||BoosterEnergy|Protosynthesis|Protect,IcyWind,Moonblast,Taunt||||||50|,,,,,Normal]Gouging Fire||ClearAmulet|Protosynthesis|BurningBulwark,Howl,Crunch,FlareBlitz||||||50|,,,,,Fairy]Koraidon||LifeOrb|OrichalcumPulse|Protect,BreakingSwipe,FlareBlitz,CloseCombat||||||50|,,,,,Fire]Lunala||PowerHerb|ShadowShield|MeteorBeam,MoongeistBeam,ExpandingForce,WideGuard||||||50|,,,,,Fairy]Whimsicott||CovertCloak|Prankster|Tailwind,LightScreen,Encore,Moonblast|||F|||50|,,,,,Dark\n|\n|t:|1746126434\n|start\n|switch|p1a: Calyrex|Calyrex-Ice, L50|100/100\n|switch|p1b: Ogerpon|Ogerpon-Cornerstone, L50, F|100/100\n|switch|p2a: Flutter Mane|Flutter Mane, L50|100/100\n|switch|p2b: Whimsicott|Whimsicott, L50, F|100/100\n|-ability|p1a: Calyrex|As One\n|-ability|p1a: Calyrex|Unnerve\n|-enditem|p2a: Flutter Mane|Booster Energy\n|-activate|p2a: Flutter Mane|ability: Protosynthesis|[fromitem]\n|-start|p2a: Flutter Mane|protosynthesisspe\n|turn|1\n|inactive|Battle timer is ON: inactive players will automatically lose when time's up. (requested by MarceloCe13)\n|inactive|MarceloCe13 has 60 seconds left.\n|\n|t:|1746126467\n|move|p2a: Flutter Mane|Taunt|p1a: Calyrex\n|-start|p1a: Calyrex|move: Taunt\n|move|p2b: Whimsicott|Moonblast|p1b: Ogerpon\n|-damage|p1b: Ogerpon|71/100\n|-unboost|p1b: Ogerpon|spa|1\n|move|p1b: Ogerpon|Ivy Cudgel|p2a: Flutter Mane|[anim] Ivy Cudgel Rock\n|-damage|p2a: Flutter Mane|22/100\n|move|p1a: Calyrex|Glacial Lance|p2b: Whimsicott|[spread] p2a,p2b\n|-supereffective|p2b: Whimsicott\n|-damage|p2a: Flutter Mane|0 fnt\n|-damage|p2b: Whimsicott|0 fnt\n|faint|p2a: Flutter Mane\n|-end|p2a: Flutter Mane|Protosynthesis|[silent]\n|faint|p2b: Whimsicott\n|-ability|p1a: Calyrex|Chilling Neigh|boost\n|-boost|p1a: Calyrex|atk|2\n|\n|upkeep\n|\n|t:|1746126482\n|switch|p2a: Lunala|Lunala, L50|100/100\n|switch|p2b: Koraidon|Koraidon, L50|100/100\n|-weather|SunnyDay|[from] ability: Orichalcum Pulse|[of] p2b: Koraidon\n|-activate|p2b: Koraidon|Orichalcum Pulse|[source]\n|turn|2\n|inactive|MarceloCe13 has 30 seconds left.\n|inactive|Ziik has 30 seconds left.\n|\n|t:|1746126513\n|-terastallize|p2b: Koraidon|Fire\n|-terastallize|p1a: Calyrex|Water\n|move|p1b: Ogerpon|Follow Me|p1b: Ogerpon\n|-singleturn|p1b: Ogerpon|move: Follow Me\n|move|p2b: Koraidon|Close Combat|p1b: Ogerpon\n|-supereffective|p1b: Ogerpon\n|-damage|p1b: Ogerpon|0 fnt\n|-unboost|p2b: Koraidon|def|1\n|-unboost|p2b: Koraidon|spd|1\n|faint|p1b: Ogerpon\n|-damage|p2b: Koraidon|91/100|[from] item: Life Orb\n|move|p2a: Lunala|Meteor Beam||[still]\n|-prepare|p2a: Lunala|Meteor Beam\n|-boost|p2a: Lunala|spa|1\n|-enditem|p2a: Lunala|Power Herb\n|-anim|p2a: Lunala|Meteor Beam|p1a: Calyrex|[miss]\n|-miss|p2a: Lunala|p1a: Calyrex\n|move|p1a: Calyrex|High Horsepower|p2a: Lunala\n|-damage|p2a: Lunala|68/100\n|\n|-weather|SunnyDay|[upkeep]\n|upkeep\n|inactive|MarceloCe13 has 30 seconds left.\n|\n|t:|1746126538\n|switch|p1b: Incineroar|Incineroar, L50, F|100/100\n|-ability|p1b: Incineroar|Intimidate|boost\n|-unboost|p2a: Lunala|atk|1\n|-unboost|p2b: Koraidon|atk|1\n|turn|3\n|\n|t:|1746126553\n|move|p2b: Koraidon|Protect|p2b: Koraidon\n|-singleturn|p2b: Koraidon|Protect\n|move|p1b: Incineroar|Fake Out|p2b: Koraidon\n|-activate|p2b: Koraidon|move: Protect\n|move|p2a: Lunala|Moongeist Beam|p1a: Calyrex\n|-damage|p1a: Calyrex|46/100\n|move|p1a: Calyrex|High Horsepower|p2a: Lunala\n|-damage|p2a: Lunala|3/100\n|\n|-weather|SunnyDay|[upkeep]\n|-end|p1a: Calyrex|move: Taunt\n|upkeep\n|turn|4\n|inactive|MarceloCe13 has 30 seconds left.\n|inactive|MarceloCe13 has 20 seconds left.\n|inactive|MarceloCe13 has 15 seconds left.\n|inactive|MarceloCe13 has 10 seconds left.\n|inactive|MarceloCe13 has 5 seconds left.\n|\n|t:|1746126603\n|switch|p1b: Iron Hands|Iron Hands, L50|100/100\n|move|p1a: Calyrex|Protect|p1a: Calyrex\n|-singleturn|p1a: Calyrex|Protect\n|move|p2b: Koraidon|Close Combat|p1b: Iron Hands\n|-damage|p1b: Iron Hands|43/100\n|-unboost|p2b: Koraidon|def|1\n|-unboost|p2b: Koraidon|spd|1\n|-damage|p2b: Koraidon|81/100|[from] item: Life Orb\n|move|p2a: Lunala|Moongeist Beam|p1a: Calyrex\n|-activate|p1a: Calyrex|move: Protect\n|\n|-weather|SunnyDay|[upkeep]\n|upkeep\n|turn|5\n|inactive|MarceloCe13 has 30 seconds left.\n|inactive|MarceloCe13 has 20 seconds left.\n|inactive|MarceloCe13 has 15 seconds left.\n|\n|t:|1746126647\n|switch|p1a: Incineroar|Incineroar, L50, F|100/100\n|-ability|p1a: Incineroar|Intimidate|boost\n|-unboost|p2a: Lunala|atk|1\n|-unboost|p2b: Koraidon|atk|1\n|move|p2b: Koraidon|Protect|p2b: Koraidon\n|-singleturn|p2b: Koraidon|Protect\n|move|p2a: Lunala|Moongeist Beam|p1a: Incineroar\n|-resisted|p1a: Incineroar\n|-damage|p1a: Incineroar|69/100\n|move|p1b: Iron Hands|Wild Charge|p2a: Lunala\n|-damage|p2a: Lunala|0 fnt\n|faint|p2a: Lunala\n|-damage|p1b: Iron Hands|42/100|[from] Recoil\n|\n|-weather|SunnyDay|[upkeep]\n|upkeep\n|turn|6\n|\n|t:|1746126669\n|move|p1a: Incineroar|Fake Out|p2b: Koraidon\n|-damage|p2b: Koraidon|61/100\n|cant|p2b: Koraidon|flinch\n|move|p1b: Iron Hands|Low Kick|p2b: Koraidon\n|-damage|p2b: Koraidon|0 fnt\n|faint|p2b: Koraidon\n|\n|win|MarceloCe13\n|raw|MarceloCe13's rating: 1153 &rarr; <strong>1177</strong><br />(+24 for winning)\n|raw|Ziik's rating: 1146 &rarr; <strong>1122</strong><br />(-24 for losing)\n", "uploadtime": 1746126677, "views": 6, "formatid": "gen9vgc2025regibo3", "rating": 1122, "private": 0, "password": null}