{"id": "gen9vgc2025regibo3-2353600837", "format": "[Gen 9] VGC 2025 Reg I (Bo3)", "players": ["faewhim", "L0cUsT"], "log": "|j|\u2606faewhim\n|j|\u2606L0cUsT\n|html|<table width=\"100%\"><tr><td align=\"left\">faewhim</td><td align=\"right\">L0cUsT</tr><tr><td align=\"left\"><i class=\"fa fa-circle\"></i> <i class=\"fa fa-circle-o\"></i> </td><td align=\"right\"><i class=\"fa fa-circle-o\"></i> <i class=\"fa fa-circle\"></i> </tr></table>\n|uhtml|bestof|<h2><strong>Game 3</strong> of <a href=\"/game-bestof3-gen9vgc2025regibo3-2353596786\">a best-of-3</a></h2>\n|t:|1745973111\n|gametype|doubles\n|player|p1|faewhim|caitlin|1138\n|player|p2|L0cUsT|102|1144\n|teamsize|p1|6\n|teamsize|p2|6\n|gen|9\n|tier|[Gen 9] VGC 2025 Reg I (Bo3)\n|rated|\n|rule|Species Clause: Limit one of each Pok\u00e9mon\n|rule|Item Clause: Limit 1 of each item\n|clearpoke\n|poke|p1|Groudon, L50|\n|poke|p1|Lunala, L50|\n|poke|p1|Roaring Moon, L50|\n|poke|p1|Sableye, L50, F|\n|poke|p1|Ogerpon-Hearthflame, L50, F|\n|poke|p1|Raging Bolt, L50|\n|poke|p2|Zamazenta-*, L50|\n|poke|p2|Calyrex-Shadow, L50|\n|poke|p2|Raging Bolt, L50|\n|poke|p2|Chien-Pao, L50|\n|poke|p2|Amoonguss, L50, F|\n|poke|p2|Urshifu-*, L50, M|\n|teampreview|4\n|showteam|p1|Groudon||ClearAmulet|Drought|SwordsDance,PrecipiceBlades,FirePunch,Protect||||||50|,,,,,Fire]Lunala||Leftovers|ShadowShield|Moonblast,MoongeistBeam,TrickRoom,Hypnosis||||||50|,,,,,Fairy]Roaring Moon||BoosterEnergy|Protosynthesis|Tailwind,KnockOff,Acrobatics,Protect||||||50|,,,,,Flying]Sableye||RockyHelmet|Prankster|FakeOut,Gravity,FoulPlay,Quash|||F|||50|,,,,,Steel]Ogerpon-Hearthflame||HearthflameMask|MoldBreaker|FollowMe,IvyCudgel,WoodHammer,SpikyShield|||F|||50|,,,,,Fire]Raging Bolt||AssaultVest|Protosynthesis|Thunderclap,Thunderbolt,DracoMeteor,Snarl||||||50|,,,,,Fairy\n|showteam|p2|Zamazenta-Crowned||RustedShield|DauntlessShield|BodyPress,behemothbash,WideGuard,Protect||||||50|,,,,,Dragon]Calyrex-Shadow||FocusSash|AsOneSpectrier|AstralBarrage,Psychic,Encore,Protect||||||50|,,,,,Ghost]Raging Bolt||AssaultVest|Protosynthesis|Thunderclap,Electroweb,Snarl,DracoMeteor||||||50|,,,,,Fairy]Chien-Pao||LifeOrb|SwordofRuin|IceSpinner,SuckerPunch,ThroatChop,Protect||||||50|,,,,,Stellar]Amoonguss||RockyHelmet|Regenerator|SludgeBomb,Spore,RagePowder,Protect|||F|||50|,,,,,Water]Urshifu-Rapid-Strike||ChoiceScarf|UnseenFist|SurgingStrikes,CloseCombat,AquaJet,Uturn|||M|||50|,,,,,Water\n|inactive|Battle timer is ON: inactive players will automatically lose when time's up. (requested by L0cUsT)\n|inactive|faewhim has 60 seconds left.\n|\n|t:|1745973159\n|start\n|switch|p1a: Ogerpon|Ogerpon-Hearthflame, L50, F|100/100\n|switch|p1b: Roaring Moon|Roaring Moon, L50|100/100\n|switch|p2a: Calyrex|Calyrex-Shadow, L50|100/100\n|switch|p2b: Amoonguss|Amoonguss, L50, F|100/100\n|-ability|p2a: Calyrex|As One\n|-ability|p2a: Calyrex|Unnerve\n|-ability|p1a: Ogerpon|Mold Breaker\n|-enditem|p1b: Roaring Moon|Booster Energy\n|-activate|p1b: Roaring Moon|ability: Protosynthesis|[fromitem]\n|-start|p1b: Roaring Moon|protosynthesisspe\n|turn|1\n|inactive|faewhim has 30 seconds left.\n|\n|t:|1745973194\n|switch|p2a: Chien-Pao|Chien-Pao, L50|100/100\n|-ability|p2a: Chien-Pao|Sword of Ruin\n|move|p2b: Amoonguss|Protect|p2b: Amoonguss\n|-singleturn|p2b: Amoonguss|Protect\n|move|p1b: Roaring Moon|Tailwind|p1b: Roaring Moon\n|-sidestart|p1: faewhim|move: Tailwind\n|move|p1a: Ogerpon|Wood Hammer|p2b: Amoonguss\n|-activate|p2b: Amoonguss|move: Protect\n|\n|upkeep\n|turn|2\n|inactive|faewhim has 30 seconds left.\n|\n|t:|1745973233\n|-terastallize|p1b: Roaring Moon|Flying\n|-terastallize|p2a: Chien-Pao|Stellar\n|move|p2b: Amoonguss|Rage Powder|p2b: Amoonguss\n|-singleturn|p2b: Amoonguss|move: Rage Powder\n|move|p1b: Roaring Moon|Acrobatics|p2b: Amoonguss\n|-supereffective|p2b: Amoonguss\n|-damage|p2b: Amoonguss|0 fnt\n|-damage|p1b: Roaring Moon|84/100|[from] item: Rocky Helmet|[of] p2b: Amoonguss\n|faint|p2b: Amoonguss\n|move|p1a: Ogerpon|Ivy Cudgel|p2a: Chien-Pao|[anim] Ivy Cudgel Fire\n|-supereffective|p2a: Chien-Pao\n|-crit|p2a: Chien-Pao\n|-damage|p2a: Chien-Pao|0 fnt\n|faint|p2a: Chien-Pao\n|\n|upkeep\n|\n|t:|1745973247\n|switch|p2a: Calyrex|Calyrex-Shadow, L50|100/100\n|switch|p2b: Zamazenta|Zamazenta-Crowned, L50|100/100\n|-ability|p2a: Calyrex|As One\n|-ability|p2a: Calyrex|Unnerve\n|-ability|p2b: Zamazenta|Dauntless Shield|boost\n|-boost|p2b: Zamazenta|def|1\n|turn|3\n|\n|t:|1745973258\n|move|p2a: Calyrex|Protect|p2a: Calyrex\n|-singleturn|p2a: Calyrex|Protect\n|move|p1b: Roaring Moon|Knock Off|p2a: Calyrex\n|-activate|p2a: Calyrex|move: Protect\n|move|p1a: Ogerpon|Ivy Cudgel|p2a: Calyrex|[anim] Ivy Cudgel Fire\n|-activate|p2a: Calyrex|move: Protect\n|move|p2b: Zamazenta|Body Press|p1b: Roaring Moon\n|-resisted|p1b: Roaring Moon\n|-damage|p1b: Roaring Moon|42/100\n|\n|upkeep\n|turn|4\n|\n|t:|1745973281\n|move|p1b: Roaring Moon|Protect|p1b: Roaring Moon\n|-singleturn|p1b: Roaring Moon|Protect\n|move|p2a: Calyrex|Protect|p2a: Calyrex\n|-singleturn|p2a: Calyrex|Protect\n|move|p1a: Ogerpon|Ivy Cudgel|p2a: Calyrex|[anim] Ivy Cudgel Fire\n|-activate|p2a: Calyrex|move: Protect\n|move|p2b: Zamazenta|Body Press|p1b: Roaring Moon\n|-activate|p1b: Roaring Moon|move: Protect\n|\n|-sideend|p1: faewhim|move: Tailwind\n|upkeep\n|turn|5\n|\n|t:|1745973288\n|move|p2a: Calyrex|Protect||[still]\n|-fail|p2a: Calyrex\n|move|p1b: Roaring Moon|Tailwind|p1b: Roaring Moon\n|-sidestart|p1: faewhim|move: Tailwind\n|move|p1a: Ogerpon|Ivy Cudgel|p2a: Calyrex|[anim] Ivy Cudgel Fire\n|-damage|p2a: Calyrex|29/100\n|move|p2b: Zamazenta|Body Press|p1b: Roaring Moon\n|-resisted|p1b: Roaring Moon\n|-crit|p1b: Roaring Moon\n|-damage|p1b: Roaring Moon|0 fnt\n|faint|p1b: Roaring Moon\n|-end|p1b: Roaring Moon|Protosynthesis|[silent]\n|\n|upkeep\n|\n|t:|1745973299\n|switch|p1b: Groudon|Groudon, L50|100/100\n|-weather|SunnyDay|[from] ability: Drought|[of] p1b: Groudon\n|turn|6\n|\n|t:|1745973307\n|move|p2a: Calyrex|Protect|p2a: Calyrex\n|-singleturn|p2a: Calyrex|Protect\n|move|p1a: Ogerpon|Ivy Cudgel|p2b: Zamazenta|[anim] Ivy Cudgel Fire\n|-supereffective|p2b: Zamazenta\n|-damage|p2b: Zamazenta|33/100\n|move|p1b: Groudon|Fire Punch|p2b: Zamazenta\n|-supereffective|p2b: Zamazenta\n|-damage|p2b: Zamazenta|0 fnt\n|faint|p2b: Zamazenta\n|\n|-weather|SunnyDay|[upkeep]\n|upkeep\n|turn|7\n|-message|L0cUsT forfeited.\n|\n|win|faewhim\n|raw|faewhim's rating: 1138 &rarr; <strong>1163</strong><br />(+25 for winning)\n|raw|L0cUsT's rating: 1144 &rarr; <strong>1119</strong><br />(-25 for losing)\n|l|\u2606L0cUsT\n|player|p2|\n", "uploadtime": 1745973525, "views": 8, "formatid": "gen9vgc2025regibo3", "rating": 1119, "private": 0, "password": null}