{"id": "gen9vgc2025regibo3-2353916036", "format": "[Gen 9] VGC 2025 Reg I (Bo3)", "players": ["Squ1dge_", "Ashleemaster"], "log": "|j|\u2606Squ1dge_\n|j|\u2606Ashleemaster\n|html|<table width=\"100%\"><tr><td align=\"left\">Squ1dge_</td><td align=\"right\">Ashleemaster</tr><tr><td align=\"left\"><i class=\"fa fa-circle-o\"></i> <i class=\"fa fa-circle-o\"></i> </td><td align=\"right\"><i class=\"fa fa-circle-o\"></i> <i class=\"fa fa-circle-o\"></i> </tr></table>\n|uhtml|bestof|<h2><strong>Game 1</strong> of <a href=\"/game-bestof3-gen9vgc2025regibo3-2353916035\">a best-of-3</a></h2>\n|t:|1746018503\n|gametype|doubles\n|player|p1|Squ1dge_|1|\n|player|p2|Ashleemaster|oleana|\n|teamsize|p1|6\n|teamsize|p2|6\n|gen|9\n|tier|[Gen 9] VGC 2025 Reg I (Bo3)\n|rule|Species Clause: Limit one of each Pok\u00e9mon\n|rule|Item Clause: Limit 1 of each item\n|clearpoke\n|poke|p1|Zamazenta-*, L50|\n|poke|p1|Calyrex-Shadow, L50|\n|poke|p1|Tornadus, L50, M|\n|poke|p1|Urshifu-*, L50, M|\n|poke|p1|Amoonguss, L50, M|\n|poke|p1|Chien-Pao, L50|\n|poke|p2|Zacian-*, L50|\n|poke|p2|Lunala, L50|\n|poke|p2|Tornadus, L50, M|\n|poke|p2|Urshifu-*, L50, M|\n|poke|p2|Ogerpon-Hearthflame, L50, F|\n|poke|p2|Indeedee-F, L50, F|\n|teampreview|4\n|showteam|p1|Zamazenta-Crowned||RustedShield|DauntlessShield|BodyPress,HeavySlam,WideGuard,Protect||||||50|,,,,,Dragon]Calyrex-Shadow||LifeOrb|AsOneSpectrier|AstralBarrage,Psychic,NastyPlot,Protect||||||50|,,,,,Dark]Tornadus||CovertCloak|Prankster|BleakwindStorm,Tailwind,RainDance,Taunt|||M|||50|,,,,,Dark]Urshifu-Rapid-Strike||MysticWater|UnseenFist|SurgingStrikes,CloseCombat,AquaJet,Detect|||M|||50|,,,,,Water]Amoonguss||RockyHelmet|Regenerator|SludgeBomb,Spore,RagePowder,Protect|||M|||50|,,,,,Water]Chien-Pao||FocusSash|SwordofRuin|SuckerPunch,Crunch,IceSpinner,Protect||||||50|,,,,,Stellar\n|showteam|p2|Zacian-Crowned||RustedSword|IntrepidSword|behemothblade,PlayRough,SacredSword,Protect||||||50|,,,,,Fairy]Lunala||PowerHerb|ShadowShield|WideGuard,ExpandingForce,MoongeistBeam,MeteorBeam||||||50|,,,,,Fairy]Tornadus||CovertCloak|Prankster|BleakwindStorm,Taunt,Tailwind,RainDance|||M|||50|,,,,,Dark]Urshifu-Rapid-Strike||MysticWater|UnseenFist|SurgingStrikes,CloseCombat,AquaJet,Detect|||M|||50|,,,,,Water]Ogerpon-Hearthflame||HearthflameMask|MoldBreaker|IvyCudgel,WoodHammer,SpikyShield,FollowMe|||F|||50|,,,,,Fire]Indeedee-F||PsychicSeed|PsychicSurge|LightScreen,FollowMe,HealPulse,TrickRoom|||F|||50|,,,,,Grass\n|inactive|Battle timer is ON: inactive players will automatically lose when time's up. (requested by Ashleemaster)\n|inactive|Squ1dge_ has 60 seconds left.\n|inactive|Ashleemaster has 60 seconds left.\n|inactive|Squ1dge_ has 30 seconds left.\n|inactive|Ashleemaster has 30 seconds left.\n|inactive|Squ1dge_ has 20 seconds left.\n|inactive|Squ1dge_ has 15 seconds left.\n|\n|t:|1746018583\n|start\n|switch|p1a: Calyrex|Calyrex-Shadow, L50|100/100\n|switch|p1b: Amoonguss|Amoonguss, L50, M|100/100\n|switch|p2a: Urshifu|Urshifu-Rapid-Strike, L50, M|100/100\n|switch|p2b: Lunala|Lunala, L50|100/100\n|-ability|p1a: Calyrex|As One\n|-ability|p1a: Calyrex|Unnerve\n|turn|1\n|inactive|Squ1dge_ has 30 seconds left.\n|\n|t:|1746018612\n|switch|p2b: Ogerpon|Ogerpon-Hearthflame, L50, F|100/100\n|-ability|p2b: Ogerpon|Mold Breaker\n|move|p2a: Urshifu|Detect|p2a: Urshifu\n|-singleturn|p2a: Urshifu|Protect\n|move|p1b: Amoonguss|Protect|p1b: Amoonguss\n|-singleturn|p1b: Amoonguss|Protect\n|move|p1a: Calyrex|Astral Barrage|p2b: Ogerpon|[spread] p2b\n|-activate|p2a: Urshifu|move: Protect\n|-damage|p2b: Ogerpon|40/100\n|-damage|p1a: Calyrex|91/100|[from] item: Life Orb\n|\n|upkeep\n|turn|2\n|\n|t:|1746018630\n|move|p1b: Amoonguss|Rage Powder|p1b: Amoonguss\n|-singleturn|p1b: Amoonguss|move: Rage Powder\n|move|p1a: Calyrex|Astral Barrage|p2b: Ogerpon|[spread] p2a,p2b\n|-damage|p2a: Urshifu|5/100\n|-damage|p2b: Ogerpon|0 fnt\n|faint|p2b: Ogerpon\n|-ability|p1a: Calyrex|Grim Neigh|boost\n|-boost|p1a: Calyrex|spa|1\n|-damage|p1a: Calyrex|81/100|[from] item: Life Orb\n|move|p2a: Urshifu|Surging Strikes|p1b: Amoonguss\n|-resisted|p1b: Amoonguss\n|-crit|p1b: Amoonguss\n|-damage|p1b: Amoonguss|90/100\n|-damage|p2a: Urshifu|0 fnt|[from] item: Rocky Helmet|[of] p1b: Amoonguss\n|faint|p2a: Urshifu\n|-hitcount|p1b: Amoonguss|1\n|\n|upkeep\n|\n|t:|1746018634\n|switch|p2b: Lunala|Lunala, L50|100/100\n|switch|p2a: Zacian|Zacian-Crowned, L50|100/100\n|-ability|p2a: Zacian|Intrepid Sword|boost\n|-boost|p2a: Zacian|atk|1\n|turn|3\n|inactive|Squ1dge_ has 30 seconds left.\n|\n|t:|1746018666\n|-terastallize|p2b: Lunala|Fairy\n|move|p1a: Calyrex|Protect|p1a: Calyrex\n|-singleturn|p1a: Calyrex|Protect\n|move|p2a: Zacian|Protect|p2a: Zacian\n|-singleturn|p2a: Zacian|Protect\n|move|p2b: Lunala|Expanding Force|p1b: Amoonguss\n|-supereffective|p1b: Amoonguss\n|-damage|p1b: Amoonguss|0 fnt\n|faint|p1b: Amoonguss\n|\n|upkeep\n|\n|t:|1746018678\n|switch|p1b: Tornadus|Tornadus, L50, M|100/100\n|turn|4\n|\n|t:|1746018697\n|move|p2b: Lunala|Wide Guard|p2b: Lunala\n|-singleturn|p2b: Lunala|Wide Guard\n|move|p1b: Tornadus|Tailwind|p1b: Tornadus\n|-sidestart|p1: Squ1dge_|move: Tailwind\n|move|p1a: Calyrex|Psychic|p2b: Lunala\n|-damage|p2b: Lunala|64/100\n|-damage|p1a: Calyrex|72/100|[from] item: Life Orb\n|move|p2a: Zacian|Play Rough|p1a: Calyrex|[miss]\n|-miss|p2a: Zacian|p1a: Calyrex\n|\n|upkeep\n|turn|5\n|\n|t:|1746018718\n|move|p2b: Lunala|Wide Guard|p2b: Lunala\n|-singleturn|p2b: Lunala|Wide Guard\n|move|p1a: Calyrex|Psychic|p2b: Lunala\n|-damage|p2b: Lunala|0 fnt\n|faint|p2b: Lunala\n|-ability|p1a: Calyrex|Grim Neigh|boost\n|-boost|p1a: Calyrex|spa|1\n|-damage|p1a: Calyrex|62/100|[from] item: Life Orb\n|move|p1b: Tornadus|Bleakwind Storm|p2a: Zacian\n|-activate|p2a: Zacian|move: Wide Guard\n|move|p2a: Zacian|Play Rough|p1a: Calyrex\n|-damage|p1a: Calyrex|0 fnt\n|faint|p1a: Calyrex\n|\n|upkeep\n|\n|t:|1746018723\n|switch|p1a: Zamazenta|Zamazenta-Crowned, L50|100/100\n|-ability|p1a: Zamazenta|Dauntless Shield|boost\n|-boost|p1a: Zamazenta|def|1\n|turn|6\n|\n|t:|1746018731\n|move|p1a: Zamazenta|Body Press|p2a: Zacian\n|-damage|p2a: Zacian|39/100\n|move|p1b: Tornadus|Bleakwind Storm|p2a: Zacian\n|-resisted|p2a: Zacian\n|-damage|p2a: Zacian|20/100\n|move|p2a: Zacian|Sacred Sword|p1a: Zamazenta\n|-supereffective|p1a: Zamazenta\n|-damage|p1a: Zamazenta|43/100\n|\n|upkeep\n|turn|7\n|\n|t:|1746018743\n|move|p2a: Zacian|Protect|p2a: Zacian\n|-singleturn|p2a: Zacian|Protect\n|move|p1b: Tornadus|Taunt|p2a: Zacian\n|-activate|p2a: Zacian|move: Protect\n|move|p1a: Zamazenta|Body Press|p2a: Zacian\n|-activate|p2a: Zacian|move: Protect\n|\n|-sideend|p1: Squ1dge_|move: Tailwind\n|upkeep\n|turn|8\n|\n|t:|1746018747\n|move|p1b: Tornadus|Tailwind|p1b: Tornadus\n|-sidestart|p1: Squ1dge_|move: Tailwind\n|move|p1a: Zamazenta|Body Press|p2a: Zacian\n|-damage|p2a: Zacian|0 fnt\n|faint|p2a: Zacian\n|\n|win|Squ1dge_\n||Ashleemaster is ready for game 2.\n||Squ1dge_ is ready for game 2.\n|uhtml|next|Next: <a href=\"/battle-gen9vgc2025regibo3-2353918353\"><strong>Game 2 of 3</strong></a>\n|l|\u2606Ashleemaster\n|player|p2|\n", "uploadtime": 1746019089, "views": 23, "formatid": "gen9vgc2025regibo3", "rating": null, "private": 0, "password": null}