{"id": "gen9vgc2025regibo3-2353847420", "format": "[Gen 9] VGC 2025 Reg I (Bo3)", "players": ["Mumm17", "void25o"], "log": "|j|\u2606Mumm17\n|j|\u2606void25o\n|html|<table width=\"100%\"><tr><td align=\"left\">Mumm17</td><td align=\"right\">void25o</tr><tr><td align=\"left\"><i class=\"fa fa-circle-o\"></i> <i class=\"fa fa-circle-o\"></i> </td><td align=\"right\"><i class=\"fa fa-circle-o\"></i> <i class=\"fa fa-circle-o\"></i> </tr></table>\n|uhtml|bestof|<h2><strong>Game 1</strong> of <a href=\"/game-bestof3-gen9vgc2025regibo3-2353847419\">a best-of-3</a></h2>\n|t:|1746009692\n|gametype|doubles\n|player|p1|Mumm17|blaine|1000\n|player|p2|void25o|miku-flying|1140\n|teamsize|p1|6\n|teamsize|p2|6\n|gen|9\n|tier|[Gen 9] VGC 2025 Reg I (Bo3)\n|rated|\n|rule|Species Clause: Limit one of each Pok\u00e9mon\n|rule|Item Clause: Limit 1 of each item\n|clearpoke\n|poke|p1|Groudon, L50|\n|poke|p1|Venusaur, L50, F|\n|poke|p1|Walking Wake, L50|\n|poke|p1|Torkoal, L50, M|\n|poke|p1|Farigiraf, L50, M|\n|poke|p1|Calyrex-Ice, L50|\n|poke|p2|Kyogre, L50|\n|poke|p2|Calyrex-Shadow, L50|\n|poke|p2|Urshifu-*, L50, F|\n|poke|p2|Tornadus, L50, M|\n|poke|p2|Ogerpon-Cornerstone, L50, F|\n|poke|p2|Rillaboom, L50, F|\n|teampreview|4\n|showteam|p1|Groudon||Leftovers|Drought|PrecipiceBlades,FirePunch,HelpingHand,Protect||||||50|,,,,,Fire]Venusaur||CovertCloak|Chlorophyll|SleepPowder,SludgeBomb,WeatherBall,Protect|||F|||50|,,,,,Water]Walking Wake||LifeOrb|Protosynthesis|DracoMeteor,HydroSteam,Flamethrower,Protect||||||50|,,,,,Grass]Torkoal||ChoiceSpecs|Drought|HeatWave,WeatherBall,Eruption,EarthPower|||M|||50|,,,,,Fire]Farigiraf||ThroatSpray|ArmorTail|TrickRoom,Psychic,HyperVoice,Protect|||M|||50|,,,,,Normal]Calyrex-Ice||ClearAmulet|AsOneGlastrier|GlacialLance,HighHorsepower,TrickRoom,Protect||||||50|,,,,,Fire\n|showteam|p2|Kyogre||MysticWater|Drizzle|Protect,IceBeam,WaterSpout,HydroPump||||||50|,,,,,Grass]Calyrex-Shadow||FocusSash|AsOneSpectrier|AstralBarrage,NastyPlot,Protect,PollenPuff||||||50|,,,,,Ghost]Urshifu-Rapid-Strike||ChoiceScarf|UnseenFist|SurgingStrikes,Uturn,AquaJet,CloseCombat|||F|||50|,,,,,Ghost]Tornadus||CovertCloak|Prankster|BleakwindStorm,Taunt,Tailwind,RainDance|||M|||50|,,,,,Dark]Ogerpon-Cornerstone||CornerstoneMask|Sturdy|IvyCudgel,FollowMe,SpikyShield,Taunt|||F|||50|,,,,,Rock]Rillaboom||AssaultVest|GrassySurge|WoodHammer,GrassyGlide,Uturn,FakeOut|||F|||50|,,,,,Fire\n|\n|t:|1746009735\n|start\n|switch|p1a: Farigiraf|Farigiraf, L50, M|100/100\n|switch|p1b: Calyrex|Calyrex-Ice, L50|100/100\n|switch|p2a: Kyogre|Kyogre, L50|100/100\n|switch|p2b: Calyrex|Calyrex-Shadow, L50|100/100\n|-ability|p2b: Calyrex|As One\n|-ability|p2b: Calyrex|Unnerve\n|-ability|p1b: Calyrex|As One\n|-ability|p1b: Calyrex|Unnerve\n|-weather|RainDance|[from] ability: Drizzle|[of] p2a: Kyogre\n|turn|1\n|\n|t:|1746009760\n|switch|p1b: Groudon|Groudon, L50|100/100\n|-weather|SunnyDay|[from] ability: Drought|[of] p1b: Groudon\n|move|p2b: Calyrex|Astral Barrage|p1b: Groudon|[spread] p1b\n|-immune|p1a: Farigiraf\n|-damage|p1b: Groudon|46/100\n|move|p2a: Kyogre|Water Spout|p1a: Farigiraf|[spread] p1a,p1b\n|-supereffective|p1b: Groudon\n|-damage|p1a: Farigiraf|58/100\n|-damage|p1b: Groudon|0 fnt\n|faint|p1b: Groudon\n|move|p1a: Farigiraf|Trick Room|p1a: Farigiraf\n|-fieldstart|move: Trick Room|[of] p1a: Farigiraf\n|\n|-weather|SunnyDay|[upkeep]\n|upkeep\n|inactive|Battle timer is ON: inactive players will automatically lose when time's up. (requested by void25o)\n|\n|t:|1746009787\n|switch|p1b: Calyrex|Calyrex-Ice, L50|100/100\n|-ability|p1b: Calyrex|As One\n|-ability|p1b: Calyrex|Unnerve\n|turn|2\n|\n|t:|1746009797\n|move|p2a: Kyogre|Protect|p2a: Kyogre\n|-singleturn|p2a: Kyogre|Protect\n|move|p1b: Calyrex|Glacial Lance|p2a: Kyogre|[spread] p2b\n|-activate|p2a: Kyogre|move: Protect\n|-damage|p2b: Calyrex|24/100\n|move|p1a: Farigiraf|Psychic|p2b: Calyrex\n|-resisted|p2b: Calyrex\n|-damage|p2b: Calyrex|0 fnt\n|faint|p2b: Calyrex\n|\n|-weather|SunnyDay|[upkeep]\n|upkeep\n|\n|t:|1746009805\n|switch|p2b: Tornadus|Tornadus, L50, M|100/100\n|turn|3\n|\n|t:|1746009819\n|-terastallize|p1a: Farigiraf|Normal\n|move|p2b: Tornadus|Rain Dance|p2b: Tornadus\n|-weather|RainDance\n|move|p1b: Calyrex|Glacial Lance|p2b: Tornadus|[spread] p2a,p2b\n|-resisted|p2a: Kyogre\n|-supereffective|p2b: Tornadus\n|-damage|p2a: Kyogre|71/100\n|-damage|p2b: Tornadus|0 fnt\n|faint|p2b: Tornadus\n|-ability|p1b: Calyrex|Chilling Neigh|boost\n|-boost|p1b: Calyrex|atk|1\n|move|p1a: Farigiraf|Hyper Voice|p2a: Kyogre\n|-damage|p2a: Kyogre|32/100\n|-enditem|p1a: Farigiraf|Throat Spray\n|-boost|p1a: Farigiraf|spa|1|[from] item: Throat Spray\n|move|p2a: Kyogre|Hydro Pump|p1b: Calyrex\n|-damage|p1b: Calyrex|17/100\n|\n|-weather|RainDance|[upkeep]\n|upkeep\n|\n|t:|1746009835\n|switch|p2b: Ogerpon|Ogerpon-Cornerstone, L50, F|100/100\n|turn|4\n|\n|t:|1746009841\n|move|p2a: Kyogre|Protect|p2a: Kyogre\n|-singleturn|p2a: Kyogre|Protect\n|move|p2b: Ogerpon|Spiky Shield|p2b: Ogerpon\n|-singleturn|p2b: Ogerpon|move: Protect\n|move|p1b: Calyrex|Glacial Lance|p2b: Ogerpon|[spread] \n|-activate|p2a: Kyogre|move: Protect\n|-activate|p2b: Ogerpon|move: Protect\n|move|p1a: Farigiraf|Hyper Voice|p2b: Ogerpon|[spread] \n|-activate|p2a: Kyogre|move: Protect\n|-activate|p2b: Ogerpon|move: Protect\n|\n|-weather|RainDance|[upkeep]\n|upkeep\n|turn|5\n|\n|t:|1746009856\n|move|p2a: Kyogre|Protect||[still]\n|-fail|p2a: Kyogre\n|move|p2b: Ogerpon|Spiky Shield|p2b: Ogerpon\n|-singleturn|p2b: Ogerpon|move: Protect\n|move|p1b: Calyrex|Glacial Lance|p2a: Kyogre|[spread] p2a\n|-activate|p2b: Ogerpon|move: Protect\n|-resisted|p2a: Kyogre\n|-damage|p2a: Kyogre|0 fnt\n|faint|p2a: Kyogre\n|-ability|p1b: Calyrex|Chilling Neigh|boost\n|-boost|p1b: Calyrex|atk|1\n|move|p1a: Farigiraf|Hyper Voice|p2b: Ogerpon\n|-activate|p2b: Ogerpon|move: Protect\n|\n|-weather|RainDance|[upkeep]\n|-fieldend|move: Trick Room\n|upkeep\n|turn|6\n|\n|t:|1746009871\n|move|p2b: Ogerpon|Ivy Cudgel|p1a: Farigiraf|[anim] Ivy Cudgel Rock\n|-damage|p1a: Farigiraf|10/100\n|move|p1a: Farigiraf|Trick Room|p1a: Farigiraf\n|-fieldstart|move: Trick Room|[of] p1a: Farigiraf\n|move|p1b: Calyrex|Trick Room|p1b: Calyrex\n|-fieldend|move: Trick Room\n|\n|-weather|RainDance|[upkeep]\n|upkeep\n|turn|7\n|\n|t:|1746009889\n|move|p1b: Calyrex|Protect|p1b: Calyrex\n|-singleturn|p1b: Calyrex|Protect\n|move|p2b: Ogerpon|Ivy Cudgel|p1a: Farigiraf|[anim] Ivy Cudgel Rock\n|-damage|p1a: Farigiraf|0 fnt\n|faint|p1a: Farigiraf\n|\n|-weather|none\n|upkeep\n|\n|t:|1746009906\n|switch|p1a: Torkoal|Torkoal, L50, M, shiny|100/100\n|-weather|SunnyDay|[from] ability: Drought|[of] p1a: Torkoal\n|turn|8\n|\n|t:|1746009913\n|move|p2b: Ogerpon|Ivy Cudgel|p1b: Calyrex|[anim] Ivy Cudgel Rock\n|-supereffective|p1b: Calyrex\n|-damage|p1b: Calyrex|0 fnt\n|faint|p1b: Calyrex\n|move|p1a: Torkoal|Weather Ball|p2b: Ogerpon\n|-ability|p2b: Ogerpon|Sturdy\n|-damage|p2b: Ogerpon|1/100\n|\n|-weather|SunnyDay|[upkeep]\n|upkeep\n|turn|9\n|\n|t:|1746009923\n|-terastallize|p2b: Ogerpon|Rock\n|detailschange|p2b: Ogerpon|Ogerpon-Cornerstone-Tera, L50, F, tera:Rock\n|-ability|p2b: Ogerpon|Embody Aspect (Cornerstone)|boost\n|-boost|p2b: Ogerpon|def|1\n|move|p2b: Ogerpon|Ivy Cudgel|p1a: Torkoal|[anim] Ivy Cudgel Rock\n|-supereffective|p1a: Torkoal\n|-damage|p1a: Torkoal|0 fnt\n|faint|p1a: Torkoal\n|\n|win|void25o\n||Mumm17 is ready for game 2.\n", "uploadtime": 1746009928, "views": 13, "formatid": "gen9vgc2025regibo3", "rating": null, "private": 0, "password": null}