{"id": "gen9vgc2025regibo3-2353554266", "format": "[Gen 9] VGC 2025 Reg I (Bo3)", "players": ["Icefxm", "easyboss9000"], "log": "|j|\u2606Icefxm\n|j|\u2606easyboss9000\n|html|<table width=\"100%\"><tr><td align=\"left\">Icefxm</td><td align=\"right\">easyboss9000</tr><tr><td align=\"left\"><i class=\"fa fa-circle-o\"></i> <i class=\"fa fa-circle-o\"></i> </td><td align=\"right\"><i class=\"fa fa-circle-o\"></i> <i class=\"fa fa-circle\"></i> </tr></table>\n|uhtml|bestof|<h2><strong>Game 2</strong> of <a href=\"/game-bestof3-gen9vgc2025regibo3-2353551953\">a best-of-3</a></h2>\n|t:|1745967699\n|gametype|doubles\n|player|p1|Icefxm|flannery|\n|player|p2|easyboss9000|cynthia-gen4|\n|teamsize|p1|6\n|teamsize|p2|6\n|gen|9\n|tier|[Gen 9] VGC 2025 Reg I (Bo3)\n|rule|Species Clause: Limit one of each Pok\u00e9mon\n|rule|Item Clause: Limit 1 of each item\n|clearpoke\n|poke|p1|Ursaluna, L50, M|\n|poke|p1|Decidueye-Hisui, L50, F|\n|poke|p1|Bronzong, L50|\n|poke|p1|Incineroar, L50, F|\n|poke|p1|Amoonguss, L50, M|\n|poke|p1|Cramorant, L50, F|\n|poke|p2|Cloyster, L50, F|\n|poke|p2|Appletun, L50, F|\n|poke|p2|Arboliva, L50, M|\n|poke|p2|Groudon, L50|\n|poke|p2|Altaria, L50, F|\n|poke|p2|Annihilape, L50, F|\n|teampreview|4\n|showteam|p1|Ursaluna||FlameOrb|Guts|Earthquake,Facade,Protect,Roar|||M|||50|,,,,,Ground]Decidueye-Hisui||Leftovers|Scrappy|BatonPass,BulkUp,GigaDrain,TripleArrows|||F|||50|,,,,,Normal]Bronzong||FocusSash|Levitate|TrickRoom,Protect,BodyPress,IronHead||||||50|,,,,,Water]Incineroar||LifeOrb|Intimidate|DarkestLariat,FlareBlitz,FakeOut,KnockOff|||F|||50|,,,,,Fire]Amoonguss||AguavBerry|Regenerator|GigaDrain,Spore,SludgeBomb,PollenPuff|||M|||50|,,,,,Fairy]Cramorant||AssaultVest|GulpMissile|Surf,Protect,Defog,Liquidation|||F|||50|,,,,,Flying\n|showteam|p2|Cloyster||WhiteHerb|SkillLink|ShellSmash,IcicleSpear,Waterfall,DrillRun|||F|||50|,,,,,Water]Appletun||BigRoot|ThickFat|LeechSeed,Protect,Substitute,GigaDrain|||F|||50|,,,,,Grass]Arboliva||SitrusBerry|Harvest|DazzlingGleam,Protect,StrengthSap,WeatherBall|||M|||50|,,,,,Grass]Groudon||IapapaBerry|Drought|SwordsDance,PrecipiceBlades,HeatCrash,ThunderWave||||||50|,,,,,Ground]Altaria||Leftovers|NaturalCure|PlayRough,BraveBird,DragonDance,WillOWisp|||F|||50|,,,,,Flying]Annihilape||LifeOrb|Defiant|BulkUp,RageFist,DrainPunch,Encore|||F|||50|,,,,,Fighting\n|\n|t:|1745967742\n|start\n|switch|p1a: BELL|Bronzong, L50|100/100\n|switch|p1b: neow :3|Incineroar, L50, F|100/100\n|switch|p2a: Kyogre is cooler|Groudon, L50|100/100\n|switch|p2b: Fine shyte|Arboliva, L50, M|100/100\n|-weather|SunnyDay|[from] ability: Drought|[of] p2a: Kyogre is cooler\n|-ability|p1b: neow :3|Intimidate|boost\n|-unboost|p2a: Kyogre is cooler|atk|1\n|-unboost|p2b: Fine shyte|atk|1\n|turn|1\n|inactive|Battle timer is ON: inactive players will automatically lose when time's up. (requested by Icefxm)\n|\n|t:|1745967780\n|move|p1b: neow :3|Fake Out|p2a: Kyogre is cooler\n|-damage|p2a: Kyogre is cooler|90/100\n|-damage|p1b: neow :3|91/100|[from] item: Life Orb\n|cant|p2a: Kyogre is cooler|flinch\n|move|p2b: Fine shyte|Weather Ball|p1a: BELL\n|-supereffective|p1a: BELL\n|-damage|p1a: BELL|25/100\n|move|p1a: BELL|Trick Room|p1a: BELL\n|-fieldstart|move: Trick Room|[of] p1a: BELL\n|\n|-weather|SunnyDay|[upkeep]\n|upkeep\n|turn|2\n|inactive|easyboss9000 has 30 seconds left.\n|inactive|easyboss9000 has 20 seconds left.\n|\n|t:|1745967817\n|move|p2b: Fine shyte|Dazzling Gleam|p1b: neow :3|[spread] p1a,p1b\n|-resisted|p1a: BELL\n|-damage|p1a: BELL|16/100\n|-damage|p1b: neow :3|76/100\n|move|p1b: neow :3|Flare Blitz|p2b: Fine shyte\n|-supereffective|p2b: Fine shyte\n|-damage|p2b: Fine shyte|0 fnt\n|faint|p2b: Fine shyte\n|-damage|p1b: neow :3|41/100|[from] Recoil\n|-damage|p1b: neow :3|32/100|[from] item: Life Orb\n|move|p1a: BELL|Iron Head|p2a: Kyogre is cooler\n|-damage|p2a: Kyogre is cooler|72/100\n|cant|p2a: Kyogre is cooler|flinch\n|\n|-weather|SunnyDay|[upkeep]\n|upkeep\n|\n|t:|1745967830\n|switch|p2b: ITA DIGBSY|Annihilape, L50, F|100/100\n|turn|3\n|\n|t:|1745967848\n|-terastallize|p1b: neow :3|Fire\n|move|p1a: BELL|Protect|p1a: BELL\n|-singleturn|p1a: BELL|Protect\n|move|p1b: neow :3|Flare Blitz|p2b: ITA DIGBSY\n|-damage|p2b: ITA DIGBSY|0 fnt\n|faint|p2b: ITA DIGBSY\n|-damage|p1b: neow :3|0 fnt|[from] Recoil\n|faint|p1b: neow :3\n|move|p2a: Kyogre is cooler|Swords Dance|p2a: Kyogre is cooler\n|-boost|p2a: Kyogre is cooler|atk|2\n|\n|-weather|SunnyDay|[upkeep]\n|upkeep\n|inactive|easyboss9000 has 30 seconds left.\n|inactive|easyboss9000 has 20 seconds left.\n|\n|t:|1745967886\n|switch|p1b: mushroom kingdom|Amoonguss, L50, M, shiny|100/100\n|switch|p2b: Fancy pants :3|Altaria, L50, F|100/100\n|turn|4\n|inactive|Icefxm has 30 seconds left.\n|inactive|Icefxm has 20 seconds left.\n|inactive|Icefxm has 15 seconds left.\n|\n|t:|1745967928\n|move|p1b: mushroom kingdom|Spore|p2a: Kyogre is cooler\n|-status|p2a: Kyogre is cooler|slp|[from] move: Spore\n|move|p1a: BELL|Iron Head|p2b: Fancy pants :3\n|-damage|p2b: Fancy pants :3|66/100\n|cant|p2a: Kyogre is cooler|slp\n|cant|p2b: Fancy pants :3|flinch\n|\n|-weather|SunnyDay|[upkeep]\n|-heal|p2b: Fancy pants :3|72/100|[from] item: Leftovers\n|upkeep\n|turn|5\n|inactive|Icefxm has 30 seconds left.\n|\n|t:|1745967960\n|move|p1b: mushroom kingdom|Giga Drain|p2a: Kyogre is cooler\n|-supereffective|p2a: Kyogre is cooler\n|-damage|p2a: Kyogre is cooler|19/100 slp\n|-enditem|p2a: Kyogre is cooler|Iapapa Berry|[eat]\n|-heal|p2a: Kyogre is cooler|53/100 slp|[from] item: Iapapa Berry\n|move|p1a: BELL|Iron Head|p2b: Fancy pants :3\n|-damage|p2b: Fancy pants :3|38/100\n|cant|p2a: Kyogre is cooler|slp\n|move|p2b: Fancy pants :3|Dragon Dance|p2b: Fancy pants :3\n|-boost|p2b: Fancy pants :3|atk|1\n|-boost|p2b: Fancy pants :3|spe|1\n|\n|-weather|none\n|-heal|p2b: Fancy pants :3|44/100|[from] item: Leftovers\n|-fieldend|move: Trick Room\n|upkeep\n|turn|6\n|\n|t:|1745967976\n|move|p2b: Fancy pants :3|Brave Bird|p1b: mushroom kingdom\n|-supereffective|p1b: mushroom kingdom\n|-damage|p1b: mushroom kingdom|0 fnt\n|faint|p1b: mushroom kingdom\n|-damage|p2b: Fancy pants :3|2/100|[from] Recoil\n|cant|p2a: Kyogre is cooler|slp\n|move|p1a: BELL|Trick Room|p1a: BELL\n|-fieldstart|move: Trick Room|[of] p1a: BELL\n|\n|-heal|p2b: Fancy pants :3|8/100|[from] item: Leftovers\n|upkeep\n|\n|t:|1745967985\n|switch|p1b: freddy fazbear|Ursaluna, L50, M, shiny|100/100\n|turn|7\n|\n|t:|1745968008\n|-terastallize|p2a: Kyogre is cooler|Ground\n|move|p1b: freddy fazbear|Protect|p1b: freddy fazbear\n|-singleturn|p1b: freddy fazbear|Protect\n|move|p1a: BELL|Iron Head|p2b: Fancy pants :3\n|-damage|p2b: Fancy pants :3|0 fnt\n|faint|p2b: Fancy pants :3\n|-curestatus|p2a: Kyogre is cooler|slp|[msg]\n|move|p2a: Kyogre is cooler|Precipice Blades|p1a: BELL|[spread] \n|-activate|p1b: freddy fazbear|move: Protect\n|-immune|p1a: BELL|[from] ability: Levitate\n|\n|-status|p1b: freddy fazbear|brn|[from] item: Flame Orb\n|upkeep\n|turn|8\n|\n|t:|1745968027\n|move|p1b: freddy fazbear|Facade|p2a: Kyogre is cooler\n|-damage|p2a: Kyogre is cooler|0 fnt\n|faint|p2a: Kyogre is cooler\n|\n|win|Icefxm\n||easyboss9000 is ready for game 3.\n||Icefxm is ready for game 3.\n|uhtml|next|Next: <a href=\"/battle-gen9vgc2025regibo3-2353557156\"><strong>Game 3 of 3</strong></a>\n", "uploadtime": 1745968368, "views": 18, "formatid": "gen9vgc2025regibo3", "rating": null, "private": 0, "password": null}