{"id": "gen9vgc2025regibo3-2354604558", "format": "[Gen 9] VGC 2025 Reg I (Bo3)", "players": ["migolazo04", "scalionz"], "log": "|j|\u2606migolazo04\n|j|\u2606scalionz\n|html|<table width=\"100%\"><tr><td align=\"left\">migolazo04</td><td align=\"right\">scalionz</tr><tr><td align=\"left\"><i class=\"fa fa-circle-o\"></i> <i class=\"fa fa-circle-o\"></i> </td><td align=\"right\"><i class=\"fa fa-circle-o\"></i> <i class=\"fa fa-circle\"></i> </tr></table>\n|uhtml|bestof|<h2><strong>Game 2</strong> of <a href=\"/game-bestof3-gen9vgc2025regibo3-2354602042\">a best-of-3</a></h2>\n|t:|1746101707\n|gametype|doubles\n|player|p1|migolazo04|266|1079\n|player|p2|scalionz|caitlin|1033\n|teamsize|p1|6\n|teamsize|p2|6\n|gen|9\n|tier|[Gen 9] VGC 2025 Reg I (Bo3)\n|rated|\n|rule|Species Clause: Limit one of each Pok\u00e9mon\n|rule|Item Clause: Limit 1 of each item\n|clearpoke\n|poke|p1|Zamazenta-*, L50|\n|poke|p1|Calyrex-Shadow, L50|\n|poke|p1|Incineroar, L50, M|\n|poke|p1|Rillaboom, L50, M|\n|poke|p1|Urshifu-*, L50, M|\n|poke|p1|Tornadus, L50, M|\n|poke|p2|Miraidon, L50|\n|poke|p2|Lunala, L50|\n|poke|p2|Raichu-Alola, L50, M|\n|poke|p2|Incineroar, L50, F|\n|poke|p2|Archaludon, L50, M|\n|poke|p2|Iron Leaves, L50|\n|teampreview|4\n|showteam|p1|Zamazenta-Crowned||RustedShield|DauntlessShield|BodyPress,HeavySlam,WideGuard,Protect||||||50|,,,,,Dragon]Calyrex-Shadow||LifeOrb|AsOneSpectrier|AstralBarrage,Psychic,NastyPlot,Protect||||||50|,,,,,Dark]Incineroar||RockyHelmet|Intimidate|FakeOut,KnockOff,HelpingHand,PartingShot|||M|||50|,,,,,Bug]Rillaboom||AssaultVest|GrassySurge|FakeOut,WoodHammer,GrassyGlide,Uturn|||M|||50|,,,,,Water]Urshifu-Rapid-Strike||ChoiceScarf|UnseenFist|SurgingStrikes,CloseCombat,AquaJet,Uturn|||M|||50|,,,,,Water]Tornadus||CovertCloak|Prankster|BleakwindStorm,Taunt,RainDance,Tailwind|||M|||50|,,,,,Dark\n|showteam|p2|Miraidon||ChoiceSpecs|HadronEngine|DazzlingGleam,DracoMeteor,VoltSwitch,ElectroDrift||||||50|,,,,,Fairy]Lunala||SitrusBerry|ShadowShield|Tailwind,WideGuard,MoongeistBeam,HeatWave||||||50|,,,,,Dark]Raichu-Alola||FocusSash|SurgeSurfer|FakeOut,Psychic,Electroweb,Protect|||M|||50|,,,,,Grass]Incineroar||SafetyGoggles|Intimidate|FakeOut,PartingShot,KnockOff,FlareBlitz|||F|||50|,,,,,Ghost]Archaludon||AssaultVest|Stamina|BodyPress,ElectroShot,DracoMeteor,HeavySlam|||M|||50|,,,,,Grass]Iron Leaves||LifeOrb|QuarkDrive|Psyblade,LeafBlade,SacredSword,Protect||||||50|,,,,,Grass\n|\n|t:|1746101749\n|start\n|switch|p1a: Zamazenta|Zamazenta-Crowned, L50|100/100\n|switch|p1b: Rillaboom|Rillaboom, L50, M|100/100\n|switch|p2a: Raichu|Raichu-Alola, L50, M, shiny|100/100\n|switch|p2b: Miraidon|Miraidon, L50|100/100\n|-fieldstart|move: Electric Terrain|[from] ability: Hadron Engine|[of] p2b: Miraidon\n|-ability|p1a: Zamazenta|Dauntless Shield|boost\n|-boost|p1a: Zamazenta|def|1\n|-fieldstart|move: Grassy Terrain|[from] ability: Grassy Surge|[of] p1b: Rillaboom\n|turn|1\n|inactive|Battle timer is ON: inactive players will automatically lose when time's up. (requested by scalionz)\n|inactive|migolazo04 has 60 seconds left.\n|\n|t:|1746101806\n|switch|p2b: Lunala|Lunala, L50, shiny|100/100\n|move|p1b: Rillaboom|Fake Out|p2b: Lunala\n|-immune|p2b: Lunala\n|move|p1a: Zamazenta|Body Press|p2a: Raichu\n|-resisted|p2a: Raichu\n|-damage|p2a: Raichu|30/100\n|move|p2a: Raichu|Electroweb|p1b: Rillaboom|[spread] p1a,p1b\n|-resisted|p1b: Rillaboom\n|-damage|p1a: Zamazenta|87/100\n|-damage|p1b: Rillaboom|95/100\n|-unboost|p1a: Zamazenta|spe|1\n|-unboost|p1b: Rillaboom|spe|1\n|\n|-heal|p2a: Raichu|36/100|[from] Grassy Terrain\n|-heal|p1a: Zamazenta|93/100|[from] Grassy Terrain\n|-heal|p1b: Rillaboom|100/100|[from] Grassy Terrain\n|upkeep\n|turn|2\n|inactive|migolazo04 has 30 seconds left.\n|inactive|scalionz has 30 seconds left.\n|inactive|migolazo04 has 20 seconds left.\n|inactive|migolazo04 has 15 seconds left.\n|inactive|migolazo04 has 10 seconds left.\n|inactive|migolazo04 has 5 seconds left.\n|\n|t:|1746101857\n|switch|p1a: Incineroar|Incineroar, L50, M|100/100\n|-ability|p1a: Incineroar|Intimidate|boost\n|-unboost|p2a: Raichu|atk|1\n|-unboost|p2b: Lunala|atk|1\n|move|p1b: Rillaboom|Grassy Glide|p2a: Raichu\n|-damage|p2a: Raichu|0 fnt\n|faint|p2a: Raichu\n|move|p2b: Lunala|Tailwind|p2b: Lunala\n|-sidestart|p2: scalionz|move: Tailwind\n|\n|upkeep\n|\n|t:|1746101876\n|switch|p2a: Miraidon|Miraidon, L50|100/100\n|-fieldstart|move: Electric Terrain|[from] ability: Hadron Engine|[of] p2a: Miraidon\n|turn|3\n|\n|t:|1746101899\n|move|p1a: Incineroar|Fake Out|p2a: Miraidon\n|-damage|p2a: Miraidon|90/100\n|cant|p2a: Miraidon|flinch\n|move|p2b: Lunala|Heat Wave|p1b: Rillaboom|[spread] p1a,p1b\n|-resisted|p1a: Incineroar\n|-supereffective|p1b: Rillaboom\n|-damage|p1a: Incineroar|90/100\n|-damage|p1b: Rillaboom|72/100\n|move|p1b: Rillaboom|Wood Hammer|p2a: Miraidon\n|-resisted|p2a: Miraidon\n|-damage|p2a: Miraidon|61/100\n|-damage|p1b: Rillaboom|63/100|[from] Recoil\n|\n|upkeep\n|turn|4\n|inactive|migolazo04 has 30 seconds left.\n|\n|t:|1746101933\n|switch|p1b: Zamazenta|Zamazenta-Crowned, L50|93/100\n|move|p2a: Miraidon|Electro Drift|p1a: Incineroar\n|-damage|p1a: Incineroar|0 fnt\n|-damage|p2a: Miraidon|44/100|[from] item: Rocky Helmet|[of] p1a: Incineroar\n|faint|p1a: Incineroar\n|move|p2b: Lunala|Heat Wave|p1b: Zamazenta\n|-supereffective|p1b: Zamazenta\n|-damage|p1b: Zamazenta|53/100\n|\n|upkeep\n|\n|t:|1746101943\n|switch|p1a: Rillaboom|Rillaboom, L50, M|63/100\n|-fieldstart|move: Grassy Terrain|[from] ability: Grassy Surge|[of] p1a: Rillaboom\n|turn|5\n|inactive|migolazo04 has 30 seconds left.\n|inactive|migolazo04 has 20 seconds left.\n|\n|t:|1746101980\n|switch|p2a: Iron Leaves|Iron Leaves, L50|100/100\n|-terastallize|p1b: Zamazenta|Dragon\n|move|p1a: Rillaboom|Fake Out|p2a: Iron Leaves\n|-damage|p2a: Iron Leaves|84/100\n|move|p2b: Lunala|Heat Wave|p1a: Rillaboom|[spread] p1a,p1b\n|-supereffective|p1a: Rillaboom\n|-crit|p1a: Rillaboom\n|-resisted|p1b: Zamazenta\n|-damage|p1a: Rillaboom|14/100\n|-damage|p1b: Zamazenta|45/100\n|move|p1b: Zamazenta|Body Press|p2a: Iron Leaves\n|-resisted|p2a: Iron Leaves\n|-damage|p2a: Iron Leaves|54/100\n|\n|-heal|p2a: Iron Leaves|60/100|[from] Grassy Terrain\n|-heal|p1b: Zamazenta|51/100|[from] Grassy Terrain\n|-heal|p1a: Rillaboom|20/100|[from] Grassy Terrain\n|-sideend|p2: scalionz|move: Tailwind\n|upkeep\n|turn|6\n|inactive|migolazo04 has 30 seconds left.\n|inactive|scalionz has 30 seconds left.\n|inactive|scalionz has 20 seconds left.\n|\n|t:|1746102020\n|move|p1b: Zamazenta|Protect|p1b: Zamazenta\n|-singleturn|p1b: Zamazenta|Protect\n|move|p2a: Iron Leaves|Psyblade|p1b: Zamazenta\n|-activate|p1b: Zamazenta|move: Protect\n|move|p2b: Lunala|Tailwind|p2b: Lunala\n|-sidestart|p2: scalionz|move: Tailwind\n|move|p1a: Rillaboom|U-turn|p2a: Iron Leaves\n|-supereffective|p2a: Iron Leaves\n|-damage|p2a: Iron Leaves|0 fnt\n|faint|p2a: Iron Leaves\n|-end|p2a: Iron Leaves|Quark Drive|[silent]\n|\n|t:|1746102029\n|switch|p1a: Calyrex|Calyrex-Shadow, L50|100/100|[from] U-turn\n|-ability|p1a: Calyrex|As One\n|-ability|p1a: Calyrex|Unnerve\n|\n|-heal|p1b: Zamazenta|57/100|[from] Grassy Terrain\n|upkeep\n|\n|t:|1746102048\n|switch|p2a: Miraidon|Miraidon, L50|44/100\n|-fieldstart|move: Electric Terrain|[from] ability: Hadron Engine|[of] p2a: Miraidon\n|turn|7\n|inactive|migolazo04 has 30 seconds left.\n|\n|t:|1746102076\n|switch|p1b: Rillaboom|Rillaboom, L50, M|20/100\n|-fieldstart|move: Grassy Terrain|[from] ability: Grassy Surge|[of] p1b: Rillaboom\n|-terastallize|p2a: Miraidon|Fairy\n|move|p1a: Calyrex|Protect|p1a: Calyrex\n|-singleturn|p1a: Calyrex|Protect\n|move|p2a: Miraidon|Dazzling Gleam|p1a: Calyrex|[spread] p1b\n|-activate|p1a: Calyrex|move: Protect\n|-damage|p1b: Rillaboom|0 fnt\n|faint|p1b: Rillaboom\n|move|p2b: Lunala|Moongeist Beam|p1a: Calyrex\n|-activate|p1a: Calyrex|move: Protect\n|\n|-heal|p2a: Miraidon|50/100|[from] Grassy Terrain\n|upkeep\n|\n|t:|1746102092\n|switch|p1b: Zamazenta|Zamazenta-Crowned, L50, tera:Dragon|57/100\n|turn|8\n|inactive|migolazo04 has 30 seconds left.\n|inactive|migolazo04 has 20 seconds left.\n|inactive|migolazo04 has 15 seconds left.\n|\n|t:|1746102132\n|move|p1b: Zamazenta|Wide Guard|p1b: Zamazenta\n|-singleturn|p1b: Zamazenta|Wide Guard\n|move|p2a: Miraidon|Dazzling Gleam|p1b: Zamazenta|[spread] \n|-activate|p1a: Calyrex|move: Wide Guard\n|-activate|p1b: Zamazenta|move: Wide Guard\n|move|p2b: Lunala|Moongeist Beam|p1a: Calyrex\n|-supereffective|p1a: Calyrex\n|-damage|p1a: Calyrex|0 fnt\n|faint|p1a: Calyrex\n|\n|-heal|p2a: Miraidon|56/100|[from] Grassy Terrain\n|-heal|p1b: Zamazenta|63/100|[from] Grassy Terrain\n|upkeep\n|turn|9\n|-message|migolazo04 forfeited.\n|\n|win|scalionz\n|raw|migolazo04's rating: 1079 &rarr; <strong>1054</strong><br />(-25 for losing)\n|raw|scalionz's rating: 1033 &rarr; <strong>1073</strong><br />(+40 for winning)\n|l|\u2606migolazo04\n|player|p1|\n|l|\u2606scalionz\n|player|p2|\n|j|\u2606migolazo04\n|player|p1|migolazo04|266|\n", "uploadtime": 1746102171, "views": 13, "formatid": "gen9vgc2025regibo3", "rating": 1054, "private": 0, "password": null}