{"id": "gen9vgc2025regibo3-2354287080", "format": "[Gen 9] VGC 2025 Reg I (Bo3)", "players": ["Caly I is mid", "Chaotic Raos"], "log": "|j|\u2606Caly I is mid\n|j|\u2606Chaotic Raos\n|html|<table width=\"100%\"><tr><td align=\"left\">Caly I is mid</td><td align=\"right\">Chaotic Raos</tr><tr><td align=\"left\"><i class=\"fa fa-circle-o\"></i> <i class=\"fa fa-circle-o\"></i> </td><td align=\"right\"><i class=\"fa fa-circle-o\"></i> <i class=\"fa fa-circle-o\"></i> </tr></table>\n|uhtml|bestof|<h2><strong>Game 1</strong> of <a href=\"/game-bestof3-gen9vgc2025regibo3-2354287079\">a best-of-3</a></h2>\n|t:|1746053112\n|gametype|doubles\n|player|p1|Caly I is mid|lillie|1315\n|player|p2|Chaotic Raos|bellelba|1345\n|teamsize|p1|6\n|teamsize|p2|6\n|gen|9\n|tier|[Gen 9] VGC 2025 Reg I (Bo3)\n|rated|\n|rule|Species Clause: Limit one of each Pok\u00e9mon\n|rule|Item Clause: Limit 1 of each item\n|clearpoke\n|poke|p1|Miraidon, L50|\n|poke|p1|Zamazenta-*, L50|\n|poke|p1|Grimmsnarl, L50, M|\n|poke|p1|Iron Hands, L50|\n|poke|p1|Volcarona, L50, M|\n|poke|p1|Ditto, L50|\n|poke|p2|Kyogre, L50|\n|poke|p2|Tornadus, L50, M|\n|poke|p2|Zacian-*, L50|\n|poke|p2|Amoonguss, L50, F|\n|poke|p2|Iron Hands, L50|\n|poke|p2|Flutter Mane, L50|\n|teampreview|4\n|showteam|p1|Miraidon||ChoiceSpecs|HadronEngine|ElectroDrift,DracoMeteor,DazzlingGleam,VoltSwitch||||||50|,,,,,Fairy]Zamazenta-Crowned||RustedShield|DauntlessShield|HeavySlam,WideGuard,BodyPress,Protect||||||50|,,,,,Dragon]Grimmsnarl||LightClay|Prankster|FoulPlay,ThunderWave,LightScreen,Reflect|||M|||50|,,,,,Ghost]Iron Hands||AssaultVest|QuarkDrive|DrainPunch,WildCharge,VoltSwitch,FakeOut||||||50|,,,,,Water]Volcarona||SitrusBerry|FlameBody|FieryDance,QuiverDance,GigaDrain,Protect|||M|||50|,,,,,Grass]Ditto||FocusSash|Imposter|Transform||||||50|,,,,,Normal\n|showteam|p2|Kyogre||MysticWater|Drizzle|WaterSpout,OriginPulse,Protect,IceBeam||||||50|,,,,,Grass]Tornadus||CovertCloak|Prankster|Tailwind,BleakwindStorm,Taunt,RainDance|||M|||50|,,,,,Dark]Zacian-Crowned||RustedSword|IntrepidSword|behemothblade,PlayRough,SacredSword,Protect||||||50|,,,,,Water]Amoonguss||RockyHelmet|Regenerator|Spore,RagePowder,PollenPuff,Protect|||F|||50|,,,,,Water]Iron Hands||AssaultVest|QuarkDrive|FakeOut,WildCharge,DrainPunch,LowKick||||||50|,,,,,Grass]Flutter Mane||BoosterEnergy|Protosynthesis|ShadowBall,DazzlingGleam,IcyWind,Protect||||||50|,,,,,Fairy\n|\n|t:|1746053143\n|start\n|switch|p1a: Iron Hands|Iron Hands, L50, shiny|100/100\n|switch|p1b: Grimmsnarl|Grimmsnarl, L50, M, shiny|100/100\n|switch|p2a: Zacian|Zacian-Crowned, L50|100/100\n|switch|p2b: Amoonguss|Amoonguss, L50, F|100/100\n|-ability|p2a: Zacian|Intrepid Sword|boost\n|-boost|p2a: Zacian|atk|1\n|turn|1\n|\n|t:|1746053195\n|switch|p1b: Zamazenta|Zamazenta-Crowned, L50|100/100\n|-ability|p1b: Zamazenta|Dauntless Shield|boost\n|-boost|p1b: Zamazenta|def|1\n|move|p2a: Zacian|Protect|p2a: Zacian\n|-singleturn|p2a: Zacian|Protect\n|move|p1a: Iron Hands|Volt Switch|p2a: Zacian\n|-activate|p2a: Zacian|move: Protect\n|move|p2b: Amoonguss|Spore|p1b: Zamazenta\n|-status|p1b: Zamazenta|slp|[from] move: Spore\n|\n|upkeep\n|turn|2\n|\n|t:|1746053223\n|move|p2a: Zacian|Sacred Sword|p1b: Zamazenta\n|-supereffective|p1b: Zamazenta\n|-damage|p1b: Zamazenta|32/100 slp\n|cant|p1b: Zamazenta|slp\n|move|p1a: Iron Hands|Volt Switch|p2a: Zacian\n|-damage|p2a: Zacian|88/100\n|\n|t:|1746053231\n|-end|p1a: Iron Hands|Quark Drive|[silent]\n|switch|p1a: Miraidon|Miraidon, L50|100/100|[from] Volt Switch\n|-fieldstart|move: Electric Terrain|[from] ability: Hadron Engine|[of] p1a: Miraidon\n|move|p2b: Amoonguss|Spore|p1a: Miraidon\n|-activate|p1a: Miraidon|move: Electric Terrain\n|\n|upkeep\n|turn|3\n|\n|t:|1746053258\n|switch|p1b: Grimmsnarl|Grimmsnarl, L50, M, shiny|100/100\n|-terastallize|p1a: Miraidon|Fairy\n|move|p2b: Amoonguss|Rage Powder|p2b: Amoonguss\n|-singleturn|p2b: Amoonguss|move: Rage Powder\n|move|p2a: Zacian|Sacred Sword|p1b: Grimmsnarl\n|-damage|p1b: Grimmsnarl|50/100\n|move|p1a: Miraidon|Draco Meteor|p2b: Amoonguss\n|-damage|p2b: Amoonguss|0 fnt\n|-unboost|p1a: Miraidon|spa|2\n|faint|p2b: Amoonguss\n|\n|upkeep\n|\n|t:|1746053270\n|switch|p2b: Tornadus|Tornadus, L50, M|100/100\n|turn|4\n|\n|t:|1746053278\n|switch|p1a: Zamazenta|Zamazenta-Crowned, L50|32/100 slp\n|move|p2b: Tornadus|Tailwind|p2b: Tornadus\n|-sidestart|p2: Chaotic Raos|move: Tailwind\n|move|p1b: Grimmsnarl|Thunder Wave|p2a: Zacian\n|-status|p2a: Zacian|par\n|move|p2a: Zacian|Behemoth Blade|p1a: Zamazenta\n|-resisted|p1a: Zamazenta\n|-damage|p1a: Zamazenta|8/100 slp\n|\n|upkeep\n|turn|5\n|\n|t:|1746053309\n|move|p1b: Grimmsnarl|Thunder Wave|p2b: Tornadus|[miss]\n|-miss|p1b: Grimmsnarl|p2b: Tornadus\n|move|p2b: Tornadus|Bleakwind Storm|p1b: Grimmsnarl|[spread] p1b\n|-miss|p2b: Tornadus|p1a: Zamazenta\n|-damage|p1b: Grimmsnarl|20/100\n|move|p2a: Zacian|Behemoth Blade|p1b: Grimmsnarl\n|-supereffective|p1b: Grimmsnarl\n|-damage|p1b: Grimmsnarl|0 fnt\n|faint|p1b: Grimmsnarl\n|cant|p1a: Zamazenta|slp\n|\n|upkeep\n|\n|t:|1746053329\n|switch|p1b: Iron Hands|Iron Hands, L50, shiny|100/100\n|-activate|p1b: Iron Hands|ability: Quark Drive\n|-start|p1b: Iron Hands|quarkdriveatk\n|turn|6\n|\n|t:|1746053342\n|-curestatus|p1a: Zamazenta|slp|[msg]\n|move|p1a: Zamazenta|Wide Guard|p1a: Zamazenta\n|-singleturn|p1a: Zamazenta|Wide Guard\n|move|p2b: Tornadus|Bleakwind Storm|p1b: Iron Hands|[spread] \n|-activate|p1a: Zamazenta|move: Wide Guard\n|-activate|p1b: Iron Hands|move: Wide Guard\n|cant|p2a: Zacian|par\n|move|p1b: Iron Hands|Wild Charge|p2b: Tornadus\n|-supereffective|p2b: Tornadus\n|-damage|p2b: Tornadus|0 fnt\n|faint|p2b: Tornadus\n|-damage|p1b: Iron Hands|82/100|[from] Recoil\n|\n|-fieldend|move: Electric Terrain\n|-end|p1b: Iron Hands|Quark Drive\n|upkeep\n|\n|t:|1746053352\n|switch|p2b: Kyogre|Kyogre, L50|100/100\n|-weather|RainDance|[from] ability: Drizzle|[of] p2b: Kyogre\n|turn|7\n|\n|t:|1746053381\n|-end|p1b: Iron Hands|Quark Drive|[silent]\n|switch|p1b: Miraidon|Miraidon, L50, tera:Fairy|100/100\n|-fieldstart|move: Electric Terrain|[from] ability: Hadron Engine|[of] p1b: Miraidon\n|move|p1a: Zamazenta|Wide Guard|p1a: Zamazenta\n|-singleturn|p1a: Zamazenta|Wide Guard\n|move|p2b: Kyogre|Ice Beam|p1a: Zamazenta\n|-resisted|p1a: Zamazenta\n|-damage|p1a: Zamazenta|0 fnt\n|faint|p1a: Zamazenta\n|move|p2a: Zacian|Play Rough|p1b: Miraidon\n|-damage|p1b: Miraidon|25/100\n|\n|-weather|RainDance|[upkeep]\n|-sideend|p2: Chaotic Raos|move: Tailwind\n|upkeep\n|\n|t:|1746053395\n|switch|p1a: Iron Hands|Iron Hands, L50, shiny|82/100\n|-activate|p1a: Iron Hands|ability: Quark Drive\n|-start|p1a: Iron Hands|quarkdriveatk\n|turn|8\n|\n|t:|1746053404\n|move|p2b: Kyogre|Protect|p2b: Kyogre\n|-singleturn|p2b: Kyogre|Protect\n|move|p2a: Zacian|Protect|p2a: Zacian\n|-singleturn|p2a: Zacian|Protect\n|move|p1a: Iron Hands|Fake Out|p2b: Kyogre\n|-activate|p2b: Kyogre|move: Protect\n|move|p1b: Miraidon|Electro Drift|p2a: Zacian\n|-activate|p2a: Zacian|move: Protect\n|\n|-weather|RainDance|[upkeep]\n|upkeep\n|turn|9\n|inactive|Battle timer is ON: inactive players will automatically lose when time's up. (requested by Caly I is mid)\n|\n|t:|1746053433\n|-terastallize|p2b: Kyogre|Grass\n|move|p1b: Miraidon|Electro Drift|p2a: Zacian\n|-damage|p2a: Zacian|0 fnt\n|faint|p2a: Zacian\n|move|p2b: Kyogre|Origin Pulse|p1b: Miraidon|[spread] p1a,p1b\n|-crit|p1b: Miraidon\n|-damage|p1a: Iron Hands|36/100\n|-damage|p1b: Miraidon|0 fnt\n|faint|p1b: Miraidon\n|move|p1a: Iron Hands|Drain Punch|p2b: Kyogre\n|-damage|p2b: Kyogre|49/100\n|-heal|p1a: Iron Hands|57/100|[from] drain|[of] p2b: Kyogre\n|\n|-weather|RainDance|[upkeep]\n|upkeep\n|turn|10\n|\n|t:|1746053452\n|move|p2b: Kyogre|Origin Pulse|p1a: Iron Hands\n|-damage|p1a: Iron Hands|0 fnt\n|faint|p1a: Iron Hands\n|-end|p1a: Iron Hands|Quark Drive|[silent]\n|\n|win|Chaotic Raos\n||Chaotic Raos is ready for game 2.\n||Caly I is mid is ready for game 2.\n|uhtml|next|Next: <a href=\"/battle-gen9vgc2025regibo3-2354290084\"><strong>Game 2 of 3</strong></a>\n", "uploadtime": 1746054000, "views": 16, "formatid": "gen9vgc2025regibo3", "rating": null, "private": 0, "password": null}