{"id": "gen9vgc2025regibo3-2354357965", "format": "[Gen 9] VGC 2025 Reg I (Bo3)", "players": ["sudoz", "pantsuit"], "log": "|j|\u2606sudoz\n|j|\u2606pantsuit\n|html|<table width=\"100%\"><tr><td align=\"left\">sudoz</td><td align=\"right\">pantsuit</tr><tr><td align=\"left\"><i class=\"fa fa-circle-o\"></i> <i class=\"fa fa-circle-o\"></i> </td><td align=\"right\"><i class=\"fa fa-circle-o\"></i> <i class=\"fa fa-circle-o\"></i> </tr></table>\n|uhtml|bestof|<h2><strong>Game 1</strong> of <a href=\"/game-bestof3-gen9vgc2025regibo3-2354357964\">a best-of-3</a></h2>\n|t:|1746061514\n|gametype|doubles\n|player|p1|sudoz|169|1302\n|player|p2|pantsuit|2|1408\n|teamsize|p1|6\n|teamsize|p2|6\n|gen|9\n|tier|[Gen 9] VGC 2025 Reg I (Bo3)\n|rated|\n|rule|Species Clause: Limit one of each Pok\u00e9mon\n|rule|Item Clause: Limit 1 of each item\n|clearpoke\n|poke|p1|Tornadus, L50, M|\n|poke|p1|Landorus-Therian, L50, M|\n|poke|p1|Zacian-*, L50|\n|poke|p1|Zamazenta-*, L50|\n|poke|p1|Gastrodon, L50, M|\n|poke|p1|Ogerpon, L50, F|\n|poke|p2|Koraidon, L50|\n|poke|p2|Lunala, L50|\n|poke|p2|Chi-Yu, L50|\n|poke|p2|Ursaluna, L50, F|\n|poke|p2|Brute Bonnet, L50|\n|poke|p2|Flutter Mane, L50|\n|teampreview|4\n|showteam|p1|Tornadus||CovertCloak|Prankster|Tailwind,Taunt,BleakwindStorm,FoulPlay|||M|||50|,,,,,Dark]Landorus-Therian||ChoiceScarf|Intimidate|RockSlide,Uturn,StompingTantrum,Earthquake|||M|||50|,,,,,Ground]Zacian-Crowned||RustedSword|IntrepidSword|Protect,PlayRough,behemothblade,SacredSword||||||50|,,,,,Stellar]Zamazenta-Crowned||RustedShield|DauntlessShield|WideGuard,BodyPress,behemothbash,Howl||||||50|,,,,,Water]Gastrodon||Leftovers|StormDrain|Protect,Yawn,IceBeam,EarthPower|||M|||50|,,,,,Fire]Ogerpon||MeadowPlate|Defiant|SpikyShield,FollowMe,Encore,IvyCudgel|||F|||50|,,,,,Grass\n|showteam|p2|Koraidon||LifeOrb|OrichalcumPulse|FlareBlitz,FlameCharge,CloseCombat,Protect||||||50|,,,,,Fire]Lunala||PowerHerb|ShadowShield|MoongeistBeam,MeteorBeam,WideGuard,TrickRoom||||||50|,,,,,Water]Chi-Yu||ChoiceScarf|BeadsofRuin|Overheat,HeatWave,DarkPulse,Snarl||||||50|,,,,,Ghost]Ursaluna||FlameOrb|Guts|Facade,Earthquake,HeadlongRush,Protect|||F|||50|,,,,,Water]Brute Bonnet||CovertCloak|Protosynthesis|SeedBomb,SuckerPunch,Spore,RagePowder||||||50|,,,,,Water]Flutter Mane||FocusSash|Protosynthesis|Moonblast,IcyWind,ShadowBall,Protect||||||50|,,,,,Normal\n|inactive|Battle timer is ON: inactive players will automatically lose when time's up. (requested by sudoz)\n|\n|t:|1746061586\n|start\n|switch|p1a: Tornadus|Tornadus, L50, M, shiny|100/100\n|switch|p1b: Landorus|Landorus-Therian, L50, M|100/100\n|switch|p2a: Koraidon|Koraidon, L50|100/100\n|switch|p2b: Flutter Mane|Flutter Mane, L50|100/100\n|-ability|p1b: Landorus|Intimidate|boost\n|-unboost|p2a: Koraidon|atk|1\n|-unboost|p2b: Flutter Mane|atk|1\n|-weather|SunnyDay|[from] ability: Orichalcum Pulse|[of] p2a: Koraidon\n|-activate|p2b: Flutter Mane|ability: Protosynthesis\n|-start|p2b: Flutter Mane|protosynthesisspe\n|-activate|p2a: Koraidon|Orichalcum Pulse|[source]\n|turn|1\n|inactive|sudoz has 30 seconds left.\n|\n|t:|1746061613\n|move|p2a: Koraidon|Protect|p2a: Koraidon\n|-singleturn|p2a: Koraidon|Protect\n|move|p1a: Tornadus|Tailwind|p1a: Tornadus\n|-sidestart|p1: sudoz|move: Tailwind\n|move|p1b: Landorus|U-turn|p2b: Flutter Mane\n|-resisted|p2b: Flutter Mane\n|-damage|p2b: Flutter Mane|87/100\n|\n|t:|1746061618\n|switch|p1b: Zamazenta|Zamazenta-Crowned, L50|100/100|[from] U-turn\n|-ability|p1b: Zamazenta|Dauntless Shield|boost\n|-boost|p1b: Zamazenta|def|1\n|move|p2b: Flutter Mane|Icy Wind|p1a: Tornadus|[spread] p1a,p1b\n|-supereffective|p1a: Tornadus\n|-resisted|p1b: Zamazenta\n|-damage|p1a: Tornadus|70/100\n|-damage|p1b: Zamazenta|96/100\n|-unboost|p1b: Zamazenta|spe|1\n|\n|-weather|SunnyDay|[upkeep]\n|upkeep\n|turn|2\n|inactive|sudoz has 30 seconds left.\n|\n|t:|1746061648\n|switch|p1a: Landorus|Landorus-Therian, L50, M|100/100\n|-ability|p1a: Landorus|Intimidate|boost\n|-unboost|p2a: Koraidon|atk|1\n|-unboost|p2b: Flutter Mane|atk|1\n|switch|p2a: Lunala|Lunala, L50|100/100\n|-terastallize|p1b: Zamazenta|Water\n|move|p2b: Flutter Mane|Moonblast|p1b: Zamazenta\n|-damage|p1b: Zamazenta|66/100\n|move|p1b: Zamazenta|Behemoth Bash|p2b: Flutter Mane\n|-supereffective|p2b: Flutter Mane\n|-damage|p2b: Flutter Mane|0 fnt\n|faint|p2b: Flutter Mane\n|-end|p2b: Flutter Mane|Protosynthesis|[silent]\n|\n|-weather|SunnyDay|[upkeep]\n|upkeep\n|\n|t:|1746061665\n|switch|p2b: Koraidon|Koraidon, L50|100/100\n|-activate|p2b: Koraidon|ability: Orichalcum Pulse\n|turn|3\n|\n|t:|1746061679\n|move|p2b: Koraidon|Protect|p2b: Koraidon\n|-singleturn|p2b: Koraidon|Protect\n|move|p1a: Landorus|U-turn|p2a: Lunala\n|-damage|p2a: Lunala|89/100\n|\n|t:|1746061686\n|switch|p1a: Zacian|Zacian-Crowned, L50, shiny|100/100|[from] U-turn\n|-ability|p1a: Zacian|Intrepid Sword|boost\n|-boost|p1a: Zacian|atk|1\n|move|p1b: Zamazenta|Behemoth Bash|p2a: Lunala\n|-damage|p2a: Lunala|49/100\n|move|p2a: Lunala|Meteor Beam||[still]\n|-prepare|p2a: Lunala|Meteor Beam\n|-boost|p2a: Lunala|spa|1\n|-enditem|p2a: Lunala|Power Herb\n|-anim|p2a: Lunala|Meteor Beam|p1b: Zamazenta\n|-damage|p1b: Zamazenta|26/100\n|\n|-weather|SunnyDay|[upkeep]\n|upkeep\n|turn|4\n|\n|t:|1746061708\n|-terastallize|p2b: Koraidon|Fire\n|move|p1a: Zacian|Behemoth Blade|p2a: Lunala\n|-damage|p2a: Lunala|0 fnt\n|faint|p2a: Lunala\n|move|p1b: Zamazenta|Body Press|p2b: Koraidon\n|-damage|p2b: Koraidon|47/100\n|move|p2b: Koraidon|Flame Charge|p1a: Zacian\n|-supereffective|p1a: Zacian\n|-damage|p1a: Zacian|0 fnt\n|-boost|p2b: Koraidon|spe|1\n|faint|p1a: Zacian\n|-damage|p2b: Koraidon|37/100|[from] item: Life Orb\n|\n|-weather|SunnyDay|[upkeep]\n|-sideend|p1: sudoz|move: Tailwind\n|upkeep\n|\n|t:|1746061725\n|switch|p1a: Tornadus|Tornadus, L50, M, shiny|70/100\n|switch|p2a: Chi-Yu|Chi-Yu, L50|100/100\n|-ability|p2a: Chi-Yu|Beads of Ruin\n|turn|5\n|\n|t:|1746061748\n|move|p1a: Tornadus|Tailwind|p1a: Tornadus\n|-sidestart|p1: sudoz|move: Tailwind\n|move|p2b: Koraidon|Flame Charge|p1a: Tornadus\n|-damage|p1a: Tornadus|0 fnt\n|-boost|p2b: Koraidon|spe|1\n|faint|p1a: Tornadus\n|-damage|p2b: Koraidon|28/100|[from] item: Life Orb\n|move|p2a: Chi-Yu|Dark Pulse|p1b: Zamazenta\n|-damage|p1b: Zamazenta|0 fnt\n|faint|p1b: Zamazenta\n|\n|-weather|none\n|upkeep\n|\n|t:|1746061755\n|switch|p1b: Landorus|Landorus-Therian, L50, M|100/100\n|-ability|p1b: Landorus|Intimidate|boost\n|-unboost|p2a: Chi-Yu|atk|1\n|-unboost|p2b: Koraidon|atk|1\n|turn|6\n|\n|t:|1746061766\n|move|p1b: Landorus|Earthquake|p2a: Chi-Yu|[spread] p2a,p2b\n|-supereffective|p2a: Chi-Yu\n|-supereffective|p2b: Koraidon\n|-damage|p2a: Chi-Yu|0 fnt\n|-damage|p2b: Koraidon|0 fnt\n|faint|p2a: Chi-Yu\n|faint|p2b: Koraidon\n|\n|win|sudoz\n||pantsuit is ready for game 2.\n||sudoz is ready for game 2.\n|uhtml|next|Next: <a href=\"/battle-gen9vgc2025regibo3-2354360057\"><strong>Game 2 of 3</strong></a>\n", "uploadtime": 1746062075, "views": 26, "formatid": "gen9vgc2025regibo3", "rating": null, "private": 0, "password": null}