{"id": "gen9vgc2025regibo3-2353791558", "format": "[Gen 9] VGC 2025 Reg I (Bo3)", "players": ["tata_oao_ra", "Jimmy 0610"], "log": "|j|\u2606tata_oao_ra\n|j|\u2606Jimmy 0610\n|html|<table width=\"100%\"><tr><td align=\"left\">tata_oao_ra</td><td align=\"right\">Jimmy 0610</tr><tr><td align=\"left\"><i class=\"fa fa-circle-o\"></i> <i class=\"fa fa-circle-o\"></i> </td><td align=\"right\"><i class=\"fa fa-circle-o\"></i> <i class=\"fa fa-circle-o\"></i> </tr></table>\n|uhtml|bestof|<h2><strong>Game 1</strong> of <a href=\"/game-bestof3-gen9vgc2025regibo3-2353791557\">a best-of-3</a></h2>\n|t:|1746000610\n|gametype|doubles\n|player|p1|tata_oao_ra|265|\n|player|p2|Jimmy 0610|emmet|\n|teamsize|p1|6\n|teamsize|p2|6\n|gen|9\n|tier|[Gen 9] VGC 2025 Reg I (Bo3)\n|rule|Species Clause: Limit one of each Pok\u00e9mon\n|rule|Item Clause: Limit 1 of each item\n|clearpoke\n|poke|p1|Calyrex-Ice, L50|\n|poke|p1|Lunala, L50|\n|poke|p1|Amoonguss, L50, M|\n|poke|p1|Incineroar, L50, M|\n|poke|p1|Ogerpon-Cornerstone, L50, F|\n|poke|p1|Raging Bolt, L50|\n|poke|p2|Calyrex-Ice, L50|\n|poke|p2|Necrozma-Dawn-Wings, L50|\n|poke|p2|Ursaluna-Bloodmoon, L50, M|\n|poke|p2|Raging Bolt, L50|\n|poke|p2|Tsareena, L50, F|\n|poke|p2|Hatterene, L50, F|\n|teampreview|4\n|showteam|p1|Calyrex-Ice||CovertCloak|AsOneGlastrier|GlacialLance,HighHorsepower,TrickRoom,Protect||||||50|,,,,,Dragon]Lunala||Leftovers|ShadowShield|WideGuard,Moonblast,MoongeistBeam,TrickRoom||||||50|,,,,,Water]Amoonguss||RockyHelmet|Regenerator|Spore,RagePowder,PollenPuff,Protect|||M|||50|,,,,,Water]Incineroar||SafetyGoggles|Intimidate|KnockOff,Protect,PartingShot,FakeOut|||M|||50|,,,,,Water]Ogerpon-Cornerstone||CornerstoneMask|Sturdy|IvyCudgel,HornLeech,FollowMe,SpikyShield|||F|||50|,,,,,Rock]Raging Bolt||AssaultVest|Protosynthesis|Thunderclap,DragonPulse,Electroweb,DracoMeteor||||||50|,,,,,Fairy\n|showteam|p2|Calyrex-Ice||ClearAmulet|AsOneGlastrier|GlacialLance,HighHorsepower,TrickRoom,Protect||||||50|,,,,,Dragon]Necrozma-Dawn-Wings||PowerHerb|PrismArmor|MoongeistBeam,MeteorBeam,PhotonGeyser,Protect||||||50|,,,,,Fairy]Ursaluna-Bloodmoon||SilkScarf|MindsEye|BloodMoon,EarthPower,HyperVoice,Protect|||M|||50|,,,,,Normal]Raging Bolt||AssaultVest|Protosynthesis|Thunderbolt,DragonPulse,ElectroBall,SolarBeam||||||50|,,,,,Fairy]Tsareena||WideLens|QueenlyMajesty|TripleAxel,PowerWhip,Protect,HelpingHand|||F|||50|,,,,,Ice]Hatterene||RockyHelmet|MagicBounce|MysticalFire,TrickRoom,Protect,HealPulse|||F|||50|,,,,,Dark\n|\n|t:|1746000671\n|start\n|switch|p1a: Lunala|Lunala, L50|100/100\n|switch|p1b: Incineroar|Incineroar, L50, M|100/100\n|switch|p2a: Necrozma|Necrozma-Dawn-Wings, L50, shiny|100/100\n|switch|p2b: Tsareena|Tsareena, L50, F, shiny|100/100\n|-ability|p1b: Incineroar|Intimidate|boost\n|-unboost|p2a: Necrozma|atk|1\n|-unboost|p2b: Tsareena|atk|1\n|turn|1\n|\n|t:|1746000703\n|switch|p1a: Amoonguss|Amoonguss, L50, M|100/100\n|-terastallize|p2a: Necrozma|Fairy\n|move|p2b: Tsareena|Triple Axel|p1a: Amoonguss\n|-supereffective|p1a: Amoonguss\n|-damage|p1a: Amoonguss|90/100\n|-damage|p2b: Tsareena|84/100|[from] item: Rocky Helmet|[of] p1a: Amoonguss\n|-supereffective|p1a: Amoonguss\n|-damage|p1a: Amoonguss|72/100\n|-damage|p2b: Tsareena|68/100|[from] item: Rocky Helmet|[of] p1a: Amoonguss\n|-supereffective|p1a: Amoonguss\n|-damage|p1a: Amoonguss|43/100\n|-damage|p2b: Tsareena|52/100|[from] item: Rocky Helmet|[of] p1a: Amoonguss\n|-hitcount|p1a: Amoonguss|3\n|move|p1b: Incineroar|Knock Off|p2a: Necrozma\n|-resisted|p2a: Necrozma\n|-damage|p2a: Necrozma|83/100\n|-enditem|p2a: Necrozma|Power Herb|[from] move: Knock Off|[of] p1b: Incineroar\n|move|p2a: Necrozma|Meteor Beam||[still]\n|-prepare|p2a: Necrozma|Meteor Beam\n|-boost|p2a: Necrozma|spa|1\n|\n|upkeep\n|turn|2\n|\n|t:|1746000749\n|move|p1a: Amoonguss|Protect|p1a: Amoonguss\n|-singleturn|p1a: Amoonguss|Protect\n|move|p2b: Tsareena|Triple Axel|p1a: Amoonguss\n|-activate|p1a: Amoonguss|move: Protect\n|move|p1b: Incineroar|Parting Shot|p2a: Necrozma\n|-unboost|p2a: Necrozma|atk|1\n|-unboost|p2a: Necrozma|spa|1\n|\n|t:|1746000760\n|switch|p1b: Lunala|Lunala, L50|100/100|[from] Parting Shot\n|move|p2a: Necrozma|Meteor Beam|p1b: Lunala|[from] lockedmove\n|-damage|p1b: Lunala|85/100\n|\n|-heal|p1b: Lunala|91/100|[from] item: Leftovers\n|upkeep\n|turn|3\n|\n|t:|1746000780\n|switch|p1a: Incineroar|Incineroar, L50, M|100/100\n|-ability|p1a: Incineroar|Intimidate|boost\n|-unboost|p2a: Necrozma|atk|1\n|-unboost|p2b: Tsareena|atk|1\n|-terastallize|p1b: Lunala|Water\n|move|p2a: Necrozma|Protect|p2a: Necrozma\n|-singleturn|p2a: Necrozma|Protect\n|move|p2b: Tsareena|Triple Axel|p1a: Incineroar\n|-resisted|p1a: Incineroar\n|-damage|p1a: Incineroar|99/100\n|-resisted|p1a: Incineroar\n|-damage|p1a: Incineroar|97/100\n|-resisted|p1a: Incineroar\n|-damage|p1a: Incineroar|93/100\n|-hitcount|p1a: Incineroar|3\n|move|p1b: Lunala|Trick Room|p1b: Lunala\n|-fieldstart|move: Trick Room|[of] p1b: Lunala\n|\n|-heal|p1b: Lunala|97/100|[from] item: Leftovers\n|upkeep\n|turn|4\n|\n|t:|1746000809\n|switch|p2a: Calyrex|Calyrex-Ice, L50|100/100\n|-ability|p2a: Calyrex|As One\n|-ability|p2a: Calyrex|Unnerve\n|switch|p2b: Ursaluna|Ursaluna-Bloodmoon, L50, M|100/100\n|move|p1a: Incineroar|Parting Shot|p2a: Calyrex\n|-fail|p2a: Calyrex|unboost|[from] item: Clear Amulet|[of] p2a: Calyrex\n|move|p1b: Lunala|Moongeist Beam|p2b: Ursaluna\n|-immune|p2b: Ursaluna\n|\n|-heal|p1b: Lunala|100/100|[from] item: Leftovers\n|upkeep\n|turn|5\n|\n|t:|1746000833\n|move|p1b: Lunala|Wide Guard|p1b: Lunala\n|-singleturn|p1b: Lunala|Wide Guard\n|move|p2b: Ursaluna|Blood Moon|p1b: Lunala\n|-damage|p1b: Lunala|71/100\n|move|p2a: Calyrex|Glacial Lance|p1b: Lunala|[spread] \n|-activate|p1a: Incineroar|move: Wide Guard\n|-activate|p1b: Lunala|move: Wide Guard\n|move|p1a: Incineroar|Knock Off|p2a: Calyrex\n|-supereffective|p2a: Calyrex\n|-damage|p2a: Calyrex|55/100\n|-enditem|p2a: Calyrex|Clear Amulet|[from] move: Knock Off|[of] p1a: Incineroar\n|\n|-heal|p1b: Lunala|78/100|[from] item: Leftovers\n|upkeep\n|turn|6\n|\n|t:|1746000856\n|move|p1b: Lunala|Wide Guard|p1b: Lunala\n|-singleturn|p1b: Lunala|Wide Guard\n|move|p2b: Ursaluna|Earth Power|p1a: Incineroar\n|-supereffective|p1a: Incineroar\n|-damage|p1a: Incineroar|0 fnt\n|faint|p1a: Incineroar\n|move|p2a: Calyrex|High Horsepower|p1b: Lunala\n|-crit|p1b: Lunala\n|-damage|p1b: Lunala|29/100\n|\n|-heal|p1b: Lunala|35/100|[from] item: Leftovers\n|upkeep\n|\n|t:|1746000865\n|switch|p1a: Amoonguss|Amoonguss, L50, M|76/100\n|turn|7\n|\n|t:|1746000896\n|switch|p2a: Tsareena|Tsareena, L50, F, shiny|52/100\n|switch|p1b: Calyrex|Calyrex-Ice, L50|100/100\n|-ability|p1b: Calyrex|As One\n|-ability|p1b: Calyrex|Unnerve\n|move|p1a: Amoonguss|Spore|p2a: Tsareena\n|-immune|p2a: Tsareena\n|move|p2b: Ursaluna|Blood Moon|p1b: Calyrex\n|-damage|p1b: Calyrex|30/100\n|\n|-fieldend|move: Trick Room\n|upkeep\n|turn|8\n|\n|t:|1746000921\n|move|p2a: Tsareena|Triple Axel|p1a: Amoonguss\n|-supereffective|p1a: Amoonguss\n|-damage|p1a: Amoonguss|60/100\n|-damage|p2a: Tsareena|36/100|[from] item: Rocky Helmet|[of] p1a: Amoonguss\n|-supereffective|p1a: Amoonguss\n|-damage|p1a: Amoonguss|32/100\n|-damage|p2a: Tsareena|19/100|[from] item: Rocky Helmet|[of] p1a: Amoonguss\n|-supereffective|p1a: Amoonguss\n|-damage|p1a: Amoonguss|0 fnt\n|-damage|p2a: Tsareena|3/100|[from] item: Rocky Helmet|[of] p1a: Amoonguss\n|faint|p1a: Amoonguss\n|-hitcount|p1: Amoonguss|3\n|move|p2b: Ursaluna|Hyper Voice|p1b: Calyrex\n|-damage|p1b: Calyrex|0 fnt\n|faint|p1b: Calyrex\n|\n|upkeep\n|\n|t:|1746000936\n|switch|p1b: Lunala|Lunala, L50, tera:Water|35/100\n|turn|9\n|\n|t:|1746000942\n|move|p1b: Lunala|Moongeist Beam|p2a: Tsareena\n|-damage|p2a: Tsareena|0 fnt\n|faint|p2a: Tsareena\n|move|p2b: Ursaluna|Blood Moon|p1b: Lunala\n|-damage|p1b: Lunala|0 fnt\n|faint|p1b: Lunala\n|\n|win|Jimmy 0610\n||tata_oao_ra is ready for game 2.\n|inactive|Jimmy 0610 has 30 seconds to confirm battle start!\n|l|\u2606Jimmy 0610\n|player|p2|\n|inactive|Jimmy 0610 has 20 seconds to confirm battle start!\n|inactive|Jimmy 0610 has 10 seconds to confirm battle start!\n|uhtml|next|Next: <a href=\"/battle-gen9vgc2025regibo3-2353793764\"><strong>Game 2 of 3</strong></a>\n", "uploadtime": 1746001304, "views": 9, "formatid": "gen9vgc2025regibo3", "rating": null, "private": 0, "password": null}