{"id": "gen9vgc2025regibo3-2353684089", "format": "[Gen 9] VGC 2025 Reg I (Bo3)", "players": ["Taijem", "Gopackgo25"], "log": "|j|\u2606Taijem\n|j|\u2606Gopackgo25\n|html|<table width=\"100%\"><tr><td align=\"left\">Taijem</td><td align=\"right\">Gopackgo25</tr><tr><td align=\"left\"><i class=\"fa fa-circle-o\"></i> <i class=\"fa fa-circle-o\"></i> </td><td align=\"right\"><i class=\"fa fa-circle-o\"></i> <i class=\"fa fa-circle\"></i> </tr></table>\n|uhtml|bestof|<h2><strong>Game 2</strong> of <a href=\"/game-bestof3-gen9vgc2025regibo3-2353682296\">a best-of-3</a></h2>\n|t:|1745983253\n|gametype|doubles\n|player|p1|Taijem|archer|1036\n|player|p2|Gopackgo25|266|1107\n|teamsize|p1|6\n|teamsize|p2|6\n|gen|9\n|tier|[Gen 9] VGC 2025 Reg I (Bo3)\n|rated|\n|rule|Species Clause: Limit one of each Pok\u00e9mon\n|rule|Item Clause: Limit 1 of each item\n|clearpoke\n|poke|p1|Kyogre, L50|\n|poke|p1|Zacian-*, L50|\n|poke|p1|Tornadus, L50, M|\n|poke|p1|Urshifu-*, L50, F|\n|poke|p1|Chien-Pao, L50|\n|poke|p1|Amoonguss, L50, M|\n|poke|p2|Zamazenta-*, L50|\n|poke|p2|Calyrex-Shadow, L50|\n|poke|p2|Murkrow, L50, M|\n|poke|p2|Rillaboom, L50, M|\n|poke|p2|Flutter Mane, L50|\n|poke|p2|Chi-Yu, L50|\n|teampreview|4\n|showteam|p1|Kyogre||MysticWater|Drizzle|WaterSpout,OriginPulse,IceBeam,Protect||||||50|,,,,,Grass]Zacian-Crowned||RustedSword|IntrepidSword|behemothblade,PlayRough,SacredSword,Protect||||||50|,,,,,Fairy]Tornadus||CovertCloak|Prankster|Tailwind,BleakwindStorm,RainDance,Taunt|||M|||50|,,,,,Dark]Urshifu-Rapid-Strike||ChoiceScarf|UnseenFist|SurgingStrikes,CloseCombat,AquaJet,Uturn|||F|||50|,,,,,Ghost]Chien-Pao||FocusSash|SwordofRuin|IceSpinner,SuckerPunch,SacredSword,Protect||||||50|,,,,,Ghost]Amoonguss||RockyHelmet|Regenerator|RagePowder,Spore,PollenPuff,Protect|||M|||50|,,,,,Water\n|showteam|p2|Zamazenta-Crowned||RustedShield|DauntlessShield|Protect,IronDefense,Snarl,BodyPress||||||50|,,,,,Fire]Calyrex-Shadow||FocusSash|AsOneSpectrier|Protect,PollenPuff,Psychic,AstralBarrage||||||50|,,,,,Normal]Murkrow||LifeOrb|Prankster|Tailwind,Taunt,SuckerPunch,BraveBird|||M|||50|,,,,,Ghost]Rillaboom||AssaultVest|GrassySurge|FakeOut,Uturn,TeraBlast,GrassyGlide|||M|||50|,,,,,Rock]Flutter Mane||BoosterEnergy|Protosynthesis|Protect,Taunt,IcyWind,Moonblast||||||50|,,,,,Fairy]Chi-Yu||ChoiceScarf|BeadsofRuin|HeatWave,DarkPulse,Overheat,Psychic||||||50|,,,,,Ghost\n|\n|t:|1745983267\n|start\n|switch|p1a: Zacian|Zacian-Crowned, L50|100/100\n|switch|p1b: Chien-Pao|Chien-Pao, L50|100/100\n|switch|p2a: Murkrow|Murkrow, L50, M|100/100\n|switch|p2b: Rillaboom|Rillaboom, L50, M|100/100\n|-ability|p1a: Zacian|Intrepid Sword|boost\n|-boost|p1a: Zacian|atk|1\n|-ability|p1b: Chien-Pao|Sword of Ruin\n|-fieldstart|move: Grassy Terrain|[from] ability: Grassy Surge|[of] p2b: Rillaboom\n|turn|1\n|\n|t:|1745983299\n|switch|p1b: Tornadus|Tornadus, L50, M|100/100\n|move|p1a: Zacian|Protect|p1a: Zacian\n|-singleturn|p1a: Zacian|Protect\n|move|p2b: Rillaboom|Fake Out|p1b: Tornadus\n|-damage|p1b: Tornadus|85/100\n|move|p2a: Murkrow|Tailwind|p2a: Murkrow\n|-sidestart|p2: Gopackgo25|move: Tailwind\n|\n|upkeep\n|turn|2\n|\n|t:|1745983342\n|-terastallize|p1a: Zacian|Fairy\n|move|p2b: Rillaboom|Grassy Glide|p1a: Zacian\n|-damage|p1a: Zacian|61/100\n|move|p1b: Tornadus|Tailwind|p1b: Tornadus\n|-sidestart|p1: Taijem|move: Tailwind\n|move|p1a: Zacian|Play Rough|p2b: Rillaboom\n|-damage|p2b: Rillaboom|0 fnt\n|faint|p2b: Rillaboom\n|move|p2a: Murkrow|Brave Bird|p1a: Zacian\n|-damage|p1a: Zacian|7/100\n|-damage|p2a: Murkrow|78/100|[from] Recoil\n|-damage|p2a: Murkrow|68/100|[from] item: Life Orb\n|\n|-heal|p1a: Zacian|13/100|[from] Grassy Terrain\n|upkeep\n|\n|t:|1745983361\n|switch|p2b: Calyrex|Calyrex-Shadow, L50|100/100\n|-ability|p2b: Calyrex|As One\n|-ability|p2b: Calyrex|Unnerve\n|turn|3\n|\n|t:|1745983395\n|switch|p1b: Chien-Pao|Chien-Pao, L50|100/100\n|-ability|p1b: Chien-Pao|Sword of Ruin\n|move|p1a: Zacian|Protect|p1a: Zacian\n|-singleturn|p1a: Zacian|Protect\n|move|p2a: Murkrow|Taunt|p1a: Zacian\n|-activate|p1a: Zacian|move: Protect\n|move|p2b: Calyrex|Astral Barrage|p1a: Zacian|[spread] p1b\n|-activate|p1a: Zacian|move: Protect\n|-resisted|p1b: Chien-Pao\n|-damage|p1b: Chien-Pao|52/100\n|\n|-heal|p1a: Zacian|19/100|[from] Grassy Terrain\n|-heal|p1b: Chien-Pao|58/100|[from] Grassy Terrain\n|upkeep\n|turn|4\n|\n|t:|1745983417\n|move|p2b: Calyrex|Protect|p2b: Calyrex\n|-singleturn|p2b: Calyrex|Protect\n|move|p1b: Chien-Pao|Sucker Punch||[still]\n|-fail|p1b: Chien-Pao\n|move|p1a: Zacian|Behemoth Blade|p2a: Murkrow\n|-crit|p2a: Murkrow\n|-damage|p2a: Murkrow|0 fnt\n|faint|p2a: Murkrow\n|\n|-heal|p1a: Zacian|25/100|[from] Grassy Terrain\n|-heal|p1b: Chien-Pao|64/100|[from] Grassy Terrain\n|-sideend|p2: Gopackgo25|move: Tailwind\n|upkeep\n|\n|t:|1745983428\n|switch|p2a: Zamazenta|Zamazenta-Crowned, L50|100/100\n|-ability|p2a: Zamazenta|Dauntless Shield|boost\n|-boost|p2a: Zamazenta|def|1\n|turn|5\n|\n|t:|1745983443\n|-terastallize|p2b: Calyrex|Normal\n|move|p1b: Chien-Pao|Sucker Punch|p2b: Calyrex\n|-damage|p2b: Calyrex|46/100\n|move|p1a: Zacian|Sacred Sword|p2b: Calyrex\n|-supereffective|p2b: Calyrex\n|-damage|p2b: Calyrex|0 fnt\n|faint|p2b: Calyrex\n|move|p2a: Zamazenta|Body Press|p1a: Zacian\n|-resisted|p1a: Zacian\n|-damage|p1a: Zacian|0 fnt\n|faint|p1a: Zacian\n|\n|-heal|p1b: Chien-Pao|70/100|[from] Grassy Terrain\n|-sideend|p1: Taijem|move: Tailwind\n|-fieldend|move: Grassy Terrain\n|upkeep\n|\n|t:|1745983447\n|switch|p1a: Tornadus|Tornadus, L50, M|85/100\n|turn|6\n|\n|t:|1745983462\n|move|p1a: Tornadus|Tailwind|p1a: Tornadus\n|-sidestart|p1: Taijem|move: Tailwind\n|move|p1b: Chien-Pao|Sacred Sword|p2a: Zamazenta\n|-supereffective|p2a: Zamazenta\n|-damage|p2a: Zamazenta|53/100\n|move|p2a: Zamazenta|Body Press|p1b: Chien-Pao\n|-supereffective|p1b: Chien-Pao\n|-damage|p1b: Chien-Pao|0 fnt\n|faint|p1b: Chien-Pao\n|\n|upkeep\n|\n|t:|1745983470\n|switch|p1b: Kyogre|Kyogre, L50|100/100\n|-weather|RainDance|[from] ability: Drizzle|[of] p1b: Kyogre\n|turn|7\n|\n|t:|1745983478\n|move|p1a: Tornadus|Bleakwind Storm|p2a: Zamazenta\n|-damage|p2a: Zamazenta|26/100\n|move|p1b: Kyogre|Water Spout|p2a: Zamazenta\n|-damage|p2a: Zamazenta|0 fnt\n|faint|p2a: Zamazenta\n|\n|win|Taijem\n||Gopackgo25 is ready for game 3.\n||Taijem is ready for game 3.\n|uhtml|next|Next: <a href=\"/battle-gen9vgc2025regibo3-2353685919\"><strong>Game 3 of 3</strong></a>\n|l|\u2606Taijem\n|player|p1|\n", "uploadtime": 1745983791, "views": 14, "formatid": "gen9vgc2025regibo3", "rating": null, "private": 0, "password": null}