{"id": "gen9vgc2025regibo3-2354311626", "format": "[Gen 9] VGC 2025 Reg I (Bo3)", "players": ["MightyDynamo", "shoffel"], "log": "|j|\u2606MightyDynamo\n|j|\u2606shoffel\n|html|<table width=\"100%\"><tr><td align=\"left\">MightyDynamo</td><td align=\"right\">shoffel</tr><tr><td align=\"left\"><i class=\"fa fa-circle-o\"></i> <i class=\"fa fa-circle-o\"></i> </td><td align=\"right\"><i class=\"fa fa-circle-o\"></i> <i class=\"fa fa-circle\"></i> </tr></table>\n|uhtml|bestof|<h2><strong>Game 2</strong> of <a href=\"/game-bestof3-gen9vgc2025regibo3-2354307940\">a best-of-3</a></h2>\n|t:|1746055950\n|gametype|doubles\n|player|p1|MightyDynamo|colress|1253\n|player|p2|shoffel|265|1165\n|teamsize|p1|6\n|teamsize|p2|6\n|gen|9\n|tier|[Gen 9] VGC 2025 Reg I (Bo3)\n|rated|\n|rule|Species Clause: Limit one of each Pok\u00e9mon\n|rule|Item Clause: Limit 1 of each item\n|clearpoke\n|poke|p1|Miraidon, L50|\n|poke|p1|Urshifu-*, L50, M|\n|poke|p1|Calyrex-Ice, L50|\n|poke|p1|Farigiraf, L50, M|\n|poke|p1|Flutter Mane, L50|\n|poke|p1|Incineroar, L50, M|\n|poke|p2|Zamazenta-*, L50|\n|poke|p2|Calyrex-Shadow, L50|\n|poke|p2|Indeedee-F, L50, F|\n|poke|p2|Whimsicott, L50, M|\n|poke|p2|Urshifu-*, L50, F|\n|poke|p2|Incineroar, L50, F|\n|teampreview|4\n|showteam|p1|Miraidon||ChoiceSpecs|HadronEngine|ElectroDrift,DracoMeteor,DazzlingGleam,VoltSwitch||||||50|,,,,,Fairy]Urshifu||FocusSash|UnseenFist|SuckerPunch,WickedBlow,Coaching,Detect|||M|||50|,,,,,Fire]Calyrex-Ice||ElectricSeed|AsOneGlastrier|TrickRoom,GlacialLance,BodyPress,Imprison||||||50|,,,,,Fighting]Farigiraf||MentalHerb|ArmorTail|LightScreen,FoulPlay,TrickRoom,HelpingHand|||M|||50|,,,,,Water]Flutter Mane||BoosterEnergy|Protosynthesis|Moonblast,ShadowBall,IcyWind,Protect||||||50|,,,,,Fairy]Incineroar||RockyHelmet|Intimidate|FakeOut,Taunt,KnockOff,PartingShot|||M|||50|,,,,,Ghost\n|showteam|p2|Zamazenta-Crowned||RustedShield|DauntlessShield|BodyPress,Imprison,WideGuard,Protect||||||50|,,,,,Dragon]Calyrex-Shadow||LifeOrb|AsOneSpectrier|AstralBarrage,ExpandingForce,Protect,Encore||||||50|,,,,,Dark]Indeedee-F||SitrusBerry|PsychicSurge|FollowMe,TrickRoom,Imprison,DazzlingGleam|||F|||50|,,,,,Fairy]Whimsicott||CovertCloak|Prankster|Tailwind,Moonblast,FakeTears,Taunt|||M|||50|,,,,,Steel]Urshifu-Rapid-Strike||ChoiceScarf|UnseenFist|SurgingStrikes,Uturn,CloseCombat,AquaJet|||F|||50|,,,,,Fighting]Incineroar||SafetyGoggles|Intimidate|FlareBlitz,FakeOut,KnockOff,PartingShot|||F|||50|,,,,,Ghost\n|inactive|Battle timer is ON: inactive players will automatically lose when time's up. (requested by MightyDynamo)\n|inactive|MightyDynamo has 60 seconds left.\n|\n|t:|1746055991\n|start\n|switch|p1a: Incineroar|Incineroar, L50, M|100/100\n|switch|p1b: Farigiraf|Farigiraf, L50, M, shiny|100/100\n|switch|p2a: Urshifu|Urshifu-Rapid-Strike, L50, F|100/100\n|switch|p2b: Incineroar|Incineroar, L50, F|100/100\n|-ability|p1a: Incineroar|Intimidate|boost\n|-unboost|p2a: Urshifu|atk|1\n|-unboost|p2b: Incineroar|atk|1\n|-ability|p2b: Incineroar|Intimidate|boost\n|-unboost|p1a: Incineroar|atk|1\n|-unboost|p1b: Farigiraf|atk|1\n|turn|1\n|inactive|MightyDynamo has 30 seconds left.\n|\n|t:|1746056027\n|move|p1a: Incineroar|Fake Out|p2a: Urshifu\n|-damage|p2a: Urshifu|94/100\n|cant|p2a: Urshifu|flinch\n|move|p2b: Incineroar|Knock Off|p1a: Incineroar\n|-resisted|p1a: Incineroar\n|-damage|p1a: Incineroar|89/100\n|-damage|p2b: Incineroar|84/100|[from] item: Rocky Helmet|[of] p1a: Incineroar\n|-enditem|p1a: Incineroar|Rocky Helmet|[from] move: Knock Off|[of] p2b: Incineroar\n|move|p1b: Farigiraf|Trick Room|p1b: Farigiraf\n|-fieldstart|move: Trick Room|[of] p1b: Farigiraf\n|\n|upkeep\n|turn|2\n|inactive|MightyDynamo has 30 seconds left.\n|\n|t:|1746056053\n|move|p1b: Farigiraf|Light Screen|p1b: Farigiraf\n|-sidestart|p1: MightyDynamo|move: Light Screen\n|move|p2b: Incineroar|Parting Shot|p1a: Incineroar\n|-unboost|p1a: Incineroar|atk|1\n|-unboost|p1a: Incineroar|spa|1\n|\n|t:|1746056059\n|switch|p2b: Zamazenta|Zamazenta-Crowned, L50|100/100|[from] Parting Shot\n|-ability|p2b: Zamazenta|Dauntless Shield|boost\n|-boost|p2b: Zamazenta|def|1\n|move|p1a: Incineroar|Parting Shot|p2b: Zamazenta\n|-unboost|p2b: Zamazenta|atk|1\n|-unboost|p2b: Zamazenta|spa|1\n|\n|t:|1746056083\n|switch|p1a: Calyrex|Calyrex-Ice, L50|100/100|[from] Parting Shot\n|-ability|p1a: Calyrex|As One\n|-ability|p1a: Calyrex|Unnerve\n|move|p2a: Urshifu|U-turn|p1b: Farigiraf\n|-supereffective|p1b: Farigiraf\n|-damage|p1b: Farigiraf|68/100\n|\n|t:|1746056088\n|switch|p2a: Incineroar|Incineroar, L50, F|84/100|[from] U-turn\n|-ability|p2a: Incineroar|Intimidate|boost\n|-unboost|p1a: Calyrex|atk|1\n|-unboost|p1b: Farigiraf|atk|1\n|\n|upkeep\n|turn|3\n|inactive|MightyDynamo has 30 seconds left.\n|inactive|shoffel has 30 seconds left.\n|inactive|MightyDynamo has 20 seconds left.\n|\n|t:|1746056124\n|switch|p2a: Indeedee|Indeedee-F, L50, F|100/100\n|-fieldstart|move: Psychic Terrain|[from] ability: Psychic Surge|[of] p2a: Indeedee\n|move|p1a: Calyrex|Imprison|p1a: Calyrex\n|-start|p1a: Calyrex|move: Imprison\n|move|p1b: Farigiraf|Foul Play|p2b: Zamazenta\n|-resisted|p2b: Zamazenta\n|-damage|p2b: Zamazenta|98/100\n|cant|p2b: Zamazenta|move: Imprison|Imprison\n|\n|upkeep\n|turn|4\n|inactive|MightyDynamo has 30 seconds left.\n|\n|t:|1746056149\n|switch|p2b: Incineroar|Incineroar, L50, F|84/100\n|-ability|p2b: Incineroar|Intimidate|boost\n|-unboost|p1a: Calyrex|atk|1\n|-unboost|p1b: Farigiraf|atk|1\n|move|p2a: Indeedee|Dazzling Gleam|p1a: Calyrex|[spread] p1a,p1b\n|-damage|p1a: Calyrex|95/100\n|-damage|p1b: Farigiraf|61/100\n|move|p1a: Calyrex|Trick Room|p1a: Calyrex\n|-fieldend|move: Trick Room\n|move|p1b: Farigiraf|Trick Room|p1b: Farigiraf\n|-fieldstart|move: Trick Room|[of] p1b: Farigiraf\n|\n|upkeep\n|turn|5\n|\n|t:|1746056171\n|switch|p1b: Miraidon|Miraidon, L50|100/100\n|-fieldstart|move: Electric Terrain|[from] ability: Hadron Engine|[of] p1b: Miraidon\n|-enditem|p1a: Calyrex|Electric Seed\n|-boost|p1a: Calyrex|def|1|[from] item: Electric Seed\n|move|p2a: Indeedee|Follow Me|p2a: Indeedee\n|-singleturn|p2a: Indeedee|move: Follow Me\n|move|p1a: Calyrex|Body Press|p2a: Indeedee\n|-damage|p2a: Indeedee|61/100\n|move|p2b: Incineroar|Parting Shot|p1a: Calyrex\n|-unboost|p1a: Calyrex|atk|1\n|-unboost|p1a: Calyrex|spa|1\n|\n|t:|1746056186\n|switch|p2b: Urshifu|Urshifu-Rapid-Strike, L50, F|94/100|[from] Parting Shot\n|\n|upkeep\n|turn|6\n|inactive|MightyDynamo has 30 seconds left.\n|inactive|MightyDynamo has 20 seconds left.\n|inactive|MightyDynamo has 15 seconds left.\n|\n|t:|1746056227\n|move|p2a: Indeedee|Follow Me|p2a: Indeedee\n|-singleturn|p2a: Indeedee|move: Follow Me\n|move|p1a: Calyrex|Body Press|p2a: Indeedee\n|-damage|p2a: Indeedee|19/100\n|move|p1b: Miraidon|Volt Switch|p2a: Indeedee\n|-damage|p2a: Indeedee|0 fnt\n|faint|p2a: Indeedee\n|\n|t:|1746056240\n|switch|p1b: Incineroar|Incineroar, L50, M|89/100|[from] Volt Switch\n|-ability|p1b: Incineroar|Intimidate|boost\n|-unboost|p2b: Urshifu|atk|1\n|move|p2b: Urshifu|Surging Strikes|p1a: Calyrex\n|-crit|p1a: Calyrex\n|-damage|p1a: Calyrex|82/100\n|-crit|p1a: Calyrex\n|-damage|p1a: Calyrex|70/100\n|-crit|p1a: Calyrex\n|-damage|p1a: Calyrex|58/100\n|-hitcount|p1a: Calyrex|3\n|\n|-sideend|p1: MightyDynamo|move: Light Screen\n|upkeep\n|\n|t:|1746056251\n|switch|p2a: Incineroar|Incineroar, L50, F|84/100\n|-ability|p2a: Incineroar|Intimidate|boost\n|-unboost|p1a: Calyrex|atk|1\n|-unboost|p1b: Incineroar|atk|1\n|turn|7\n|\n|t:|1746056274\n|switch|p1b: Farigiraf|Farigiraf, L50, M, shiny|61/100\n|-terastallize|p2a: Incineroar|Ghost\n|move|p2a: Incineroar|Fake Out||[still]\n|cant|p1b: Farigiraf|ability: Armor Tail|Fake Out|[of] p2a: Incineroar\n|move|p1a: Calyrex|Body Press|p2a: Incineroar\n|-immune|p2a: Incineroar\n|move|p2b: Urshifu|Surging Strikes|p1b: Farigiraf\n|-crit|p1b: Farigiraf\n|-damage|p1b: Farigiraf|42/100\n|-crit|p1b: Farigiraf\n|-damage|p1b: Farigiraf|21/100\n|-crit|p1b: Farigiraf\n|-damage|p1b: Farigiraf|0 fnt\n|faint|p1b: Farigiraf\n|-hitcount|p1: Farigiraf|3\n|\n|upkeep\n|\n|t:|1746056291\n|switch|p1b: Incineroar|Incineroar, L50, M|89/100\n|-ability|p1b: Incineroar|Intimidate|boost\n|-unboost|p2a: Incineroar|atk|1\n|-unboost|p2b: Urshifu|atk|1\n|turn|8\n|inactive|MightyDynamo has 30 seconds left.\n|inactive|MightyDynamo has 20 seconds left.\n|inactive|MightyDynamo has 15 seconds left.\n|\n|t:|1746056332\n|switch|p2a: Zamazenta|Zamazenta-Crowned, L50|98/100\n|move|p1a: Calyrex|Body Press|p2a: Zamazenta\n|-supereffective|p2a: Zamazenta\n|-damage|p2a: Zamazenta|47/100\n|move|p1b: Incineroar|Knock Off|p2a: Zamazenta\n|-resisted|p2a: Zamazenta\n|-damage|p2a: Zamazenta|39/100\n|move|p2b: Urshifu|Surging Strikes|p1a: Calyrex\n|-crit|p1a: Calyrex\n|-damage|p1a: Calyrex|46/100\n|-crit|p1a: Calyrex\n|-damage|p1a: Calyrex|34/100\n|-crit|p1a: Calyrex\n|-damage|p1a: Calyrex|23/100\n|-hitcount|p1a: Calyrex|3\n|\n|-fieldend|move: Trick Room\n|upkeep\n|turn|9\n|inactive|MightyDynamo has 30 seconds left.\n|inactive|MightyDynamo has 20 seconds left.\n|inactive|MightyDynamo has 15 seconds left.\n|\n|t:|1746056374\n|move|p2a: Zamazenta|Protect|p2a: Zamazenta\n|-singleturn|p2a: Zamazenta|Protect\n|move|p2b: Urshifu|Surging Strikes|p1a: Calyrex\n|-crit|p1a: Calyrex\n|-damage|p1a: Calyrex|11/100\n|-crit|p1a: Calyrex\n|-damage|p1a: Calyrex|0 fnt\n|faint|p1a: Calyrex\n|-hitcount|p1: Calyrex|2\n|move|p1b: Incineroar|Knock Off|p2b: Urshifu\n|-resisted|p2b: Urshifu\n|-damage|p2b: Urshifu|73/100\n|-enditem|p2b: Urshifu|Choice Scarf|[from] move: Knock Off|[of] p1b: Incineroar\n|\n|-fieldend|move: Electric Terrain\n|upkeep\n|\n|t:|1746056386\n|switch|p1a: Miraidon|Miraidon, L50|100/100\n|-fieldstart|move: Electric Terrain|[from] ability: Hadron Engine|[of] p1a: Miraidon\n|turn|10\n|inactive|MightyDynamo has 30 seconds left.\n|inactive|shoffel has 30 seconds left.\n|\n|t:|1746056420\n|switch|p2b: Incineroar|Incineroar, L50, F, tera:Ghost|84/100\n|-ability|p2b: Incineroar|Intimidate|boost\n|-unboost|p1a: Miraidon|atk|1\n|-unboost|p1b: Incineroar|atk|1\n|move|p2a: Zamazenta|Body Press|p1a: Miraidon\n|-damage|p1a: Miraidon|60/100\n|move|p1a: Miraidon|Electro Drift|p2a: Zamazenta\n|-damage|p2a: Zamazenta|0 fnt\n|faint|p2a: Zamazenta\n|move|p1b: Incineroar|Parting Shot|p2b: Incineroar\n|-unboost|p2b: Incineroar|atk|1\n|-unboost|p2b: Incineroar|spa|1\n|\n|upkeep\n|\n|t:|1746056423\n|switch|p2a: Urshifu|Urshifu-Rapid-Strike, L50, F|73/100\n|turn|11\n|inactive|MightyDynamo has 30 seconds left.\n|inactive|MightyDynamo has 20 seconds left.\n|\n|t:|1746056463\n|move|p2b: Incineroar|Fake Out|p1a: Miraidon\n|-damage|p1a: Miraidon|53/100\n|cant|p1a: Miraidon|flinch\n|move|p2a: Urshifu|Close Combat|p1a: Miraidon\n|-damage|p1a: Miraidon|0 fnt\n|-unboost|p2a: Urshifu|def|1\n|-unboost|p2a: Urshifu|spd|1\n|faint|p1a: Miraidon\n|move|p1b: Incineroar|Knock Off|p2b: Incineroar\n|-supereffective|p2b: Incineroar\n|-damage|p2b: Incineroar|46/100\n|-enditem|p2b: Incineroar|Safety Goggles|[from] move: Knock Off|[of] p1b: Incineroar\n|\n|upkeep\n|turn|12\n|inactive|MightyDynamo has 30 seconds left.\n|inactive|MightyDynamo has 20 seconds left.\n|-message|MightyDynamo forfeited.\n|\n|win|shoffel\n|inactive|MightyDynamo has 20 seconds left this turn.\n|raw|MightyDynamo's rating: 1253 &rarr; <strong>1222</strong><br />(-31 for losing)\n|raw|shoffel's rating: 1165 &rarr; <strong>1196</strong><br />(+31 for winning)\n", "uploadtime": 1746056486, "views": 6, "formatid": "gen9vgc2025regibo3", "rating": 1196, "private": 0, "password": null}