{"id": "gen9vgc2025regibo3-2355099995", "format": "[Gen 9] VGC 2025 Reg I (Bo3)", "players": ["kira0vexel", "Fross039"], "log": "|j|\u2606kira0vexel\n|j|\u2606Fross039\n|html|<table width=\"100%\"><tr><td align=\"left\">kira0vexel</td><td align=\"right\">Fross039</tr><tr><td align=\"left\"><i class=\"fa fa-circle-o\"></i> <i class=\"fa fa-circle-o\"></i> </td><td align=\"right\"><i class=\"fa fa-circle-o\"></i> <i class=\"fa fa-circle-o\"></i> </tr></table>\n|uhtml|bestof|<h2><strong>Game 1</strong> of <a href=\"/game-bestof3-gen9vgc2025regibo3-2355099994\">a best-of-3</a></h2>\n|t:|1746152457\n|gametype|doubles\n|player|p1|kira0vexel|koga|\n|player|p2|Fross039|grimsley|\n|teamsize|p1|6\n|teamsize|p2|6\n|gen|9\n|tier|[Gen 9] VGC 2025 Reg I (Bo3)\n|rule|Species Clause: Limit one of each Pok\u00e9mon\n|rule|Item Clause: Limit 1 of each item\n|clearpoke\n|poke|p1|Gastrodon, L50, M|\n|poke|p1|Primarina, L50, F|\n|poke|p1|Tauros-Paldea-Aqua, L50, M|\n|poke|p1|Cloyster, L50, F|\n|poke|p1|Swampert, L50, M|\n|poke|p1|Quaquaval, L50, M|\n|poke|p2|Kingambit, L50, F|\n|poke|p2|Gholdengo, L50|\n|poke|p2|Archaludon, L50, M|\n|poke|p2|Goodra-Hisui, L50, F|\n|poke|p2|Klefki, L50, M|\n|poke|p2|Duraludon, L50, F|\n|teampreview|4\n|showteam|p1|Gastrodon||Leftovers|StormDrain|Blizzard,ClearSmog,IceBeam,HydroPump|||M|||50|,,,,,Ice]Primarina||ThroatSpray|LiquidVoice|AlluringVoice,HyperVoice,DisarmingVoice,Blizzard|||F|||50|,,,,,Water]Tauros-Paldea-Aqua||LifeOrb|AngerPoint|AquaJet,CloseCombat,WaveCrash,RockSlide|||M|||50|,,,,,Fighting]Cloyster||WhiteHerb|SkillLink|ShellSmash,IcicleSpear,RockBlast,RazorShell|||F|||50|,,,,,Water]Swampert||AssaultVest|Torrent|Earthquake,Surf,BrickBreak,FlipTurn|||M|||50|,,,,,Fighting]Quaquaval||ExpertBelt|Moxie|BrickBreak,AquaStep,KnockOff,LowKick|||M|||50|,,,,,Water\n|showteam|p2|Kingambit||ChoiceBand|SupremeOverlord|SuckerPunch,IronHead,BrickBreak,StoneEdge|||F|||50|,,,,,Dark]Gholdengo||ChoiceSpecs|GoodasGold|MakeItRain,ShadowBall,DazzlingGleam,PowerGem||||||50|,,,,,Steel]Archaludon||AssaultVest|Stamina|ElectroShot,DragonPulse,FlashCannon,DarkPulse|||M|||50|,,,,,Steel]Goodra-Hisui||Leftovers|Gooey|Thunderbolt,DragonPulse,KnockOff,LifeDew|||F|||50|,,,,,Steel]Klefki||LightClay|Prankster|LightScreen,Reflect,ThunderWave,DazzlingGleam|||M|||50|,,,,,Steel]Duraludon||Eviolite|Stalwart|IronDefense,BodyPress,DracoMeteor,ThunderWave|||F|||50|,,,,,Steel\n|\n|t:|1746152499\n|start\n|switch|p1a: Cloro|Quaquaval, L50, M, shiny|100/100\n|switch|p1b: Cloyster|Cloyster, L50, F, shiny|100/100\n|switch|p2a: Klefki|Klefki, L50, M|100/100\n|switch|p2b: Archaludon|Archaludon, L50, M|100/100\n|turn|1\n|inactive|Battle timer is ON: inactive players will automatically lose when time's up. (requested by Fross039)\n|\n|t:|1746152519\n|move|p2a: Klefki|Thunder Wave|p1b: Cloyster|[miss]\n|-miss|p2a: Klefki|p1b: Cloyster\n|move|p1a: Cloro|Low Kick|p2b: Archaludon\n|-supereffective|p2b: Archaludon\n|-damage|p2b: Archaludon|23/100\n|-ability|p2b: Archaludon|Stamina|boost\n|-boost|p2b: Archaludon|def|1\n|move|p1b: Cloyster|Shell Smash|p1b: Cloyster\n|-unboost|p1b: Cloyster|def|1\n|-unboost|p1b: Cloyster|spd|1\n|-boost|p1b: Cloyster|atk|2\n|-boost|p1b: Cloyster|spa|2\n|-boost|p1b: Cloyster|spe|2\n|-enditem|p1b: Cloyster|White Herb\n|-clearnegativeboost|p1b: Cloyster|[silent]\n|move|p2b: Archaludon|Electro Shot||[still]\n|-prepare|p2b: Archaludon|Electro Shot\n|-boost|p2b: Archaludon|spa|1\n|\n|upkeep\n|turn|2\n|inactive|kira0vexel has 30 seconds left.\n|\n|t:|1746152544\n|move|p2a: Klefki|Thunder Wave|p1a: Cloro|[miss]\n|-miss|p2a: Klefki|p1a: Cloro\n|move|p1b: Cloyster|Rock Blast|p2a: Klefki\n|-resisted|p2a: Klefki\n|-crit|p2a: Klefki\n|-damage|p2a: Klefki|90/100\n|-resisted|p2a: Klefki\n|-damage|p2a: Klefki|82/100\n|-resisted|p2a: Klefki\n|-damage|p2a: Klefki|74/100\n|-resisted|p2a: Klefki\n|-damage|p2a: Klefki|65/100\n|-resisted|p2a: Klefki\n|-crit|p2a: Klefki\n|-damage|p2a: Klefki|54/100\n|-hitcount|p2a: Klefki|5\n|move|p1a: Cloro|Low Kick|p2b: Archaludon\n|-supereffective|p2b: Archaludon\n|-damage|p2b: Archaludon|0 fnt\n|faint|p2b: Archaludon\n|-ability|p1a: Cloro|Moxie|boost\n|-boost|p1a: Cloro|atk|1\n|\n|upkeep\n|\n|t:|1746152550\n|switch|p2b: Gholdengo|Gholdengo, L50|100/100\n|turn|3\n|\n|t:|1746152572\n|move|p2a: Klefki|Thunder Wave|p1b: Cloyster\n|-status|p1b: Cloyster|par\n|move|p1a: Cloro|Aqua Step|p2a: Klefki\n|-damage|p2a: Klefki|0 fnt\n|-boost|p1a: Cloro|spe|1\n|faint|p2a: Klefki\n|-ability|p1a: Cloro|Moxie|boost\n|-boost|p1a: Cloro|atk|1\n|move|p2b: Gholdengo|Make It Rain|p1b: Cloyster|[spread] p1a,p1b\n|-resisted|p1a: Cloro\n|-damage|p1a: Cloro|48/100\n|-damage|p1b: Cloyster|0 fnt\n|-unboost|p2b: Gholdengo|spa|1\n|faint|p1b: Cloyster\n|\n|upkeep\n|\n|t:|1746152589\n|switch|p1b: Tauros|Tauros-Paldea-Aqua, L50, M|100/100\n|switch|p2a: Kingambit|Kingambit, L50, F|100/100\n|-activate|p2a: Kingambit|ability: Supreme Overlord\n|-start|p2a: Kingambit|fallen2|[silent]\n|turn|4\n|\n|t:|1746152607\n|-terastallize|p2a: Kingambit|Dark\n|move|p2a: Kingambit|Sucker Punch|p1a: Cloro\n|-resisted|p1a: Cloro\n|-damage|p1a: Cloro|0 fnt\n|faint|p1a: Cloro\n|move|p1b: Tauros|Wave Crash|p2b: Gholdengo\n|-damage|p2b: Gholdengo|13/100\n|-damage|p1b: Tauros|69/100|[from] Recoil\n|-damage|p1b: Tauros|59/100|[from] item: Life Orb\n|move|p2b: Gholdengo|Make It Rain|p1b: Tauros\n|-resisted|p1b: Tauros\n|-damage|p1b: Tauros|10/100\n|-unboost|p2b: Gholdengo|spa|1\n|\n|upkeep\n|\n|t:|1746152623\n|switch|p1a: Alojoto|Swampert, L50, M, shiny|100/100\n|turn|5\n|\n|t:|1746152631\n|move|p1b: Tauros|Aqua Jet|p2b: Gholdengo\n|-damage|p2b: Gholdengo|0 fnt\n|faint|p2b: Gholdengo\n|-damage|p1b: Tauros|0 fnt|[from] item: Life Orb\n|faint|p1b: Tauros\n|move|p2a: Kingambit|Sucker Punch|p1a: Alojoto\n|-damage|p1a: Alojoto|14/100\n|move|p1a: Alojoto|Brick Break|p2a: Kingambit\n|-supereffective|p2a: Kingambit\n|-damage|p2a: Kingambit|63/100\n|\n|upkeep\n|turn|6\n|\n|t:|1746152644\n|move|p2a: Kingambit|Sucker Punch|p1a: Alojoto\n|-damage|p1a: Alojoto|0 fnt\n|faint|p1a: Alojoto\n|\n|win|Fross039\n||Fross039 is ready for game 2.\n||kira0vexel is ready for game 2.\n|uhtml|next|Next: <a href=\"/battle-gen9vgc2025regibo3-2355101535\"><strong>Game 2 of 3</strong></a>\n|l|\u2606Fross039\n|player|p2|\n|l|\u2606kira0vexel\n|player|p1|\n", "uploadtime": 1746152932, "views": 3, "formatid": "gen9vgc2025regibo3", "rating": null, "private": 0, "password": null}