{"id": "gen9vgc2025regibo3-2354390727", "format": "[Gen 9] VGC 2025 Reg I (Bo3)", "players": ["mil0battles", "Pickedman"], "log": "|j|\u2606mil0battles\n|j|\u2606Pickedman\n|html|<table width=\"100%\"><tr><td align=\"left\">mil0battles</td><td align=\"right\">Pickedman</tr><tr><td align=\"left\"><i class=\"fa fa-circle\"></i> <i class=\"fa fa-circle-o\"></i> </td><td align=\"right\"><i class=\"fa fa-circle-o\"></i> <i class=\"fa fa-circle\"></i> </tr></table>\n|uhtml|bestof|<h2><strong>Game 3</strong> of <a href=\"/game-bestof3-gen9vgc2025regibo3-2354387147\">a best-of-3</a></h2>\n|t:|1746065524\n|gametype|doubles\n|player|p1|mil0battles|266|1217\n|player|p2|Pickedman|zinnia-masters|1171\n|teamsize|p1|6\n|teamsize|p2|6\n|gen|9\n|tier|[Gen 9] VGC 2025 Reg I (Bo3)\n|rated|\n|rule|Species Clause: Limit one of each Pok\u00e9mon\n|rule|Item Clause: Limit 1 of each item\n|clearpoke\n|poke|p1|Zacian-*, L50|\n|poke|p1|Calyrex-Shadow, L50|\n|poke|p1|Tornadus, L50, M|\n|poke|p1|Indeedee-F, L50, F|\n|poke|p1|Urshifu-*, L50, M|\n|poke|p1|Ursaluna, L50, F|\n|poke|p2|Palkia-Origin, L50|\n|poke|p2|Miraidon, L50|\n|poke|p2|Ursaluna, L50, F|\n|poke|p2|Ogerpon-Hearthflame, L50, F|\n|poke|p2|Iron Jugulis, L50|\n|poke|p2|Iron Bundle, L50|\n|teampreview|4\n|showteam|p1|Zacian-Crowned||RustedSword|IntrepidSword|Protect,PlayRough,behemothblade,SacredSword||||||50|,,,,,Stellar]Calyrex-Shadow||LifeOrb|AsOneSpectrier|ExpandingForce,AstralBarrage,NastyPlot,Protect||||||50|,,,,,Normal]Tornadus||CovertCloak|Prankster|RainDance,Tailwind,BleakwindStorm,Taunt|||M|||50|,,,,,Dark]Indeedee-F||PsychicSeed|PsychicSurge|FollowMe,TrickRoom,Imprison,HelpingHand|||F|||50|,,,,,Fairy]Urshifu-Rapid-Strike||ChoiceScarf|UnseenFist|Coaching,SurgingStrikes,AquaJet,CloseCombat|||M|||50|,,,,,Stellar]Ursaluna||FlameOrb|Guts|Facade,HeadlongRush,RockSlide,Protect|||F|||50|,,,,,Fire\n|showteam|p2|Palkia-Origin||LustrousGlobe|Telepathy|HydroPump,SpacialRend,TrickRoom,Protect||||||50|,,,,,Ghost]Miraidon||ChoiceSpecs|HadronEngine|ElectroDrift,Discharge,VoltSwitch,DracoMeteor||||||50|,,,,,Electric]Ursaluna||FlameOrb|Guts|HeadlongRush,Earthquake,Facade,Protect|||F|||50|,,,,,Normal]Ogerpon-Hearthflame||HearthflameMask|MoldBreaker|HornLeech,IvyCudgel,SpikyShield,FollowMe|||F|||50|,,,,,Fire]Iron Jugulis||CovertCloak|QuarkDrive|Snarl,Hurricane,DragonCheer,Tailwind||||||50|,,,,,Dark]Iron Bundle||FocusSash|QuarkDrive|IcyWind,FreezeDry,Encore,HydroPump||||||50|,,,,,Ghost\n|\n|t:|1746065551\n|start\n|switch|p1a: Tornadus|Tornadus, L50, M|100/100\n|switch|p1b: Urshifu|Urshifu-Rapid-Strike, L50, M|100/100\n|switch|p2a: Palkia|Palkia-Origin, L50|100/100\n|switch|p2b: Ogerpon|Ogerpon-Hearthflame, L50, F|100/100\n|-ability|p2b: Ogerpon|Mold Breaker\n|turn|1\n|inactive|Battle timer is ON: inactive players will automatically lose when time's up. (requested by mil0battles)\n|\n|t:|1746065565\n|switch|p2b: Miraidon|Miraidon, L50|100/100\n|-fieldstart|move: Electric Terrain|[from] ability: Hadron Engine|[of] p2b: Miraidon\n|-terastallize|p1b: Urshifu|Stellar\n|move|p1a: Tornadus|Taunt|p2a: Palkia\n|-start|p2a: Palkia|move: Taunt\n|move|p1b: Urshifu|Surging Strikes|p2b: Miraidon\n|-resisted|p2b: Miraidon\n|-crit|p2b: Miraidon\n|-damage|p2b: Miraidon|84/100\n|-resisted|p2b: Miraidon\n|-crit|p2b: Miraidon\n|-damage|p2b: Miraidon|70/100\n|-resisted|p2b: Miraidon\n|-crit|p2b: Miraidon\n|-damage|p2b: Miraidon|55/100\n|-hitcount|p2b: Miraidon|3\n|cant|p2a: Palkia|move: Taunt|Trick Room\n|\n|upkeep\n|turn|2\n|inactive|Pickedman has 30 seconds left.\n|\n|t:|1746065596\n|move|p1a: Tornadus|Tailwind|p1a: Tornadus\n|-sidestart|p1: mil0battles|move: Tailwind\n|move|p1b: Urshifu|Surging Strikes|p2a: Palkia\n|-resisted|p2a: Palkia\n|-crit|p2a: Palkia\n|-damage|p2a: Palkia|95/100\n|-resisted|p2a: Palkia\n|-crit|p2a: Palkia\n|-damage|p2a: Palkia|89/100\n|-resisted|p2a: Palkia\n|-crit|p2a: Palkia\n|-damage|p2a: Palkia|84/100\n|-hitcount|p2a: Palkia|3\n|move|p2b: Miraidon|Discharge|p1a: Tornadus|[spread] p1a,p1b\n|-activate|p2a: Palkia|ability: Telepathy\n|-supereffective|p1a: Tornadus\n|-supereffective|p1b: Urshifu\n|-crit|p1b: Urshifu\n|-damage|p1a: Tornadus|0 fnt\n|-damage|p1b: Urshifu|0 fnt\n|faint|p1a: Tornadus\n|faint|p1b: Urshifu\n|move|p2a: Palkia|Hydro Pump|p1: Tornadus|[notarget]\n|-fail|p2a: Palkia\n|\n|upkeep\n|\n|t:|1746065608\n|switch|p1a: Zacian|Zacian-Crowned, L50|100/100\n|switch|p1b: Calyrex|Calyrex-Shadow, L50|100/100\n|-ability|p1b: Calyrex|As One\n|-ability|p1b: Calyrex|Unnerve\n|-ability|p1a: Zacian|Intrepid Sword|boost\n|-boost|p1a: Zacian|atk|1\n|turn|3\n|\n|t:|1746065631\n|switch|p2b: Ogerpon|Ogerpon-Hearthflame, L50, F|100/100\n|-ability|p2b: Ogerpon|Mold Breaker\n|switch|p2a: Ursaluna|Ursaluna, L50, F|100/100\n|move|p1b: Calyrex|Astral Barrage|p2a: Ursaluna|[spread] p2b\n|-immune|p2a: Ursaluna\n|-damage|p2b: Ogerpon|29/100\n|-damage|p1b: Calyrex|91/100|[from] item: Life Orb\n|move|p1a: Zacian|Play Rough|p2b: Ogerpon|[miss]\n|-miss|p1a: Zacian|p2b: Ogerpon\n|\n|-status|p2a: Ursaluna|brn|[from] item: Flame Orb\n|upkeep\n|turn|4\n|inactive|Pickedman has 30 seconds left.\n|\n|t:|1746065657\n|move|p2b: Ogerpon|Spiky Shield|p2b: Ogerpon\n|-singleturn|p2b: Ogerpon|move: Protect\n|move|p1b: Calyrex|Expanding Force|p2a: Ursaluna\n|-damage|p2a: Ursaluna|44/100 brn\n|-damage|p1b: Calyrex|81/100|[from] item: Life Orb\n|move|p1a: Zacian|Sacred Sword|p2a: Ursaluna\n|-supereffective|p2a: Ursaluna\n|-damage|p2a: Ursaluna|0 fnt\n|faint|p2a: Ursaluna\n|\n|upkeep\n|\n|t:|1746065665\n|switch|p2a: Palkia|Palkia-Origin, L50|84/100\n|turn|5\n|\n|t:|1746065673\n|move|p2b: Ogerpon|Follow Me|p2b: Ogerpon\n|-singleturn|p2b: Ogerpon|move: Follow Me\n|move|p1b: Calyrex|Astral Barrage|p2b: Ogerpon|[spread] p2a,p2b\n|-damage|p2a: Palkia|24/100\n|-damage|p2b: Ogerpon|0 fnt\n|faint|p2b: Ogerpon\n|-ability|p1b: Calyrex|Grim Neigh|boost\n|-boost|p1b: Calyrex|spa|1\n|-damage|p1b: Calyrex|71/100|[from] item: Life Orb\n|move|p1a: Zacian|Play Rough|p2a: Palkia\n|-supereffective|p2a: Palkia\n|-damage|p2a: Palkia|0 fnt\n|faint|p2a: Palkia\n|\n|-sideend|p1: mil0battles|move: Tailwind\n|-fieldend|move: Electric Terrain\n|upkeep\n|\n|t:|1746065687\n|switch|p2b: Miraidon|Miraidon, L50|55/100\n|-fieldstart|move: Electric Terrain|[from] ability: Hadron Engine|[of] p2b: Miraidon\n|turn|6\n|\n|t:|1746065692\n|-terastallize|p2b: Miraidon|Electric\n|move|p1b: Calyrex|Astral Barrage|p2b: Miraidon\n|-damage|p2b: Miraidon|0 fnt\n|faint|p2b: Miraidon\n|-damage|p1b: Calyrex|62/100|[from] item: Life Orb\n|\n|win|mil0battles\n|raw|mil0battles's rating: 1217 &rarr; <strong>1239</strong><br />(+22 for winning)\n|raw|Pickedman's rating: 1171 &rarr; <strong>1149</strong><br />(-22 for losing)\n|l|\u2606Pickedman\n|player|p2|\n|l|\u2606mil0battles\n|player|p1|\n", "uploadtime": 1746065699, "views": 10, "formatid": "gen9vgc2025regibo3", "rating": 1149, "private": 0, "password": null}