{"id": "gen9vgc2025regibo3-2353710587", "format": "[Gen 9] VGC 2025 Reg I (Bo3)", "players": ["playest003", "Joe870502"], "log": "|j|\u2606playest003\n|j|\u2606Joe870502\n|html|<table width=\"100%\"><tr><td align=\"left\">playest003</td><td align=\"right\">Joe870502</tr><tr><td align=\"left\"><i class=\"fa fa-circle-o\"></i> <i class=\"fa fa-circle-o\"></i> </td><td align=\"right\"><i class=\"fa fa-circle-o\"></i> <i class=\"fa fa-circle\"></i> </tr></table>\n|uhtml|bestof|<h2><strong>Game 2</strong> of <a href=\"/game-bestof3-gen9vgc2025regibo3-2353708705\">a best-of-3</a></h2>\n|t:|1745986937\n|gametype|doubles\n|player|p1|playest003|infielder|1188\n|player|p2|Joe870502|dawn|1249\n|teamsize|p1|6\n|teamsize|p2|6\n|gen|9\n|tier|[Gen 9] VGC 2025 Reg I (Bo3)\n|rated|\n|rule|Species Clause: Limit one of each Pok\u00e9mon\n|rule|Item Clause: Limit 1 of each item\n|clearpoke\n|poke|p1|Calyrex-Ice, L50|\n|poke|p1|Indeedee-F, L50, F|\n|poke|p1|Smeargle, L50, F|\n|poke|p1|Miraidon, L50|\n|poke|p1|Urshifu-*, L50, M|\n|poke|p1|Torkoal, L50, M|\n|poke|p2|Calyrex-Shadow, L50|\n|poke|p2|Koraidon, L50|\n|poke|p2|Ditto, L50|\n|poke|p2|Brute Bonnet, L50|\n|poke|p2|Chi-Yu, L50|\n|poke|p2|Raging Bolt, L50|\n|teampreview|4\n|showteam|p1|Calyrex-Ice||ClearAmulet|AsOneGlastrier|Protect,TrickRoom,CloseCombat,GlacialLance||||||50|,,,,,Fire]Indeedee-F||RockyHelmet|PsychicSurge|ShadowBall,FollowMe,TrickRoom,HelpingHand|||F|||50|,,,,,Fairy]Smeargle||FocusSash|Technician|FollowMe,FakeOut,Spore,Decorate|||F|||50|,,,,,Grass]Miraidon||LifeOrb|HadronEngine|Protect,ElectroDrift,DracoMeteor,DazzlingGleam||||||50|,,,,,Stellar]Urshifu||ChoiceBand|UnseenFist|WickedBlow,CloseCombat,SuckerPunch,IronHead|||M|||50|,,,,,Grass]Torkoal||ChoiceSpecs|Drought|Eruption,HeatWave,EarthPower,WeatherBall|||M|||50|,,,,,Fire\n|showteam|p2|Calyrex-Shadow||LifeOrb|AsOneSpectrier|AstralBarrage,Psychic,PollenPuff,Protect||||||50|,,,,,Dark]Koraidon||ClearAmulet|OrichalcumPulse|FlareBlitz,FlameCharge,CollisionCourse,Protect||||||50|,,,,,Fire]Ditto||FocusSash|Imposter|Transform||||||50|,,,,,Normal]Brute Bonnet||CovertCloak|Protosynthesis|RagePowder,Spore,SeedBomb,SuckerPunch||||||50|,,,,,Water]Chi-Yu||ChoiceScarf|BeadsofRuin|HeatWave,DarkPulse,Snarl,Overheat||||||50|,,,,,Ghost]Raging Bolt||AssaultVest|Protosynthesis|Thunderclap,Electroweb,Thunderbolt,DragonPulse||||||50|,,,,,Electric\n|inactive|Battle timer is ON: inactive players will automatically lose when time's up. (requested by playest003)\n|inactive|Joe870502 also wants the timer to be on.\n|inactive|Joe870502 has 60 seconds left.\n|\n|t:|1745986968\n|start\n|switch|p1a: Smeargle|Smeargle, L50, F|100/100\n|switch|p1b: Calyrex|Calyrex-Ice, L50|100/100\n|switch|p2a: Calyrex|Calyrex-Shadow, L50|100/100\n|switch|p2b: Brute Bonnet|Brute Bonnet, L50|100/100\n|-ability|p2a: Calyrex|As One\n|-ability|p2a: Calyrex|Unnerve\n|-ability|p1b: Calyrex|As One\n|-ability|p1b: Calyrex|Unnerve\n|turn|1\n|\n|t:|1745986988\n|-terastallize|p1a: Smeargle|Grass\n|move|p1b: Calyrex|Protect|p1b: Calyrex\n|-singleturn|p1b: Calyrex|Protect\n|move|p2a: Calyrex|Astral Barrage|p1b: Calyrex|[spread] p1a\n|-activate|p1b: Calyrex|move: Protect\n|-crit|p1a: Smeargle\n|-enditem|p1a: Smeargle|Focus Sash\n|-damage|p1a: Smeargle|1/100\n|-damage|p2a: Calyrex|91/100|[from] item: Life Orb\n|move|p1a: Smeargle|Spore|p2a: Calyrex\n|-status|p2a: Calyrex|slp|[from] move: Spore\n|move|p2b: Brute Bonnet|Spore|p1b: Calyrex\n|-activate|p1b: Calyrex|move: Protect\n|\n|upkeep\n|turn|2\n|\n|t:|1745987007\n|move|p1a: Smeargle|Follow Me|p1a: Smeargle\n|-singleturn|p1a: Smeargle|move: Follow Me\n|cant|p2a: Calyrex|slp\n|move|p2b: Brute Bonnet|Seed Bomb|p1a: Smeargle\n|-resisted|p1a: Smeargle\n|-damage|p1a: Smeargle|0 fnt\n|faint|p1a: Smeargle\n|move|p1b: Calyrex|Glacial Lance|p2a: Calyrex|[spread] p2a,p2b\n|-supereffective|p2b: Brute Bonnet\n|-damage|p2a: Calyrex|17/100 slp\n|-damage|p2b: Brute Bonnet|21/100\n|\n|upkeep\n|\n|t:|1745987027\n|switch|p1a: Miraidon|Miraidon, L50|100/100\n|-fieldstart|move: Electric Terrain|[from] ability: Hadron Engine|[of] p1a: Miraidon\n|turn|3\n|\n|t:|1745987039\n|move|p2b: Brute Bonnet|Sucker Punch||[still]\n|-fail|p2b: Brute Bonnet\n|cant|p2a: Calyrex|slp\n|move|p1a: Miraidon|Dazzling Gleam|p2b: Brute Bonnet|[spread] p2a,p2b\n|-supereffective|p2b: Brute Bonnet\n|-damage|p2a: Calyrex|0 fnt\n|-damage|p2b: Brute Bonnet|0 fnt\n|faint|p2a: Calyrex\n|faint|p2b: Brute Bonnet\n|-end|p2b: Brute Bonnet|Protosynthesis|[silent]\n|-damage|p1a: Miraidon|91/100|[from] item: Life Orb\n|move|p1b: Calyrex|Trick Room|p1b: Calyrex\n|-fieldstart|move: Trick Room|[of] p1b: Calyrex\n|\n|upkeep\n|\n|t:|1745987049\n|switch|p2b: Koraidon|Koraidon, L50|100/100\n|switch|p2a: Ditto|Ditto, L50|100/100\n|-transform|p2a: Ditto|p1b: Calyrex|[from] ability: Imposter\n|-ability|p2a: Ditto|As One\n|-ability|p2a: Ditto|Unnerve\n|-weather|SunnyDay|[from] ability: Orichalcum Pulse|[of] p2b: Koraidon\n|-activate|p2b: Koraidon|Orichalcum Pulse|[source]\n|turn|4\n|inactive|playest003 has 30 seconds left.\n|\n|t:|1745987078\n|switch|p1a: Urshifu|Urshifu, L50, M|100/100\n|-terastallize|p2b: Koraidon|Fire\n|move|p1b: Calyrex|Glacial Lance|p2a: Ditto|[spread] p2a,p2b\n|-resisted|p2a: Ditto\n|-crit|p2a: Ditto\n|-resisted|p2b: Koraidon\n|-damage|p2a: Ditto|66/100\n|-damage|p2b: Koraidon|74/100\n|move|p2a: Ditto|Glacial Lance|p1b: Calyrex|[spread] p1a,p1b\n|-resisted|p1b: Calyrex\n|-damage|p1a: Urshifu|44/100\n|-damage|p1b: Calyrex|81/100\n|move|p2b: Koraidon|Flare Blitz|p1b: Calyrex\n|-supereffective|p1b: Calyrex\n|-damage|p1b: Calyrex|0 fnt\n|faint|p1b: Calyrex\n|-damage|p2b: Koraidon|43/100|[from] Recoil\n|\n|-weather|SunnyDay|[upkeep]\n|upkeep\n|\n|t:|1745987092\n|switch|p1b: Miraidon|Miraidon, L50|91/100\n|-activate|p1b: Miraidon|ability: Hadron Engine\n|turn|5\n|\n|t:|1745987104\n|move|p2a: Ditto|Protect|p2a: Ditto\n|-singleturn|p2a: Ditto|Protect\n|move|p2b: Koraidon|Protect|p2b: Koraidon\n|-singleturn|p2b: Koraidon|Protect\n|move|p1a: Urshifu|Sucker Punch||[still]\n|-fail|p1a: Urshifu\n|move|p1b: Miraidon|Electro Drift|p2b: Koraidon\n|-activate|p2b: Koraidon|move: Protect\n|\n|-weather|SunnyDay|[upkeep]\n|upkeep\n|turn|6\n|\n|t:|1745987125\n|move|p2b: Koraidon|Protect|p2b: Koraidon\n|-singleturn|p2b: Koraidon|Protect\n|move|p1a: Urshifu|Sucker Punch||[still]\n|-fail|p1a: Urshifu\n|move|p1b: Miraidon|Electro Drift|p2b: Koraidon\n|-activate|p2b: Koraidon|move: Protect\n|move|p2a: Ditto|Trick Room|p2a: Ditto\n|-fieldend|move: Trick Room\n|\n|-weather|SunnyDay|[upkeep]\n|upkeep\n|turn|7\n|inactive|Joe870502 has 30 seconds left.\n|\n|t:|1745987156\n|move|p2b: Koraidon|Protect||[still]\n|-fail|p2b: Koraidon\n|move|p2a: Ditto|Protect|p2a: Ditto\n|-singleturn|p2a: Ditto|Protect\n|move|p1a: Urshifu|Sucker Punch||[still]\n|-fail|p1a: Urshifu\n|move|p1b: Miraidon|Electro Drift|p2a: Ditto\n|-activate|p2a: Ditto|move: Protect\n|\n|-weather|SunnyDay|[upkeep]\n|-fieldend|move: Electric Terrain\n|upkeep\n|turn|8\n|\n|t:|1745987169\n|move|p1a: Urshifu|Sucker Punch|p2b: Koraidon\n|-damage|p2b: Koraidon|0 fnt\n|faint|p2b: Koraidon\n|move|p1b: Miraidon|Electro Drift|p2a: Ditto\n|-damage|p2a: Ditto|2/100\n|-damage|p1b: Miraidon|81/100|[from] item: Life Orb\n|move|p2a: Ditto|Glacial Lance|p1a: Urshifu|[spread] p1a,p1b\n|-supereffective|p1b: Miraidon\n|-damage|p1a: Urshifu|0 fnt\n|-damage|p1b: Miraidon|0 fnt\n|faint|p1a: Urshifu\n|faint|p1b: Miraidon\n|\n|win|Joe870502\n|raw|playest003's rating: 1188 &rarr; <strong>1167</strong><br />(-21 for losing)\n|raw|Joe870502's rating: 1249 &rarr; <strong>1270</strong><br />(+21 for winning)\n|c|\u2606playest003|ggs\n|l|\u2606Joe870502\n|player|p2|\n|l|\u2606playest003\n|player|p1|\n|j|\u2606playest003\n|player|p1|playest003|infielder|\n", "uploadtime": 1745987335, "views": 12, "formatid": "gen9vgc2025regibo3", "rating": 1167, "private": 0, "password": null}