{"id": "gen9vgc2025regibo3-2353521110", "format": "[Gen 9] VGC 2025 Reg I (Bo3)", "players": ["6squirrels", "Fersa0988"], "log": "|j|\u26066squirrels\n|j|\u2606Fersa0988\n|html|<table width=\"100%\"><tr><td align=\"left\">6squirrels</td><td align=\"right\">Fersa0988</tr><tr><td align=\"left\"><i class=\"fa fa-circle-o\"></i> <i class=\"fa fa-circle-o\"></i> </td><td align=\"right\"><i class=\"fa fa-circle-o\"></i> <i class=\"fa fa-circle-o\"></i> </tr></table>\n|uhtml|bestof|<h2><strong>Game 1</strong> of <a href=\"/game-bestof3-gen9vgc2025regibo3-2353521109\">a best-of-3</a></h2>\n|t:|1745964020\n|gametype|doubles\n|player|p1|6squirrels|elesa|1149\n|player|p2|Fersa0988|1|1144\n|teamsize|p1|6\n|teamsize|p2|6\n|gen|9\n|tier|[Gen 9] VGC 2025 Reg I (Bo3)\n|rated|\n|rule|Species Clause: Limit one of each Pok\u00e9mon\n|rule|Item Clause: Limit 1 of each item\n|clearpoke\n|poke|p1|Calyrex-Shadow, L50|\n|poke|p1|Koraidon, L50|\n|poke|p1|Raging Bolt, L50|\n|poke|p1|Ogerpon-Cornerstone, L50, F|\n|poke|p1|Chi-Yu, L50|\n|poke|p1|Umbreon, L50, F|\n|poke|p2|Koraidon, L50|\n|poke|p2|Indeedee-F, L50, F|\n|poke|p2|Ogerpon-Cornerstone, L50, F|\n|poke|p2|Lunala, L50|\n|poke|p2|Incineroar, L50, F|\n|poke|p2|Raging Bolt, L50|\n|teampreview|4\n|showteam|p1|Calyrex-Shadow||FocusSash|AsOneSpectrier|Protect,AstralBarrage,Psychic,NastyPlot||||||50|,,,,,Ghost]Koraidon||ClearAmulet|OrichalcumPulse|Protect,FlameCharge,FlareBlitz,CollisionCourse||||||50|,,,,,Fire]Raging Bolt||AssaultVest|Protosynthesis|Thunderbolt,DracoMeteor,Thunderclap,Electroweb||||||50|,,,,,Electric]Ogerpon-Cornerstone||CornerstoneMask|Sturdy|SpikyShield,IvyCudgel,PowerWhip,FollowMe|||F|||50|,,,,,Rock]Chi-Yu||ChoiceScarf|BeadsofRuin|HeatWave,Overheat,DarkPulse,Snarl||||||50|,,,,,Ghost]Umbreon||SafetyGoggles|InnerFocus|FoulPlay,Moonlight,Taunt,Yawn|||F|||50|,,,,,Poison\n|showteam|p2|Koraidon||ClearAmulet|OrichalcumPulse|FlareBlitz,CollisionCourse,FlameCharge,Protect||||||50|,,,,,Fire]Indeedee-F||PsychicSeed|PsychicSurge|AlluringVoice,FollowMe,TrickRoom,HealPulse|||F|||50|,,,,,Fairy]Ogerpon-Cornerstone||CornerstoneMask|Sturdy|IvyCudgel,PowerWhip,FollowMe,SpikyShield|||F|||50|,,,,,Rock]Lunala||PowerHerb|ShadowShield|MeteorBeam,MoongeistBeam,ExpandingForce,WideGuard||||||50|,,,,,Water]Incineroar||SafetyGoggles|Intimidate|KnockOff,PartingShot,WillOWisp,FakeOut|||F|||50|,,,,,Ghost]Raging Bolt||AssaultVest|Protosynthesis|Thunderclap,Thunderbolt,Snarl,DracoMeteor||||||50|,,,,,Electric\n|inactive|Battle timer is ON: inactive players will automatically lose when time's up. (requested by Fersa0988)\n|inactive|6squirrels has 60 seconds left.\n|inactive|Fersa0988 has 60 seconds left.\n|inactive|6squirrels has 30 seconds left.\n|inactive|Fersa0988 has 30 seconds left.\n|inactive|6squirrels has 20 seconds left.\n|inactive|Fersa0988 has 20 seconds left.\n|inactive|6squirrels has 15 seconds left.\n|inactive|Fersa0988 has 15 seconds left.\n|\n|t:|1745964100\n|start\n|switch|p1a: Koraidon|Koraidon, L50|100/100\n|switch|p1b: Raging Bolt|Raging Bolt, L50|100/100\n|switch|p2a: Lunala|Lunala, L50|100/100\n|switch|p2b: Incineroar|Incineroar, L50, F, shiny|100/100\n|-weather|SunnyDay|[from] ability: Orichalcum Pulse|[of] p1a: Koraidon\n|-activate|p1b: Raging Bolt|ability: Protosynthesis\n|-start|p1b: Raging Bolt|protosynthesisspa\n|-activate|p1a: Koraidon|Orichalcum Pulse|[source]\n|-ability|p2b: Incineroar|Intimidate|boost\n|-fail|p1a: Koraidon|unboost|[from] item: Clear Amulet|[of] p1a: Koraidon\n|-unboost|p1b: Raging Bolt|atk|1\n|turn|1\n|inactive|6squirrels has 30 seconds left.\n|\n|t:|1745964131\n|move|p2b: Incineroar|Fake Out|p1a: Koraidon\n|-damage|p1a: Koraidon|88/100\n|cant|p1a: Koraidon|flinch\n|move|p2a: Lunala|Meteor Beam||[still]\n|-prepare|p2a: Lunala|Meteor Beam\n|-boost|p2a: Lunala|spa|1\n|-enditem|p2a: Lunala|Power Herb\n|-anim|p2a: Lunala|Meteor Beam|p1b: Raging Bolt\n|-damage|p1b: Raging Bolt|62/100\n|move|p1b: Raging Bolt|Electroweb|p2a: Lunala|[spread] p2a,p2b\n|-damage|p2a: Lunala|89/100\n|-damage|p2b: Incineroar|76/100\n|-unboost|p2a: Lunala|spe|1\n|-unboost|p2b: Incineroar|spe|1\n|\n|-weather|SunnyDay|[upkeep]\n|upkeep\n|turn|2\n|inactive|6squirrels has 30 seconds left.\n|\n|t:|1745964165\n|switch|p2b: Indeedee|Indeedee-F, L50, F|100/100\n|-fieldstart|move: Psychic Terrain|[from] ability: Psychic Surge|[of] p2b: Indeedee\n|-enditem|p2b: Indeedee|Psychic Seed\n|-boost|p2b: Indeedee|spd|1|[from] item: Psychic Seed\n|-terastallize|p2a: Lunala|Water\n|move|p1a: Koraidon|Collision Course|p2b: Indeedee\n|-damage|p2b: Indeedee|20/100\n|move|p1b: Raging Bolt|Thunderbolt|p2a: Lunala\n|-supereffective|p2a: Lunala\n|-damage|p2a: Lunala|1/100\n|-status|p2a: Lunala|par\n|move|p2a: Lunala|Expanding Force|p1b: Raging Bolt|[spread] p1a,p1b\n|-supereffective|p1a: Koraidon\n|-damage|p1a: Koraidon|0 fnt\n|-damage|p1b: Raging Bolt|10/100\n|faint|p1a: Koraidon\n|\n|-weather|SunnyDay|[upkeep]\n|upkeep\n|\n|t:|1745964187\n|switch|p1a: Umbreon|Umbreon, L50, F|100/100\n|turn|3\n|\n|t:|1745964200\n|move|p2b: Indeedee|Follow Me|p2b: Indeedee\n|-singleturn|p2b: Indeedee|move: Follow Me\n|move|p1b: Raging Bolt|Thunderbolt|p2b: Indeedee\n|-damage|p2b: Indeedee|0 fnt\n|faint|p2b: Indeedee\n|move|p1a: Umbreon|Foul Play|p2a: Lunala\n|-damage|p2a: Lunala|0 fnt\n|faint|p2a: Lunala\n|\n|-weather|SunnyDay|[upkeep]\n|upkeep\n|\n|t:|1745964205\n|switch|p2a: Koraidon|Koraidon, L50|100/100\n|switch|p2b: Incineroar|Incineroar, L50, F, shiny|76/100\n|-activate|p2a: Koraidon|ability: Orichalcum Pulse\n|-ability|p2b: Incineroar|Intimidate|boost\n|-fail|p1a: Umbreon|unboost|Attack|[from] ability: Inner Focus|[of] p1a: Umbreon\n|-unboost|p1b: Raging Bolt|atk|1\n|turn|4\n|inactive|6squirrels has 30 seconds left.\n|\n|t:|1745964237\n|-terastallize|p1a: Umbreon|Poison\n|move|p2a: Koraidon|Collision Course|p1b: Raging Bolt\n|-damage|p1b: Raging Bolt|0 fnt\n|faint|p1b: Raging Bolt\n|-end|p1b: Raging Bolt|Protosynthesis|[silent]\n|move|p1a: Umbreon|Yawn|p2a: Koraidon\n|-start|p2a: Koraidon|move: Yawn|[of] p1a: Umbreon\n|move|p2b: Incineroar|Will-O-Wisp|p1a: Umbreon\n|-status|p1a: Umbreon|brn\n|\n|-weather|SunnyDay|[upkeep]\n|-damage|p1a: Umbreon|95/100 brn|[from] brn\n|upkeep\n|\n|t:|1745964250\n|switch|p1b: Calyrex|Calyrex-Shadow, L50|100/100\n|-ability|p1b: Calyrex|As One\n|-ability|p1b: Calyrex|Unnerve\n|turn|5\n|inactive|6squirrels has 30 seconds left.\n|\n|t:|1745964279\n|move|p1b: Calyrex|Protect|p1b: Calyrex\n|-singleturn|p1b: Calyrex|Protect\n|move|p2a: Koraidon|Flame Charge|p1a: Umbreon\n|-damage|p1a: Umbreon|71/100 brn\n|-boost|p2a: Koraidon|spe|1\n|move|p1a: Umbreon|Foul Play|p2b: Incineroar\n|-resisted|p2b: Incineroar\n|-damage|p2b: Incineroar|66/100\n|move|p2b: Incineroar|Will-O-Wisp|p1b: Calyrex\n|-activate|p1b: Calyrex|move: Protect\n|\n|-weather|none\n|-damage|p1a: Umbreon|65/100 brn|[from] brn\n|-end|p2a: Koraidon|move: Yawn|[silent]\n|-status|p2a: Koraidon|slp\n|upkeep\n|turn|6\n|inactive|6squirrels has 30 seconds left.\n|\n|t:|1745964307\n|cant|p2a: Koraidon|slp\n|move|p1b: Calyrex|Astral Barrage|p2b: Incineroar|[spread] p2a,p2b\n|-resisted|p2b: Incineroar\n|-damage|p2a: Koraidon|46/100 slp\n|-damage|p2b: Incineroar|44/100\n|move|p2b: Incineroar|Will-O-Wisp|p1b: Calyrex\n|-status|p1b: Calyrex|brn\n|move|p1a: Umbreon|Foul Play|p2b: Incineroar\n|-resisted|p2b: Incineroar\n|-damage|p2b: Incineroar|35/100\n|\n|-damage|p1b: Calyrex|95/100 brn|[from] brn\n|-damage|p1a: Umbreon|59/100 brn|[from] brn\n|-fieldend|move: Psychic Terrain\n|upkeep\n|turn|7\n|inactive|6squirrels has 30 seconds left.\n|\n|t:|1745964336\n|cant|p2a: Koraidon|slp\n|move|p1b: Calyrex|Astral Barrage|p2b: Incineroar|[spread] p2a,p2b\n|-resisted|p2b: Incineroar\n|-damage|p2a: Koraidon|0 fnt\n|-damage|p2b: Incineroar|12/100\n|faint|p2a: Koraidon\n|-ability|p1b: Calyrex|Grim Neigh|boost\n|-boost|p1b: Calyrex|spa|1\n|move|p1a: Umbreon|Foul Play|p2b: Incineroar\n|-resisted|p2b: Incineroar\n|-damage|p2b: Incineroar|2/100\n|move|p2b: Incineroar|Knock Off|p1b: Calyrex\n|-supereffective|p1b: Calyrex\n|-damage|p1b: Calyrex|0 fnt\n|-enditem|p1b: Calyrex|Focus Sash|[from] move: Knock Off|[of] p2b: Incineroar\n|faint|p1b: Calyrex\n|\n|-damage|p1a: Umbreon|53/100 brn|[from] brn\n|upkeep\n|turn|8\n|\n|t:|1745964356\n|move|p1a: Umbreon|Foul Play|p2b: Incineroar\n|-resisted|p2b: Incineroar\n|-damage|p2b: Incineroar|0 fnt\n|faint|p2b: Incineroar\n|\n|win|6squirrels\n||Fersa0988 is ready for game 2.\n||6squirrels is ready for game 2.\n|uhtml|next|Next: <a href=\"/battle-gen9vgc2025regibo3-2353524308\"><strong>Game 2 of 3</strong></a>\n", "uploadtime": 1745964827, "views": 22, "formatid": "gen9vgc2025regibo3", "rating": null, "private": 0, "password": null}