{"id": "gen9vgc2025regibo3-2355035399", "format": "[Gen 9] VGC 2025 Reg I (Bo3)", "players": ["maddokyoma", "LunaSunChris"], "log": "|j|\u2606maddokyoma\n|j|\u2606LunaSunChris\n|html|<table width=\"100%\"><tr><td align=\"left\">maddokyoma</td><td align=\"right\">LunaSunChris</tr><tr><td align=\"left\"><i class=\"fa fa-circle\"></i> <i class=\"fa fa-circle-o\"></i> </td><td align=\"right\"><i class=\"fa fa-circle-o\"></i> <i class=\"fa fa-circle-o\"></i> </tr></table>\n|uhtml|bestof|<h2><strong>Game 2</strong> of <a href=\"/game-bestof3-gen9vgc2025regibo3-2355032929\">a best-of-3</a></h2>\n|t:|1746144620\n|gametype|doubles\n|player|p1|maddokyoma|volo|1333\n|player|p2|LunaSunChris|rood|1311\n|teamsize|p1|6\n|teamsize|p2|6\n|gen|9\n|tier|[Gen 9] VGC 2025 Reg I (Bo3)\n|rated|\n|rule|Species Clause: Limit one of each Pok\u00e9mon\n|rule|Item Clause: Limit 1 of each item\n|clearpoke\n|poke|p1|Miraidon, L50|\n|poke|p1|Iron Hands, L50|\n|poke|p1|Pelipper, L50, F|\n|poke|p1|Ogerpon-Wellspring, L50, F|\n|poke|p1|Farigiraf, L50, F|\n|poke|p1|Calyrex-Ice, L50|\n|poke|p2|Groudon, L50|\n|poke|p2|Lunala, L50|\n|poke|p2|Incineroar, L50, F|\n|poke|p2|Ribombee, L50, M|\n|poke|p2|Walking Wake, L50|\n|poke|p2|Rillaboom, L50, F|\n|teampreview|4\n|showteam|p1|Miraidon||LifeOrb|HadronEngine|Protect,DracoMeteor,ElectroDrift,VoltSwitch||||||50|,,,,,Electric]Iron Hands||ElectricSeed|QuarkDrive|Protect,SwordsDance,DrainPunch,ThunderPunch||||||50|,,,,,Grass]Pelipper||FocusSash|Drizzle|Tailwind,WideGuard,WeatherBall,Hurricane|||F|||50|,,,,,Ground]Ogerpon-Wellspring||WellspringMask|WaterAbsorb|FollowMe,SwordsDance,IvyCudgel,SpikyShield|||F|||50|,,,,,Water]Farigiraf||RockyHelmet|ArmorTail|DazzlingGleam,Protect,HelpingHand,TrickRoom|||F|||50|,,,,,Fairy]Calyrex-Ice||ClearAmulet|AsOneGlastrier|GlacialLance,HighHorsepower,TrickRoom,Protect||||||50|,,,,,Normal\n|showteam|p2|Groudon||ClearAmulet|Drought|PrecipiceBlades,HeatCrash,StompingTantrum,Protect||||||50|,,,,,Fire]Lunala||PowerHerb|ShadowShield|MoongeistBeam,MeteorBeam,WideGuard,TrickRoom||||||50|,,,,,Fairy]Incineroar||SafetyGoggles|Intimidate|KnockOff,FakeOut,FlareBlitz,PartingShot|||F|||50|,,,,,Ghost]Ribombee||FocusSash|SweetVeil|Moonblast,Tailwind,SunnyDay,PollenPuff|||M|||50|,,,,,Ghost]Walking Wake||LifeOrb|Protosynthesis|WeatherBall,HydroSteam,DracoMeteor,Protect||||||50|,,,,,Fire]Rillaboom||AssaultVest|GrassySurge|FakeOut,GrassyGlide,Uturn,WoodHammer|||F|||50|,,,,,Fire\n|inactive|Battle timer is ON: inactive players will automatically lose when time's up. (requested by maddokyoma)\n|\n|t:|1746144652\n|start\n|switch|p1a: Miraidon|Miraidon, L50|100/100\n|switch|p1b: Calyrex|Calyrex-Ice, L50|100/100\n|switch|p2a: Rillaboom|Rillaboom, L50, F|100/100\n|switch|p2b: Lunala|Lunala, L50|100/100\n|-ability|p1b: Calyrex|As One\n|-ability|p1b: Calyrex|Unnerve\n|-fieldstart|move: Electric Terrain|[from] ability: Hadron Engine|[of] p1a: Miraidon\n|-fieldstart|move: Grassy Terrain|[from] ability: Grassy Surge|[of] p2a: Rillaboom\n|turn|1\n|j| UndeadParadox\n|\n|t:|1746144669\n|-terastallize|p1b: Calyrex|Normal\n|move|p1a: Miraidon|Volt Switch|p2b: Lunala\n|-damage|p2b: Lunala|83/100\n|-damage|p1a: Miraidon|91/100|[from] item: Life Orb\n|\n|t:|1746144677\n|switch|p1a: Iron Hands|Iron Hands, L50|100/100|[from] Volt Switch\n|move|p2b: Lunala|Meteor Beam||[still]\n|-prepare|p2b: Lunala|Meteor Beam\n|-boost|p2b: Lunala|spa|1\n|-enditem|p2b: Lunala|Power Herb\n|-anim|p2b: Lunala|Meteor Beam|p1b: Calyrex\n|-damage|p1b: Calyrex|57/100\n|move|p2a: Rillaboom|Wood Hammer|p1b: Calyrex\n|-damage|p1b: Calyrex|14/100\n|-damage|p2a: Rillaboom|85/100|[from] Recoil\n|move|p1b: Calyrex|Glacial Lance|p2b: Lunala|[spread] p2a,p2b\n|-supereffective|p2a: Rillaboom\n|-damage|p2a: Rillaboom|0 fnt\n|-damage|p2b: Lunala|37/100\n|faint|p2a: Rillaboom\n|-ability|p1b: Calyrex|Chilling Neigh|boost\n|-boost|p1b: Calyrex|atk|1\n|\n|-heal|p2b: Lunala|43/100|[from] Grassy Terrain\n|-heal|p1b: Calyrex|19/100|[from] Grassy Terrain\n|upkeep\n|\n|t:|1746144695\n|switch|p2a: Groudon|Groudon, L50|100/100\n|-weather|SunnyDay|[from] ability: Drought|[of] p2a: Groudon\n|turn|2\n|\n|t:|1746144717\n|move|p1a: Iron Hands|Protect|p1a: Iron Hands\n|-singleturn|p1a: Iron Hands|Protect\n|move|p2b: Lunala|Moongeist Beam|p1a: Iron Hands\n|-activate|p1a: Iron Hands|move: Protect\n|move|p2a: Groudon|Precipice Blades|p1a: Iron Hands|[spread] p1b\n|-activate|p1a: Iron Hands|move: Protect\n|-damage|p1b: Calyrex|0 fnt\n|faint|p1b: Calyrex\n|\n|-weather|SunnyDay|[upkeep]\n|-heal|p2b: Lunala|49/100|[from] Grassy Terrain\n|upkeep\n|\n|t:|1746144729\n|switch|p1b: Miraidon|Miraidon, L50|91/100\n|-fieldstart|move: Electric Terrain|[from] ability: Hadron Engine|[of] p1b: Miraidon\n|-activate|p1a: Iron Hands|ability: Quark Drive\n|-start|p1a: Iron Hands|quarkdriveatk\n|-enditem|p1a: Iron Hands|Electric Seed\n|-boost|p1a: Iron Hands|def|1|[from] item: Electric Seed\n|turn|3\n|inactive|LunaSunChris has 30 seconds left.\n|inactive|LunaSunChris has 20 seconds left.\n|inactive|LunaSunChris has 15 seconds left.\n|inactive|LunaSunChris has 10 seconds left.\n|\n|t:|1746144776\n|move|p1b: Miraidon|Volt Switch|p2b: Lunala\n|-damage|p2b: Lunala|0 fnt\n|faint|p2b: Lunala\n|-damage|p1b: Miraidon|81/100|[from] item: Life Orb\n|\n|t:|1746144781\n|switch|p1b: Pelipper|Pelipper, L50, F|100/100|[from] Volt Switch\n|-weather|RainDance|[from] ability: Drizzle|[of] p1b: Pelipper\n|move|p2a: Groudon|Precipice Blades|p1b: Pelipper|[spread] p1a\n|-immune|p1b: Pelipper\n|-supereffective|p1a: Iron Hands\n|-damage|p1a: Iron Hands|57/100\n|move|p1a: Iron Hands|Swords Dance|p1a: Iron Hands\n|-boost|p1a: Iron Hands|atk|2\n|\n|-weather|RainDance|[upkeep]\n|upkeep\n|\n|t:|1746144790\n|switch|p2b: Walking Wake|Walking Wake, L50|100/100\n|turn|4\n|inactive|LunaSunChris has 30 seconds left.\n|\n|t:|1746144821\n|move|p2a: Groudon|Protect|p2a: Groudon\n|-singleturn|p2a: Groudon|Protect\n|move|p1a: Iron Hands|Protect|p1a: Iron Hands\n|-singleturn|p1a: Iron Hands|Protect\n|move|p2b: Walking Wake|Weather Ball|p1a: Iron Hands\n|-activate|p1a: Iron Hands|move: Protect\n|move|p1b: Pelipper|Tailwind|p1b: Pelipper\n|-sidestart|p1: maddokyoma|move: Tailwind\n|\n|-weather|RainDance|[upkeep]\n|upkeep\n|turn|5\n|inactive|LunaSunChris has 30 seconds left.\n|\n|t:|1746144855\n|move|p2a: Groudon|Protect||[still]\n|-fail|p2a: Groudon\n|move|p1b: Pelipper|Weather Ball|p2a: Groudon\n|-supereffective|p2a: Groudon\n|-damage|p2a: Groudon|0 fnt\n|faint|p2a: Groudon\n|move|p2b: Walking Wake|Weather Ball|p1a: Iron Hands\n|-damage|p1a: Iron Hands|0 fnt\n|faint|p1a: Iron Hands\n|-end|p1a: Iron Hands|Quark Drive|[silent]\n|-damage|p2b: Walking Wake|91/100|[from] item: Life Orb\n|\n|-weather|RainDance|[upkeep]\n|upkeep\n|\n|t:|1746144865\n|switch|p1a: Miraidon|Miraidon, L50|81/100\n|-activate|p1a: Miraidon|ability: Hadron Engine\n|turn|6\n|-message|LunaSunChris forfeited.\n|\n|win|maddokyoma\n|raw|maddokyoma's rating: 1333 &rarr; <strong>1352</strong><br />(+19 for winning)\n|raw|LunaSunChris's rating: 1311 &rarr; <strong>1292</strong><br />(-19 for losing)\n", "uploadtime": 1746144871, "views": 23, "formatid": "gen9vgc2025regibo3", "rating": 1292, "private": 0, "password": null}