{"id": "gen9vgc2025regibo3-2353897436", "format": "[Gen 9] VGC 2025 Reg I (Bo3)", "players": ["test220102", "CerealesIsTaken"], "log": "|j|\u2606test220102\n|j|\u2606CerealesIsTaken\n|html|<table width=\"100%\"><tr><td align=\"left\">test220102</td><td align=\"right\">CerealesIsTaken</tr><tr><td align=\"left\"><i class=\"fa fa-circle-o\"></i> <i class=\"fa fa-circle-o\"></i> </td><td align=\"right\"><i class=\"fa fa-circle-o\"></i> <i class=\"fa fa-circle-o\"></i> </tr></table>\n|uhtml|bestof|<h2><strong>Game 1</strong> of <a href=\"/game-bestof3-gen9vgc2025regibo3-2353897435\">a best-of-3</a></h2>\n|t:|1746016379\n|gametype|doubles\n|player|p1|test220102|101|1047\n|player|p2|CerealesIsTaken|pokekid|1124\n|teamsize|p1|6\n|teamsize|p2|6\n|gen|9\n|tier|[Gen 9] VGC 2025 Reg I (Bo3)\n|rated|\n|rule|Species Clause: Limit one of each Pok\u00e9mon\n|rule|Item Clause: Limit 1 of each item\n|clearpoke\n|poke|p1|Calyrex-Shadow, L50|\n|poke|p1|Ogerpon-Cornerstone, L50, F|\n|poke|p1|Incineroar, L50, M|\n|poke|p1|Rillaboom, L50, F|\n|poke|p1|Terapagos, L50, M|\n|poke|p1|Araquanid, L50, F|\n|poke|p2|Miraidon, L50|\n|poke|p2|Zamazenta-*, L50|\n|poke|p2|Grimmsnarl, L50, M|\n|poke|p2|Volcarona, L50, F|\n|poke|p2|Iron Hands, L50|\n|poke|p2|Ditto, L50|\n|teampreview|4\n|showteam|p1|Calyrex-Shadow||FocusSash|AsOneSpectrier|Protect,AstralBarrage,Encore,Disable||||||50|,,,,,Dark]Ogerpon-Cornerstone||CornerstoneMask|Sturdy|FollowMe,SpikyShield,HornLeech,IvyCudgel|||F|||50|,,,,,Rock]Incineroar||RockyHelmet|Intimidate|FakeOut,PartingShot,KnockOff,HelpingHand|||M|||50|,,,,,Bug]Rillaboom||AssaultVest|GrassySurge|FakeOut,Uturn,WoodHammer,GrassyGlide|||F|||50|,,,,,Fire]Terapagos||Leftovers|TeraShift|Protect,Substitute,CalmMind,TeraStarstorm|||M|||50|,,,,,Stellar]Araquanid||MysticWater|WaterBubble|WideGuard,Protect,Liquidation,Infestation|||F|||50|,,,,,Water\n|showteam|p2|Miraidon||ChoiceSpecs|HadronEngine|ElectroDrift,DracoMeteor,DazzlingGleam,VoltSwitch||||||50|,,,,,Fairy]Zamazenta-Crowned||RustedShield|DauntlessShield|BodyPress,behemothbash,WideGuard,Protect||||||50|,,,,,Dragon]Grimmsnarl||LightClay|Prankster|ThunderWave,FoulPlay,Reflect,LightScreen|||M|||50|,,,,,Ghost]Volcarona||SitrusBerry|FlameBody|FieryDance,GigaDrain,QuiverDance,Protect|||F|||50|,,,,,Grass]Iron Hands||AssaultVest|QuarkDrive|FakeOut,WildCharge,DrainPunch,VoltSwitch||||||50|,,,,,Water]Ditto||FocusSash|Imposter|Transform||||||50|,,,,,Normal\n|inactive|Battle timer is ON: inactive players will automatically lose when time's up. (requested by test220102)\n|\n|t:|1746016403\n|start\n|switch|p1a: Calyrex|Calyrex-Shadow, L50|100/100\n|switch|p1b: Terapagos|Terapagos, L50, M|100/100\n|switch|p2a: Grimmsnarl|Grimmsnarl, L50, M, shiny|100/100\n|switch|p2b: Iron Hands|Iron Hands, L50|100/100\n|-activate|p1b: Terapagos|ability: Tera Shift\n|detailschange|p1b: Terapagos|Terapagos-Terastal, L50, M\n|-heal|p1b: Terapagos|100/100|[silent]\n|-ability|p1a: Calyrex|As One\n|-ability|p1a: Calyrex|Unnerve\n|turn|1\n|inactive|test220102 has 30 seconds left.\n|\n|t:|1746016434\n|move|p2a: Grimmsnarl|Thunder Wave|p1b: Terapagos\n|-status|p1b: Terapagos|par\n|move|p1a: Calyrex|Encore|p2a: Grimmsnarl\n|-start|p2a: Grimmsnarl|Encore\n|move|p2b: Iron Hands|Volt Switch|p1a: Calyrex\n|-damage|p1a: Calyrex|88/100\n|\n|t:|1746016446\n|-end|p2b: Iron Hands|Quark Drive|[silent]\n|switch|p2b: Miraidon|Miraidon, L50|100/100|[from] Volt Switch\n|-fieldstart|move: Electric Terrain|[from] ability: Hadron Engine|[of] p2b: Miraidon\n|move|p1b: Terapagos|Substitute|p1b: Terapagos\n|-start|p1b: Terapagos|Substitute\n|-damage|p1b: Terapagos|75/100 par\n|\n|-heal|p1b: Terapagos|82/100 par|[from] item: Leftovers\n|upkeep\n|turn|2\n|inactive|test220102 has 30 seconds left.\n|inactive|test220102 has 20 seconds left.\n|inactive|test220102 has 15 seconds left.\n|inactive|CerealesIsTaken has 30 seconds left.\n|inactive|test220102 has 10 seconds left.\n|inactive|test220102 has 5 seconds left.\n|\n|t:|1746016497\n|switch|p1a: Rillaboom|Rillaboom, L50, F|100/100\n|-fieldstart|move: Grassy Terrain|[from] ability: Grassy Surge|[of] p1a: Rillaboom\n|switch|p2a: Iron Hands|Iron Hands, L50|100/100\n|move|p2b: Miraidon|Volt Switch|p1a: Rillaboom\n|-resisted|p1a: Rillaboom\n|-damage|p1a: Rillaboom|77/100\n|\n|t:|1746016518\n|switch|p2b: Grimmsnarl|Grimmsnarl, L50, M, shiny|100/100|[from] Volt Switch\n|move|p1b: Terapagos|Calm Mind|p1b: Terapagos\n|-boost|p1b: Terapagos|spa|1\n|-boost|p1b: Terapagos|spd|1\n|\n|-heal|p1a: Rillaboom|83/100|[from] Grassy Terrain\n|-heal|p1b: Terapagos|88/100 par|[from] Grassy Terrain\n|-heal|p1b: Terapagos|94/100 par|[from] item: Leftovers\n|upkeep\n|turn|3\n|inactive|test220102 has 30 seconds left.\n|\n|t:|1746016544\n|switch|p1a: Calyrex|Calyrex-Shadow, L50|88/100\n|-ability|p1a: Calyrex|As One\n|-ability|p1a: Calyrex|Unnerve\n|-end|p2a: Iron Hands|Quark Drive|[silent]\n|switch|p2a: Miraidon|Miraidon, L50|100/100\n|-fieldstart|move: Electric Terrain|[from] ability: Hadron Engine|[of] p2a: Miraidon\n|cant|p1b: Terapagos|par\n|move|p2b: Grimmsnarl|Thunder Wave|p1a: Calyrex\n|-status|p1a: Calyrex|par\n|\n|-heal|p1b: Terapagos|100/100 par|[from] item: Leftovers\n|upkeep\n|turn|4\n|\n|t:|1746016567\n|switch|p1a: Rillaboom|Rillaboom, L50, F|83/100\n|-fieldstart|move: Grassy Terrain|[from] ability: Grassy Surge|[of] p1a: Rillaboom\n|move|p2b: Grimmsnarl|Light Screen|p2b: Grimmsnarl\n|-sidestart|p2: CerealesIsTaken|move: Light Screen\n|move|p2a: Miraidon|Volt Switch|p1b: Terapagos\n|-activate|p1b: Terapagos|ability: Tera Shell\n|-resisted|p1b: Terapagos\n|-activate|p1b: Terapagos|move: Substitute|[damage]\n|\n|t:|1746016579\n|switch|p2a: Iron Hands|Iron Hands, L50|100/100|[from] Volt Switch\n|move|p1b: Terapagos|Tera Starstorm|p2a: Iron Hands\n|-damage|p2a: Iron Hands|70/100\n|\n|-heal|p1a: Rillaboom|90/100|[from] Grassy Terrain\n|-heal|p2a: Iron Hands|76/100|[from] Grassy Terrain\n|upkeep\n|turn|5\n|\n|t:|1746016591\n|move|p1a: Rillaboom|Fake Out|p2a: Iron Hands\n|-damage|p2a: Iron Hands|65/100\n|cant|p2a: Iron Hands|flinch\n|move|p2b: Grimmsnarl|Foul Play|p1a: Rillaboom\n|-damage|p1a: Rillaboom|47/100\n|move|p1b: Terapagos|Calm Mind|p1b: Terapagos\n|-boost|p1b: Terapagos|spa|1\n|-boost|p1b: Terapagos|spd|1\n|\n|-heal|p1a: Rillaboom|53/100|[from] Grassy Terrain\n|-heal|p2a: Iron Hands|71/100|[from] Grassy Terrain\n|upkeep\n|turn|6\n|\n|t:|1746016608\n|switch|p1a: Calyrex|Calyrex-Shadow, L50|88/100 par\n|-ability|p1a: Calyrex|As One\n|-ability|p1a: Calyrex|Unnerve\n|move|p2a: Iron Hands|Drain Punch|p1a: Calyrex\n|-immune|p1a: Calyrex\n|move|p2b: Grimmsnarl|Foul Play|p1a: Calyrex\n|-supereffective|p1a: Calyrex\n|-damage|p1a: Calyrex|0 fnt\n|faint|p1a: Calyrex\n|move|p1b: Terapagos|Calm Mind|p1b: Terapagos\n|-boost|p1b: Terapagos|spa|1\n|-boost|p1b: Terapagos|spd|1\n|\n|-heal|p2a: Iron Hands|77/100|[from] Grassy Terrain\n|upkeep\n|\n|t:|1746016624\n|switch|p1a: Ogerpon|Ogerpon-Cornerstone, L50, F|100/100\n|turn|7\n|\n|t:|1746016632\n|move|p1a: Ogerpon|Spiky Shield|p1a: Ogerpon\n|-singleturn|p1a: Ogerpon|move: Protect\n|move|p2b: Grimmsnarl|Thunder Wave|p1a: Ogerpon\n|-activate|p1a: Ogerpon|move: Protect\n|move|p2a: Iron Hands|Drain Punch|p1b: Terapagos\n|-activate|p1b: Terapagos|ability: Tera Shell\n|-resisted|p1b: Terapagos\n|-end|p1b: Terapagos|Substitute\n|-heal|p2a: Iron Hands|82/100|[from] drain|[of] p1b: Terapagos\n|move|p1b: Terapagos|Tera Starstorm|p2a: Iron Hands\n|-damage|p2a: Iron Hands|35/100\n|\n|-heal|p2a: Iron Hands|41/100|[from] Grassy Terrain\n|upkeep\n|turn|8\n|\n|t:|1746016652\n|move|p1a: Ogerpon|Follow Me|p1a: Ogerpon\n|-singleturn|p1a: Ogerpon|move: Follow Me\n|move|p2b: Grimmsnarl|Thunder Wave|p1a: Ogerpon\n|-status|p1a: Ogerpon|par\n|move|p2a: Iron Hands|Drain Punch|p1a: Ogerpon\n|-supereffective|p1a: Ogerpon\n|-ability|p1a: Ogerpon|Sturdy\n|-damage|p1a: Ogerpon|1/100 par\n|-heal|p2a: Iron Hands|75/100|[from] drain|[of] p1a: Ogerpon\n|move|p1b: Terapagos|Tera Starstorm|p2a: Iron Hands\n|-damage|p2a: Iron Hands|26/100\n|\n|-heal|p1a: Ogerpon|7/100 par|[from] Grassy Terrain\n|-heal|p2a: Iron Hands|32/100|[from] Grassy Terrain\n|-fieldend|move: Grassy Terrain\n|upkeep\n|turn|9\n|-message|test220102 forfeited.\n|\n|win|CerealesIsTaken\n|l|\u2606test220102\n|player|p1|\n||test220102 is ready for game 2.\n||CerealesIsTaken is ready for game 2.\n|uhtml|next|Next: <a href=\"/battle-gen9vgc2025regibo3-2353899835\"><strong>Game 2 of 3</strong></a>\n", "uploadtime": 1746017022, "views": 9, "formatid": "gen9vgc2025regibo3", "rating": null, "private": 0, "password": null}