{"id": "gen9vgc2025regibo3-2354359296", "format": "[Gen 9] VGC 2025 Reg I (Bo3)", "players": ["tzarii", "DigitalWolf"], "log": "|j|\u2606tzarii\n|j|\u2606DigitalWolf\n|html|<table width=\"100%\"><tr><td align=\"left\">tzarii</td><td align=\"right\">DigitalWolf</tr><tr><td align=\"left\"><i class=\"fa fa-circle-o\"></i> <i class=\"fa fa-circle-o\"></i> </td><td align=\"right\"><i class=\"fa fa-circle-o\"></i> <i class=\"fa fa-circle-o\"></i> </tr></table>\n|uhtml|bestof|<h2><strong>Game 1</strong> of <a href=\"/game-bestof3-gen9vgc2025regibo3-2354359295\">a best-of-3</a></h2>\n|t:|1746061675\n|gametype|doubles\n|player|p1|tzarii|lady-gen4|1122\n|player|p2|DigitalWolf|102|1186\n|teamsize|p1|6\n|teamsize|p2|6\n|gen|9\n|tier|[Gen 9] VGC 2025 Reg I (Bo3)\n|rated|\n|rule|Species Clause: Limit one of each Pok\u00e9mon\n|rule|Item Clause: Limit 1 of each item\n|clearpoke\n|poke|p1|Koraidon, L50|\n|poke|p1|Groudon, L50|\n|poke|p1|Flutter Mane, L50|\n|poke|p1|Scovillain, L50, F|\n|poke|p1|Rillaboom, L50, M|\n|poke|p1|Scream Tail, L50|\n|poke|p2|Zacian-*, L50|\n|poke|p2|Kyogre, L50|\n|poke|p2|Tornadus, L50, M|\n|poke|p2|Amoonguss, L50, M|\n|poke|p2|Incineroar, L50, F|\n|poke|p2|Urshifu-*, L50, F|\n|teampreview|4\n|showteam|p1|Koraidon||ClearAmulet|OrichalcumPulse|FlameCharge,CloseCombat,FlareBlitz,Protect||||||50|,,,,,Fire]Groudon||AssaultVest|Drought|PrecipiceBlades,HeatCrash,RockSlide,HighHorsepower||||||50|,,,,,Water]Flutter Mane||FocusSash|Protosynthesis|Moonblast,IcyWind,ShadowBall,Protect||||||50|,,,,,Fairy]Scovillain||CovertCloak|Chlorophyll|Overheat,SpicyExtract,WillOWisp,ScaryFace|||F|||50|,,,,,Fire]Rillaboom||MiracleSeed|GrassySurge|FakeOut,GrassyGlide,WoodHammer,Protect|||M|||50|,,,,,Water]Scream Tail||RedCard|Protosynthesis|ThunderWave,Encore,Disable,Protect||||||50|,,,,,Dark\n|showteam|p2|Zacian-Crowned||RustedSword|IntrepidSword|behemothblade,PlayRough,SacredSword,Protect||||||50|,,,,,Fairy]Kyogre||MysticWater|Drizzle|WaterSpout,OriginPulse,IceBeam,Protect||||||50|,,,,,Grass]Tornadus||RockyHelmet|Prankster|BleakwindStorm,Tailwind,RainDance,Taunt|||M|||50|,,,,,Dark]Amoonguss||SitrusBerry|Regenerator|PollenPuff,Spore,RagePowder,Protect|||M|||50|,,,,,Steel]Incineroar||SafetyGoggles|Intimidate|KnockOff,FakeOut,FlareBlitz,PartingShot|||F|||50|,,,,,Ghost]Urshifu||FocusSash|UnseenFist|SuckerPunch,WickedBlow,CloseCombat,Detect|||F|||50|,,,,,Normal\n|inactive|Battle timer is ON: inactive players will automatically lose when time's up. (requested by tzarii)\n|\n|t:|1746061750\n|start\n|switch|p1a: Scream Tail|Scream Tail, L50|100/100\n|switch|p1b: Rillaboom|Rillaboom, L50, M|100/100\n|switch|p2a: Incineroar|Incineroar, L50, F|100/100\n|switch|p2b: Kyogre|Kyogre, L50|100/100\n|-weather|RainDance|[from] ability: Drizzle|[of] p2b: Kyogre\n|-ability|p2a: Incineroar|Intimidate|boost\n|-unboost|p1a: Scream Tail|atk|1\n|-unboost|p1b: Rillaboom|atk|1\n|-fieldstart|move: Grassy Terrain|[from] ability: Grassy Surge|[of] p1b: Rillaboom\n|turn|1\n|inactive|tzarii has 30 seconds left.\n|inactive|DigitalWolf has 30 seconds left.\n|inactive|DigitalWolf has 20 seconds left.\n|inactive|DigitalWolf has 15 seconds left.\n|\n|t:|1746061791\n|-terastallize|p2b: Kyogre|Grass\n|move|p1a: Scream Tail|Protect|p1a: Scream Tail\n|-singleturn|p1a: Scream Tail|Protect\n|move|p1b: Rillaboom|Protect|p1b: Rillaboom\n|-singleturn|p1b: Rillaboom|Protect\n|move|p2a: Incineroar|Fake Out|p1a: Scream Tail\n|-activate|p1a: Scream Tail|move: Protect\n|move|p2b: Kyogre|Water Spout|p1a: Scream Tail|[spread] \n|-activate|p1a: Scream Tail|move: Protect\n|-activate|p1b: Rillaboom|move: Protect\n|\n|-weather|RainDance|[upkeep]\n|upkeep\n|turn|2\n|inactive|tzarii has 30 seconds left.\n|inactive|DigitalWolf has 30 seconds left.\n|inactive|tzarii has 20 seconds left.\n|inactive|DigitalWolf has 20 seconds left.\n|inactive|DigitalWolf has 15 seconds left.\n|\n|t:|1746061834\n|move|p1a: Scream Tail|Thunder Wave|p2b: Kyogre\n|-status|p2b: Kyogre|par\n|move|p2a: Incineroar|Knock Off|p1a: Scream Tail\n|-damage|p1a: Scream Tail|68/100\n|-enditem|p1a: Scream Tail|Red Card|[from] move: Knock Off|[of] p2a: Incineroar\n|move|p1b: Rillaboom|Wood Hammer|p2b: Kyogre\n|-resisted|p2b: Kyogre\n|-damage|p2b: Kyogre|70/100 par\n|-damage|p1b: Rillaboom|90/100|[from] Recoil\n|move|p2b: Kyogre|Water Spout|p1a: Scream Tail|[spread] p1a,p1b\n|-resisted|p1b: Rillaboom\n|-damage|p1a: Scream Tail|14/100\n|-damage|p1b: Rillaboom|44/100\n|\n|-weather|RainDance|[upkeep]\n|-heal|p1a: Scream Tail|19/100|[from] Grassy Terrain\n|-heal|p1b: Rillaboom|50/100|[from] Grassy Terrain\n|-heal|p2b: Kyogre|76/100 par|[from] Grassy Terrain\n|upkeep\n|turn|3\n|inactive|tzarii has 30 seconds left.\n|inactive|DigitalWolf has 30 seconds left.\n|inactive|tzarii has 20 seconds left.\n|inactive|tzarii has 15 seconds left.\n|\n|t:|1746061875\n|move|p1a: Scream Tail|Protect|p1a: Scream Tail\n|-singleturn|p1a: Scream Tail|Protect\n|move|p1b: Rillaboom|Protect|p1b: Rillaboom\n|-singleturn|p1b: Rillaboom|Protect\n|move|p2a: Incineroar|Parting Shot|p1b: Rillaboom\n|-activate|p1b: Rillaboom|move: Protect\n|move|p2b: Kyogre|Origin Pulse|p1b: Rillaboom|[spread] \n|-activate|p1a: Scream Tail|move: Protect\n|-activate|p1b: Rillaboom|move: Protect\n|\n|-weather|RainDance|[upkeep]\n|-heal|p1a: Scream Tail|25/100|[from] Grassy Terrain\n|-heal|p1b: Rillaboom|56/100|[from] Grassy Terrain\n|-heal|p2b: Kyogre|82/100 par|[from] Grassy Terrain\n|upkeep\n|turn|4\n|\n|t:|1746061899\n|move|p1a: Scream Tail|Disable|p2b: Kyogre\n|-start|p2b: Kyogre|Disable|Origin Pulse\n|move|p2a: Incineroar|Knock Off|p1a: Scream Tail\n|-damage|p1a: Scream Tail|4/100\n|move|p1b: Rillaboom|Wood Hammer|p2b: Kyogre\n|-resisted|p2b: Kyogre\n|-damage|p2b: Kyogre|50/100 par\n|-damage|p1b: Rillaboom|45/100|[from] Recoil\n|move|p2b: Kyogre|Ice Beam|p1b: Rillaboom\n|-supereffective|p1b: Rillaboom\n|-damage|p1b: Rillaboom|0 fnt\n|faint|p1b: Rillaboom\n|\n|-weather|RainDance|[upkeep]\n|-heal|p1a: Scream Tail|10/100|[from] Grassy Terrain\n|-heal|p2b: Kyogre|56/100 par|[from] Grassy Terrain\n|upkeep\n|inactive|tzarii has 30 seconds left.\n|\n|t:|1746061933\n|switch|p1b: Scovillain|Scovillain, L50, F|100/100\n|turn|5\n|inactive|DigitalWolf has 30 seconds left.\n|\n|t:|1746061961\n|-end|p1a: Scream Tail|Protosynthesis|[silent]\n|switch|p1a: Koraidon|Koraidon, L50|100/100\n|-weather|SunnyDay|[from] ability: Orichalcum Pulse|[of] p1a: Koraidon\n|-activate|p1a: Koraidon|Orichalcum Pulse|[source]\n|move|p1b: Scovillain|Spicy Extract|p1a: Koraidon\n|-fail|p1a: Koraidon|unboost|[from] item: Clear Amulet|[of] p1a: Koraidon\n|-boost|p1a: Koraidon|atk|2\n|move|p2a: Incineroar|Knock Off|p1a: Koraidon\n|-resisted|p1a: Koraidon\n|-damage|p1a: Koraidon|83/100\n|-enditem|p1a: Koraidon|Clear Amulet|[from] move: Knock Off|[of] p2a: Incineroar\n|cant|p2b: Kyogre|par\n|\n|-weather|SunnyDay|[upkeep]\n|-heal|p1a: Koraidon|90/100|[from] Grassy Terrain\n|-heal|p2b: Kyogre|62/100 par|[from] Grassy Terrain\n|-fieldend|move: Grassy Terrain\n|upkeep\n|turn|6\n|inactive|tzarii has 30 seconds left.\n|inactive|DigitalWolf has 30 seconds left.\n|inactive|tzarii has 20 seconds left.\n|inactive|tzarii has 15 seconds left.\n|inactive|tzarii has 10 seconds left.\n|\n|t:|1746062009\n|switch|p2a: Tornadus|Tornadus, L50, M|100/100\n|-terastallize|p1a: Koraidon|Fire\n|move|p2b: Kyogre|Protect|p2b: Kyogre\n|-singleturn|p2b: Kyogre|Protect\n|move|p1b: Scovillain|Spicy Extract|p1a: Koraidon\n|-boost|p1a: Koraidon|atk|2\n|-unboost|p1a: Koraidon|def|2\n|move|p1a: Koraidon|Close Combat|p2a: Tornadus\n|-resisted|p2a: Tornadus\n|-damage|p2a: Tornadus|0 fnt\n|-unboost|p1a: Koraidon|def|1\n|-unboost|p1a: Koraidon|spd|1\n|-damage|p1a: Koraidon|73/100|[from] item: Rocky Helmet|[of] p2a: Tornadus\n|faint|p2a: Tornadus\n|\n|-weather|SunnyDay|[upkeep]\n|upkeep\n|\n|t:|1746062027\n|switch|p2a: Incineroar|Incineroar, L50, F|100/100\n|-ability|p2a: Incineroar|Intimidate|boost\n|-unboost|p1a: Koraidon|atk|1\n|-unboost|p1b: Scovillain|atk|1\n|turn|7\n|inactive|tzarii has 30 seconds left.\n|\n|t:|1746062053\n|move|p1a: Koraidon|Protect|p1a: Koraidon\n|-singleturn|p1a: Koraidon|Protect\n|move|p2a: Incineroar|Fake Out|p1a: Koraidon\n|-activate|p1a: Koraidon|move: Protect\n|move|p1b: Scovillain|Scary Face|p2b: Kyogre\n|-unboost|p2b: Kyogre|spe|2\n|move|p2b: Kyogre|Ice Beam|p1b: Scovillain\n|-damage|p1b: Scovillain|32/100\n|\n|-weather|SunnyDay|[upkeep]\n|-end|p2b: Kyogre|Disable\n|upkeep\n|turn|8\n|-message|DigitalWolf forfeited.\n|\n|win|tzarii\n|l|\u2606DigitalWolf\n|player|p2|\n|raw|tzarii's rating: 1122 &rarr; <strong>1152</strong><br />(+30 for winning)\n|raw|DigitalWolf's rating: 1186 &rarr; <strong>1156</strong><br />(-30 for losing)\n", "uploadtime": 1746062065, "views": 9, "formatid": "gen9vgc2025regibo3", "rating": 1152, "private": 0, "password": null}