{"id": "gen9vgc2025regibo3-2353623476", "format": "[Gen 9] VGC 2025 Reg I (Bo3)", "players": ["amecpt", "justtestingforVGC"], "log": "|j|\u2606amecpt\n|j|\u2606justtestingforVGC\n|html|<table width=\"100%\"><tr><td align=\"left\">amecpt</td><td align=\"right\">justtestingforVGC</tr><tr><td align=\"left\"><i class=\"fa fa-circle-o\"></i> <i class=\"fa fa-circle-o\"></i> </td><td align=\"right\"><i class=\"fa fa-circle-o\"></i> <i class=\"fa fa-circle\"></i> </tr></table>\n|uhtml|bestof|<h2><strong>Game 2</strong> of <a href=\"/game-bestof3-gen9vgc2025regibo3-2353621508\">a best-of-3</a></h2>\n|t:|1745975847\n|gametype|doubles\n|player|p1|amecpt|2|1117\n|player|p2|justtestingforVGC|steven|1163\n|teamsize|p1|6\n|teamsize|p2|6\n|gen|9\n|tier|[Gen 9] VGC 2025 Reg I (Bo3)\n|rated|\n|rule|Species Clause: Limit one of each Pok\u00e9mon\n|rule|Item Clause: Limit 1 of each item\n|clearpoke\n|poke|p1|Calyrex-Ice, L50|\n|poke|p1|Zamazenta-*, L50|\n|poke|p1|Ursaluna-Bloodmoon, L50, M|\n|poke|p1|Indeedee-F, L50, F|\n|poke|p1|Urshifu-*, L50, M|\n|poke|p1|Tornadus, L50, M|\n|poke|p2|Ho-Oh, L50|\n|poke|p2|Torkoal, L50, F|\n|poke|p2|Calyrex-Ice, L50|\n|poke|p2|Great Tusk, L50|\n|poke|p2|Flutter Mane, L50|\n|poke|p2|Iron Hands, L50|\n|teampreview|4\n|showteam|p1|Calyrex-Ice||ClearAmulet|AsOneGlastrier|GlacialLance,HighHorsepower,TrickRoom,Protect||||||50|,,,,,Fire]Zamazenta-Crowned||RustedShield|DauntlessShield|BodyPress,WideGuard,IronDefense,Protect||||||50|,,,,,Grass]Ursaluna-Bloodmoon||LifeOrb|MindsEye|BloodMoon,EarthPower,HyperVoice,Protect|||M|||50|,,,,,Normal]Indeedee-F||SitrusBerry|PsychicSurge|Psychic,FollowMe,Protect,TrickRoom|||F|||50|,,,,,Grass]Urshifu-Rapid-Strike||MysticWater|UnseenFist|SurgingStrikes,CloseCombat,AquaJet,Protect|||M|||50|,,,,,Water]Tornadus||FocusSash|Prankster|BleakwindStorm,Tailwind,Taunt,Protect|||M|||50|,,,,,Ghost\n|showteam|p2|Ho-Oh||WideLens|Regenerator|BraveBird,SacredFire,Protect,Tailwind||||||50|,,,,,Grass]Torkoal||EjectPack|Drought|Protect,HelpingHand,Eruption,Overheat|||F|||50|,,,,,Flying]Calyrex-Ice||ClearAmulet|AsOneGlastrier|GlacialLance,TrickRoom,Protect,HighHorsepower||||||50|,,,,,Fairy]Great Tusk||ChoiceScarf|Protosynthesis|HeadlongRush,CloseCombat,Earthquake,RockSlide||||||50|,,,,,Ground]Flutter Mane||FocusSash|Protosynthesis|Moonblast,ShadowBall,IcyWind,Protect||||||50|,,,,,Fairy]Iron Hands||AssaultVest|QuarkDrive|FakeOut,DrainPunch,HeavySlam,WildCharge||||||50|,,,,,Bug\n|inactive|Battle timer is ON: inactive players will automatically lose when time's up. (requested by justtestingforVGC)\n|inactive|amecpt also wants the timer to be on.\n|\n|t:|1745975867\n|start\n|switch|p1a: Ursaluna|Ursaluna-Bloodmoon, L50, M|100/100\n|switch|p1b: Indeedee|Indeedee-F, L50, F|100/100\n|switch|p2a: Ho-Oh|Ho-Oh, L50|100/100\n|switch|p2b: Torkoal|Torkoal, L50, F|100/100\n|-fieldstart|move: Psychic Terrain|[from] ability: Psychic Surge|[of] p1b: Indeedee\n|-weather|SunnyDay|[from] ability: Drought|[of] p2b: Torkoal\n|turn|1\n|\n|t:|1745975887\n|move|p2b: Torkoal|Helping Hand|p2a: Ho-Oh\n|-singleturn|p2a: Ho-Oh|Helping Hand|[of] p2b: Torkoal\n|move|p1b: Indeedee|Follow Me|p1b: Indeedee\n|-singleturn|p1b: Indeedee|move: Follow Me\n|move|p2a: Ho-Oh|Sacred Fire|p1b: Indeedee\n|-damage|p1b: Indeedee|0 fnt\n|faint|p1b: Indeedee\n|move|p1a: Ursaluna|Blood Moon|p2a: Ho-Oh\n|-damage|p2a: Ho-Oh|43/100\n|-damage|p1a: Ursaluna|90/100|[from] item: Life Orb\n|\n|-weather|SunnyDay|[upkeep]\n|upkeep\n|\n|t:|1745975903\n|switch|p1b: Calyrex|Calyrex-Ice, L50|100/100\n|-ability|p1b: Calyrex|As One\n|-ability|p1b: Calyrex|Unnerve\n|turn|2\n|\n|t:|1745975917\n|-terastallize|p1b: Calyrex|Fire\n|move|p2b: Torkoal|Protect|p2b: Torkoal\n|-singleturn|p2b: Torkoal|Protect\n|move|p2a: Ho-Oh|Sacred Fire|p1a: Ursaluna\n|-damage|p1a: Ursaluna|41/100\n|move|p1a: Ursaluna|Hyper Voice|p2a: Ho-Oh|[spread] p2a\n|-activate|p2b: Torkoal|move: Protect\n|-damage|p2a: Ho-Oh|17/100\n|-damage|p1a: Ursaluna|31/100|[from] item: Life Orb\n|move|p1b: Calyrex|Glacial Lance|p2a: Ho-Oh|[spread] p2a\n|-activate|p2b: Torkoal|move: Protect\n|-damage|p2a: Ho-Oh|0 fnt\n|faint|p2a: Ho-Oh\n|-ability|p1b: Calyrex|Chilling Neigh|boost\n|-boost|p1b: Calyrex|atk|1\n|\n|-weather|SunnyDay|[upkeep]\n|upkeep\n|\n|t:|1745975929\n|switch|p2a: Calyrex|Calyrex-Ice, L50|100/100\n|-ability|p2a: Calyrex|As One\n|-ability|p2a: Calyrex|Unnerve\n|turn|3\n|\n|t:|1745975939\n|switch|p2b: Iron Hands|Iron Hands, L50|100/100\n|move|p2a: Calyrex|Glacial Lance|p1b: Calyrex|[spread] p1a,p1b\n|-supereffective|p1a: Ursaluna\n|-resisted|p1b: Calyrex\n|-damage|p1a: Ursaluna|0 fnt\n|-damage|p1b: Calyrex|86/100\n|faint|p1a: Ursaluna\n|-ability|p2a: Calyrex|Chilling Neigh|boost\n|-boost|p2a: Calyrex|atk|1\n|move|p1b: Calyrex|Glacial Lance|p2a: Calyrex|[spread] p2a,p2b\n|-resisted|p2a: Calyrex\n|-damage|p2a: Calyrex|78/100\n|-damage|p2b: Iron Hands|51/100\n|\n|-weather|SunnyDay|[upkeep]\n|upkeep\n|\n|t:|1745975951\n|switch|p1a: Zamazenta|Zamazenta-Crowned, L50|100/100\n|-ability|p1a: Zamazenta|Dauntless Shield|boost\n|-boost|p1a: Zamazenta|def|1\n|turn|4\n|\n|t:|1745975962\n|move|p1a: Zamazenta|Protect|p1a: Zamazenta\n|-singleturn|p1a: Zamazenta|Protect\n|move|p1b: Calyrex|Protect|p1b: Calyrex\n|-singleturn|p1b: Calyrex|Protect\n|move|p2a: Calyrex|High Horsepower|p1b: Calyrex\n|-activate|p1b: Calyrex|move: Protect\n|move|p2b: Iron Hands|Drain Punch|p1b: Calyrex\n|-activate|p1b: Calyrex|move: Protect\n|\n|-weather|SunnyDay|[upkeep]\n|upkeep\n|turn|5\n|\n|t:|1745975986\n|-end|p2b: Iron Hands|Quark Drive|[silent]\n|switch|p2b: Torkoal|Torkoal, L50, F|100/100\n|move|p1a: Zamazenta|Body Press|p2a: Calyrex\n|-damage|p2a: Calyrex|34/100\n|move|p1b: Calyrex|Glacial Lance|p2a: Calyrex|[spread] p2a,p2b\n|-resisted|p2a: Calyrex\n|-resisted|p2b: Torkoal\n|-damage|p2a: Calyrex|13/100\n|-damage|p2b: Torkoal|78/100\n|move|p2a: Calyrex|Trick Room|p2a: Calyrex\n|-fieldstart|move: Trick Room|[of] p2a: Calyrex\n|\n|-weather|none\n|-fieldend|move: Psychic Terrain\n|upkeep\n|turn|6\n|\n|t:|1745976003\n|move|p2b: Torkoal|Protect|p2b: Torkoal\n|-singleturn|p2b: Torkoal|Protect\n|move|p1a: Zamazenta|Wide Guard|p1a: Zamazenta\n|-singleturn|p1a: Zamazenta|Wide Guard\n|move|p1b: Calyrex|Glacial Lance|p2b: Torkoal|[spread] p2a\n|-activate|p2b: Torkoal|move: Protect\n|-resisted|p2a: Calyrex\n|-damage|p2a: Calyrex|0 fnt\n|faint|p2a: Calyrex\n|-ability|p1b: Calyrex|Chilling Neigh|boost\n|-boost|p1b: Calyrex|atk|1\n|\n|upkeep\n|\n|t:|1745976008\n|switch|p2a: Iron Hands|Iron Hands, L50|51/100\n|turn|7\n|\n|t:|1745976024\n|move|p2a: Iron Hands|Fake Out|p1b: Calyrex\n|-damage|p1b: Calyrex|79/100\n|move|p1a: Zamazenta|Wide Guard|p1a: Zamazenta\n|-singleturn|p1a: Zamazenta|Wide Guard\n|move|p2b: Torkoal|Overheat|p1a: Zamazenta\n|-supereffective|p1a: Zamazenta\n|-damage|p1a: Zamazenta|43/100\n|-unboost|p2b: Torkoal|spa|2\n|cant|p1b: Calyrex|flinch\n|\n|upkeep\n|turn|8\n|\n|t:|1745976043\n|move|p2b: Torkoal|Helping Hand|p2a: Iron Hands\n|-singleturn|p2a: Iron Hands|Helping Hand|[of] p2b: Torkoal\n|move|p1a: Zamazenta|Wide Guard|p1a: Zamazenta\n|-singleturn|p1a: Zamazenta|Wide Guard\n|move|p2a: Iron Hands|Drain Punch|p1b: Calyrex\n|-damage|p1b: Calyrex|46/100\n|-heal|p2a: Iron Hands|64/100|[from] drain|[of] p1b: Calyrex\n|move|p1b: Calyrex|High Horsepower|p2b: Torkoal\n|-supereffective|p2b: Torkoal\n|-damage|p2b: Torkoal|0 fnt\n|faint|p2b: Torkoal\n|-ability|p1b: Calyrex|Chilling Neigh|boost\n|-boost|p1b: Calyrex|atk|1\n|\n|upkeep\n|turn|9\n|\n|t:|1745976062\n|-terastallize|p2a: Iron Hands|Bug\n|move|p1b: Calyrex|Protect|p1b: Calyrex\n|-singleturn|p1b: Calyrex|Protect\n|move|p1a: Zamazenta|Protect||[still]\n|-fail|p1a: Zamazenta\n|move|p2a: Iron Hands|Drain Punch|p1a: Zamazenta\n|-supereffective|p1a: Zamazenta\n|-damage|p1a: Zamazenta|7/100\n|-heal|p2a: Iron Hands|78/100|[from] drain|[of] p1a: Zamazenta\n|\n|-fieldend|move: Trick Room\n|upkeep\n|turn|10\n|\n|t:|1745976078\n|move|p1a: Zamazenta|Body Press|p2a: Iron Hands\n|-resisted|p2a: Iron Hands\n|-damage|p2a: Iron Hands|55/100\n|move|p1b: Calyrex|Glacial Lance|p2a: Iron Hands\n|-damage|p2a: Iron Hands|0 fnt\n|faint|p2a: Iron Hands\n|-end|p2a: Iron Hands|Quark Drive|[silent]\n|\n|win|amecpt\n||justtestingforVGC is ready for game 3.\n|inactive|amecpt has 30 seconds to confirm battle start!\n||amecpt is ready for game 3.\n|uhtml|next|Next: <a href=\"/battle-gen9vgc2025regibo3-2353625502\"><strong>Game 3 of 3</strong></a>\n|l|\u2606justtestingforVGC\n|player|p2|\n|l|\u2606amecpt\n|player|p1|\n", "uploadtime": 1745976361, "views": 11, "formatid": "gen9vgc2025regibo3", "rating": null, "private": 0, "password": null}