{"id": "gen9vgc2025regibo3-2354085734", "format": "[Gen 9] VGC 2025 Reg I (Bo3)", "players": ["Monganeitor", "blckp4nth3r"], "log": "|j|\u2606Monganeitor\n|j|\u2606blckp4nth3r\n|html|<table width=\"100%\"><tr><td align=\"left\">Monganeitor</td><td align=\"right\">blckp4nth3r</tr><tr><td align=\"left\"><i class=\"fa fa-circle-o\"></i> <i class=\"fa fa-circle-o\"></i> </td><td align=\"right\"><i class=\"fa fa-circle-o\"></i> <i class=\"fa fa-circle-o\"></i> </tr></table>\n|uhtml|bestof|<h2><strong>Game 1</strong> of <a href=\"/game-bestof3-gen9vgc2025regibo3-2354085733\">a best-of-3</a></h2>\n|t:|1746033613\n|gametype|doubles\n|player|p1|Monganeitor|101|1048\n|player|p2|blckp4nth3r|266|1058\n|teamsize|p1|6\n|teamsize|p2|6\n|gen|9\n|tier|[Gen 9] VGC 2025 Reg I (Bo3)\n|rated|\n|rule|Species Clause: Limit one of each Pok\u00e9mon\n|rule|Item Clause: Limit 1 of each item\n|clearpoke\n|poke|p1|Kyogre, L50|\n|poke|p1|Lunala, L50|\n|poke|p1|Indeedee-F, L50, F|\n|poke|p1|Amoonguss, L50, F|\n|poke|p1|Incineroar, L50, M|\n|poke|p1|Scizor, L50, F|\n|poke|p2|Urshifu-*, L50, M|\n|poke|p2|Lunala, L50|\n|poke|p2|Kyogre, L50|\n|poke|p2|Sinistcha, L50|\n|poke|p2|Rillaboom, L50, F|\n|poke|p2|Thundurus, L50, M|\n|teampreview|4\n|showteam|p1|Kyogre||ChoiceSpecs|Drizzle|WaterSpout,Thunder,IceBeam,TeraBlast||||||50|,,,,,Ground]Lunala||Leftovers|ShadowShield|ExpandingForce,MoongeistBeam,Protect,WideGuard||||||50|,,,,,Dark]Indeedee-F||PsychicSeed|PsychicSurge|HelpingHand,FollowMe,HyperVoice,Psyshock|||F|||50|,,,,,Bug]Amoonguss||RockyHelmet|EffectSpore|RagePowder,Spore,Protect,SludgeBomb|||F|||50|,,,,,Dark]Incineroar||SafetyGoggles|Intimidate|FakeOut,PartingShot,KnockOff,FlareBlitz|||M|||50|,,,,,Ghost]Scizor||AssaultVest|Technician|BulletPunch,Uturn,DualWingbeat,CloseCombat|||F|||50|,,,,,Water\n|showteam|p2|Urshifu-Rapid-Strike||ChoiceScarf|UnseenFist|CloseCombat,SurgingStrikes,Uturn,IronHead|||M|||50|,,,,,Steel]Lunala||SitrusBerry|ShadowShield|Tailwind,TrickRoom,WideGuard,MoongeistBeam||||||50|,,,,,Fairy]Kyogre||Leftovers|Drizzle|WaterSpout,IceBeam,Thunder,Protect||||||50|,,,,,Grass]Sinistcha||LifeOrb|Hospitality|Scald,LifeDew,MatchaGotcha,Protect||||||50|,,,,,Steel]Rillaboom||AssaultVest|GrassySurge|FakeOut,Uturn,WoodHammer,KnockOff|||F|||50|,,,,,Fire]Thundurus||FocusSash|Prankster|Taunt,WildboltStorm,SludgeBomb,ThunderWave|||M|||50|,,,,,Dark\n|\n|t:|1746033647\n|start\n|switch|p1a: Indeedee|Indeedee-F, L50, F|100/100\n|switch|p1b: Lunala|Lunala, L50|100/100\n|switch|p2a: Rillaboom|Rillaboom, L50, F|100/100\n|switch|p2b: Urshifu|Urshifu-Rapid-Strike, L50, M|100/100\n|-fieldstart|move: Psychic Terrain|[from] ability: Psychic Surge|[of] p1a: Indeedee\n|-enditem|p1a: Indeedee|Psychic Seed\n|-boost|p1a: Indeedee|spd|1|[from] item: Psychic Seed\n|-fieldstart|move: Grassy Terrain|[from] ability: Grassy Surge|[of] p2a: Rillaboom\n|turn|1\n|\n|t:|1746033665\n|move|p2b: Urshifu|U-turn|p1a: Indeedee\n|-supereffective|p1a: Indeedee\n|-damage|p1a: Indeedee|17/100\n|\n|t:|1746033674\n|switch|p2b: Lunala|Lunala, L50|100/100|[from] U-turn\n|move|p1a: Indeedee|Psyshock|p2b: Lunala\n|-resisted|p2b: Lunala\n|-damage|p2b: Lunala|96/100\n|move|p1b: Lunala|Expanding Force|p2b: Lunala\n|-resisted|p2b: Lunala\n|-damage|p2b: Lunala|83/100\n|move|p2a: Rillaboom|Knock Off|p1b: Lunala\n|-supereffective|p1b: Lunala\n|-damage|p1b: Lunala|43/100\n|-enditem|p1b: Lunala|Leftovers|[from] move: Knock Off|[of] p2a: Rillaboom\n|\n|-heal|p1a: Indeedee|23/100|[from] Grassy Terrain\n|-heal|p1b: Lunala|49/100|[from] Grassy Terrain\n|-heal|p2b: Lunala|89/100|[from] Grassy Terrain\n|upkeep\n|turn|2\n|\n|t:|1746033701\n|-terastallize|p2b: Lunala|Fairy\n|move|p1a: Indeedee|Follow Me|p1a: Indeedee\n|-singleturn|p1a: Indeedee|move: Follow Me\n|move|p1b: Lunala|Moongeist Beam|p2b: Lunala\n|-damage|p2b: Lunala|57/100\n|move|p2a: Rillaboom|U-turn|p1a: Indeedee\n|-supereffective|p1a: Indeedee\n|-damage|p1a: Indeedee|0 fnt\n|faint|p1a: Indeedee\n|\n|t:|1746033713\n|switch|p2a: Kyogre|Kyogre, L50|100/100|[from] U-turn\n|-weather|RainDance|[from] ability: Drizzle|[of] p2a: Kyogre\n|move|p2b: Lunala|Moongeist Beam|p1b: Lunala\n|-supereffective|p1b: Lunala\n|-damage|p1b: Lunala|0 fnt\n|faint|p1b: Lunala\n|\n|-weather|RainDance|[upkeep]\n|-heal|p2b: Lunala|63/100|[from] Grassy Terrain\n|upkeep\n|\n|t:|1746033718\n|switch|p1a: Scizor|Scizor, L50, F|100/100\n|switch|p1b: Kyogre|Kyogre, L50|100/100\n|turn|3\n|\n|t:|1746033742\n|move|p2a: Kyogre|Protect|p2a: Kyogre\n|-singleturn|p2a: Kyogre|Protect\n|move|p1a: Scizor|Bullet Punch|p2b: Lunala\n|-supereffective|p2b: Lunala\n|-damage|p2b: Lunala|6/100\n|-enditem|p2b: Lunala|Sitrus Berry|[eat]\n|-heal|p2b: Lunala|31/100|[from] item: Sitrus Berry\n|move|p1b: Kyogre|Thunder|p2a: Kyogre\n|-activate|p2a: Kyogre|move: Protect\n|move|p2b: Lunala|Tailwind|p2b: Lunala\n|-sidestart|p2: blckp4nth3r|move: Tailwind\n|\n|-weather|RainDance|[upkeep]\n|-heal|p2b: Lunala|37/100|[from] Grassy Terrain\n|upkeep\n|turn|4\n|\n|t:|1746033779\n|move|p1a: Scizor|Bullet Punch|p2b: Lunala\n|-supereffective|p2b: Lunala\n|-damage|p2b: Lunala|0 fnt\n|faint|p2b: Lunala\n|move|p2a: Kyogre|Thunder|p1b: Kyogre\n|-supereffective|p1b: Kyogre\n|-damage|p1b: Kyogre|25/100\n|move|p1b: Kyogre|Thunder|p2a: Kyogre\n|-supereffective|p2a: Kyogre\n|-damage|p2a: Kyogre|16/100\n|\n|-weather|RainDance|[upkeep]\n|-heal|p2a: Kyogre|21/100|[from] Grassy Terrain\n|-heal|p2a: Kyogre|27/100|[from] item: Leftovers\n|-heal|p1b: Kyogre|31/100|[from] Grassy Terrain\n|upkeep\n|\n|t:|1746033798\n|switch|p2b: Rillaboom|Rillaboom, L50, F|100/100\n|turn|5\n|\n|t:|1746033814\n|-terastallize|p1b: Kyogre|Ground\n|move|p2b: Rillaboom|Fake Out|p1a: Scizor\n|-resisted|p1a: Scizor\n|-damage|p1a: Scizor|93/100\n|move|p2a: Kyogre|Thunder|p1b: Kyogre\n|-immune|p1b: Kyogre\n|move|p1b: Kyogre|Thunder|p2a: Kyogre\n|-supereffective|p2a: Kyogre\n|-damage|p2a: Kyogre|0 fnt\n|faint|p2a: Kyogre\n|cant|p1a: Scizor|flinch\n|\n|-weather|RainDance|[upkeep]\n|-heal|p1b: Kyogre|36/100|[from] Grassy Terrain\n|-heal|p1a: Scizor|99/100|[from] Grassy Terrain\n|-fieldend|move: Grassy Terrain\n|upkeep\n|\n|t:|1746033828\n|switch|p2a: Urshifu|Urshifu-Rapid-Strike, L50, M|100/100\n|turn|6\n|\n|t:|1746033842\n|move|p2a: Urshifu|Close Combat|p1a: Scizor\n|-damage|p1a: Scizor|22/100\n|-unboost|p2a: Urshifu|def|1\n|-unboost|p2a: Urshifu|spd|1\n|move|p2b: Rillaboom|Wood Hammer|p1b: Kyogre\n|-supereffective|p1b: Kyogre\n|-damage|p1b: Kyogre|0 fnt\n|faint|p1b: Kyogre\n|-damage|p2b: Rillaboom|90/100|[from] Recoil\n|move|p1a: Scizor|Dual Wingbeat|p2b: Rillaboom\n|-supereffective|p2b: Rillaboom\n|-damage|p2b: Rillaboom|46/100\n|-supereffective|p2b: Rillaboom\n|-damage|p2b: Rillaboom|4/100\n|-hitcount|p2b: Rillaboom|2\n|\n|-weather|none\n|-sideend|p2: blckp4nth3r|move: Tailwind\n|upkeep\n|turn|7\n|\n|t:|1746033866\n|move|p1a: Scizor|Bullet Punch|p2a: Urshifu\n|-resisted|p2a: Urshifu\n|-damage|p2a: Urshifu|75/100\n|move|p2a: Urshifu|Close Combat|p1a: Scizor\n|-damage|p1a: Scizor|0 fnt\n|-unboost|p2a: Urshifu|def|1\n|-unboost|p2a: Urshifu|spd|1\n|faint|p1a: Scizor\n|\n|win|blckp4nth3r\n|raw|Monganeitor's rating: 1048 &rarr; <strong>1031</strong><br />(-17 for losing)\n|raw|blckp4nth3r's rating: 1058 &rarr; <strong>1088</strong><br />(+30 for winning)\n|l|\u2606Monganeitor\n|player|p1|\n|l|\u2606blckp4nth3r\n|player|p2|\n", "uploadtime": 1746034240, "views": 9, "formatid": "gen9vgc2025regibo3", "rating": 1031, "private": 0, "password": null}