{"id": "gen9vgc2025regibo3-2353491348", "format": "[Gen 9] VGC 2025 Reg I (Bo3)", "players": ["i hate calyrex", "messi-05"], "log": "|j|\u2606i hate calyrex\n|j|\u2606messi-05\n|html|<table width=\"100%\"><tr><td align=\"left\">i hate calyrex</td><td align=\"right\">messi-05</tr><tr><td align=\"left\"><i class=\"fa fa-circle\"></i> <i class=\"fa fa-circle-o\"></i> </td><td align=\"right\"><i class=\"fa fa-circle-o\"></i> <i class=\"fa fa-circle-o\"></i> </tr></table>\n|uhtml|bestof|<h2><strong>Game 2</strong> of <a href=\"/game-bestof3-gen9vgc2025regibo3-2353489045\">a best-of-3</a></h2>\n|t:|1745960951\n|gametype|doubles\n|player|p1|i hate calyrex|clerk|1122\n|player|p2|messi-05|170|1142\n|teamsize|p1|6\n|teamsize|p2|6\n|gen|9\n|tier|[Gen 9] VGC 2025 Reg I (Bo3)\n|rated|\n|rule|Species Clause: Limit one of each Pok\u00e9mon\n|rule|Item Clause: Limit 1 of each item\n|clearpoke\n|poke|p1|Terapagos, L50, M|\n|poke|p1|Koraidon, L50|\n|poke|p1|Incineroar, L50, M|\n|poke|p1|Flutter Mane, L50|\n|poke|p1|Raging Bolt, L50|\n|poke|p1|Ogerpon-Cornerstone, L50, F|\n|poke|p2|Terapagos, L50, M|\n|poke|p2|Koraidon, L50|\n|poke|p2|Incineroar, L50, F|\n|poke|p2|Rillaboom, L50, F|\n|poke|p2|Ogerpon-Cornerstone, L50, F|\n|poke|p2|Flutter Mane, L50|\n|teampreview|4\n|showteam|p1|Terapagos||Leftovers|TeraShift|TeraStarstorm,EarthPower,CalmMind,Protect|||M|||50|,,,,,Stellar]Koraidon||LifeOrb|OrichalcumPulse|CloseCombat,FlareBlitz,FlameCharge,Protect||||||50|,,,,,Fire]Incineroar||RockyHelmet|Intimidate|FakeOut,FlareBlitz,KnockOff,PartingShot|||M|||50|,,,,,Bug]Flutter Mane||FocusSash|Protosynthesis|Moonblast,ShadowBall,IcyWind,Protect||||||50|,,,,,Stellar]Raging Bolt||AssaultVest|Protosynthesis|Thunderbolt,Thunderclap,Snarl,DracoMeteor||||||50|,,,,,Electric]Ogerpon-Cornerstone||CornerstoneMask|Sturdy|IvyCudgel,PowerWhip,FollowMe,SpikyShield|||F|||50|,,,,,Rock\n|showteam|p2|Terapagos||Leftovers|TeraShift|TeraStarstorm,CalmMind,Substitute,Protect|||M|||50|,,,,,Stellar]Koraidon||LifeOrb|OrichalcumPulse|FlareBlitz,CloseCombat,FlameCharge,Protect||||||50|,,,,,Fire]Incineroar||RockyHelmet|Intimidate|KnockOff,PartingShot,WillOWisp,FakeOut|||F|||50|,,,,,Water]Rillaboom||AssaultVest|GrassySurge|WoodHammer,GrassyGlide,Uturn,FakeOut|||F|||50|,,,,,Water]Ogerpon-Cornerstone||CornerstoneMask|Sturdy|IvyCudgel,GrassyGlide,FollowMe,SpikyShield|||F|||50|,,,,,Rock]Flutter Mane||FocusSash|Protosynthesis|Moonblast,DazzlingGleam,ShadowBall,IcyWind||||||50|,,,,,Fairy\n|inactive|Battle timer is ON: inactive players will automatically lose when time's up. (requested by i hate calyrex)\n|inactive|messi-05 also wants the timer to be on.\n|inactive|messi-05 has 60 seconds left.\n|\n|t:|1745960995\n|start\n|switch|p1a: Koraidon|Koraidon, L50|100/100\n|switch|p1b: Flutter Mane|Flutter Mane, L50|100/100\n|switch|p2a: Terapagos|Terapagos, L50, M|100/100\n|switch|p2b: Incineroar|Incineroar, L50, F|100/100\n|-activate|p2a: Terapagos|ability: Tera Shift\n|detailschange|p2a: Terapagos|Terapagos-Terastal, L50, M\n|-heal|p2a: Terapagos|100/100|[silent]\n|-weather|SunnyDay|[from] ability: Orichalcum Pulse|[of] p1a: Koraidon\n|-activate|p1b: Flutter Mane|ability: Protosynthesis\n|-start|p1b: Flutter Mane|protosynthesisspe\n|-activate|p1a: Koraidon|Orichalcum Pulse|[source]\n|-ability|p2b: Incineroar|Intimidate|boost\n|-unboost|p1a: Koraidon|atk|1\n|-unboost|p1b: Flutter Mane|atk|1\n|turn|1\n|\n|t:|1745961015\n|move|p1a: Koraidon|Protect|p1a: Koraidon\n|-singleturn|p1a: Koraidon|Protect\n|move|p2b: Incineroar|Fake Out|p1a: Koraidon\n|-activate|p1a: Koraidon|move: Protect\n|move|p1b: Flutter Mane|Moonblast|p2a: Terapagos\n|-activate|p2a: Terapagos|ability: Tera Shell\n|-resisted|p2a: Terapagos\n|-damage|p2a: Terapagos|80/100\n|-unboost|p2a: Terapagos|spa|1\n|move|p2a: Terapagos|Calm Mind|p2a: Terapagos\n|-boost|p2a: Terapagos|spa|1\n|-boost|p2a: Terapagos|spd|1\n|\n|-weather|SunnyDay|[upkeep]\n|-heal|p2a: Terapagos|86/100|[from] item: Leftovers\n|upkeep\n|turn|2\n|\n|t:|1745961040\n|-terastallize|p2a: Terapagos|Stellar\n|detailschange|p2a: Terapagos|Terapagos-Stellar, L50, M, tera:Stellar\n|-heal|p2a: Terapagos|90/100|[silent]\n|-ability|p2a: Terapagos|Teraform Zero\n|-weather|none\n|-end|p1b: Flutter Mane|Protosynthesis\n|move|p1b: Flutter Mane|Moonblast|p2a: Terapagos\n|-damage|p2a: Terapagos|69/100\n|move|p1a: Koraidon|Close Combat|p2b: Incineroar\n|-supereffective|p2b: Incineroar\n|-crit|p2b: Incineroar\n|-damage|p2b: Incineroar|0 fnt\n|-unboost|p1a: Koraidon|def|1\n|-unboost|p1a: Koraidon|spd|1\n|-damage|p1a: Koraidon|84/100|[from] item: Rocky Helmet|[of] p2b: Incineroar\n|faint|p2b: Incineroar\n|-damage|p1a: Koraidon|74/100|[from] item: Life Orb\n|move|p2a: Terapagos|Tera Starstorm|p1b: Flutter Mane|[spread] p1a,p1b\n|-damage|p1a: Koraidon|8/100\n|-damage|p1b: Flutter Mane|59/100\n|\n|-heal|p2a: Terapagos|75/100|[from] item: Leftovers\n|upkeep\n|\n|t:|1745961060\n|switch|p2b: Koraidon|Koraidon, L50|100/100\n|-weather|SunnyDay|[from] ability: Orichalcum Pulse|[of] p2b: Koraidon\n|-activate|p1b: Flutter Mane|ability: Protosynthesis\n|-start|p1b: Flutter Mane|protosynthesisspe\n|-activate|p2b: Koraidon|Orichalcum Pulse|[source]\n|turn|3\n|inactive|i hate calyrex has 30 seconds left.\n|inactive|i hate calyrex has 20 seconds left.\n|\n|t:|1745961098\n|-terastallize|p1a: Koraidon|Fire\n|move|p2b: Koraidon|Protect|p2b: Koraidon\n|-singleturn|p2b: Koraidon|Protect\n|move|p1b: Flutter Mane|Icy Wind|p2b: Koraidon|[spread] p2a\n|-activate|p2b: Koraidon|move: Protect\n|-damage|p2a: Terapagos|69/100\n|-unboost|p2a: Terapagos|spe|1\n|move|p1a: Koraidon|Flare Blitz|p2a: Terapagos\n|-damage|p2a: Terapagos|2/100\n|-damage|p1a: Koraidon|0 fnt|[from] Recoil\n|faint|p1a: Koraidon\n|move|p2a: Terapagos|Tera Starstorm|p1b: Flutter Mane\n|-damage|p1b: Flutter Mane|2/100\n|\n|-weather|SunnyDay|[upkeep]\n|-heal|p2a: Terapagos|8/100|[from] item: Leftovers\n|upkeep\n|\n|t:|1745961107\n|switch|p1a: Ogerpon|Ogerpon-Cornerstone, L50, F|100/100\n|turn|4\n|\n|t:|1745961125\n|switch|p2b: Flutter Mane|Flutter Mane, L50|100/100\n|-activate|p2b: Flutter Mane|ability: Protosynthesis\n|-start|p2b: Flutter Mane|protosynthesisspe\n|move|p2a: Terapagos|Protect|p2a: Terapagos\n|-singleturn|p2a: Terapagos|Protect\n|move|p1b: Flutter Mane|Moonblast|p2b: Flutter Mane\n|-damage|p2b: Flutter Mane|49/100\n|move|p1a: Ogerpon|Ivy Cudgel|p2b: Flutter Mane|[anim] Ivy Cudgel Rock\n|-damage|p2b: Flutter Mane|0 fnt\n|faint|p2b: Flutter Mane\n|-end|p2b: Flutter Mane|Protosynthesis|[silent]\n|\n|-weather|SunnyDay|[upkeep]\n|-heal|p2a: Terapagos|14/100|[from] item: Leftovers\n|upkeep\n|\n|t:|1745961136\n|switch|p2b: Koraidon|Koraidon, L50|100/100\n|-activate|p2b: Koraidon|ability: Orichalcum Pulse\n|turn|5\n|\n|t:|1745961142\n|move|p1b: Flutter Mane|Moonblast|p2b: Koraidon\n|-supereffective|p2b: Koraidon\n|-damage|p2b: Koraidon|0 fnt\n|faint|p2b: Koraidon\n|move|p1a: Ogerpon|Ivy Cudgel|p2a: Terapagos|[anim] Ivy Cudgel Rock\n|-damage|p2a: Terapagos|0 fnt\n|faint|p2a: Terapagos\n|\n|win|i hate calyrex\n|raw|i hate calyrex's rating: 1122 &rarr; <strong>1148</strong><br />(+26 for winning)\n|raw|messi-05's rating: 1142 &rarr; <strong>1116</strong><br />(-26 for losing)\n", "uploadtime": 1745961144, "views": 30, "formatid": "gen9vgc2025regibo3", "rating": 1116, "private": 0, "password": null}