{"id": "gen9vgc2025regibo3-2353389915", "format": "[Gen 9] VGC 2025 Reg I (Bo3)", "players": ["i hate calyrex", "Orionseas"], "log": "|j|\u2606i hate calyrex\n|j|\u2606Orionseas\n|html|<table width=\"100%\"><tr><td align=\"left\">i hate calyrex</td><td align=\"right\">Orionseas</tr><tr><td align=\"left\"><i class=\"fa fa-circle-o\"></i> <i class=\"fa fa-circle-o\"></i> </td><td align=\"right\"><i class=\"fa fa-circle-o\"></i> <i class=\"fa fa-circle-o\"></i> </tr></table>\n|uhtml|bestof|<h2><strong>Game 1</strong> of <a href=\"/game-bestof3-gen9vgc2025regibo3-2353389914\">a best-of-3</a></h2>\n|t:|1745951760\n|gametype|doubles\n|player|p1|i hate calyrex|clerk|1214\n|player|p2|Orionseas|265|1195\n|teamsize|p1|6\n|teamsize|p2|6\n|gen|9\n|tier|[Gen 9] VGC 2025 Reg I (Bo3)\n|rated|\n|rule|Species Clause: Limit one of each Pok\u00e9mon\n|rule|Item Clause: Limit 1 of each item\n|clearpoke\n|poke|p1|Terapagos, L50, M|\n|poke|p1|Koraidon, L50|\n|poke|p1|Incineroar, L50, M|\n|poke|p1|Flutter Mane, L50|\n|poke|p1|Raging Bolt, L50|\n|poke|p1|Ogerpon-Cornerstone, L50, F|\n|poke|p2|Miraidon, L50|\n|poke|p2|Kyogre, L50|\n|poke|p2|Iron Hands, L50|\n|poke|p2|Whimsicott, L50, F|\n|poke|p2|Iron Valiant, L50|\n|poke|p2|Farigiraf, L50, M|\n|teampreview|4\n|showteam|p1|Terapagos||Leftovers|TeraShift|TeraStarstorm,EarthPower,CalmMind,Protect|||M|||50|,,,,,Stellar]Koraidon||LifeOrb|OrichalcumPulse|CloseCombat,FlareBlitz,FlameCharge,Protect||||||50|,,,,,Fire]Incineroar||RockyHelmet|Intimidate|FakeOut,FlareBlitz,KnockOff,PartingShot|||M|||50|,,,,,Bug]Flutter Mane||FocusSash|Protosynthesis|Moonblast,ShadowBall,IcyWind,Protect||||||50|,,,,,Stellar]Raging Bolt||AssaultVest|Protosynthesis|Thunderbolt,Thunderclap,Snarl,DracoMeteor||||||50|,,,,,Electric]Ogerpon-Cornerstone||CornerstoneMask|Sturdy|IvyCudgel,PowerWhip,FollowMe,SpikyShield|||F|||50|,,,,,Rock\n|showteam|p2|Miraidon||ChoiceSpecs|HadronEngine|VoltSwitch,ElectroDrift,DazzlingGleam,DracoMeteor||||||50|,,,,,Fairy]Kyogre||ChoiceScarf|Drizzle|Thunder,WaterSpout,IceBeam,OriginPulse||||||50|,,,,,Ghost]Iron Hands||AssaultVest|QuarkDrive|LowKick,FakeOut,DrainPunch,HeavySlam||||||50|,,,,,Water]Whimsicott||CovertCloak|Prankster|Moonblast,Tailwind,LightScreen,Encore|||F|||50|,,,,,Dark]Iron Valiant||FocusSash|QuarkDrive|SpiritBreak,Disable,KnockOff,WideGuard||||||50|,,,,,Ghost]Farigiraf||ElectricSeed|ArmorTail|HelpingHand,TrickRoom,FoulPlay,DazzlingGleam|||M|||50|,,,,,Fairy\n|inactive|Battle timer is ON: inactive players will automatically lose when time's up. (requested by Orionseas)\n|inactive|i hate calyrex also wants the timer to be on.\n|j| cummerband\n|c| cummerband|hola\n|l| cummerband\n|inactive|i hate calyrex has 60 seconds left.\n|inactive|Orionseas has 60 seconds left.\n|\n|t:|1745951817\n|start\n|switch|p1a: Terapagos|Terapagos, L50, M|100/100\n|switch|p1b: Incineroar|Incineroar, L50, M|100/100\n|switch|p2a: Miraidon|Miraidon, L50|100/100\n|switch|p2b: Kyogre|Kyogre, L50|100/100\n|-activate|p1a: Terapagos|ability: Tera Shift\n|detailschange|p1a: Terapagos|Terapagos-Terastal, L50, M\n|-heal|p1a: Terapagos|100/100|[silent]\n|-weather|RainDance|[from] ability: Drizzle|[of] p2b: Kyogre\n|-fieldstart|move: Electric Terrain|[from] ability: Hadron Engine|[of] p2a: Miraidon\n|-ability|p1b: Incineroar|Intimidate|boost\n|-unboost|p2a: Miraidon|atk|1\n|-unboost|p2b: Kyogre|atk|1\n|turn|1\n|c|\u2606Orionseas|Glhf\n|inactive|i hate calyrex has 30 seconds left.\n|inactive|Orionseas has 30 seconds left.\n|inactive|Orionseas has 20 seconds left.\n|\n|t:|1745951852\n|switch|p2b: Iron Hands|Iron Hands, L50|100/100\n|-activate|p2b: Iron Hands|ability: Quark Drive\n|-start|p2b: Iron Hands|quarkdriveatk\n|move|p2a: Miraidon|Volt Switch|p1b: Incineroar\n|-damage|p1b: Incineroar|20/100\n|\n|t:|1745951860\n|switch|p2a: Kyogre|Kyogre, L50|100/100|[from] Volt Switch\n|move|p1a: Terapagos|Calm Mind|p1a: Terapagos\n|-boost|p1a: Terapagos|spa|1\n|-boost|p1a: Terapagos|spd|1\n|move|p1b: Incineroar|Parting Shot|p2a: Kyogre\n|-unboost|p2a: Kyogre|atk|1\n|-unboost|p2a: Kyogre|spa|1\n|\n|t:|1745951864\n|switch|p1b: Koraidon|Koraidon, L50|100/100|[from] Parting Shot\n|-weather|SunnyDay|[from] ability: Orichalcum Pulse|[of] p1b: Koraidon\n|-activate|p1b: Koraidon|Orichalcum Pulse|[source]\n|\n|-weather|SunnyDay|[upkeep]\n|upkeep\n|turn|2\n|inactive|Orionseas has 30 seconds left.\n|\n|t:|1745951890\n|switch|p2a: Miraidon|Miraidon, L50|100/100\n|-activate|p2a: Miraidon|ability: Hadron Engine\n|switch|p1b: Incineroar|Incineroar, L50, M|20/100\n|-ability|p1b: Incineroar|Intimidate|boost\n|-unboost|p2a: Miraidon|atk|1\n|-unboost|p2b: Iron Hands|atk|1\n|move|p1a: Terapagos|Calm Mind|p1a: Terapagos\n|-boost|p1a: Terapagos|spa|1\n|-boost|p1a: Terapagos|spd|1\n|move|p2b: Iron Hands|Low Kick|p1b: Incineroar\n|-supereffective|p1b: Incineroar\n|-damage|p1b: Incineroar|0 fnt\n|-damage|p2b: Iron Hands|84/100|[from] item: Rocky Helmet|[of] p1b: Incineroar\n|faint|p1b: Incineroar\n|\n|-weather|SunnyDay|[upkeep]\n|upkeep\n|\n|t:|1745951903\n|switch|p1b: Flutter Mane|Flutter Mane, L50|100/100\n|-activate|p1b: Flutter Mane|ability: Protosynthesis\n|-start|p1b: Flutter Mane|protosynthesisspe\n|turn|3\n|inactive|Orionseas has 30 seconds left.\n|\n|t:|1745951933\n|-terastallize|p2a: Miraidon|Fairy\n|-terastallize|p1a: Terapagos|Stellar\n|detailschange|p1a: Terapagos|Terapagos-Stellar, L50, M, tera:Stellar\n|-heal|p1a: Terapagos|100/100|[silent]\n|-ability|p1a: Terapagos|Teraform Zero\n|-weather|none\n|-end|p1b: Flutter Mane|Protosynthesis\n|-fieldend|move: Electric Terrain\n|-end|p2b: Iron Hands|Quark Drive\n|move|p1b: Flutter Mane|Moonblast|p2b: Iron Hands\n|-supereffective|p2b: Iron Hands\n|-damage|p2b: Iron Hands|32/100\n|move|p2a: Miraidon|Dazzling Gleam|p1b: Flutter Mane|[spread] p1a,p1b\n|-damage|p1a: Terapagos|84/100\n|-damage|p1b: Flutter Mane|50/100\n|move|p1a: Terapagos|Tera Starstorm|p2b: Iron Hands|[spread] p2a,p2b\n|-supereffective|p2a: Miraidon\n|-damage|p2a: Miraidon|0 fnt\n|-damage|p2b: Iron Hands|0 fnt\n|faint|p2a: Miraidon\n|faint|p2b: Iron Hands\n|-end|p2b: Iron Hands|Quark Drive|[silent]\n|\n|-heal|p1a: Terapagos|90/100|[from] item: Leftovers\n|upkeep\n|\n|t:|1745951949\n|switch|p2a: Iron Valiant|Iron Valiant, L50|100/100\n|switch|p2b: Kyogre|Kyogre, L50|100/100\n|-weather|RainDance|[from] ability: Drizzle|[of] p2b: Kyogre\n|turn|4\n|inactive|Orionseas has 30 seconds left.\n|inactive|Orionseas has 20 seconds left.\n|inactive|Orionseas has 15 seconds left.\n|\n|t:|1745951996\n|switch|p1a: Koraidon|Koraidon, L50|100/100\n|-weather|SunnyDay|[from] ability: Orichalcum Pulse|[of] p1a: Koraidon\n|-activate|p1b: Flutter Mane|ability: Protosynthesis\n|-start|p1b: Flutter Mane|protosynthesisspe\n|-activate|p1a: Koraidon|Orichalcum Pulse|[source]\n|move|p1b: Flutter Mane|Moonblast|p2a: Iron Valiant\n|-supereffective|p2a: Iron Valiant\n|-crit|p2a: Iron Valiant\n|-enditem|p2a: Iron Valiant|Focus Sash\n|-damage|p2a: Iron Valiant|1/100\n|-unboost|p2a: Iron Valiant|spa|1\n|move|p2b: Kyogre|Ice Beam|p1b: Flutter Mane\n|-damage|p1b: Flutter Mane|10/100\n|move|p2a: Iron Valiant|Spirit Break|p1b: Flutter Mane\n|-damage|p1b: Flutter Mane|0 fnt\n|faint|p1b: Flutter Mane\n|-end|p1b: Flutter Mane|Protosynthesis|[silent]\n|\n|-weather|SunnyDay|[upkeep]\n|upkeep\n|\n|t:|1745952002\n|switch|p1b: Terapagos|Terapagos-Stellar, L50, M, tera:Stellar|90/100\n|turn|5\n|\n|t:|1745952017\n|move|p2a: Iron Valiant|Wide Guard|p2a: Iron Valiant\n|-singleturn|p2a: Iron Valiant|Wide Guard\n|move|p2b: Kyogre|Ice Beam|p1a: Koraidon\n|-supereffective|p1a: Koraidon\n|-damage|p1a: Koraidon|25/100\n|move|p1a: Koraidon|Close Combat|p2b: Kyogre\n|-damage|p2b: Kyogre|0 fnt\n|-unboost|p1a: Koraidon|def|1\n|-unboost|p1a: Koraidon|spd|1\n|faint|p2b: Kyogre\n|-damage|p1a: Koraidon|16/100|[from] item: Life Orb\n|move|p1b: Terapagos|Earth Power|p2a: Iron Valiant\n|-damage|p2a: Iron Valiant|0 fnt\n|faint|p2a: Iron Valiant\n|-end|p2a: Iron Valiant|Quark Drive|[silent]\n|\n|win|i hate calyrex\n", "uploadtime": 1745952022, "views": 20, "formatid": "gen9vgc2025regibo3", "rating": null, "private": 0, "password": null}