{"id": "gen9vgc2025regibo3-2354786680", "format": "[Gen 9] VGC 2025 Reg I (Bo3)", "players": ["mavvyvgc", "sarabiia"], "log": "|j|\u2606mavvyvgc\n|j|\u2606sarabiia\n|html|<table width=\"100%\"><tr><td align=\"left\">mavvyvgc</td><td align=\"right\">sarabiia</tr><tr><td align=\"left\"><i class=\"fa fa-circle-o\"></i> <i class=\"fa fa-circle-o\"></i> </td><td align=\"right\"><i class=\"fa fa-circle-o\"></i> <i class=\"fa fa-circle-o\"></i> </tr></table>\n|uhtml|bestof|<h2><strong>Game 1</strong> of <a href=\"/game-bestof3-gen9vgc2025regibo3-2354786679\">a best-of-3</a></h2>\n|t:|1746119684\n|gametype|doubles\n|player|p1|mavvyvgc|riley|1124\n|player|p2|sarabiia|lucas|1140\n|teamsize|p1|6\n|teamsize|p2|6\n|gen|9\n|tier|[Gen 9] VGC 2025 Reg I (Bo3)\n|rated|\n|rule|Species Clause: Limit one of each Pok\u00e9mon\n|rule|Item Clause: Limit 1 of each item\n|clearpoke\n|poke|p1|Calyrex-Shadow, L50|\n|poke|p1|Kyurem-White, L50|\n|poke|p1|Slowking, L50, F|\n|poke|p1|Tornadus, L50, M|\n|poke|p1|Rillaboom, L50, M|\n|poke|p1|Incineroar, L50, M|\n|poke|p2|Kyogre, L50|\n|poke|p2|Zacian-*, L50|\n|poke|p2|Rillaboom, L50, M|\n|poke|p2|Roaring Moon, L50|\n|poke|p2|Farigiraf, L50, M|\n|poke|p2|Raging Bolt, L50|\n|teampreview|4\n|showteam|p1|Calyrex-Shadow||FocusSash|AsOneSpectrier|DarkPulse,AstralBarrage,NastyPlot,Protect||||||50|,,,,,Dark]Kyurem-White||NeverMeltIce|Turboblaze|Protect,Blizzard,DragonPulse,FusionFlare||||||50|,,,,,Ground]Slowking||RockyHelmet|Oblivious|Psychic,TrickRoom,ChillyReception,HelpingHand|||F|||50|,,,,,Ground]Tornadus||CovertCloak|Prankster|Tailwind,BleakwindStorm,Protect,Snowscape|||M|||50|,,,,,Dark]Rillaboom||GrassySeed|GrassySurge|DrumBeating,Uturn,GrassyGlide,FakeOut|||M|||50|,,,,,Grass]Incineroar||AssaultVest|Intimidate|FakeOut,KnockOff,FlareBlitz,Uturn|||M|||50|,,,,,Fire\n|showteam|p2|Kyogre||Leftovers|Drizzle|OriginPulse,IceBeam,CalmMind,Protect||||||50|,,,,,Grass]Zacian-Crowned||RustedSword|IntrepidSword|behemothblade,PlayRough,TeraBlast,Protect||||||50|,,,,,Ground]Rillaboom||AssaultVest|GrassySurge|FakeOut,GrassyGlide,Uturn,WoodHammer|||M|||50|,,,,,Grass]Roaring Moon||BoosterEnergy|Protosynthesis|Acrobatics,Tailwind,KnockOff,Taunt||||||50|,,,,,Flying]Farigiraf||SitrusBerry|ArmorTail|FoulPlay,HelpingHand,PsychicNoise,TrickRoom|||M|||50|,,,,,Dark]Raging Bolt||LifeOrb|Protosynthesis|Thunderbolt,DracoMeteor,Thunderclap,Protect||||||50|,,,,,Electric\n|inactive|Battle timer is ON: inactive players will automatically lose when time's up. (requested by sarabiia)\n|inactive|mavvyvgc has 60 seconds left.\n|inactive|sarabiia has 60 seconds left.\n|\n|t:|1746119733\n|start\n|switch|p1a: Incineroar|Incineroar, L50, M|100/100\n|switch|p1b: Rillaboom|Rillaboom, L50, M|100/100\n|switch|p2a: Roaring Moon|Roaring Moon, L50|100/100\n|switch|p2b: Zacian|Zacian-Crowned, L50|100/100\n|-ability|p2b: Zacian|Intrepid Sword|boost\n|-boost|p2b: Zacian|atk|1\n|-fieldstart|move: Grassy Terrain|[from] ability: Grassy Surge|[of] p1b: Rillaboom\n|-enditem|p1b: Rillaboom|Grassy Seed\n|-boost|p1b: Rillaboom|def|1|[from] item: Grassy Seed\n|-ability|p1a: Incineroar|Intimidate|boost\n|-unboost|p2a: Roaring Moon|atk|1\n|-unboost|p2b: Zacian|atk|1\n|-enditem|p2a: Roaring Moon|Booster Energy\n|-activate|p2a: Roaring Moon|ability: Protosynthesis|[fromitem]\n|-start|p2a: Roaring Moon|protosynthesisspe\n|turn|1\n|\n|t:|1746119756\n|move|p2b: Zacian|Protect|p2b: Zacian\n|-singleturn|p2b: Zacian|Protect\n|move|p1b: Rillaboom|Fake Out|p2b: Zacian\n|-activate|p2b: Zacian|move: Protect\n|move|p1a: Incineroar|Fake Out|p2a: Roaring Moon\n|-damage|p2a: Roaring Moon|90/100\n|cant|p2a: Roaring Moon|flinch\n|\n|-heal|p2a: Roaring Moon|96/100|[from] Grassy Terrain\n|upkeep\n|turn|2\n|\n|t:|1746119776\n|switch|p2b: Kyogre|Kyogre, L50|100/100\n|-weather|RainDance|[from] ability: Drizzle|[of] p2b: Kyogre\n|-terastallize|p2a: Roaring Moon|Flying\n|move|p1b: Rillaboom|Grassy Glide|p2a: Roaring Moon\n|-resisted|p2a: Roaring Moon\n|-damage|p2a: Roaring Moon|74/100\n|move|p2a: Roaring Moon|Acrobatics|p1b: Rillaboom\n|-supereffective|p1b: Rillaboom\n|-damage|p1b: Rillaboom|56/100\n|move|p1a: Incineroar|Flare Blitz|p2b: Kyogre\n|-resisted|p2b: Kyogre\n|-crit|p2b: Kyogre\n|-damage|p2b: Kyogre|86/100\n|-damage|p1a: Incineroar|96/100|[from] Recoil\n|\n|-weather|RainDance|[upkeep]\n|-heal|p2b: Kyogre|92/100|[from] Grassy Terrain\n|-heal|p2b: Kyogre|98/100|[from] item: Leftovers\n|-heal|p1b: Rillaboom|62/100|[from] Grassy Terrain\n|-heal|p1a: Incineroar|100/100|[from] Grassy Terrain\n|upkeep\n|turn|3\n|inactive|mavvyvgc has 30 seconds left.\n|inactive|sarabiia has 30 seconds left.\n|inactive|mavvyvgc has 20 seconds left.\n|\n|t:|1746119812\n|move|p1b: Rillaboom|Grassy Glide|p2b: Kyogre\n|-supereffective|p2b: Kyogre\n|-damage|p2b: Kyogre|36/100\n|move|p2a: Roaring Moon|Knock Off|p1a: Incineroar\n|-resisted|p1a: Incineroar\n|-damage|p1a: Incineroar|90/100\n|-enditem|p1a: Incineroar|Assault Vest|[from] move: Knock Off|[of] p2a: Roaring Moon\n|move|p2b: Kyogre|Calm Mind|p2b: Kyogre\n|-boost|p2b: Kyogre|spa|1\n|-boost|p2b: Kyogre|spd|1\n|move|p1a: Incineroar|U-turn|p2a: Roaring Moon\n|-resisted|p2a: Roaring Moon\n|-damage|p2a: Roaring Moon|65/100\n|\n|t:|1746119827\n|switch|p1a: Calyrex|Calyrex-Shadow, L50|100/100|[from] U-turn\n|-ability|p1a: Calyrex|As One\n|-ability|p1a: Calyrex|Unnerve\n|\n|-weather|RainDance|[upkeep]\n|-heal|p2b: Kyogre|42/100|[from] Grassy Terrain\n|-heal|p2b: Kyogre|48/100|[from] item: Leftovers\n|-heal|p1b: Rillaboom|68/100|[from] Grassy Terrain\n|upkeep\n|turn|4\n|\n|t:|1746119841\n|move|p2b: Kyogre|Protect|p2b: Kyogre\n|-singleturn|p2b: Kyogre|Protect\n|move|p1b: Rillaboom|Grassy Glide|p2b: Kyogre\n|-activate|p2b: Kyogre|move: Protect\n|move|p2a: Roaring Moon|Knock Off|p1a: Calyrex\n|-supereffective|p1a: Calyrex\n|-enditem|p1a: Calyrex|Focus Sash\n|-damage|p1a: Calyrex|1/100\n|move|p1a: Calyrex|Astral Barrage|p2a: Roaring Moon|[spread] p2a\n|-activate|p2b: Kyogre|move: Protect\n|-damage|p2a: Roaring Moon|18/100\n|\n|-weather|RainDance|[upkeep]\n|-heal|p1a: Calyrex|7/100|[from] Grassy Terrain\n|-heal|p2b: Kyogre|55/100|[from] Grassy Terrain\n|-heal|p2b: Kyogre|61/100|[from] item: Leftovers\n|-heal|p1b: Rillaboom|73/100|[from] Grassy Terrain\n|upkeep\n|turn|5\n|inactive|sarabiia has 30 seconds left.\n|\n|t:|1746119871\n|switch|p2b: Zacian|Zacian-Crowned, L50|100/100\n|move|p1a: Calyrex|Protect|p1a: Calyrex\n|-singleturn|p1a: Calyrex|Protect\n|move|p1b: Rillaboom|Grassy Glide|p2b: Zacian\n|-resisted|p2b: Zacian\n|-damage|p2b: Zacian|83/100\n|move|p2a: Roaring Moon|Knock Off|p1a: Calyrex\n|-activate|p1a: Calyrex|move: Protect\n|\n|-weather|RainDance|[upkeep]\n|-heal|p1a: Calyrex|12/100|[from] Grassy Terrain\n|-heal|p2b: Zacian|90/100|[from] Grassy Terrain\n|-heal|p1b: Rillaboom|79/100|[from] Grassy Terrain\n|-fieldend|move: Grassy Terrain\n|upkeep\n|turn|6\n|inactive|mavvyvgc has 30 seconds left.\n|\n|t:|1746119904\n|switch|p1a: Incineroar|Incineroar, L50, M|90/100\n|-ability|p1a: Incineroar|Intimidate|boost\n|-unboost|p2a: Roaring Moon|atk|1\n|-unboost|p2b: Zacian|atk|1\n|move|p2a: Roaring Moon|Knock Off|p1a: Incineroar\n|-resisted|p1a: Incineroar\n|-damage|p1a: Incineroar|84/100\n|move|p2b: Zacian|Behemoth Blade|p1b: Rillaboom\n|-damage|p1b: Rillaboom|55/100\n|move|p1b: Rillaboom|Drum Beating|p2a: Roaring Moon\n|-resisted|p2a: Roaring Moon\n|-damage|p2a: Roaring Moon|0 fnt\n|faint|p2a: Roaring Moon\n|-end|p2a: Roaring Moon|Protosynthesis|[silent]\n|\n|-weather|none\n|upkeep\n|\n|t:|1746119915\n|switch|p2a: Kyogre|Kyogre, L50|61/100\n|-weather|RainDance|[from] ability: Drizzle|[of] p2a: Kyogre\n|turn|7\n|\n|t:|1746119940\n|move|p2a: Kyogre|Protect|p2a: Kyogre\n|-singleturn|p2a: Kyogre|Protect\n|move|p1a: Incineroar|Fake Out|p2b: Zacian\n|-resisted|p2b: Zacian\n|-damage|p2b: Zacian|85/100\n|cant|p2b: Zacian|flinch\n|move|p1b: Rillaboom|Drum Beating|p2a: Kyogre\n|-activate|p2a: Kyogre|move: Protect\n|\n|-weather|RainDance|[upkeep]\n|-heal|p2a: Kyogre|67/100|[from] item: Leftovers\n|upkeep\n|turn|8\n|\n|t:|1746119961\n|switch|p2b: Rillaboom|Rillaboom, L50, M|100/100\n|-fieldstart|move: Grassy Terrain|[from] ability: Grassy Surge|[of] p2b: Rillaboom\n|move|p2a: Kyogre|Ice Beam|p1b: Rillaboom\n|-supereffective|p1b: Rillaboom\n|-damage|p1b: Rillaboom|0 fnt\n|faint|p1b: Rillaboom\n|move|p1a: Incineroar|Flare Blitz|p2b: Rillaboom\n|-supereffective|p2b: Rillaboom\n|-damage|p2b: Rillaboom|59/100\n|-damage|p1a: Incineroar|71/100|[from] Recoil\n|\n|-weather|RainDance|[upkeep]\n|-heal|p2a: Kyogre|73/100|[from] Grassy Terrain\n|-heal|p2a: Kyogre|80/100|[from] item: Leftovers\n|-heal|p2b: Rillaboom|65/100|[from] Grassy Terrain\n|-heal|p1a: Incineroar|77/100|[from] Grassy Terrain\n|upkeep\n|\n|t:|1746119979\n|switch|p1b: Calyrex|Calyrex-Shadow, L50|12/100\n|-ability|p1b: Calyrex|As One\n|-ability|p1b: Calyrex|Unnerve\n|turn|9\n|\n|t:|1746119989\n|move|p2b: Rillaboom|Grassy Glide|p1b: Calyrex\n|-damage|p1b: Calyrex|0 fnt\n|faint|p1b: Calyrex\n|move|p2a: Kyogre|Origin Pulse|p1a: Incineroar|[miss]\n|-miss|p2a: Kyogre|p1a: Incineroar\n|move|p1a: Incineroar|U-turn|p2a: Kyogre\n|-damage|p2a: Kyogre|61/100\n|\n|t:|1746119997\n|switch|p1a: Kyurem|Kyurem-White, L50|100/100|[from] U-turn\n|-ability|p1a: Kyurem|Turboblaze\n|\n|-weather|RainDance|[upkeep]\n|-heal|p2a: Kyogre|68/100|[from] Grassy Terrain\n|-heal|p2a: Kyogre|74/100|[from] item: Leftovers\n|-heal|p2b: Rillaboom|71/100|[from] Grassy Terrain\n|upkeep\n|\n|t:|1746120006\n|switch|p1b: Incineroar|Incineroar, L50, M|77/100\n|-ability|p1b: Incineroar|Intimidate|boost\n|-unboost|p2a: Kyogre|atk|1\n|-unboost|p2b: Rillaboom|atk|1\n|turn|10\n|inactive|mavvyvgc has 30 seconds left.\n|\n|t:|1746120036\n|move|p2a: Kyogre|Protect|p2a: Kyogre\n|-singleturn|p2a: Kyogre|Protect\n|move|p1a: Kyurem|Blizzard|p2b: Rillaboom|[spread] p2b\n|-activate|p2a: Kyogre|move: Protect\n|-supereffective|p2b: Rillaboom\n|-damage|p2b: Rillaboom|0 fnt\n|faint|p2b: Rillaboom\n|move|p1b: Incineroar|Knock Off|p2a: Kyogre\n|-activate|p2a: Kyogre|move: Protect\n|\n|-weather|RainDance|[upkeep]\n|-heal|p2a: Kyogre|80/100|[from] Grassy Terrain\n|-heal|p2a: Kyogre|86/100|[from] item: Leftovers\n|-heal|p1b: Incineroar|83/100|[from] Grassy Terrain\n|upkeep\n|\n|t:|1746120046\n|switch|p2b: Zacian|Zacian-Crowned, L50|85/100\n|turn|11\n|\n|t:|1746120071\n|move|p1a: Kyurem|Protect|p1a: Kyurem\n|-singleturn|p1a: Kyurem|Protect\n|move|p2b: Zacian|Behemoth Blade|p1a: Kyurem\n|-activate|p1a: Kyurem|move: Protect\n|move|p2a: Kyogre|Ice Beam|p1a: Kyurem\n|-activate|p1a: Kyurem|move: Protect\n|move|p1b: Incineroar|Knock Off|p2a: Kyogre\n|-damage|p2a: Kyogre|52/100\n|-enditem|p2a: Kyogre|Leftovers|[from] move: Knock Off|[of] p1b: Incineroar\n|\n|-weather|none\n|-heal|p2b: Zacian|91/100|[from] Grassy Terrain\n|-heal|p2a: Kyogre|58/100|[from] Grassy Terrain\n|-heal|p1b: Incineroar|89/100|[from] Grassy Terrain\n|upkeep\n|turn|12\n|inactive|mavvyvgc has 30 seconds left.\n|\n|t:|1746120099\n|move|p2b: Zacian|Behemoth Blade|p1a: Kyurem\n|-supereffective|p1a: Kyurem\n|-damage|p1a: Kyurem|0 fnt\n|faint|p1a: Kyurem\n|move|p2a: Kyogre|Origin Pulse|p1b: Incineroar\n|-supereffective|p1b: Incineroar\n|-damage|p1b: Incineroar|0 fnt\n|faint|p1b: Incineroar\n|\n|win|sarabiia\n||sarabiia is ready for game 2.\n|inactive|mavvyvgc has 30 seconds to confirm battle start!\n|inactive|mavvyvgc has 20 seconds to confirm battle start!\n||mavvyvgc is ready for game 2.\n|uhtml|next|Next: <a href=\"/battle-gen9vgc2025regibo3-2354791715\"><strong>Game 2 of 3</strong></a>\n|l|\u2606sarabiia\n|player|p2|\n", "uploadtime": 1746120336, "views": 9, "formatid": "gen9vgc2025regibo3", "rating": null, "private": 0, "password": null}