{"id": "gen9vgc2025regibo3-2353891109", "format": "[Gen 9] VGC 2025 Reg I (Bo3)", "players": ["Metallicmadness", "good kid 00"], "log": "|j|\u2606Metallicmadness\n|j|\u2606good kid 00\n|html|<table width=\"100%\"><tr><td align=\"left\">Metallicmadness</td><td align=\"right\">good kid 00</tr><tr><td align=\"left\"><i class=\"fa fa-circle-o\"></i> <i class=\"fa fa-circle-o\"></i> </td><td align=\"right\"><i class=\"fa fa-circle-o\"></i> <i class=\"fa fa-circle\"></i> </tr></table>\n|uhtml|bestof|<h2><strong>Game 2</strong> of <a href=\"/game-bestof3-gen9vgc2025regibo3-2353889830\">a best-of-3</a></h2>\n|t:|1746015608\n|gametype|doubles\n|player|p1|Metallicmadness|byron|1263\n|player|p2|good kid 00|giovanni|1356\n|teamsize|p1|6\n|teamsize|p2|6\n|gen|9\n|tier|[Gen 9] VGC 2025 Reg I (Bo3)\n|rated|\n|rule|Species Clause: Limit one of each Pok\u00e9mon\n|rule|Item Clause: Limit 1 of each item\n|clearpoke\n|poke|p1|Koraidon, L50|\n|poke|p1|Weezing-Galar, L50, M|\n|poke|p1|Chi-Yu, L50|\n|poke|p1|Calyrex-Shadow, L50|\n|poke|p1|Dondozo, L50, M|\n|poke|p1|Tatsugiri, L50, F|\n|poke|p2|Miraidon, L50|\n|poke|p2|Ho-Oh, L50|\n|poke|p2|Urshifu-*, L50, F|\n|poke|p2|Iron Hands, L50|\n|poke|p2|Iron Treads, L50|\n|poke|p2|Farigiraf, L50, M|\n|teampreview|4\n|showteam|p1|Koraidon||AbilityShield|OrichalcumPulse|CollisionCourse,FlareBlitz,DragonClaw,Protect||||||50|,,,,,Fire]Weezing-Galar||CovertCloak|NeutralizingGas|ToxicSpikes,Protect,Taunt,StrangeSteam|||M|||50|,,,,,Dark]Chi-Yu||ChoiceScarf|BeadsofRuin|Overheat,HeatWave,Snarl,DarkPulse||||||50|,,,,,Fire]Calyrex-Shadow||LifeOrb|AsOneSpectrier|AstralBarrage,Psychic,NastyPlot,Protect||||||50|,,,,,Water]Dondozo||Leftovers|Unaware|OrderUp,Protect,Earthquake,WaveCrash|||M|||50|,,,,,Grass]Tatsugiri||FocusSash|Commander|MuddyWater,Protect,DracoMeteor,IcyWind|||F|||50|,,,,,Dragon\n|showteam|p2|Miraidon||ChoiceSpecs|HadronEngine|ElectroDrift,VoltSwitch,DracoMeteor,DazzlingGleam||||||50|,,,,,Fairy]Ho-Oh||ClearAmulet|Regenerator|SacredFire,BraveBird,Tailwind,Protect||||||50|,,,,,Grass]Urshifu||FocusSash|UnseenFist|WickedBlow,SuckerPunch,CloseCombat,Detect|||F|||50|,,,,,Dark]Iron Hands||AssaultVest|QuarkDrive|DrainPunch,LowKick,HeavySlam,FakeOut||||||50|,,,,,Poison]Iron Treads||ChoiceBand|QuarkDrive|HighHorsepower,IronHead,SteelRoller,RockSlide||||||50|,,,,,Ghost]Farigiraf||ElectricSeed|ArmorTail|Psychic,Roar,TrickRoom,HelpingHand|||M|||50|,,,,,Water\n|inactive|Battle timer is ON: inactive players will automatically lose when time's up. (requested by good kid 00)\n|inactive|Metallicmadness also wants the timer to be on.\n|inactive|Metallicmadness has 60 seconds left.\n|inactive|Metallicmadness has 30 seconds left.\n|\n|t:|1746015672\n|start\n|switch|p1a: Weezing|Weezing-Galar, L50, M|100/100\n|switch|p1b: Calyrex|Calyrex-Shadow, L50|100/100\n|switch|p2a: Ho-Oh|Ho-Oh, L50|100/100\n|switch|p2b: Iron Hands|Iron Hands, L50|100/100\n|-ability|p1a: Weezing|Neutralizing Gas\n|-ability|p1b: Calyrex|As One\n|-ability|p1b: Calyrex|Unnerve\n|turn|1\n|\n|t:|1746015696\n|move|p1b: Calyrex|Protect|p1b: Calyrex\n|-singleturn|p1b: Calyrex|Protect\n|move|p2b: Iron Hands|Fake Out|p1a: Weezing\n|-damage|p1a: Weezing|87/100\n|move|p2a: Ho-Oh|Sacred Fire|p1b: Calyrex\n|-activate|p1b: Calyrex|move: Protect\n|move|p1a: Weezing|Toxic Spikes|p2b: Iron Hands\n|-sidestart|p2: good kid 00|move: Toxic Spikes\n|\n|upkeep\n|turn|2\n|\n|t:|1746015713\n|move|p1b: Calyrex|Psychic|p2b: Iron Hands\n|-supereffective|p2b: Iron Hands\n|-damage|p2b: Iron Hands|29/100\n|-damage|p1b: Calyrex|91/100|[from] item: Life Orb\n|move|p2a: Ho-Oh|Sacred Fire|p1b: Calyrex\n|-damage|p1b: Calyrex|34/100\n|move|p1a: Weezing|Strange Steam|p2b: Iron Hands\n|-supereffective|p2b: Iron Hands\n|-damage|p2b: Iron Hands|0 fnt\n|faint|p2b: Iron Hands\n|-end|p2b: Iron Hands|Quark Drive|[silent]\n|\n|upkeep\n|\n|t:|1746015732\n|switch|p2b: Urshifu|Urshifu, L50, F|100/100\n|-status|p2b: Urshifu|psn\n|turn|3\n|\n|t:|1746015739\n|move|p1b: Calyrex|Protect|p1b: Calyrex\n|-singleturn|p1b: Calyrex|Protect\n|move|p2b: Urshifu|Detect|p2b: Urshifu\n|-singleturn|p2b: Urshifu|Protect\n|move|p2a: Ho-Oh|Tailwind|p2a: Ho-Oh\n|-sidestart|p2: good kid 00|move: Tailwind\n|move|p1a: Weezing|Strange Steam|p2b: Urshifu\n|-activate|p2b: Urshifu|move: Protect\n|\n|-damage|p2b: Urshifu|88/100 psn|[from] psn\n|upkeep\n|turn|4\n|\n|t:|1746015758\n|-terastallize|p2b: Urshifu|Dark\n|move|p2b: Urshifu|Wicked Blow|p1a: Weezing\n|-resisted|p1a: Weezing\n|-crit|p1a: Weezing\n|-damage|p1a: Weezing|50/100\n|move|p2a: Ho-Oh|Brave Bird|p1a: Weezing\n|-damage|p1a: Weezing|0 fnt\n|faint|p1a: Weezing\n|-end|p1a: Weezing|ability: Neutralizing Gas\n|-damage|p2a: Ho-Oh|87/100|[from] Recoil\n|move|p1b: Calyrex|Psychic|p2a: Ho-Oh\n|-damage|p2a: Ho-Oh|48/100\n|-damage|p1b: Calyrex|24/100|[from] item: Life Orb\n|\n|-damage|p2b: Urshifu|75/100 psn|[from] psn\n|upkeep\n|\n|t:|1746015772\n|switch|p1a: Dondozo|Dondozo, L50, M|100/100\n|turn|5\n|\n|t:|1746015782\n|move|p1a: Dondozo|Protect|p1a: Dondozo\n|-singleturn|p1a: Dondozo|Protect\n|move|p2b: Urshifu|Wicked Blow|p1b: Calyrex\n|-supereffective|p1b: Calyrex\n|-crit|p1b: Calyrex\n|-damage|p1b: Calyrex|0 fnt\n|faint|p1b: Calyrex\n|move|p2a: Ho-Oh|Sacred Fire|p1a: Dondozo\n|-activate|p1a: Dondozo|move: Protect\n|\n|-damage|p2b: Urshifu|63/100 psn|[from] psn\n|upkeep\n|\n|t:|1746015788\n|switch|p1b: Tatsugiri|Tatsugiri, L50, F|100/100\n|-activate|p1b: Tatsugiri|ability: Commander|[of] p1a: Dondozo\n|-boost|p1a: Dondozo|atk|2\n|-boost|p1a: Dondozo|spa|2\n|-boost|p1a: Dondozo|spe|2\n|-boost|p1a: Dondozo|def|2\n|-boost|p1a: Dondozo|spd|2\n|turn|6\n|\n|t:|1746015794\n|move|p2b: Urshifu|Wicked Blow|p1a: Dondozo\n|-crit|p1a: Dondozo\n|-damage|p1a: Dondozo|42/100\n|move|p2a: Ho-Oh|Sacred Fire|p1a: Dondozo\n|-resisted|p1a: Dondozo\n|-damage|p1a: Dondozo|34/100\n|-status|p1a: Dondozo|brn\n|move|p1a: Dondozo|Order Up|p2b: Urshifu\n|-damage|p2b: Urshifu|43/100 psn\n|-boost|p1a: Dondozo|atk|1\n|\n|-heal|p1a: Dondozo|40/100 brn|[from] item: Leftovers\n|-damage|p2b: Urshifu|30/100 psn|[from] psn\n|-damage|p1a: Dondozo|34/100 brn|[from] brn\n|-sideend|p2: good kid 00|move: Tailwind\n|upkeep\n|turn|7\n|\n|t:|1746015806\n|move|p1a: Dondozo|Wave Crash|p2b: Urshifu\n|-damage|p2b: Urshifu|0 fnt\n|faint|p2b: Urshifu\n|-damage|p1a: Dondozo|26/100 brn|[from] Recoil\n|move|p2a: Ho-Oh|Brave Bird|p1b: Tatsugiri|[miss]\n|-miss|p2a: Ho-Oh|p1b: Tatsugiri\n|\n|-heal|p1a: Dondozo|33/100 brn|[from] item: Leftovers\n|-damage|p1a: Dondozo|26/100 brn|[from] brn\n|upkeep\n|\n|t:|1746015809\n|switch|p2b: Miraidon|Miraidon, L50|100/100\n|-status|p2b: Miraidon|psn\n|-fieldstart|move: Electric Terrain|[from] ability: Hadron Engine|[of] p2b: Miraidon\n|turn|8\n|\n|t:|1746015821\n|move|p1a: Dondozo|Protect|p1a: Dondozo\n|-singleturn|p1a: Dondozo|Protect\n|move|p2b: Miraidon|Draco Meteor|p1a: Dondozo\n|-activate|p1a: Dondozo|move: Protect\n|move|p2a: Ho-Oh|Tailwind|p2a: Ho-Oh\n|-sidestart|p2: good kid 00|move: Tailwind\n|\n|-heal|p1a: Dondozo|33/100 brn|[from] item: Leftovers\n|-damage|p2b: Miraidon|88/100 psn|[from] psn\n|-damage|p1a: Dondozo|26/100 brn|[from] brn\n|upkeep\n|turn|9\n|\n|t:|1746015825\n|move|p1a: Dondozo|Protect||[still]\n|-fail|p1a: Dondozo\n|move|p2b: Miraidon|Draco Meteor|p1a: Dondozo\n|-damage|p1a: Dondozo|0 fnt\n|-unboost|p2b: Miraidon|spa|2\n|faint|p1a: Dondozo\n|move|p2a: Ho-Oh|Brave Bird|p1b: Tatsugiri\n|-crit|p1b: Tatsugiri\n|-enditem|p1b: Tatsugiri|Focus Sash\n|-damage|p1b: Tatsugiri|1/100\n|-damage|p2a: Ho-Oh|26/100|[from] Recoil\n|\n|-damage|p2b: Miraidon|76/100 psn|[from] psn\n|upkeep\n|turn|10\n|-message|Metallicmadness forfeited.\n|raw|Metallicmadness's rating: 1263 &rarr; <strong>1245</strong><br />(-18 for losing)\n|raw|good kid 00's rating: 1356 &rarr; <strong>1371</strong><br />(+15 for winning)\n|\n|win|good kid 00\n", "uploadtime": 1746015832, "views": 19, "formatid": "gen9vgc2025regibo3", "rating": 1245, "private": 0, "password": null}