{"id": "gen9vgc2025regibo3-2355108299", "format": "[Gen 9] VGC 2025 Reg I (Bo3)", "players": ["Blackout6868", "JasonsPants"], "log": "|j|\u2606Blackout6868\n|j|\u2606JasonsPants\n|html|<table width=\"100%\"><tr><td align=\"left\">Blackout6868</td><td align=\"right\">JasonsPants</tr><tr><td align=\"left\"><i class=\"fa fa-circle-o\"></i> <i class=\"fa fa-circle-o\"></i> </td><td align=\"right\"><i class=\"fa fa-circle-o\"></i> <i class=\"fa fa-circle-o\"></i> </tr></table>\n|uhtml|bestof|<h2><strong>Game 1</strong> of <a href=\"/game-bestof3-gen9vgc2025regibo3-2355108298\">a best-of-3</a></h2>\n|t:|1746153505\n|gametype|doubles\n|player|p1|Blackout6868|cynthia|1104\n|player|p2|JasonsPants|chuck|1270\n|teamsize|p1|6\n|teamsize|p2|6\n|gen|9\n|tier|[Gen 9] VGC 2025 Reg I (Bo3)\n|rated|\n|rule|Species Clause: Limit one of each Pok\u00e9mon\n|rule|Item Clause: Limit 1 of each item\n|clearpoke\n|poke|p1|Calyrex-Shadow, L50|\n|poke|p1|Tornadus, L50, M|\n|poke|p1|Urshifu-*, L50, F|\n|poke|p1|Zamazenta-*, L50|\n|poke|p1|Raging Bolt, L50|\n|poke|p1|Rillaboom, L50, F|\n|poke|p2|Sinistcha, L50|\n|poke|p2|Grimmsnarl, L50, M|\n|poke|p2|Incineroar, L50, M|\n|poke|p2|Ho-Oh, L50|\n|poke|p2|Miraidon, L50|\n|poke|p2|Rillaboom, L50, F|\n|teampreview|4\n|showteam|p1|Calyrex-Shadow||FocusSash|AsOneSpectrier|AstralBarrage,Psychic,NastyPlot,Protect||||||50|,,,,,Dark]Tornadus||CovertCloak|Prankster|Tailwind,RainDance,BleakwindStorm,ScaryFace|||M|||50|,,,,,Dark]Urshifu-Rapid-Strike||ChoiceScarf|UnseenFist|AquaJet,SurgingStrikes,CloseCombat,Uturn|||F|||50|,,,,,Water]Zamazenta-Crowned||RustedShield|DauntlessShield|BodyPress,HeavySlam,Protect,WideGuard||||||50|,,,,,Dragon]Raging Bolt||BoosterEnergy|Protosynthesis|Thunderclap,DracoMeteor,Protect,Thunderbolt||||||50|,,,,,Fairy]Rillaboom||AssaultVest|GrassySurge|GrassyGlide,WoodHammer,HighHorsepower,FakeOut|||F|||50|,,,,,Fire\n|showteam|p2|Sinistcha||SitrusBerry|Hospitality|LifeDew,TrickRoom,MatchaGotcha,RagePowder||||||50|,,,,,Water]Grimmsnarl||LightClay|Prankster|ThunderWave,FoulPlay,Reflect,LightScreen|||M|||50|,,,,,Ghost]Incineroar||RockyHelmet|Intimidate|FakeOut,KnockOff,PartingShot,Taunt|||M|||50|,,,,,Bug]Ho-Oh||Leftovers|Regenerator|BraveBird,Tailwind,SacredFire,Protect||||||50|,,,,,Grass]Miraidon||CovertCloak|HadronEngine|ElectroDrift,DazzlingGleam,Protect,CalmMind||||||50|,,,,,Fairy]Rillaboom||AssaultVest|GrassySurge|GrassyGlide,Uturn,WoodHammer,FakeOut|||F|||50|,,,,,Fire\n|inactive|Battle timer is ON: inactive players will automatically lose when time's up. (requested by Blackout6868)\n|inactive|Blackout6868 has 60 seconds left.\n|\n|t:|1746153551\n|start\n|switch|p1a: Tornadus|Tornadus, L50, M|100/100\n|switch|p1b: Raging Bolt|Raging Bolt, L50|100/100\n|switch|p2a: Miraidon|Miraidon, L50|100/100\n|switch|p2b: Grimmsnarl|Grimmsnarl, L50, M|100/100\n|-fieldstart|move: Electric Terrain|[from] ability: Hadron Engine|[of] p2a: Miraidon\n|-enditem|p1b: Raging Bolt|Booster Energy\n|-activate|p1b: Raging Bolt|ability: Protosynthesis|[fromitem]\n|-start|p1b: Raging Bolt|protosynthesisspa\n|turn|1\n|\n|t:|1746153571\n|move|p2a: Miraidon|Protect|p2a: Miraidon\n|-singleturn|p2a: Miraidon|Protect\n|move|p1b: Raging Bolt|Protect|p1b: Raging Bolt\n|-singleturn|p1b: Raging Bolt|Protect\n|move|p1a: Tornadus|Tailwind|p1a: Tornadus\n|-sidestart|p1: Blackout6868|move: Tailwind\n|move|p2b: Grimmsnarl|Light Screen|p2b: Grimmsnarl\n|-sidestart|p2: JasonsPants|move: Light Screen\n|\n|upkeep\n|turn|2\n|inactive|JasonsPants has 30 seconds left.\n|\n|t:|1746153604\n|-terastallize|p2a: Miraidon|Fairy\n|move|p1a: Tornadus|Bleakwind Storm|p2b: Grimmsnarl|[spread] p2a,p2b\n|-damage|p2a: Miraidon|82/100\n|-damage|p2b: Grimmsnarl|78/100\n|move|p1b: Raging Bolt|Thunderbolt|p2a: Miraidon\n|-damage|p2a: Miraidon|42/100\n|move|p2a: Miraidon|Calm Mind|p2a: Miraidon\n|-boost|p2a: Miraidon|spa|1\n|-boost|p2a: Miraidon|spd|1\n|move|p2b: Grimmsnarl|Foul Play|p1a: Tornadus\n|-damage|p1a: Tornadus|60/100\n|\n|upkeep\n|turn|3\n|\n|t:|1746153628\n|move|p2a: Miraidon|Protect|p2a: Miraidon\n|-singleturn|p2a: Miraidon|Protect\n|move|p2b: Grimmsnarl|Thunder Wave|p1a: Tornadus\n|-status|p1a: Tornadus|par\n|move|p1b: Raging Bolt|Thunderbolt|p2a: Miraidon\n|-activate|p2a: Miraidon|move: Protect\n|cant|p1a: Tornadus|par\n|\n|upkeep\n|turn|4\n|\n|t:|1746153637\n|switch|p2b: Sinistcha|Sinistcha, L50|100/100\n|-heal|p2a: Miraidon|67/100|[from] ability: Hospitality|[of] p2b: Sinistcha\n|move|p1b: Raging Bolt|Thunderbolt|p2a: Miraidon\n|-damage|p2a: Miraidon|37/100\n|move|p1a: Tornadus|Bleakwind Storm|p2a: Miraidon|[spread] p2b\n|-miss|p1a: Tornadus|p2a: Miraidon\n|-supereffective|p2b: Sinistcha\n|-damage|p2b: Sinistcha|58/100\n|move|p2a: Miraidon|Dazzling Gleam|p1b: Raging Bolt|[spread] p1a,p1b\n|-supereffective|p1b: Raging Bolt\n|-damage|p1a: Tornadus|0 fnt\n|-damage|p1b: Raging Bolt|0 fnt\n|faint|p1a: Tornadus\n|faint|p1b: Raging Bolt\n|-end|p1b: Raging Bolt|Protosynthesis|[silent]\n|\n|-sideend|p1: Blackout6868|move: Tailwind\n|upkeep\n|\n|t:|1746153650\n|switch|p1a: Zamazenta|Zamazenta-Crowned, L50|100/100\n|switch|p1b: Calyrex|Calyrex-Shadow, L50|100/100\n|-ability|p1b: Calyrex|As One\n|-ability|p1b: Calyrex|Unnerve\n|-ability|p1a: Zamazenta|Dauntless Shield|boost\n|-boost|p1a: Zamazenta|def|1\n|turn|5\n|\n|t:|1746153670\n|move|p2a: Miraidon|Protect|p2a: Miraidon\n|-singleturn|p2a: Miraidon|Protect\n|move|p1a: Zamazenta|Wide Guard|p1a: Zamazenta\n|-singleturn|p1a: Zamazenta|Wide Guard\n|move|p1b: Calyrex|Astral Barrage|p2a: Miraidon|[spread] p2b\n|-activate|p2a: Miraidon|move: Protect\n|-supereffective|p2b: Sinistcha\n|-damage|p2b: Sinistcha|0 fnt\n|faint|p2b: Sinistcha\n|-ability|p1b: Calyrex|Grim Neigh|boost\n|-boost|p1b: Calyrex|spa|1\n|\n|-fieldend|move: Electric Terrain\n|upkeep\n|\n|t:|1746153676\n|switch|p2b: Incineroar|Incineroar, L50, M|100/100\n|-ability|p2b: Incineroar|Intimidate|boost\n|-unboost|p1a: Zamazenta|atk|1\n|-unboost|p1b: Calyrex|atk|1\n|turn|6\n|\n|t:|1746153696\n|move|p1b: Calyrex|Protect|p1b: Calyrex\n|-singleturn|p1b: Calyrex|Protect\n|move|p1a: Zamazenta|Protect||[still]\n|-fail|p1a: Zamazenta\n|move|p2b: Incineroar|Fake Out|p1a: Zamazenta\n|-resisted|p1a: Zamazenta\n|-damage|p1a: Zamazenta|98/100\n|move|p2a: Miraidon|Electro Drift|p1a: Zamazenta\n|-damage|p1a: Zamazenta|46/100\n|\n|upkeep\n|turn|7\n|\n|t:|1746153720\n|-terastallize|p1a: Zamazenta|Dragon\n|move|p1b: Calyrex|Astral Barrage|p2a: Miraidon|[spread] p2a,p2b\n|-resisted|p2b: Incineroar\n|-damage|p2a: Miraidon|11/100\n|-damage|p2b: Incineroar|78/100\n|move|p1a: Zamazenta|Body Press|p2b: Incineroar\n|-supereffective|p2b: Incineroar\n|-damage|p2b: Incineroar|0 fnt\n|-damage|p1a: Zamazenta|29/100|[from] item: Rocky Helmet|[of] p2b: Incineroar\n|faint|p2b: Incineroar\n|move|p2a: Miraidon|Electro Drift|p1a: Zamazenta\n|-resisted|p1a: Zamazenta\n|-damage|p1a: Zamazenta|2/100\n|\n|upkeep\n|\n|t:|1746153724\n|switch|p2b: Grimmsnarl|Grimmsnarl, L50, M|78/100\n|turn|8\n|inactive|JasonsPants has 30 seconds left.\n|\n|t:|1746153753\n|move|p2b: Grimmsnarl|Thunder Wave|p1b: Calyrex\n|-status|p1b: Calyrex|par\n|move|p1a: Zamazenta|Body Press|p2b: Grimmsnarl\n|-damage|p2b: Grimmsnarl|21/100\n|move|p2a: Miraidon|Electro Drift|p1b: Calyrex\n|-damage|p1b: Calyrex|17/100 par\n|move|p1b: Calyrex|Astral Barrage|p2b: Grimmsnarl|[spread] p2a,p2b\n|-resisted|p2b: Grimmsnarl\n|-damage|p2a: Miraidon|0 fnt\n|-damage|p2b: Grimmsnarl|0 fnt\n|faint|p2a: Miraidon\n|faint|p2b: Grimmsnarl\n|\n|win|Blackout6868\n||JasonsPants is ready for game 2.\n|inactive|Blackout6868 has 30 seconds to confirm battle start!\n||Blackout6868 is ready for game 2.\n|uhtml|next|Next: <a href=\"/battle-gen9vgc2025regibo3-2355110412\"><strong>Game 2 of 3</strong></a>\n", "uploadtime": 1746154025, "views": 4, "formatid": "gen9vgc2025regibo3", "rating": null, "private": 0, "password": null}