{"id": "gen9vgc2025regibo3-2354417909", "format": "[Gen 9] VGC 2025 Reg I (Bo3)", "players": ["Mona Aster", "ginsu89"], "log": "|j|\u2606Mona Aster\n|j|\u2606ginsu89\n|html|<table width=\"100%\"><tr><td align=\"left\">Mona Aster</td><td align=\"right\">ginsu89</tr><tr><td align=\"left\"><i class=\"fa fa-circle\"></i> <i class=\"fa fa-circle-o\"></i> </td><td align=\"right\"><i class=\"fa fa-circle-o\"></i> <i class=\"fa fa-circle\"></i> </tr></table>\n|uhtml|bestof|<h2><strong>Game 3</strong> of <a href=\"/game-bestof3-gen9vgc2025regibo3-2354412256\">a best-of-3</a></h2>\n|t:|1746068931\n|gametype|doubles\n|player|p1|Mona Aster|265|1116\n|player|p2|ginsu89|102|1059\n|teamsize|p1|6\n|teamsize|p2|6\n|gen|9\n|tier|[Gen 9] VGC 2025 Reg I (Bo3)\n|rated|\n|rule|Species Clause: Limit one of each Pok\u00e9mon\n|rule|Item Clause: Limit 1 of each item\n|clearpoke\n|poke|p1|Lunala, L50|\n|poke|p1|Groudon, L50|\n|poke|p1|Incineroar, L50, M|\n|poke|p1|Iron Valiant, L50|\n|poke|p1|Urshifu-*, L50, F|\n|poke|p1|Raging Bolt, L50|\n|poke|p2|Roaring Moon, L50|\n|poke|p2|Zacian-*, L50|\n|poke|p2|Calyrex-Shadow, L50|\n|poke|p2|Rillaboom, L50, M|\n|poke|p2|Incineroar, L50, M|\n|poke|p2|Volcarona, L50, F|\n|teampreview|4\n|showteam|p1|Lunala||PowerHerb|ShadowShield|TrickRoom,MeteorBeam,WideGuard,MoongeistBeam||||||50|,,,,,Water]Groudon||ClearAmulet|Drought|Protect,PrecipiceBlades,HeatCrash,Substitute||||||50|,,,,,Fire]Incineroar||SafetyGoggles|Intimidate|FlareBlitz,KnockOff,FakeOut,PartingShot|||M|||50|,,,,,Ghost]Iron Valiant||BoosterEnergy|QuarkDrive|Moonblast,Encore,Protect,Taunt||||||50|,,,,,Ghost]Urshifu||ChoiceScarf|UnseenFist|WickedBlow,CloseCombat,Uturn,IronHead|||F|||50|,,,,,Stellar]Raging Bolt||AssaultVest|Protosynthesis|Electroweb,Thunderclap,WeatherBall,DracoMeteor||||||50|,,,,,Electric\n|showteam|p2|Roaring Moon||BoosterEnergy|Protosynthesis|Acrobatics,KnockOff,Tailwind,Protect||||||50|,,,,,Flying]Zacian-Crowned||RustedSword|IntrepidSword|behemothblade,PlayRough,SacredSword,Protect||||||50|,,,,,Water]Calyrex-Shadow||FocusSash|AsOneSpectrier|AstralBarrage,Psychic,Encore,Protect||||||50|,,,,,Dark]Rillaboom||AssaultVest|GrassySurge|FakeOut,Uturn,WoodHammer,GrassyGlide|||M|||50|,,,,,Rock]Incineroar||SafetyGoggles|Intimidate|WillOWisp,KnockOff,FakeOut,PartingShot|||M|||50|,,,,,Bug]Volcarona||SitrusBerry|FlameBody|QuiverDance,FieryDance,GigaDrain,Protect|||F|||50|,,,,,Grass\n|inactive|Battle timer is ON: inactive players will automatically lose when time's up. (requested by ginsu89)\n|\n|t:|1746068984\n|start\n|switch|p1a: Groudon|Groudon, L50|100/100\n|switch|p1b: Incineroar|Incineroar, L50, M|100/100\n|switch|p2a: Roaring Moon|Roaring Moon, L50|100/100\n|switch|p2b: Calyrex|Calyrex-Shadow, L50|100/100\n|-ability|p2b: Calyrex|As One\n|-ability|p2b: Calyrex|Unnerve\n|-weather|SunnyDay|[from] ability: Drought|[of] p1a: Groudon\n|-activate|p2a: Roaring Moon|ability: Protosynthesis\n|-start|p2a: Roaring Moon|protosynthesisspe\n|-ability|p1b: Incineroar|Intimidate|boost\n|-unboost|p2a: Roaring Moon|atk|1\n|-unboost|p2b: Calyrex|atk|1\n|turn|1\n|\n|t:|1746069014\n|move|p2a: Roaring Moon|Protect|p2a: Roaring Moon\n|-singleturn|p2a: Roaring Moon|Protect\n|move|p2b: Calyrex|Protect|p2b: Calyrex\n|-singleturn|p2b: Calyrex|Protect\n|move|p1b: Incineroar|Fake Out|p2a: Roaring Moon\n|-activate|p2a: Roaring Moon|move: Protect\n|move|p1a: Groudon|Substitute|p1a: Groudon\n|-start|p1a: Groudon|Substitute\n|-damage|p1a: Groudon|76/100\n|\n|-weather|SunnyDay|[upkeep]\n|upkeep\n|turn|2\n|inactive|ginsu89 has 30 seconds left.\n|inactive|Mona Aster has 30 seconds left.\n|\n|t:|1746069056\n|move|p2a: Roaring Moon|Knock Off|p1a: Groudon\n|-activate|p1a: Groudon|move: Substitute|[damage]\n|move|p2b: Calyrex|Encore|p1b: Incineroar\n|-start|p1b: Incineroar|Encore\n|move|p1a: Groudon|Precipice Blades|p2b: Calyrex|[spread] p2a,p2b\n|-damage|p2a: Roaring Moon|28/100\n|-damage|p2b: Calyrex|40/100\n|move|p1b: Incineroar|Fake Out||[still]\n|-hint|Fake Out only works on your first turn out.\n|-fail|p1b: Incineroar\n|\n|-weather|SunnyDay|[upkeep]\n|upkeep\n|turn|3\n|inactive|Mona Aster has 30 seconds left.\n|\n|t:|1746069087\n|switch|p2b: Rillaboom|Rillaboom, L50, M|100/100\n|-fieldstart|move: Grassy Terrain|[from] ability: Grassy Surge|[of] p2b: Rillaboom\n|-terastallize|p2a: Roaring Moon|Flying\n|move|p1b: Incineroar|Fake Out||[still]\n|-hint|Fake Out only works on your first turn out.\n|-fail|p1b: Incineroar\n|move|p2a: Roaring Moon|Acrobatics|p1a: Groudon\n|-end|p1a: Groudon|Substitute\n|move|p1a: Groudon|Precipice Blades|p2a: Roaring Moon|[spread] p2b\n|-immune|p2a: Roaring Moon\n|-resisted|p2b: Rillaboom\n|-damage|p2b: Rillaboom|76/100\n|\n|-weather|SunnyDay|[upkeep]\n|-heal|p1a: Groudon|82/100|[from] Grassy Terrain\n|-heal|p2b: Rillaboom|82/100|[from] Grassy Terrain\n|upkeep\n|turn|4\n|\n|t:|1746069109\n|switch|p1b: Raging Bolt|Raging Bolt, L50|100/100\n|-activate|p1b: Raging Bolt|ability: Protosynthesis\n|-start|p1b: Raging Bolt|protosynthesisspa\n|move|p1a: Groudon|Protect|p1a: Groudon\n|-singleturn|p1a: Groudon|Protect\n|move|p2a: Roaring Moon|Tailwind|p2a: Roaring Moon\n|-sidestart|p2: ginsu89|move: Tailwind\n|move|p2b: Rillaboom|Wood Hammer|p1a: Groudon\n|-activate|p1a: Groudon|move: Protect\n|\n|-weather|SunnyDay|[upkeep]\n|-heal|p2b: Rillaboom|88/100|[from] Grassy Terrain\n|-heal|p1a: Groudon|87/100|[from] Grassy Terrain\n|upkeep\n|turn|5\n|inactive|Mona Aster has 30 seconds left.\n|inactive|Mona Aster has 20 seconds left.\n|\n|t:|1746069144\n|-end|p2a: Roaring Moon|Protosynthesis|[silent]\n|switch|p2a: Incineroar|Incineroar, L50, M|100/100\n|-ability|p2a: Incineroar|Intimidate|boost\n|-fail|p1a: Groudon|unboost|[from] item: Clear Amulet|[of] p1a: Groudon\n|-unboost|p1b: Raging Bolt|atk|1\n|-terastallize|p1a: Groudon|Fire\n|move|p1b: Raging Bolt|Thunderclap||[still]\n|-fail|p1b: Raging Bolt\n|move|p2b: Rillaboom|Wood Hammer|p1a: Groudon\n|-resisted|p1a: Groudon\n|-damage|p1a: Groudon|63/100\n|-damage|p2b: Rillaboom|80/100|[from] Recoil\n|move|p1a: Groudon|Substitute|p1a: Groudon\n|-start|p1a: Groudon|Substitute\n|-damage|p1a: Groudon|38/100\n|\n|-weather|none\n|-end|p1b: Raging Bolt|Protosynthesis\n|-heal|p2b: Rillaboom|86/100|[from] Grassy Terrain\n|-heal|p1a: Groudon|44/100|[from] Grassy Terrain\n|upkeep\n|turn|6\n|inactive|ginsu89 has 30 seconds left.\n|\n|t:|1746069172\n|switch|p2b: Roaring Moon|Roaring Moon, L50, tera:Flying|28/100\n|-enditem|p2b: Roaring Moon|Booster Energy\n|-activate|p2b: Roaring Moon|ability: Protosynthesis|[fromitem]\n|-start|p2b: Roaring Moon|protosynthesisspe\n|-end|p1b: Raging Bolt|Protosynthesis|[silent]\n|switch|p1b: Incineroar|Incineroar, L50, M|100/100\n|-ability|p1b: Incineroar|Intimidate|boost\n|-unboost|p2a: Incineroar|atk|1\n|-unboost|p2b: Roaring Moon|atk|1\n|move|p2a: Incineroar|Fake Out|p1b: Incineroar\n|-damage|p1b: Incineroar|94/100\n|move|p1a: Groudon|Heat Crash|p2b: Roaring Moon\n|-damage|p2b: Roaring Moon|0 fnt\n|faint|p2b: Roaring Moon\n|-end|p2b: Roaring Moon|Protosynthesis|[silent]\n|\n|-heal|p1a: Groudon|50/100|[from] Grassy Terrain\n|-heal|p1b: Incineroar|100/100|[from] Grassy Terrain\n|upkeep\n|\n|t:|1746069190\n|switch|p2b: Calyrex|Calyrex-Shadow, L50|40/100\n|-ability|p2b: Calyrex|As One\n|-ability|p2b: Calyrex|Unnerve\n|turn|7\n|\n|t:|1746069208\n|move|p2b: Calyrex|Protect|p2b: Calyrex\n|-singleturn|p2b: Calyrex|Protect\n|move|p1b: Incineroar|Fake Out|p2a: Incineroar\n|-damage|p2a: Incineroar|92/100\n|cant|p2a: Incineroar|flinch\n|move|p1a: Groudon|Precipice Blades|p2b: Calyrex|[spread] p2a\n|-activate|p2b: Calyrex|move: Protect\n|-supereffective|p2a: Incineroar\n|-damage|p2a: Incineroar|15/100\n|\n|-heal|p2b: Calyrex|46/100|[from] Grassy Terrain\n|-heal|p2a: Incineroar|21/100|[from] Grassy Terrain\n|-heal|p1a: Groudon|56/100|[from] Grassy Terrain\n|-sideend|p2: ginsu89|move: Tailwind\n|-fieldend|move: Grassy Terrain\n|upkeep\n|turn|8\n|\n|t:|1746069232\n|move|p2b: Calyrex|Astral Barrage|p1a: Groudon|[spread] p1a,p1b\n|-end|p1a: Groudon|Substitute\n|-resisted|p1b: Incineroar\n|-damage|p1b: Incineroar|75/100\n|move|p1a: Groudon|Precipice Blades|p2a: Incineroar|[spread] p2a,p2b\n|-supereffective|p2a: Incineroar\n|-damage|p2a: Incineroar|0 fnt\n|-damage|p2b: Calyrex|0 fnt\n|faint|p2a: Incineroar\n|faint|p2b: Calyrex\n|move|p1b: Incineroar|Parting Shot|p2: Incineroar|[notarget]\n|-fail|p1b: Incineroar\n|\n|upkeep\n|-message|ginsu89 forfeited.\n|\n|win|Mona Aster\n|raw|Mona Aster's rating: 1116 &rarr; <strong>1137</strong><br />(+21 for winning)\n|raw|ginsu89's rating: 1059 &rarr; <strong>1043</strong><br />(-16 for losing)\n|l|\u2606ginsu89\n|player|p2|\n", "uploadtime": 1746069245, "views": 12, "formatid": "gen9vgc2025regibo3", "rating": 1043, "private": 0, "password": null}