{"id": "gen9vgc2025regibo3-2353750417", "format": "[Gen 9] VGC 2025 Reg I (Bo3)", "players": ["NuclearNutz321", "alteraltaltaccount"], "log": "|j|\u2606NuclearNutz321\n|j|\u203dalteraltaltaccount\n|html|<table width=\"100%\"><tr><td align=\"left\">NuclearNutz321</td><td align=\"right\">alteraltaltaccount</tr><tr><td align=\"left\"><i class=\"fa fa-circle-o\"></i> <i class=\"fa fa-circle-o\"></i> </td><td align=\"right\"><i class=\"fa fa-circle-o\"></i> <i class=\"fa fa-circle-o\"></i> </tr></table>\n|uhtml|bestof|<h2><strong>Game 1</strong> of <a href=\"/game-bestof3-gen9vgc2025regibo3-2353750416\">a best-of-3</a></h2>\n|t:|1745993637\n|gametype|doubles\n|player|p1|NuclearNutz321|bellelba|1174\n|player|p2|alteraltaltaccount|lucas|1128\n|teamsize|p1|6\n|teamsize|p2|6\n|gen|9\n|tier|[Gen 9] VGC 2025 Reg I (Bo3)\n|rated|\n|rule|Species Clause: Limit one of each Pok\u00e9mon\n|rule|Item Clause: Limit 1 of each item\n|clearpoke\n|poke|p1|Koraidon, L50|\n|poke|p1|Lunala, L50|\n|poke|p1|Ursaluna, L50, M|\n|poke|p1|Brute Bonnet, L50|\n|poke|p1|Iron Crown, L50|\n|poke|p1|Indeedee-F, L50, F|\n|poke|p2|Miraidon, L50|\n|poke|p2|Urshifu-*, L50, F|\n|poke|p2|Rayquaza, L50|\n|poke|p2|Whimsicott, L50, F|\n|poke|p2|Farigiraf, L50, F|\n|poke|p2|Incineroar, L50, M|\n|teampreview|4\n|showteam|p1|Koraidon||LifeOrb|OrichalcumPulse|FlareBlitz,CloseCombat,FlameCharge,Protect||||||50|,,,,,Fire]Lunala||PowerHerb|ShadowShield|MeteorBeam,WideGuard,TrickRoom,MoongeistBeam||||||50|,,,,,Water]Ursaluna||FlameOrb|Guts|Facade,Earthquake,HeadlongRush,Protect|||M|||50|,,,,,Ghost]Brute Bonnet||CovertCloak|Protosynthesis|Spore,SeedBomb,SuckerPunch,RagePowder||||||50|,,,,,Water]Iron Crown||BoosterEnergy|QuarkDrive|ExpandingForce,TachyonCutter,CalmMind,Protect||||||50|,,,,,Normal]Indeedee-F||SafetyGoggles|PsychicSurge|HelpingHand,TrickRoom,Psychic,FollowMe|||F|||50|,,,,,Fairy\n|showteam|p2|Miraidon||ChoiceSpecs|HadronEngine|ElectroDrift,VoltSwitch,Discharge,DragonPulse||||||50|,,,,,Electric]Urshifu-Rapid-Strike||FocusSash|UnseenFist|SurgingStrikes,CloseCombat,AquaJet,Detect|||F|||50|,,,,,Stellar]Rayquaza||ClearAmulet|AirLock|SwordsDance,DragonAscent,ExtremeSpeed,Protect||||||50|,,,,,Normal]Whimsicott||CovertCloak|Prankster|Moonblast,Encore,LightScreen,Tailwind|||F|||50|,,,,,Dark]Farigiraf||RockyHelmet|ArmorTail|TrickRoom,HelpingHand,FoulPlay,Protect|||F|||50|,,,,,Water]Incineroar||SitrusBerry|Intimidate|FakeOut,WillOWisp,KnockOff,PartingShot|||M|||50|,,,,,Bug\n|\n|t:|1745993668\n|start\n|switch|p1a: Iron Crown|Iron Crown, L50|100/100\n|switch|p1b: Indeedee|Indeedee-F, L50, F|100/100\n|switch|p2a: Incineroar|Incineroar, L50, M|100/100\n|switch|p2b: Rayquaza|Rayquaza, L50|100/100\n|-ability|p2b: Rayquaza|Air Lock\n|-fieldstart|move: Psychic Terrain|[from] ability: Psychic Surge|[of] p1b: Indeedee\n|-ability|p2a: Incineroar|Intimidate|boost\n|-unboost|p1a: Iron Crown|atk|1\n|-unboost|p1b: Indeedee|atk|1\n|-enditem|p1a: Iron Crown|Booster Energy\n|-activate|p1a: Iron Crown|ability: Quark Drive|[fromitem]\n|-start|p1a: Iron Crown|quarkdrivespe\n|turn|1\n|\n|t:|1745993703\n|switch|p2b: Miraidon|Miraidon, L50|100/100\n|-fieldstart|move: Electric Terrain|[from] ability: Hadron Engine|[of] p2b: Miraidon\n|switch|p1b: Ursaluna|Ursaluna, L50, M|100/100\n|move|p1a: Iron Crown|Protect|p1a: Iron Crown\n|-singleturn|p1a: Iron Crown|Protect\n|move|p2a: Incineroar|Knock Off|p1b: Ursaluna\n|-damage|p1b: Ursaluna|76/100\n|-enditem|p1b: Ursaluna|Flame Orb|[from] move: Knock Off|[of] p2a: Incineroar\n|\n|upkeep\n|turn|2\n|\n|t:|1745993729\n|-end|p1a: Iron Crown|Quark Drive|[silent]\n|switch|p1a: Koraidon|Koraidon, L50|100/100\n|-weather|SunnyDay|[from] ability: Orichalcum Pulse|[of] p1a: Koraidon\n|-activate|p1a: Koraidon|Orichalcum Pulse|[source]\n|-terastallize|p2b: Miraidon|Electric\n|move|p2b: Miraidon|Volt Switch|p1a: Koraidon\n|-resisted|p1a: Koraidon\n|-damage|p1a: Koraidon|35/100\n|\n|t:|1745993736\n|switch|p2b: Whimsicott|Whimsicott, L50, F|100/100|[from] Volt Switch\n|move|p2a: Incineroar|Parting Shot|p1b: Ursaluna\n|-unboost|p1b: Ursaluna|atk|1\n|-unboost|p1b: Ursaluna|spa|1\n|\n|t:|1745993741\n|switch|p2a: Rayquaza|Rayquaza, L50|100/100|[from] Parting Shot\n|-ability|p2a: Rayquaza|Air Lock\n|move|p1b: Ursaluna|Headlong Rush|p2b: Whimsicott\n|-resisted|p2b: Whimsicott\n|-crit|p2b: Whimsicott\n|-damage|p2b: Whimsicott|24/100\n|-unboost|p1b: Ursaluna|def|1\n|-unboost|p1b: Ursaluna|spd|1\n|\n|-weather|SunnyDay|[upkeep]\n|upkeep\n|turn|3\n|\n|t:|1745993757\n|switch|p1b: Indeedee|Indeedee-F, L50, F|100/100\n|-fieldstart|move: Psychic Terrain|[from] ability: Psychic Surge|[of] p1b: Indeedee\n|-terastallize|p1a: Koraidon|Fire\n|move|p2a: Rayquaza|Extreme Speed|p1a: Koraidon\n|-activate|p1a: Koraidon|move: Psychic Terrain\n|move|p2b: Whimsicott|Tailwind|p2b: Whimsicott\n|-sidestart|p2: alteraltaltaccount|move: Tailwind\n|move|p1a: Koraidon|Flame Charge|p2b: Whimsicott\n|-supereffective|p2b: Whimsicott\n|-damage|p2b: Whimsicott|0 fnt\n|-boost|p1a: Koraidon|spe|1\n|faint|p2b: Whimsicott\n|-damage|p1a: Koraidon|25/100|[from] item: Life Orb\n|\n|-weather|SunnyDay|[upkeep]\n|upkeep\n|\n|t:|1745993762\n|switch|p2b: Incineroar|Incineroar, L50, M|100/100\n|-ability|p2b: Incineroar|Intimidate|boost\n|-unboost|p1a: Koraidon|atk|1\n|-unboost|p1b: Indeedee|atk|1\n|turn|4\n|\n|t:|1745993777\n|switch|p2b: Miraidon|Miraidon, L50, tera:Electric|100/100\n|-fieldstart|move: Electric Terrain|[from] ability: Hadron Engine|[of] p2b: Miraidon\n|move|p1b: Indeedee|Helping Hand|p1a: Koraidon\n|-singleturn|p1a: Koraidon|Helping Hand|[of] p1b: Indeedee\n|move|p2a: Rayquaza|Extreme Speed|p1a: Koraidon\n|-damage|p1a: Koraidon|0 fnt\n|faint|p1a: Koraidon\n|\n|-weather|SunnyDay|[upkeep]\n|upkeep\n|\n|t:|1745993786\n|switch|p1a: Ursaluna|Ursaluna, L50, M|76/100\n|turn|5\n|\n|t:|1745993792\n|switch|p1b: Iron Crown|Iron Crown, L50|100/100\n|-activate|p1b: Iron Crown|ability: Quark Drive\n|-start|p1b: Iron Crown|quarkdrivespe\n|move|p2b: Miraidon|Volt Switch|p1b: Iron Crown\n|-damage|p1b: Iron Crown|0 fnt\n|faint|p1b: Iron Crown\n|-end|p1b: Iron Crown|Quark Drive|[silent]\n|-message|NuclearNutz321 forfeited.\n|\n|win|alteraltaltaccount\n|l|\u203dalteraltaltaccount\n|player|p2|\n||NuclearNutz321 is ready for game 2.\n||alteraltaltaccount is ready for game 2.\n|uhtml|next|Next: <a href=\"/battle-gen9vgc2025regibo3-2353751346\"><strong>Game 2 of 3</strong></a>\n", "uploadtime": 1745994088, "views": 6, "formatid": "gen9vgc2025regibo3", "rating": null, "private": 0, "password": null}