{"id": "gen9vgc2025regibo3-2353418051", "format": "[Gen 9] VGC 2025 Reg I (Bo3)", "players": ["frncee", "NewbyVGC"], "log": "|j|\u2606frncee\n|j|\u2606NewbyVGC\n|html|<table width=\"100%\"><tr><td align=\"left\">frncee</td><td align=\"right\">NewbyVGC</tr><tr><td align=\"left\"><i class=\"fa fa-circle-o\"></i> <i class=\"fa fa-circle-o\"></i> </td><td align=\"right\"><i class=\"fa fa-circle-o\"></i> <i class=\"fa fa-circle-o\"></i> </tr></table>\n|uhtml|bestof|<h2><strong>Game 1</strong> of <a href=\"/game-bestof3-gen9vgc2025regibo3-2353418050\">a best-of-3</a></h2>\n|t:|1745954185\n|gametype|doubles\n|player|p1|frncee|ash-alola|1000\n|player|p2|NewbyVGC|170|1000\n|teamsize|p1|6\n|teamsize|p2|6\n|gen|9\n|tier|[Gen 9] VGC 2025 Reg I (Bo3)\n|rated|\n|rule|Species Clause: Limit one of each Pok\u00e9mon\n|rule|Item Clause: Limit 1 of each item\n|clearpoke\n|poke|p1|Terapagos, L50, M|\n|poke|p1|Calyrex-Shadow, L50|\n|poke|p1|Grimmsnarl, L50, M|\n|poke|p1|Incineroar, L50, F|\n|poke|p1|Amoonguss, L50, M|\n|poke|p1|Raging Bolt, L50|\n|poke|p2|Koraidon, L50|\n|poke|p2|Lunala, L50|\n|poke|p2|Indeedee-F, L50, F|\n|poke|p2|Walking Wake, L50|\n|poke|p2|Brute Bonnet, L50|\n|poke|p2|Incineroar, L50, F|\n|teampreview|4\n|showteam|p1|Terapagos||Leftovers|TeraShift|TeraStarstorm,EarthPower,CalmMind,Protect|||M|||50|,,,,,Stellar]Calyrex-Shadow||FocusSash|AsOneSpectrier|AstralBarrage,Psychic,Encore,Protect||||||50|,,,,,Ghost]Grimmsnarl||LightClay|Prankster|LightScreen,Reflect,ThunderWave,SpiritBreak|||M|||50|,,,,,Ghost]Incineroar||SafetyGoggles|Intimidate|FakeOut,KnockOff,WillOWisp,PartingShot|||F|||50|,,,,,Bug]Amoonguss||RockyHelmet|Regenerator|Spore,RagePowder,ClearSmog,Protect|||M|||50|,,,,,Water]Raging Bolt||AssaultVest|Protosynthesis|Electroweb,Thunderclap,Snarl,VoltSwitch||||||50|,,,,,Fairy\n|showteam|p2|Koraidon||ClearAmulet|OrichalcumPulse|FlareBlitz,CollisionCourse,FlameCharge,Protect||||||50|,,,,,Fire]Lunala||PowerHerb|ShadowShield|MoongeistBeam,ExpandingForce,MeteorBeam,WideGuard||||||50|,,,,,Fairy]Indeedee-F||PsychicSeed|PsychicSurge|FollowMe,HelpingHand,TrickRoom,DazzlingGleam|||F|||50|,,,,,Fairy]Walking Wake||MysticWater|Protosynthesis|HydroSteam,DracoMeteor,Snarl,Protect||||||50|,,,,,Water]Brute Bonnet||CovertCloak|Protosynthesis|SeedBomb,SuckerPunch,RagePowder,Spore||||||50|,,,,,Water]Incineroar||AssaultVest|Intimidate|FakeOut,FlareBlitz,KnockOff,Uturn|||F|||50|,,,,,Bug\n|inactive|Battle timer is ON: inactive players will automatically lose when time's up. (requested by frncee)\n|\n|t:|1745954261\n|start\n|switch|p1a: Terapagos|Terapagos, L50, M|100/100\n|switch|p1b: Grimmsnarl|Grimmsnarl, L50, M|100/100\n|switch|p2a: Indeedee|Indeedee-F, L50, F|100/100\n|switch|p2b: Walking Wake|Walking Wake, L50|100/100\n|-activate|p1a: Terapagos|ability: Tera Shift\n|detailschange|p1a: Terapagos|Terapagos-Terastal, L50, M\n|-heal|p1a: Terapagos|100/100|[silent]\n|-fieldstart|move: Psychic Terrain|[from] ability: Psychic Surge|[of] p2a: Indeedee\n|-enditem|p2a: Indeedee|Psychic Seed\n|-boost|p2a: Indeedee|spd|1|[from] item: Psychic Seed\n|turn|1\n|inactive|frncee has 30 seconds left.\n|inactive|NewbyVGC has 30 seconds left.\n|inactive|NewbyVGC has 20 seconds left.\n|inactive|NewbyVGC has 15 seconds left.\n|inactive|NewbyVGC has 10 seconds left.\n|\n|t:|1745954308\n|move|p1b: Grimmsnarl|Light Screen|p1b: Grimmsnarl\n|-sidestart|p1: frncee|move: Light Screen\n|move|p2b: Walking Wake|Snarl|p1a: Terapagos|[spread] p1a,p1b\n|-activate|p1a: Terapagos|ability: Tera Shell\n|-resisted|p1a: Terapagos\n|-resisted|p1b: Grimmsnarl\n|-damage|p1a: Terapagos|97/100\n|-damage|p1b: Grimmsnarl|99/100\n|-unboost|p1a: Terapagos|spa|1\n|-unboost|p1b: Grimmsnarl|spa|1\n|move|p1a: Terapagos|Calm Mind|p1a: Terapagos\n|-boost|p1a: Terapagos|spa|1\n|-boost|p1a: Terapagos|spd|1\n|move|p2a: Indeedee|Dazzling Gleam|p1b: Grimmsnarl|[spread] p1a,p1b\n|-supereffective|p1b: Grimmsnarl\n|-damage|p1a: Terapagos|92/100\n|-damage|p1b: Grimmsnarl|84/100\n|\n|-heal|p1a: Terapagos|98/100|[from] item: Leftovers\n|upkeep\n|turn|2\n|\n|t:|1745954328\n|switch|p2a: Koraidon|Koraidon, L50|100/100\n|-weather|SunnyDay|[from] ability: Orichalcum Pulse|[of] p2a: Koraidon\n|-activate|p2b: Walking Wake|ability: Protosynthesis\n|-start|p2b: Walking Wake|protosynthesisspe\n|-activate|p2a: Koraidon|Orichalcum Pulse|[source]\n|move|p1a: Terapagos|Protect|p1a: Terapagos\n|-singleturn|p1a: Terapagos|Protect\n|move|p1b: Grimmsnarl|Thunder Wave|p2b: Walking Wake\n|-activate|p2b: Walking Wake|move: Psychic Terrain\n|move|p2b: Walking Wake|Snarl|p1b: Grimmsnarl|[spread] p1b\n|-activate|p1a: Terapagos|move: Protect\n|-resisted|p1b: Grimmsnarl\n|-damage|p1b: Grimmsnarl|82/100\n|-unboost|p1b: Grimmsnarl|spa|1\n|\n|-weather|SunnyDay|[upkeep]\n|-heal|p1a: Terapagos|100/100|[from] item: Leftovers\n|upkeep\n|turn|3\n|\n|t:|1745954353\n|move|p2a: Koraidon|Protect|p2a: Koraidon\n|-singleturn|p2a: Koraidon|Protect\n|move|p1b: Grimmsnarl|Reflect|p1b: Grimmsnarl\n|-sidestart|p1: frncee|Reflect\n|move|p2b: Walking Wake|Snarl|p1a: Terapagos|[spread] p1a,p1b\n|-activate|p1a: Terapagos|ability: Tera Shell\n|-resisted|p1a: Terapagos\n|-resisted|p1b: Grimmsnarl\n|-damage|p1a: Terapagos|98/100\n|-damage|p1b: Grimmsnarl|81/100\n|-unboost|p1a: Terapagos|spa|1\n|-unboost|p1b: Grimmsnarl|spa|1\n|move|p1a: Terapagos|Calm Mind|p1a: Terapagos\n|-boost|p1a: Terapagos|spa|1\n|-boost|p1a: Terapagos|spd|1\n|\n|-weather|SunnyDay|[upkeep]\n|-heal|p1a: Terapagos|100/100|[from] item: Leftovers\n|upkeep\n|turn|4\n|inactive|frncee has 30 seconds left.\n|inactive|NewbyVGC has 30 seconds left.\n|inactive|NewbyVGC has 20 seconds left.\n|\n|t:|1745954390\n|-terastallize|p1a: Terapagos|Stellar\n|detailschange|p1a: Terapagos|Terapagos-Stellar, L50, M, tera:Stellar\n|-heal|p1a: Terapagos|100/100|[silent]\n|-ability|p1a: Terapagos|Teraform Zero\n|-weather|none\n|-end|p2b: Walking Wake|Protosynthesis\n|-fieldend|move: Psychic Terrain\n|move|p1b: Grimmsnarl|Thunder Wave|p2a: Koraidon\n|-status|p2a: Koraidon|par\n|move|p2b: Walking Wake|Snarl|p1a: Terapagos|[spread] p1a\n|-miss|p2b: Walking Wake|p1b: Grimmsnarl\n|-damage|p1a: Terapagos|98/100\n|-unboost|p1a: Terapagos|spa|1\n|move|p1a: Terapagos|Tera Starstorm|p2a: Koraidon|[spread] p2a,p2b\n|-damage|p2a: Koraidon|75/100 par\n|-damage|p2b: Walking Wake|69/100\n|cant|p2a: Koraidon|par\n|\n|-heal|p1a: Terapagos|100/100|[from] item: Leftovers\n|upkeep\n|turn|5\n|inactive|frncee has 30 seconds left.\n|inactive|NewbyVGC has 30 seconds left.\n|inactive|NewbyVGC has 20 seconds left.\n|\n|t:|1745954427\n|switch|p2a: Indeedee|Indeedee-F, L50, F|100/100\n|-fieldstart|move: Psychic Terrain|[from] ability: Psychic Surge|[of] p2a: Indeedee\n|move|p1b: Grimmsnarl|Thunder Wave|p2b: Walking Wake\n|-activate|p2b: Walking Wake|move: Psychic Terrain\n|move|p2b: Walking Wake|Snarl|p1a: Terapagos|[spread] p1a,p1b\n|-resisted|p1b: Grimmsnarl\n|-damage|p1a: Terapagos|97/100\n|-damage|p1b: Grimmsnarl|79/100\n|-unboost|p1a: Terapagos|spa|1\n|-unboost|p1b: Grimmsnarl|spa|1\n|move|p1a: Terapagos|Earth Power|p2a: Indeedee\n|-damage|p2a: Indeedee|82/100\n|\n|-heal|p1a: Terapagos|100/100|[from] item: Leftovers\n|upkeep\n|turn|6\n|inactive|NewbyVGC has 30 seconds left.\n|\n|t:|1745954457\n|move|p2b: Walking Wake|Hydro Steam|p1b: Grimmsnarl\n|-damage|p1b: Grimmsnarl|54/100\n|move|p1a: Terapagos|Calm Mind|p1a: Terapagos\n|-boost|p1a: Terapagos|spa|1\n|-boost|p1a: Terapagos|spd|1\n|move|p1b: Grimmsnarl|Spirit Break|p2b: Walking Wake\n|-supereffective|p2b: Walking Wake\n|-damage|p2b: Walking Wake|6/100\n|-unboost|p2b: Walking Wake|spa|1\n|move|p2a: Indeedee|Trick Room|p2a: Indeedee\n|-fieldstart|move: Trick Room|[of] p2a: Indeedee\n|\n|upkeep\n|turn|7\n|\n|t:|1745954475\n|-end|p2b: Walking Wake|Protosynthesis|[silent]\n|switch|p2b: Koraidon|Koraidon, L50|75/100 par\n|-weather|SunnyDay|[from] ability: Orichalcum Pulse|[of] p2b: Koraidon\n|-activate|p2b: Koraidon|Orichalcum Pulse|[source]\n|move|p2a: Indeedee|Follow Me|p2a: Indeedee\n|-singleturn|p2a: Indeedee|move: Follow Me\n|move|p1b: Grimmsnarl|Spirit Break|p2a: Indeedee\n|-damage|p2a: Indeedee|53/100\n|-unboost|p2a: Indeedee|spa|1\n|move|p1a: Terapagos|Tera Starstorm|p2b: Koraidon|[spread] p2a,p2b\n|-damage|p2a: Indeedee|26/100\n|-damage|p2b: Koraidon|50/100 par\n|\n|-weather|SunnyDay|[upkeep]\n|upkeep\n|turn|8\n|inactive|frncee has 30 seconds left.\n|inactive|NewbyVGC has 30 seconds left.\n|\n|t:|1745954510\n|move|p2a: Indeedee|Helping Hand|p2b: Koraidon\n|-singleturn|p2b: Koraidon|Helping Hand|[of] p2a: Indeedee\n|move|p2b: Koraidon|Collision Course|p1a: Terapagos\n|-supereffective|p1a: Terapagos\n|-damage|p1a: Terapagos|0 fnt\n|faint|p1a: Terapagos\n|move|p1b: Grimmsnarl|Spirit Break|p2a: Indeedee\n|-damage|p2a: Indeedee|0 fnt\n|faint|p2a: Indeedee\n|\n|-weather|SunnyDay|[upkeep]\n|-sideend|p1: frncee|move: Light Screen\n|upkeep\n|\n|t:|1745954526\n|switch|p1a: Amoonguss|Amoonguss, L50, M|100/100\n|switch|p2a: Lunala|Lunala, L50|100/100\n|turn|9\n|inactive|NewbyVGC has 30 seconds left.\n|inactive|frncee has 30 seconds left.\n|\n|t:|1745954558\n|switch|p2a: Walking Wake|Walking Wake, L50|6/100\n|-activate|p2a: Walking Wake|ability: Protosynthesis\n|-start|p2a: Walking Wake|protosynthesisspe\n|-terastallize|p2b: Koraidon|Fire\n|move|p1a: Amoonguss|Spore|p2a: Walking Wake\n|-status|p2a: Walking Wake|slp|[from] move: Spore\n|move|p2b: Koraidon|Flare Blitz|p1a: Amoonguss\n|-supereffective|p1a: Amoonguss\n|-damage|p1a: Amoonguss|0 fnt\n|-damage|p2b: Koraidon|34/100 par|[from] item: Rocky Helmet|[of] p1a: Amoonguss\n|faint|p1a: Amoonguss\n|-damage|p2b: Koraidon|0 fnt|[from] Recoil\n|faint|p2b: Koraidon\n|move|p1b: Grimmsnarl|Spirit Break|p2a: Walking Wake\n|-supereffective|p2a: Walking Wake\n|-damage|p2a: Walking Wake|0 fnt\n|faint|p2a: Walking Wake\n|-end|p2a: Walking Wake|Protosynthesis|[silent]\n|\n|-weather|SunnyDay|[upkeep]\n|-fieldend|move: Psychic Terrain\n|upkeep\n|\n|t:|1745954581\n|switch|p1a: Calyrex|Calyrex-Shadow, L50|100/100\n|switch|p2b: Lunala|Lunala, L50|100/100\n|-ability|p1a: Calyrex|As One\n|-ability|p1a: Calyrex|Unnerve\n|turn|10\n|\n|t:|1745954600\n|move|p1a: Calyrex|Protect|p1a: Calyrex\n|-singleturn|p1a: Calyrex|Protect\n|move|p1b: Grimmsnarl|Thunder Wave|p2b: Lunala\n|-status|p2b: Lunala|par\n|move|p2b: Lunala|Moongeist Beam|p1a: Calyrex\n|-activate|p1a: Calyrex|move: Protect\n|\n|-weather|SunnyDay|[upkeep]\n|-sideend|p1: frncee|Reflect\n|-fieldend|move: Trick Room\n|upkeep\n|turn|11\n|-message|NewbyVGC forfeited.\n|\n|win|frncee\n||NewbyVGC is ready for game 2.\n||frncee is ready for game 2.\n|uhtml|next|Next: <a href=\"/battle-gen9vgc2025regibo3-2353422857\"><strong>Game 2 of 3</strong></a>\n", "uploadtime": 1745955006, "views": 9, "formatid": "gen9vgc2025regibo3", "rating": null, "private": 0, "password": null}