{"id": "gen9vgc2025regibo3-2355104317", "format": "[Gen 9] VGC 2025 Reg I (Bo3)", "players": ["Solalt", "Slowandlow gg"], "log": "|j|\u2606Solalt\n|j|\u2606Slowandlow gg\n|html|<table width=\"100%\"><tr><td align=\"left\">Solalt</td><td align=\"right\">Slowandlow gg</tr><tr><td align=\"left\"><i class=\"fa fa-circle-o\"></i> <i class=\"fa fa-circle-o\"></i> </td><td align=\"right\"><i class=\"fa fa-circle-o\"></i> <i class=\"fa fa-circle-o\"></i> </tr></table>\n|uhtml|bestof|<h2><strong>Game 1</strong> of <a href=\"/game-bestof3-gen9vgc2025regibo3-2355104316\">a best-of-3</a></h2>\n|t:|1746153003\n|gametype|doubles\n|player|p1|Solalt|sada-ai|1092\n|player|p2|Slowandlow gg|169|1000\n|teamsize|p1|6\n|teamsize|p2|6\n|gen|9\n|tier|[Gen 9] VGC 2025 Reg I (Bo3)\n|rated|\n|rule|Species Clause: Limit one of each Pok\u00e9mon\n|rule|Item Clause: Limit 1 of each item\n|clearpoke\n|poke|p1|Miraidon, L50|\n|poke|p1|Ho-Oh, L50|\n|poke|p1|Farigiraf, L50, F|\n|poke|p1|Iron Hands, L50|\n|poke|p1|Iron Valiant, L50|\n|poke|p1|Ursaluna, L50, M|\n|poke|p2|Terapagos, L50, M|\n|poke|p2|Eternatus, L50|\n|poke|p2|Rillaboom, L50, M|\n|poke|p2|Incineroar, L50, M|\n|poke|p2|Thundurus, L50, M|\n|poke|p2|Ogerpon-Hearthflame, L50, F|\n|teampreview|4\n|showteam|p1|Miraidon||LifeOrb|HadronEngine|ElectroDrift,VoltSwitch,DracoMeteor,Protect||||||50|,,,,,Electric]Ho-Oh||ClearAmulet|Regenerator|SacredFire,BraveBird,Tailwind,Protect||||||50|,,,,,Grass]Farigiraf||ElectricSeed|ArmorTail|Psychic,FoulPlay,HelpingHand,TrickRoom|||F|||50|,,,,,Water]Iron Hands||AssaultVest|QuarkDrive|FakeOut,WildCharge,VoltSwitch,DrainPunch||||||50|,,,,,Bug]Iron Valiant||FocusSash|QuarkDrive|Moonblast,WideGuard,Disable,Protect||||||50|,,,,,Steel]Ursaluna||FlameOrb|Guts|Facade,HeadlongRush,Earthquake,Protect|||M|||50|,,,,,Ghost\n|showteam|p2|Terapagos||Leftovers|TeraShift|TeraStarstorm,EarthPower,CalmMind,Protect|||M|||50|,,,,,Stellar]Eternatus||SitrusBerry|Pressure|SludgeBomb,CosmicPower,FireSpin,Recover||||||50|,,,,,Grass]Rillaboom||AssaultVest|GrassySurge|FakeOut,Uturn,GrassyGlide,DrumBeating|||M|||50|,,,,,Fire]Incineroar||SafetyGoggles|Intimidate|KnockOff,FakeOut,PartingShot,WillOWisp|||M|||50|,,,,,Steel]Thundurus||CovertCloak|Prankster|DarkPulse,Electroweb,ThunderWave,ScaryFace|||M|||50|,,,,,Dark]Ogerpon-Hearthflame||HearthflameMask|MoldBreaker|FollowMe,IvyCudgel,SpikyShield,FocusEnergy|||F|||50|,,,,,Fire\n|inactive|Battle timer is ON: inactive players will automatically lose when time's up. (requested by Solalt)\n|inactive|Solalt has 60 seconds left.\n|\n|t:|1746153043\n|start\n|switch|p1a: Farigiraf|Farigiraf, L50, F|100/100\n|switch|p1b: Miraidon|Miraidon, L50|100/100\n|switch|p2a: Terapagos|Terapagos, L50, M|100/100\n|switch|p2b: Rillaboom|Rillaboom, L50, M|100/100\n|-activate|p2a: Terapagos|ability: Tera Shift\n|detailschange|p2a: Terapagos|Terapagos-Terastal, L50, M\n|-heal|p2a: Terapagos|100/100|[silent]\n|-fieldstart|move: Electric Terrain|[from] ability: Hadron Engine|[of] p1b: Miraidon\n|-enditem|p1a: Farigiraf|Electric Seed\n|-boost|p1a: Farigiraf|def|1|[from] item: Electric Seed\n|-fieldstart|move: Grassy Terrain|[from] ability: Grassy Surge|[of] p2b: Rillaboom\n|turn|1\n|inactive|Slowandlow gg has 30 seconds left.\n|\n|t:|1746153069\n|move|p1b: Miraidon|Volt Switch|p2a: Terapagos\n|-activate|p2a: Terapagos|ability: Tera Shell\n|-resisted|p2a: Terapagos\n|-damage|p2a: Terapagos|82/100\n|-damage|p1b: Miraidon|91/100|[from] item: Life Orb\n|\n|t:|1746153074\n|switch|p1b: Ursaluna|Ursaluna, L50, M|100/100|[from] Volt Switch\n|move|p2a: Terapagos|Calm Mind|p2a: Terapagos\n|-boost|p2a: Terapagos|spa|1\n|-boost|p2a: Terapagos|spd|1\n|move|p2b: Rillaboom|U-turn|p1a: Farigiraf\n|-supereffective|p1a: Farigiraf\n|-damage|p1a: Farigiraf|78/100\n|\n|t:|1746153090\n|switch|p2b: Eternatus|Eternatus, L50|100/100|[from] U-turn\n|-ability|p2b: Eternatus|Pressure\n|move|p1a: Farigiraf|Trick Room|p1a: Farigiraf\n|-fieldstart|move: Trick Room|[of] p1a: Farigiraf\n|\n|-heal|p1a: Farigiraf|84/100|[from] Grassy Terrain\n|-heal|p2a: Terapagos|88/100|[from] Grassy Terrain\n|-heal|p2a: Terapagos|94/100|[from] item: Leftovers\n|-status|p1b: Ursaluna|brn|[from] item: Flame Orb\n|upkeep\n|turn|2\n|\n|t:|1746153109\n|switch|p2b: Rillaboom|Rillaboom, L50, M|100/100\n|-terastallize|p2a: Terapagos|Stellar\n|detailschange|p2a: Terapagos|Terapagos-Stellar, L50, M, tera:Stellar\n|-heal|p2a: Terapagos|95/100|[silent]\n|-ability|p2a: Terapagos|Teraform Zero\n|-fieldend|move: Grassy Terrain\n|move|p1b: Ursaluna|Facade|p2a: Terapagos\n|-damage|p2a: Terapagos|11/100\n|move|p1a: Farigiraf|Psychic|p2b: Rillaboom\n|-damage|p2b: Rillaboom|82/100\n|move|p2a: Terapagos|Tera Starstorm|p1b: Ursaluna|[spread] p1a,p1b\n|-damage|p1a: Farigiraf|21/100\n|-damage|p1b: Ursaluna|45/100 brn\n|\n|-heal|p2a: Terapagos|17/100|[from] item: Leftovers\n|-damage|p1b: Ursaluna|38/100 brn|[from] brn\n|upkeep\n|turn|3\n|\n|t:|1746153133\n|switch|p1a: Iron Hands|Iron Hands, L50|100/100\n|move|p1b: Ursaluna|Protect|p1b: Ursaluna\n|-singleturn|p1b: Ursaluna|Protect\n|move|p2a: Terapagos|Protect|p2a: Terapagos\n|-singleturn|p2a: Terapagos|Protect\n|move|p2b: Rillaboom|U-turn|p1a: Iron Hands\n|-resisted|p1a: Iron Hands\n|-damage|p1a: Iron Hands|92/100\n|\n|t:|1746153145\n|switch|p2b: Incineroar|Incineroar, L50, M|100/100|[from] U-turn\n|-ability|p2b: Incineroar|Intimidate|boost\n|-unboost|p1a: Iron Hands|atk|1\n|-unboost|p1b: Ursaluna|atk|1\n|\n|-heal|p2a: Terapagos|23/100|[from] item: Leftovers\n|-damage|p1b: Ursaluna|32/100 brn|[from] brn\n|upkeep\n|turn|4\n|\n|t:|1746153170\n|-end|p1a: Iron Hands|Quark Drive|[silent]\n|switch|p1a: Farigiraf|Farigiraf, L50, F|21/100\n|switch|p2a: Rillaboom|Rillaboom, L50, M|82/100\n|-fieldstart|move: Grassy Terrain|[from] ability: Grassy Surge|[of] p2a: Rillaboom\n|move|p1b: Ursaluna|Facade|p2a: Rillaboom\n|-damage|p2a: Rillaboom|0 fnt\n|faint|p2a: Rillaboom\n|move|p2b: Incineroar|Knock Off|p1b: Ursaluna\n|-damage|p1b: Ursaluna|0 fnt\n|-enditem|p1b: Ursaluna|Flame Orb|[from] move: Knock Off|[of] p2b: Incineroar\n|faint|p1b: Ursaluna\n|\n|-heal|p1a: Farigiraf|27/100|[from] Grassy Terrain\n|upkeep\n|\n|t:|1746153184\n|switch|p1b: Iron Hands|Iron Hands, L50|92/100\n|switch|p2a: Eternatus|Eternatus, L50|100/100\n|-ability|p2a: Eternatus|Pressure\n|turn|5\n|\n|t:|1746153193\n|move|p1b: Iron Hands|Drain Punch|p2b: Incineroar\n|-supereffective|p2b: Incineroar\n|-damage|p2b: Incineroar|23/100\n|-heal|p1b: Iron Hands|100/100|[from] drain|[of] p2b: Incineroar\n|move|p1a: Farigiraf|Psychic|p2a: Eternatus\n|-supereffective|p2a: Eternatus\n|-damage|p2a: Eternatus|52/100\n|move|p2b: Incineroar|Will-O-Wisp|p1b: Iron Hands\n|-status|p1b: Iron Hands|brn\n|move|p2a: Eternatus|Cosmic Power|p2a: Eternatus\n|-boost|p2a: Eternatus|def|1\n|-boost|p2a: Eternatus|spd|1\n|\n|-heal|p1a: Farigiraf|33/100|[from] Grassy Terrain\n|-heal|p2b: Incineroar|29/100|[from] Grassy Terrain\n|-heal|p2a: Eternatus|58/100|[from] Grassy Terrain\n|-damage|p1b: Iron Hands|95/100 brn|[from] brn\n|-fieldend|move: Trick Room\n|upkeep\n|turn|6\n|\n|t:|1746153215\n|move|p2a: Eternatus|Recover|p2a: Eternatus\n|-heal|p2a: Eternatus|100/100\n|move|p1a: Farigiraf|Psychic|p2a: Eternatus\n|-supereffective|p2a: Eternatus\n|-crit|p2a: Eternatus\n|-damage|p2a: Eternatus|20/100\n|-enditem|p2a: Eternatus|Sitrus Berry|[eat]\n|-heal|p2a: Eternatus|44/100|[from] item: Sitrus Berry\n|move|p2b: Incineroar|Knock Off|p1a: Farigiraf\n|-supereffective|p1a: Farigiraf\n|-damage|p1a: Farigiraf|0 fnt\n|faint|p1a: Farigiraf\n|move|p1b: Iron Hands|Drain Punch|p2b: Incineroar\n|-supereffective|p2b: Incineroar\n|-damage|p2b: Incineroar|0 fnt\n|-heal|p1b: Iron Hands|100/100 brn|[from] drain|[of] p2b: Incineroar\n|faint|p2b: Incineroar\n|\n|-heal|p2a: Eternatus|50/100|[from] Grassy Terrain\n|-damage|p1b: Iron Hands|95/100 brn|[from] brn\n|upkeep\n|\n|t:|1746153225\n|switch|p1a: Miraidon|Miraidon, L50|91/100\n|switch|p2b: Terapagos|Terapagos-Stellar, L50, M, tera:Stellar|23/100\n|-fieldstart|move: Electric Terrain|[from] ability: Hadron Engine|[of] p1a: Miraidon\n|-activate|p1b: Iron Hands|ability: Quark Drive\n|-start|p1b: Iron Hands|quarkdriveatk\n|turn|7\n|\n|t:|1746153246\n|move|p1a: Miraidon|Draco Meteor|p2a: Eternatus|[miss]\n|-miss|p1a: Miraidon|p2a: Eternatus\n|move|p2a: Eternatus|Recover|p2a: Eternatus\n|-heal|p2a: Eternatus|100/100\n|move|p2b: Terapagos|Tera Starstorm|p1a: Miraidon|[spread] p1a,p1b\n|-damage|p1a: Miraidon|57/100\n|-damage|p1b: Iron Hands|72/100 brn\n|move|p1b: Iron Hands|Drain Punch|p2a: Eternatus\n|-resisted|p2a: Eternatus\n|-damage|p2a: Eternatus|94/100\n|-heal|p1b: Iron Hands|76/100 brn|[from] drain|[of] p2a: Eternatus\n|\n|-heal|p2b: Terapagos|29/100|[from] item: Leftovers\n|-damage|p1b: Iron Hands|70/100 brn|[from] brn\n|upkeep\n|turn|8\n|inactive|Slowandlow gg has 30 seconds left.\n|\n|t:|1746153272\n|move|p2b: Terapagos|Protect|p2b: Terapagos\n|-singleturn|p2b: Terapagos|Protect\n|move|p1a: Miraidon|Draco Meteor|p2a: Eternatus\n|-supereffective|p2a: Eternatus\n|-damage|p2a: Eternatus|0 fnt\n|-unboost|p1a: Miraidon|spa|2\n|faint|p2a: Eternatus\n|-damage|p1a: Miraidon|47/100|[from] item: Life Orb\n|move|p1b: Iron Hands|Drain Punch|p2b: Terapagos\n|-activate|p2b: Terapagos|move: Protect\n|\n|-heal|p2b: Terapagos|35/100|[from] item: Leftovers\n|-damage|p1b: Iron Hands|64/100 brn|[from] brn\n|upkeep\n|turn|9\n|\n|t:|1746153289\n|move|p1a: Miraidon|Electro Drift|p2b: Terapagos\n|-damage|p2b: Terapagos|1/100\n|-damage|p1a: Miraidon|38/100|[from] item: Life Orb\n|move|p2b: Terapagos|Calm Mind|p2b: Terapagos\n|-boost|p2b: Terapagos|spa|1\n|-boost|p2b: Terapagos|spd|1\n|move|p1b: Iron Hands|Drain Punch|p2b: Terapagos\n|-supereffective|p2b: Terapagos\n|-damage|p2b: Terapagos|0 fnt\n|-heal|p1b: Iron Hands|65/100 brn|[from] drain|[of] p2b: Terapagos\n|faint|p2b: Terapagos\n|\n|win|Solalt\n||Solalt is ready for game 2.\n|inactive|Slowandlow gg has 30 seconds to confirm battle start!\n||Slowandlow gg is ready for game 2.\n|uhtml|next|Next: <a href=\"/battle-gen9vgc2025regibo3-2355106697\"><strong>Game 2 of 3</strong></a>\n|l|\u2606Slowandlow gg\n|player|p2|\n|l|\u2606Solalt\n|player|p1|\n|j|\u2606Solalt\n|player|p1|Solalt|sada-ai|\n", "uploadtime": 1746154968, "views": 3, "formatid": "gen9vgc2025regibo3", "rating": null, "private": 0, "password": null}