{"id": "gen9vgc2025regibo3-2354228102", "format": "[Gen 9] VGC 2025 Reg I (Bo3)", "players": ["stifu", "Jesucrit0"], "log": "|j|\u2606stifu\n|j|\u2606Jesucrit0\n|html|<table width=\"100%\"><tr><td align=\"left\">stifu</td><td align=\"right\">Jesucrit0</tr><tr><td align=\"left\"><i class=\"fa fa-circle\"></i> <i class=\"fa fa-circle-o\"></i> </td><td align=\"right\"><i class=\"fa fa-circle-o\"></i> <i class=\"fa fa-circle-o\"></i> </tr></table>\n|uhtml|bestof|<h2><strong>Game 2</strong> of <a href=\"/game-bestof3-gen9vgc2025regibo3-2354225603\">a best-of-3</a></h2>\n|t:|1746046805\n|gametype|doubles\n|player|p1|stifu|2|1069\n|player|p2|Jesucrit0|buck|1000\n|teamsize|p1|6\n|teamsize|p2|6\n|gen|9\n|tier|[Gen 9] VGC 2025 Reg I (Bo3)\n|rated|\n|rule|Species Clause: Limit one of each Pok\u00e9mon\n|rule|Item Clause: Limit 1 of each item\n|clearpoke\n|poke|p1|Calyrex-Ice, L50|\n|poke|p1|Smeargle, L50, M|\n|poke|p1|Ursaluna, L50, M|\n|poke|p1|Indeedee-F, L50, F|\n|poke|p1|Kyogre, L50|\n|poke|p1|Ditto, L50|\n|poke|p2|Palkia-Origin, L50|\n|poke|p2|Farigiraf, L50, M|\n|poke|p2|Calyrex-Ice, L50|\n|poke|p2|Rillaboom, L50, F|\n|poke|p2|Urshifu-*, L50, F|\n|poke|p2|Chi-Yu, L50|\n|teampreview|4\n|showteam|p1|Calyrex-Ice||ClearAmulet|AsOneGlastrier|GlacialLance,HighHorsepower,Protect,TrickRoom||||||50|,,,,,Normal]Smeargle||FocusSash|Moody|Spore,WideGuard,FakeOut,Decorate|||M|||50|,,,,,Grass]Ursaluna||FlameOrb|Guts|Protect,Facade,HeadlongRush,Crunch|||M|||50|,,,,,Water]Indeedee-F||PsychicSeed|PsychicSurge|FollowMe,TrickRoom,HealPulse,Psychic|||F|||50|,,,,,Fairy]Kyogre||MysticWater|Drizzle|OriginPulse,IceBeam,WaterSpout,Protect||||||50|,,,,,Grass]Ditto||RoomService|Imposter|Transform||||||50|,,,,,Normal\n|showteam|p2|Palkia-Origin||LustrousGlobe|Pressure|SpacialRend,Protect,HydroPump,RainDance||||||50|,,,,,Fairy]Farigiraf||SafetyGoggles|ArmorTail|FoulPlay,Psychic,HelpingHand,TrickRoom|||M|||50|,,,,,Water]Calyrex-Ice||ClearAmulet|AsOneGlastrier|GlacialLance,HighHorsepower,Protect,TrickRoom||||||50|,,,,,Fairy]Rillaboom||AssaultVest|GrassySurge|GrassyGlide,WoodHammer,FakeOut,Uturn|||F|||50|,,,,,Fire]Urshifu-Rapid-Strike||MysticWater|UnseenFist|SurgingStrikes,CloseCombat,Protect,AquaJet|||F|||50|,,,,,Water]Chi-Yu||ChoiceScarf|BeadsofRuin|HeatWave,Overheat,DarkPulse,Snarl||||||50|,,,,,Fire\n|inactive|Battle timer is ON: inactive players will automatically lose when time's up. (requested by stifu)\n|inactive|Jesucrit0 has 60 seconds left.\n|\n|t:|1746046885\n|start\n|switch|p1a: Indeedee|Indeedee-F, L50, F|100/100\n|switch|p1b: Calyrex|Calyrex-Ice, L50|100/100\n|switch|p2a: Wanted to b Shiny|Chi-Yu, L50|100/100\n|switch|p2b: iShowSpeed|Calyrex-Ice, L50|100/100\n|-ability|p1b: Calyrex|As One\n|-ability|p1b: Calyrex|Unnerve\n|-ability|p2b: iShowSpeed|As One\n|-ability|p2b: iShowSpeed|Unnerve\n|-ability|p2a: Wanted to b Shiny|Beads of Ruin\n|-fieldstart|move: Psychic Terrain|[from] ability: Psychic Surge|[of] p1a: Indeedee\n|-enditem|p1a: Indeedee|Psychic Seed\n|-boost|p1a: Indeedee|spd|1|[from] item: Psychic Seed\n|turn|1\n|inactive|stifu has 30 seconds left.\n|inactive|Jesucrit0 has 30 seconds left.\n|inactive|stifu has 20 seconds left.\n|inactive|Jesucrit0 has 20 seconds left.\n|\n|t:|1746046923\n|-terastallize|p1b: Calyrex|Normal\n|move|p2a: Wanted to b Shiny|Heat Wave|p1b: Calyrex|[spread] p1a\n|-miss|p2a: Wanted to b Shiny|p1b: Calyrex\n|-damage|p1a: Indeedee|69/100\n|move|p1a: Indeedee|Heal Pulse|p1b: Calyrex\n|-fail|p1b: Calyrex|heal\n|move|p1b: Calyrex|High Horsepower|p2a: Wanted to b Shiny\n|-supereffective|p2a: Wanted to b Shiny\n|-damage|p2a: Wanted to b Shiny|0 fnt\n|faint|p2a: Wanted to b Shiny\n|-ability|p1b: Calyrex|Chilling Neigh|boost\n|-boost|p1b: Calyrex|atk|1\n|move|p2b: iShowSpeed|Glacial Lance|p1b: Calyrex|[spread] p1a,p1b\n|-damage|p1a: Indeedee|15/100\n|-damage|p1b: Calyrex|67/100\n|\n|upkeep\n|\n|t:|1746046944\n|switch|p2a: 100 Men|Rillaboom, L50, F|100/100\n|-fieldstart|move: Grassy Terrain|[from] ability: Grassy Surge|[of] p2a: 100 Men\n|turn|2\n|inactive|Jesucrit0 has 30 seconds left.\n|\n|t:|1746046971\n|switch|p1a: Ditto|Ditto, L50|100/100\n|-transform|p1a: Ditto|p2b: iShowSpeed|[from] ability: Imposter\n|-ability|p1a: Ditto|As One\n|-ability|p1a: Ditto|Unnerve\n|-terastallize|p2a: 100 Men|Fire\n|move|p1b: Calyrex|Protect|p1b: Calyrex\n|-singleturn|p1b: Calyrex|Protect\n|move|p2a: 100 Men|Wood Hammer|p1a: Ditto\n|-damage|p1a: Ditto|37/100\n|-damage|p2a: 100 Men|85/100|[from] Recoil\n|move|p2b: iShowSpeed|Glacial Lance|p1a: Ditto|[spread] p1a\n|-activate|p1b: Calyrex|move: Protect\n|-resisted|p1a: Ditto\n|-damage|p1a: Ditto|15/100\n|\n|-heal|p2a: 100 Men|90/100|[from] Grassy Terrain\n|-heal|p1b: Calyrex|72/100|[from] Grassy Terrain\n|-heal|p1a: Ditto|20/100|[from] Grassy Terrain\n|upkeep\n|turn|3\n|inactive|stifu has 30 seconds left.\n|inactive|Jesucrit0 has 30 seconds left.\n|inactive|stifu has 20 seconds left.\n|inactive|Jesucrit0 has 20 seconds left.\n|inactive|stifu has 15 seconds left.\n|\n|t:|1746047014\n|switch|p1b: Indeedee|Indeedee-F, L50, F|15/100\n|-fieldstart|move: Psychic Terrain|[from] ability: Psychic Surge|[of] p1b: Indeedee\n|move|p2a: 100 Men|Wood Hammer|p1b: Indeedee\n|-damage|p1b: Indeedee|0 fnt\n|faint|p1b: Indeedee\n|-damage|p2a: 100 Men|86/100|[from] Recoil\n|move|p2b: iShowSpeed|Glacial Lance|p1a: Ditto\n|-resisted|p1a: Ditto\n|-damage|p1a: Ditto|0 fnt\n|faint|p1a: Ditto\n|-ability|p2b: iShowSpeed|Chilling Neigh|boost\n|-boost|p2b: iShowSpeed|atk|1\n|\n|upkeep\n|\n|t:|1746047024\n|switch|p1b: Calyrex|Calyrex-Ice, L50, tera:Normal|72/100\n|switch|p1a: Ursaluna|Ursaluna, L50, M|100/100\n|-ability|p1b: Calyrex|As One\n|-ability|p1b: Calyrex|Unnerve\n|turn|4\n|inactive|Jesucrit0 has 30 seconds left.\n|inactive|Jesucrit0 has 20 seconds left.\n|inactive|Jesucrit0 has 15 seconds left.\n|inactive|Jesucrit0 has 10 seconds left.\n|\n|t:|1746047073\n|move|p2b: iShowSpeed|Protect|p2b: iShowSpeed\n|-singleturn|p2b: iShowSpeed|Protect\n|move|p1a: Ursaluna|Protect|p1a: Ursaluna\n|-singleturn|p1a: Ursaluna|Protect\n|move|p2a: 100 Men|U-turn|p1b: Calyrex\n|-damage|p1b: Calyrex|58/100\n|\n|t:|1746047079\n|switch|p2a: Sing about me|Palkia-Origin, L50, shiny|100/100|[from] U-turn\n|-ability|p2a: Sing about me|Pressure\n|move|p1b: Calyrex|Trick Room|p1b: Calyrex\n|-fieldstart|move: Trick Room|[of] p1b: Calyrex\n|\n|-status|p1a: Ursaluna|brn|[from] item: Flame Orb\n|upkeep\n|turn|5\n|inactive|Jesucrit0 has 30 seconds left.\n|inactive|Jesucrit0 has 20 seconds left.\n|inactive|Jesucrit0 has 15 seconds left.\n|inactive|Jesucrit0 has 10 seconds left.\n|inactive|Jesucrit0 has 5 seconds left.\n|\n|t:|1746047134\n|switch|p2a: 100 Men|Rillaboom, L50, F, tera:Fire|86/100\n|-fieldstart|move: Grassy Terrain|[from] ability: Grassy Surge|[of] p2a: 100 Men\n|move|p1a: Ursaluna|Crunch|p2b: iShowSpeed\n|-supereffective|p2b: iShowSpeed\n|-damage|p2b: iShowSpeed|42/100\n|move|p1b: Calyrex|Glacial Lance|p2b: iShowSpeed|[spread] p2a,p2b\n|-resisted|p2a: 100 Men\n|-resisted|p2b: iShowSpeed\n|-damage|p2a: 100 Men|60/100\n|-damage|p2b: iShowSpeed|25/100\n|move|p2b: iShowSpeed|Trick Room|p2b: iShowSpeed\n|-fieldend|move: Trick Room\n|\n|-heal|p2a: 100 Men|66/100|[from] Grassy Terrain\n|-heal|p1b: Calyrex|63/100|[from] Grassy Terrain\n|-heal|p2b: iShowSpeed|31/100|[from] Grassy Terrain\n|-damage|p1a: Ursaluna|95/100 brn|[from] brn\n|upkeep\n|turn|6\n|inactive|stifu has 30 seconds left.\n|inactive|Jesucrit0 has 30 seconds left.\n|inactive|Jesucrit0 has 20 seconds left.\n|inactive|Jesucrit0 has 15 seconds left.\n|\n|t:|1746047174\n|move|p1b: Calyrex|Protect|p1b: Calyrex\n|-singleturn|p1b: Calyrex|Protect\n|move|p1a: Ursaluna|Protect|p1a: Ursaluna\n|-singleturn|p1a: Ursaluna|Protect\n|move|p2a: 100 Men|Wood Hammer|p1b: Calyrex\n|-activate|p1b: Calyrex|move: Protect\n|move|p2b: iShowSpeed|Glacial Lance|p1a: Ursaluna|[spread] \n|-activate|p1a: Ursaluna|move: Protect\n|-activate|p1b: Calyrex|move: Protect\n|\n|-heal|p2a: 100 Men|72/100|[from] Grassy Terrain\n|-heal|p1b: Calyrex|69/100|[from] Grassy Terrain\n|-heal|p2b: iShowSpeed|36/100|[from] Grassy Terrain\n|-heal|p1a: Ursaluna|100/100 brn|[from] Grassy Terrain\n|-damage|p1a: Ursaluna|95/100 brn|[from] brn\n|upkeep\n|turn|7\n|\n|t:|1746047199\n|move|p2a: 100 Men|Wood Hammer|p1b: Calyrex\n|-damage|p1b: Calyrex|27/100\n|-damage|p2a: 100 Men|58/100|[from] Recoil\n|move|p2b: iShowSpeed|Glacial Lance|p1b: Calyrex|[spread] p1a,p1b\n|-supereffective|p1a: Ursaluna\n|-damage|p1a: Ursaluna|0 fnt\n|-damage|p1b: Calyrex|0 fnt\n|faint|p1a: Ursaluna\n|faint|p1b: Calyrex\n|\n|win|Jesucrit0\n||stifu is ready for game 3.\n|inactive|Jesucrit0 has 30 seconds to confirm battle start!\n||Jesucrit0 is ready for game 3.\n|uhtml|next|Next: <a href=\"/battle-gen9vgc2025regibo3-2354232134\"><strong>Game 3 of 3</strong></a>\n|l|\u2606stifu\n|player|p1|\n", "uploadtime": 1746047508, "views": 6, "formatid": "gen9vgc2025regibo3", "rating": null, "private": 0, "password": null}