{"id": "gen9vgc2025regibo3-2355120226", "format": "[Gen 9] VGC 2025 Reg I (Bo3)", "players": ["aefrmm", "raylof"], "log": "|j|\u2606aefrmm\n|j|\u2606raylof\n|html|<table width=\"100%\"><tr><td align=\"left\">aefrmm</td><td align=\"right\">raylof</tr><tr><td align=\"left\"><i class=\"fa fa-circle-o\"></i> <i class=\"fa fa-circle-o\"></i> </td><td align=\"right\"><i class=\"fa fa-circle-o\"></i> <i class=\"fa fa-circle-o\"></i> </tr></table>\n|uhtml|bestof|<h2><strong>Game 1</strong> of <a href=\"/game-bestof3-gen9vgc2025regibo3-2355120225\">a best-of-3</a></h2>\n|t:|1746155020\n|gametype|doubles\n|player|p1|aefrmm|pokemonrangerf-gen4|\n|player|p2|raylof|102|\n|teamsize|p1|6\n|teamsize|p2|6\n|gen|9\n|tier|[Gen 9] VGC 2025 Reg I (Bo3)\n|rule|Species Clause: Limit one of each Pok\u00e9mon\n|rule|Item Clause: Limit 1 of each item\n|clearpoke\n|poke|p1|Indeedee-F, L50, F|\n|poke|p1|Calyrex-Ice, L50|\n|poke|p1|Ursaluna-Bloodmoon, L50, M|\n|poke|p1|Smeargle, L50, M|\n|poke|p1|Lunala, L50|\n|poke|p1|Urshifu-*, L50, M|\n|poke|p2|Miraidon, L50|\n|poke|p2|Calyrex-Ice, L50|\n|poke|p2|Iron Hands, L50|\n|poke|p2|Farigiraf, L50, M|\n|poke|p2|Whimsicott, L50, F|\n|poke|p2|Ogerpon-Hearthflame, L50, F|\n|teampreview|4\n|showteam|p1|Indeedee-F||RockyHelmet|PsychicSurge|Psychic,TrickRoom,FollowMe,HelpingHand|||F|||50|,,,,,Fairy]Calyrex-Ice||ClearAmulet|AsOneGlastrier|GlacialLance,HighHorsepower,Protect,TrickRoom||||||50|,,,,,Fire]Ursaluna-Bloodmoon||LifeOrb|MindsEye|EarthPower,HyperVoice,BloodMoon,Protect|||M|||50|,,,,,Normal]Smeargle||FocusSash|OwnTempo|FollowMe,FakeOut,Decorate,Spore|||M|||50|,,,,,Grass]Lunala||PowerHerb|ShadowShield|ExpandingForce,TrickRoom,MoongeistBeam,MeteorBeam||||||50|,,,,,Grass]Urshifu||ChoiceBand|UnseenFist|WickedBlow,SuckerPunch,CloseCombat,IronHead|||M|||50|,,,,,Grass\n|showteam|p2|Miraidon||ChoiceSpecs|HadronEngine|ElectroDrift,DracoMeteor,VoltSwitch,DazzlingGleam||||||50|,,,,,Fairy]Calyrex-Ice||ClearAmulet|AsOneGlastrier|GlacialLance,HighHorsepower,TrickRoom,Protect||||||50|,,,,,Fire]Iron Hands||AssaultVest|QuarkDrive|FakeOut,LowKick,DrainPunch,WildCharge||||||50|,,,,,Bug]Farigiraf||ElectricSeed|ArmorTail|FoulPlay,PsychicNoise,TrickRoom,HelpingHand|||M|||50|,,,,,Water]Whimsicott||CovertCloak|Prankster|Moonblast,Tailwind,LightScreen,Encore|||F|||50|,,,,,Dark]Ogerpon-Hearthflame||HearthflameMask|MoldBreaker|IvyCudgel,WoodHammer,FollowMe,SpikyShield|||F|||50|,,,,,Fire\n|\n|t:|1746155097\n|start\n|switch|p1a: Lunala|Lunala, L50, shiny|100/100\n|switch|p1b: Smeargle|Smeargle, L50, M, shiny|100/100\n|switch|p2a: Miraidon|Miraidon, L50|100/100\n|switch|p2b: Whimsicott|Whimsicott, L50, F|100/100\n|-fieldstart|move: Electric Terrain|[from] ability: Hadron Engine|[of] p2a: Miraidon\n|turn|1\n|\n|t:|1746155145\n|switch|p2a: Ogerpon|Ogerpon-Hearthflame, L50, F|100/100\n|-ability|p2a: Ogerpon|Mold Breaker\n|switch|p1a: Indeedee|Indeedee-F, L50, F|100/100\n|-fieldstart|move: Psychic Terrain|[from] ability: Psychic Surge|[of] p1a: Indeedee\n|move|p2b: Whimsicott|Light Screen|p2b: Whimsicott\n|-sidestart|p2: raylof|move: Light Screen\n|move|p1b: Smeargle|Spore|p2a: Ogerpon\n|-immune|p2a: Ogerpon\n|\n|upkeep\n|turn|2\n|\n|t:|1746155181\n|switch|p2b: Miraidon|Miraidon, L50|100/100\n|-fieldstart|move: Electric Terrain|[from] ability: Hadron Engine|[of] p2b: Miraidon\n|switch|p1b: Lunala|Lunala, L50, shiny|100/100\n|move|p2a: Ogerpon|Ivy Cudgel|p1b: Lunala|[anim] Ivy Cudgel Fire\n|-damage|p1b: Lunala|78/100\n|move|p1a: Indeedee|Trick Room|p1a: Indeedee\n|-fieldstart|move: Trick Room|[of] p1a: Indeedee\n|\n|upkeep\n|turn|3\n|\n|t:|1746155208\n|switch|p2b: Whimsicott|Whimsicott, L50, F|100/100\n|move|p1a: Indeedee|Helping Hand|p1b: Lunala\n|-singleturn|p1b: Lunala|Helping Hand|[of] p1a: Indeedee\n|move|p2a: Ogerpon|Spiky Shield|p2a: Ogerpon\n|-singleturn|p2a: Ogerpon|move: Protect\n|move|p1b: Lunala|Meteor Beam||[still]\n|-prepare|p1b: Lunala|Meteor Beam\n|-boost|p1b: Lunala|spa|1\n|-enditem|p1b: Lunala|Power Herb\n|-anim|p1b: Lunala|Meteor Beam|p2a: Ogerpon\n|-activate|p2a: Ogerpon|move: Protect\n|\n|upkeep\n|turn|4\n|\n|t:|1746155242\n|switch|p1a: Smeargle|Smeargle, L50, M, shiny|100/100\n|-terastallize|p2a: Ogerpon|Fire\n|detailschange|p2a: Ogerpon|Ogerpon-Hearthflame-Tera, L50, F, tera:Fire\n|-ability|p2a: Ogerpon|Embody Aspect (Hearthflame)|boost\n|-boost|p2a: Ogerpon|atk|1\n|move|p2b: Whimsicott|Encore|p1b: Lunala\n|-start|p1b: Lunala|Encore\n|move|p1b: Lunala|Meteor Beam||[still]\n|-prepare|p1b: Lunala|Meteor Beam\n|-boost|p1b: Lunala|spa|1\n|move|p2a: Ogerpon|Ivy Cudgel|p1b: Lunala|[anim] Ivy Cudgel Fire\n|-damage|p1b: Lunala|0 fnt\n|faint|p1b: Lunala\n|\n|upkeep\n|\n|t:|1746155258\n|switch|p1b: Urshifu|Urshifu, L50, M|100/100\n|turn|5\n|\n|t:|1746155297\n|-terastallize|p1b: Urshifu|Grass\n|move|p1a: Smeargle|Decorate|p1b: Urshifu\n|-boost|p1b: Urshifu|atk|2\n|-boost|p1b: Urshifu|spa|2\n|move|p1b: Urshifu|Wicked Blow|p2a: Ogerpon\n|-crit|p2a: Ogerpon\n|-damage|p2a: Ogerpon|0 fnt\n|faint|p2a: Ogerpon\n|move|p2b: Whimsicott|Moonblast|p1b: Urshifu\n|-damage|p1b: Urshifu|68/100\n|\n|-sideend|p2: raylof|move: Light Screen\n|upkeep\n|\n|t:|1746155310\n|switch|p2a: Calyrex|Calyrex-Ice, L50|100/100\n|-ability|p2a: Calyrex|As One\n|-ability|p2a: Calyrex|Unnerve\n|turn|6\n|\n|t:|1746155334\n|switch|p1b: Indeedee|Indeedee-F, L50, F|100/100\n|-fieldstart|move: Psychic Terrain|[from] ability: Psychic Surge|[of] p1b: Indeedee\n|move|p2b: Whimsicott|Encore|p1a: Smeargle\n|-activate|p1a: Smeargle|move: Psychic Terrain\n|move|p1a: Smeargle|Spore|p2a: Calyrex\n|-status|p2a: Calyrex|slp|[from] move: Spore\n|cant|p2a: Calyrex|slp\n|\n|-fieldend|move: Trick Room\n|upkeep\n|turn|7\n|\n|t:|1746155381\n|switch|p1a: Urshifu|Urshifu, L50, M, tera:Grass|68/100\n|move|p2b: Whimsicott|Moonblast|p1a: Urshifu\n|-damage|p1a: Urshifu|33/100\n|cant|p2a: Calyrex|slp\n|move|p1b: Indeedee|Trick Room|p1b: Indeedee\n|-fieldstart|move: Trick Room|[of] p1b: Indeedee\n|\n|upkeep\n|turn|8\n|\n|t:|1746155406\n|switch|p2a: Miraidon|Miraidon, L50|100/100\n|-fieldstart|move: Electric Terrain|[from] ability: Hadron Engine|[of] p2a: Miraidon\n|move|p1b: Indeedee|Follow Me|p1b: Indeedee\n|-singleturn|p1b: Indeedee|move: Follow Me\n|move|p1a: Urshifu|Iron Head|p2a: Miraidon\n|-resisted|p2a: Miraidon\n|-damage|p2a: Miraidon|78/100\n|move|p2b: Whimsicott|Moonblast|p1b: Indeedee\n|-damage|p1b: Indeedee|75/100\n|-unboost|p1b: Indeedee|spa|1\n|\n|upkeep\n|turn|9\n|\n|t:|1746155440\n|move|p1b: Indeedee|Follow Me|p1b: Indeedee\n|-singleturn|p1b: Indeedee|move: Follow Me\n|move|p1a: Urshifu|Iron Head|p2b: Whimsicott\n|-supereffective|p2b: Whimsicott\n|-damage|p2b: Whimsicott|0 fnt\n|faint|p2b: Whimsicott\n|move|p2a: Miraidon|Volt Switch|p1b: Indeedee\n|-damage|p1b: Indeedee|0 fnt\n|faint|p1b: Indeedee\n|\n|t:|1746155447\n|switch|p2a: Calyrex|Calyrex-Ice, L50|100/100 slp|[from] Volt Switch\n|-ability|p2a: Calyrex|As One\n|-ability|p2a: Calyrex|Unnerve\n|\n|upkeep\n|\n|t:|1746155452\n|switch|p1b: Smeargle|Smeargle, L50, M, shiny|100/100\n|switch|p2b: Miraidon|Miraidon, L50|78/100\n|-activate|p2b: Miraidon|ability: Hadron Engine\n|turn|10\n|\n|t:|1746155472\n|move|p1b: Smeargle|Fake Out|p2b: Miraidon\n|-damage|p2b: Miraidon|72/100\n|-curestatus|p2a: Calyrex|slp|[msg]\n|move|p2a: Calyrex|Glacial Lance|p1b: Smeargle|[spread] p1a,p1b\n|-supereffective|p1a: Urshifu\n|-damage|p1a: Urshifu|0 fnt\n|-damage|p1b: Smeargle|17/100\n|faint|p1a: Urshifu\n|-ability|p2a: Calyrex|Chilling Neigh|boost\n|-boost|p2a: Calyrex|atk|1\n|cant|p2b: Miraidon|flinch\n|\n|upkeep\n|turn|11\n|\n|t:|1746155488\n|move|p1b: Smeargle|Decorate|p2a: Calyrex\n|-boost|p2a: Calyrex|atk|2\n|-boost|p2a: Calyrex|spa|2\n|move|p2a: Calyrex|Glacial Lance|p1b: Smeargle\n|-damage|p1b: Smeargle|0 fnt\n|faint|p1b: Smeargle\n|\n|win|raylof\n||aefrmm is ready for game 2.\n", "uploadtime": 1746155495, "views": 13, "formatid": "gen9vgc2025regibo3", "rating": null, "private": 0, "password": null}