{"id": "gen9vgc2025regibo3-2353564423", "format": "[Gen 9] VGC 2025 Reg I (Bo3)", "players": ["jahreed", "Pokenube66"], "log": "|j|\u2606jahreed\n|j|\u2606Pokenube66\n|html|<table width=\"100%\"><tr><td align=\"left\">jahreed</td><td align=\"right\">Pokenube66</tr><tr><td align=\"left\"><i class=\"fa fa-circle\"></i> <i class=\"fa fa-circle-o\"></i> </td><td align=\"right\"><i class=\"fa fa-circle-o\"></i> <i class=\"fa fa-circle\"></i> </tr></table>\n|uhtml|bestof|<h2><strong>Game 3</strong> of <a href=\"/game-bestof3-gen9vgc2025regibo3-2353558368\">a best-of-3</a></h2>\n|t:|1745968868\n|gametype|doubles\n|player|p1|jahreed|pryce|1156\n|player|p2|Pokenube66|102|1079\n|teamsize|p1|6\n|teamsize|p2|6\n|gen|9\n|tier|[Gen 9] VGC 2025 Reg I (Bo3)\n|rated|\n|rule|Species Clause: Limit one of each Pok\u00e9mon\n|rule|Item Clause: Limit 1 of each item\n|clearpoke\n|poke|p1|Zamazenta-*, L50|\n|poke|p1|Calyrex-Shadow, L50|\n|poke|p1|Tornadus, L50, M|\n|poke|p1|Urshifu-*, L50, M|\n|poke|p1|Rillaboom, L50, M|\n|poke|p1|Chien-Pao, L50|\n|poke|p2|Koraidon, L50|\n|poke|p2|Incineroar, L50, F|\n|poke|p2|Calyrex-Shadow, L50|\n|poke|p2|Thundurus, L50, M|\n|poke|p2|Raging Bolt, L50|\n|poke|p2|Entei, L50|\n|teampreview|4\n|showteam|p1|Zamazenta-Crowned||RustedShield|DauntlessShield|BodyPress,behemothbash,WideGuard,Protect||||||50|,,,,,Ghost]Calyrex-Shadow||LifeOrb|AsOneSpectrier|AstralBarrage,Psychic,DarkPulse,Protect||||||50|,,,,,Dark]Tornadus||CovertCloak|Prankster|BleakwindStorm,Tailwind,RainDance,Protect|||M|||50|,,,,,Dark]Urshifu-Rapid-Strike||MysticWater|UnseenFist|SurgingStrikes,Taunt,AquaJet,Detect|||M|||50|,,,,,Water]Rillaboom||AssaultVest|GrassySurge|WoodHammer,GrassyGlide,Uturn,FakeOut|||M|||50|,,,,,Fire]Chien-Pao||FocusSash|SwordofRuin|SuckerPunch,SacredSword,IcicleCrash,Protect||||||50|,,,,,Ghost\n|showteam|p2|Koraidon||LifeOrb|OrichalcumPulse|CloseCombat,FlareBlitz,FlameCharge,Protect||||||50|,,,,,Fire]Incineroar||SafetyGoggles|Intimidate|FakeOut,PartingShot,KnockOff,Taunt|||F|||50|,,,,,Ghost]Calyrex-Shadow||FocusSash|AsOneSpectrier|AstralBarrage,Protect,Psyshock,NastyPlot||||||50|,,,,,Fairy]Thundurus||CovertCloak|Prankster|EerieImpulse,ThunderWave,SunnyDay,Thunderbolt|||M|||50|,,,,,Dark]Raging Bolt||AssaultVest|Protosynthesis|Thunderclap,Thunderbolt,DracoMeteor,TeraBlast||||||50|,,,,,Steel]Entei||ChoiceBand|InnerFocus|SacredFire,ExtremeSpeed,StompingTantrum,DoubleEdge||||||50|,,,,,Normal\n|inactive|Battle timer is ON: inactive players will automatically lose when time's up. (requested by jahreed)\n|inactive|Pokenube66 has 60 seconds left.\n|inactive|jahreed has 60 seconds left.\n|inactive|Pokenube66 has 30 seconds left.\n|inactive|Pokenube66 has 20 seconds left.\n|inactive|Pokenube66 has 15 seconds left.\n|\n|t:|1745968947\n|start\n|switch|p1a: Rillaboom|Rillaboom, L50, M|100/100\n|switch|p1b: Calyrex|Calyrex-Shadow, L50|100/100\n|switch|p2a: Entei|Entei, L50, shiny|100/100\n|switch|p2b: Thundurus|Thundurus, L50, M|100/100\n|-ability|p1b: Calyrex|As One\n|-ability|p1b: Calyrex|Unnerve\n|-fieldstart|move: Grassy Terrain|[from] ability: Grassy Surge|[of] p1a: Rillaboom\n|turn|1\n|inactive|jahreed has 30 seconds left.\n|inactive|Pokenube66 has 30 seconds left.\n|inactive|jahreed has 20 seconds left.\n|inactive|Pokenube66 has 20 seconds left.\n|inactive|jahreed has 15 seconds left.\n|inactive|jahreed has 10 seconds left.\n|\n|t:|1745968996\n|-terastallize|p1b: Calyrex|Dark\n|move|p2b: Thundurus|Sunny Day|p2b: Thundurus\n|-weather|SunnyDay\n|move|p1b: Calyrex|Astral Barrage|p2a: Entei|[spread] p2a,p2b\n|-damage|p2a: Entei|25/100\n|-damage|p2b: Thundurus|31/100\n|-damage|p1b: Calyrex|91/100|[from] item: Life Orb\n|move|p2a: Entei|Sacred Fire|p1b: Calyrex\n|-damage|p1b: Calyrex|0 fnt\n|faint|p1b: Calyrex\n|move|p1a: Rillaboom|U-turn|p2a: Entei\n|-resisted|p2a: Entei\n|-damage|p2a: Entei|14/100\n|\n|t:|1745969006\n|switch|p1a: Zamazenta|Zamazenta-Crowned, L50|100/100|[from] U-turn\n|-ability|p1a: Zamazenta|Dauntless Shield|boost\n|-boost|p1a: Zamazenta|def|1\n|\n|-weather|SunnyDay|[upkeep]\n|-heal|p2a: Entei|20/100|[from] Grassy Terrain\n|upkeep\n|\n|t:|1745969008\n|switch|p1b: Chien-Pao|Chien-Pao, L50|100/100\n|-ability|p1b: Chien-Pao|Sword of Ruin\n|turn|2\n|inactive|Pokenube66 has 30 seconds left.\n|inactive|Pokenube66 has 20 seconds left.\n|inactive|Pokenube66 has 15 seconds left.\n|\n|t:|1745969049\n|move|p2b: Thundurus|Thunder Wave|p1a: Zamazenta|[miss]\n|-miss|p2b: Thundurus|p1a: Zamazenta\n|move|p1b: Chien-Pao|Icicle Crash|p2b: Thundurus\n|-supereffective|p2b: Thundurus\n|-damage|p2b: Thundurus|0 fnt\n|faint|p2b: Thundurus\n|move|p1a: Zamazenta|Body Press|p2a: Entei\n|-damage|p2a: Entei|0 fnt\n|faint|p2a: Entei\n|\n|-weather|SunnyDay|[upkeep]\n|upkeep\n|\n|t:|1745969064\n|switch|p2a: Koraidon|Koraidon, L50|100/100\n|switch|p2b: Raging Bolt|Raging Bolt, L50|100/100\n|-activate|p2a: Koraidon|ability: Orichalcum Pulse\n|-activate|p2b: Raging Bolt|ability: Protosynthesis\n|-start|p2b: Raging Bolt|protosynthesisspa\n|turn|3\n|\n|t:|1745969085\n|-terastallize|p2a: Koraidon|Fire\n|move|p2b: Raging Bolt|Thunderclap|p1b: Chien-Pao\n|-damage|p1b: Chien-Pao|22/100\n|move|p1b: Chien-Pao|Icicle Crash|p2a: Koraidon|[miss]\n|-miss|p1b: Chien-Pao|p2a: Koraidon\n|move|p2a: Koraidon|Flame Charge|p1b: Chien-Pao\n|-supereffective|p1b: Chien-Pao\n|-damage|p1b: Chien-Pao|0 fnt\n|-boost|p2a: Koraidon|spe|1\n|faint|p1b: Chien-Pao\n|-damage|p2a: Koraidon|90/100|[from] item: Life Orb\n|move|p1a: Zamazenta|Body Press|p2a: Koraidon\n|-damage|p2a: Koraidon|29/100\n|\n|-weather|SunnyDay|[upkeep]\n|-heal|p2a: Koraidon|35/100|[from] Grassy Terrain\n|upkeep\n|\n|t:|1745969088\n|switch|p1b: Rillaboom|Rillaboom, L50, M|100/100\n|turn|4\n|\n|t:|1745969112\n|move|p2a: Koraidon|Protect|p2a: Koraidon\n|-singleturn|p2a: Koraidon|Protect\n|move|p1b: Rillaboom|Fake Out|p2a: Koraidon\n|-activate|p2a: Koraidon|move: Protect\n|move|p1a: Zamazenta|Body Press|p2a: Koraidon\n|-activate|p2a: Koraidon|move: Protect\n|move|p2b: Raging Bolt|Draco Meteor|p1a: Zamazenta\n|-resisted|p1a: Zamazenta\n|-damage|p1a: Zamazenta|61/100\n|-unboost|p2b: Raging Bolt|spa|2\n|\n|-weather|SunnyDay|[upkeep]\n|-heal|p2a: Koraidon|40/100|[from] Grassy Terrain\n|-heal|p1a: Zamazenta|67/100|[from] Grassy Terrain\n|upkeep\n|turn|5\n|inactive|jahreed has 30 seconds left.\n|inactive|Pokenube66 has 30 seconds left.\n|inactive|Pokenube66 has 20 seconds left.\n|inactive|Pokenube66 has 15 seconds left.\n|inactive|Pokenube66 has 10 seconds left.\n|\n|t:|1745969157\n|move|p1a: Zamazenta|Protect|p1a: Zamazenta\n|-singleturn|p1a: Zamazenta|Protect\n|move|p2a: Koraidon|Close Combat|p1a: Zamazenta\n|-activate|p1a: Zamazenta|move: Protect\n|move|p2b: Raging Bolt|Draco Meteor|p1b: Rillaboom\n|-damage|p1b: Rillaboom|70/100\n|-unboost|p2b: Raging Bolt|spa|2\n|move|p1b: Rillaboom|Wood Hammer|p2b: Raging Bolt\n|-resisted|p2b: Raging Bolt\n|-damage|p2b: Raging Bolt|69/100\n|-damage|p1b: Rillaboom|59/100|[from] Recoil\n|\n|-weather|none\n|-end|p2b: Raging Bolt|Protosynthesis\n|-heal|p2a: Koraidon|46/100|[from] Grassy Terrain\n|-heal|p1a: Zamazenta|73/100|[from] Grassy Terrain\n|-heal|p2b: Raging Bolt|75/100|[from] Grassy Terrain\n|-heal|p1b: Rillaboom|65/100|[from] Grassy Terrain\n|-fieldend|move: Grassy Terrain\n|upkeep\n|turn|6\n|inactive|jahreed has 30 seconds left.\n|\n|t:|1745969182\n|move|p2a: Koraidon|Close Combat|p1a: Zamazenta\n|-supereffective|p1a: Zamazenta\n|-damage|p1a: Zamazenta|0 fnt\n|-unboost|p2a: Koraidon|def|1\n|-unboost|p2a: Koraidon|spd|1\n|faint|p1a: Zamazenta\n|-damage|p2a: Koraidon|36/100|[from] item: Life Orb\n|move|p2b: Raging Bolt|Draco Meteor|p1b: Rillaboom\n|-damage|p1b: Rillaboom|51/100\n|-unboost|p2b: Raging Bolt|spa|2\n|move|p1b: Rillaboom|Grassy Glide|p2b: Raging Bolt\n|-resisted|p2b: Raging Bolt\n|-damage|p2b: Raging Bolt|64/100\n|\n|upkeep\n|turn|7\n|\n|t:|1745969202\n|move|p2a: Koraidon|Flare Blitz|p1b: Rillaboom\n|-supereffective|p1b: Rillaboom\n|-damage|p1b: Rillaboom|0 fnt\n|faint|p1b: Rillaboom\n|-damage|p2a: Koraidon|18/100|[from] Recoil\n|-damage|p2a: Koraidon|8/100|[from] item: Life Orb\n|\n|win|Pokenube66\n|raw|jahreed's rating: 1156 &rarr; <strong>1126</strong><br />(-30 for losing)\n|raw|Pokenube66's rating: 1079 &rarr; <strong>1113</strong><br />(+34 for winning)\n|c|\u2606Pokenube66|gg\n|c|\u2606Pokenube66|That was honestly a tough match\n|l|\u2606jahreed\n|player|p1|\n|j|\u2606jahreed\n|player|p1|jahreed|pryce|\n|l|\u2606jahreed\n|player|p1|\n|j|\u2606jahreed\n|player|p1|jahreed|pryce|\n", "uploadtime": 1745969298, "views": 46, "formatid": "gen9vgc2025regibo3", "rating": 1113, "private": 0, "password": null}