{"id": "gen9vgc2025regibo3-2354680277", "format": "[Gen 9] VGC 2025 Reg I (Bo3)", "players": ["GBPmonster", "Jessditta"], "log": "|j|\u2606GBPmonster\n|j|\u2606Jessditta\n|html|<table width=\"100%\"><tr><td align=\"left\">GBPmonster</td><td align=\"right\">Jessditta</tr><tr><td align=\"left\"><i class=\"fa fa-circle-o\"></i> <i class=\"fa fa-circle-o\"></i> </td><td align=\"right\"><i class=\"fa fa-circle-o\"></i> <i class=\"fa fa-circle-o\"></i> </tr></table>\n|uhtml|bestof|<h2><strong>Game 1</strong> of <a href=\"/game-bestof3-gen9vgc2025regibo3-2354680271\">a best-of-3</a></h2>\n|t:|1746110096\n|gametype|doubles\n|player|p1|GBPmonster|2|1103\n|player|p2|Jessditta|flannery|1156\n|teamsize|p1|6\n|teamsize|p2|6\n|gen|9\n|tier|[Gen 9] VGC 2025 Reg I (Bo3)\n|rated|\n|rule|Species Clause: Limit one of each Pok\u00e9mon\n|rule|Item Clause: Limit 1 of each item\n|clearpoke\n|poke|p1|Flutter Mane, L50|\n|poke|p1|Raging Bolt, L50|\n|poke|p1|Kyogre, L50|\n|poke|p1|Incineroar, L50, F|\n|poke|p1|Palkia, L50|\n|poke|p1|Archaludon, L50, F|\n|poke|p2|Eternatus, L50|\n|poke|p2|Dondozo, L50, M|\n|poke|p2|Tatsugiri, L50, F|\n|poke|p2|Smeargle, L50, F|\n|poke|p2|Calyrex-Ice, L50|\n|poke|p2|Brute Bonnet, L50|\n|teampreview|4\n|showteam|p1|Flutter Mane||ChoiceSpecs|Protosynthesis|DazzlingGleam,Moonblast,ShadowBall,MysticalFire||||||50|,,,,,Normal]Raging Bolt||AssaultVest|Protosynthesis|Electroweb,DracoMeteor,Thunderclap,Thunderbolt||||||50|,,,,,Steel]Kyogre||MysticWater|Drizzle|IceBeam,Protect,WaterSpout,OriginPulse||||||50|,,,,,Water]Incineroar||CovertCloak|Intimidate|PartingShot,FakeOut,HelpingHand,KnockOff|||F|||50|,,,,,Water]Palkia||LustrousOrb|Pressure|Thunder,DragonPulse,Protect,HydroPump||||||50|,,,,,Electric]Archaludon||Leftovers|Stamina|FlashCannon,Protect,ElectroShot,BodyPress|||F|||50|,,,,,Grass\n|showteam|p2|Eternatus||BlackSludge|Pressure|DynamaxCannon,SludgeBomb,CosmicPower,Recover||||||50|,,,,,Fairy]Dondozo||Leftovers|Unaware|OrderUp,Earthquake,Substitute,Protect|||M|||50|,,,,,Dragon]Tatsugiri||ChoiceScarf|Commander|DracoMeteor,MuddyWater,IcyWind,TeraBlast|||F|||50|,,,,,Steel]Smeargle||FocusSash|Moody|FakeOut,Spore,FollowMe,Decorate|||F|||50|,,,,,Grass]Calyrex-Ice||ClearAmulet|AsOneGlastrier|GlacialLance,HighHorsepower,TrickRoom,Protect||||||50|,,,,,Water]Brute Bonnet||BoosterEnergy|Protosynthesis|SuckerPunch,SeedBomb,Spore,Protect||||||50|,,,,,Fairy\n|\n|t:|1746110114\n|start\n|switch|p1a: Kyogre|Kyogre, L50|100/100\n|switch|p1b: Palkia|Palkia, L50|100/100\n|switch|p2a: Eternatus|Eternatus, L50|100/100\n|switch|p2b: Smeargle|Smeargle, L50, F|100/100\n|-ability|p1b: Palkia|Pressure\n|-ability|p2a: Eternatus|Pressure\n|-weather|RainDance|[from] ability: Drizzle|[of] p1a: Kyogre\n|turn|1\n|\n|t:|1746110135\n|move|p2b: Smeargle|Fake Out|p1a: Kyogre\n|-damage|p1a: Kyogre|95/100\n|move|p1b: Palkia|Dragon Pulse|p2a: Eternatus\n|-supereffective|p2a: Eternatus\n|-damage|p2a: Eternatus|13/100\n|move|p2a: Eternatus|Cosmic Power|p2a: Eternatus\n|-boost|p2a: Eternatus|def|1\n|-boost|p2a: Eternatus|spd|1\n|cant|p1a: Kyogre|flinch\n|\n|-weather|RainDance|[upkeep]\n|-heal|p2a: Eternatus|19/100|[from] item: Black Sludge\n|-ability|p2b: Smeargle|Moody|boost\n|-boost|p2b: Smeargle|spd|2\n|-unboost|p2b: Smeargle|spa|1\n|upkeep\n|turn|2\n|\n|t:|1746110156\n|move|p1b: Palkia|Dragon Pulse|p2a: Eternatus\n|-supereffective|p2a: Eternatus\n|-damage|p2a: Eternatus|0 fnt\n|faint|p2a: Eternatus\n|move|p2b: Smeargle|Spore|p1a: Kyogre\n|-status|p1a: Kyogre|slp|[from] move: Spore\n|cant|p1a: Kyogre|slp\n|\n|-weather|RainDance|[upkeep]\n|-ability|p2b: Smeargle|Moody|boost\n|-boost|p2b: Smeargle|spd|2\n|-unboost|p2b: Smeargle|spa|1\n|upkeep\n|\n|t:|1746110170\n|switch|p2a: Calyrex|Calyrex-Ice, L50|100/100\n|-ability|p2a: Calyrex|As One\n|-ability|p2a: Calyrex|Unnerve\n|turn|3\n|\n|t:|1746110185\n|-terastallize|p1b: Palkia|Electric\n|cant|p1a: Kyogre|slp\n|move|p1b: Palkia|Hydro Pump|p2b: Smeargle|[miss]\n|-miss|p1b: Palkia|p2b: Smeargle\n|move|p2b: Smeargle|Spore|p1b: Palkia\n|-status|p1b: Palkia|slp|[from] move: Spore\n|move|p2a: Calyrex|Trick Room|p2a: Calyrex\n|-fieldstart|move: Trick Room|[of] p2a: Calyrex\n|\n|-weather|RainDance|[upkeep]\n|-ability|p2b: Smeargle|Moody|boost\n|-boost|p2b: Smeargle|def|2\n|-unboost|p2b: Smeargle|atk|1\n|upkeep\n|turn|4\n|\n|t:|1746110206\n|move|p2a: Calyrex|Glacial Lance|p1b: Palkia|[spread] p1a,p1b\n|-resisted|p1a: Kyogre\n|-damage|p1a: Kyogre|61/100 slp\n|-damage|p1b: Palkia|31/100 slp\n|cant|p1a: Kyogre|slp\n|move|p2b: Smeargle|Decorate|p2a: Calyrex\n|-boost|p2a: Calyrex|atk|2\n|-boost|p2a: Calyrex|spa|2\n|cant|p1b: Palkia|slp\n|\n|-weather|RainDance|[upkeep]\n|-ability|p2b: Smeargle|Moody|boost\n|-boost|p2b: Smeargle|spd|2\n|-unboost|p2b: Smeargle|spa|1\n|upkeep\n|turn|5\n|\n|t:|1746110219\n|-curestatus|p1a: Kyogre|slp|[msg]\n|move|p1a: Kyogre|Protect|p1a: Kyogre\n|-singleturn|p1a: Kyogre|Protect\n|-curestatus|p1b: Palkia|slp|[msg]\n|move|p1b: Palkia|Protect|p1b: Palkia\n|-singleturn|p1b: Palkia|Protect\n|move|p2a: Calyrex|Glacial Lance|p1a: Kyogre|[spread] \n|-activate|p1a: Kyogre|move: Protect\n|-activate|p1b: Palkia|move: Protect\n|move|p2b: Smeargle|Decorate|p2a: Calyrex\n|-boost|p2a: Calyrex|atk|2\n|-boost|p2a: Calyrex|spa|2\n|\n|-weather|none\n|-ability|p2b: Smeargle|Moody|boost\n|-boost|p2b: Smeargle|def|2\n|-unboost|p2b: Smeargle|spe|1\n|upkeep\n|turn|6\n|\n|t:|1746110242\n|move|p2a: Calyrex|Glacial Lance|p1b: Palkia|[spread] p1a,p1b\n|-resisted|p1a: Kyogre\n|-damage|p1a: Kyogre|0 fnt\n|-damage|p1b: Palkia|0 fnt\n|faint|p1a: Kyogre\n|faint|p1b: Palkia\n|-ability|p2a: Calyrex|Chilling Neigh|boost\n|-boost|p2a: Calyrex|atk|2\n|move|p2b: Smeargle|Spore|p1: Kyogre|[notarget]\n|-fail|p2b: Smeargle\n|\n|-ability|p2b: Smeargle|Moody|boost\n|-boost|p2b: Smeargle|def|2\n|-unboost|p2b: Smeargle|spd|1\n|upkeep\n|\n|t:|1746110267\n|switch|p1a: Archaludon|Archaludon, L50, F|100/100\n|switch|p1b: Raging Bolt|Raging Bolt, L50|100/100\n|turn|7\n|\n|t:|1746110282\n|move|p1a: Archaludon|Protect|p1a: Archaludon\n|-singleturn|p1a: Archaludon|Protect\n|move|p2a: Calyrex|Glacial Lance|p1a: Archaludon|[spread] p1b\n|-activate|p1a: Archaludon|move: Protect\n|-supereffective|p1b: Raging Bolt\n|-damage|p1b: Raging Bolt|0 fnt\n|faint|p1b: Raging Bolt\n|-end|p1b: Raging Bolt|Protosynthesis|[silent]\n|move|p2b: Smeargle|Spore|p1a: Archaludon\n|-activate|p1a: Archaludon|move: Protect\n|\n|-fieldend|move: Trick Room\n|-ability|p2b: Smeargle|Moody|boost\n|-boost|p2b: Smeargle|spd|1\n|-unboost|p2b: Smeargle|atk|1\n|upkeep\n|turn|8\n|\n|t:|1746110301\n|move|p2b: Smeargle|Follow Me|p2b: Smeargle\n|-singleturn|p2b: Smeargle|move: Follow Me\n|move|p1a: Archaludon|Body Press|p2b: Smeargle\n|-supereffective|p2b: Smeargle\n|-damage|p2b: Smeargle|66/100\n|move|p2a: Calyrex|Glacial Lance|p1a: Archaludon\n|-damage|p1a: Archaludon|0 fnt\n|faint|p1a: Archaludon\n|\n|win|Jessditta\n||GBPmonster is ready for game 2.\n||Jessditta is ready for game 2.\n|uhtml|next|Next: <a href=\"/battle-gen9vgc2025regibo3-2354682467\"><strong>Game 2 of 3</strong></a>\n|l|\u2606GBPmonster\n|player|p1|\n|l|\u2606Jessditta\n|player|p2|\n", "uploadtime": 1746110601, "views": 5, "formatid": "gen9vgc2025regibo3", "rating": null, "private": 0, "password": null}