{"id": "gen9vgc2025regibo3-2353602475", "format": "[Gen 9] VGC 2025 Reg I (Bo3)", "players": ["luisecanonserna", "gastoncitopriv"], "log": "|j|\u2606luisecanonserna\n|j|\u2606gastoncitopriv\n|html|<table width=\"100%\"><tr><td align=\"left\">luisecanonserna</td><td align=\"right\">gastoncitopriv</tr><tr><td align=\"left\"><i class=\"fa fa-circle\"></i> <i class=\"fa fa-circle-o\"></i> </td><td align=\"right\"><i class=\"fa fa-circle-o\"></i> <i class=\"fa fa-circle-o\"></i> </tr></table>\n|uhtml|bestof|<h2><strong>Game 2</strong> of <a href=\"/game-bestof3-gen9vgc2025regibo3-2353600147\">a best-of-3</a></h2>\n|t:|1745973303\n|gametype|doubles\n|player|p1|luisecanonserna|266|1000\n|player|p2|gastoncitopriv|265|1000\n|teamsize|p1|6\n|teamsize|p2|6\n|gen|9\n|tier|[Gen 9] VGC 2025 Reg I (Bo3)\n|rated|\n|rule|Species Clause: Limit one of each Pok\u00e9mon\n|rule|Item Clause: Limit 1 of each item\n|clearpoke\n|poke|p1|Kyogre, L50|\n|poke|p1|Zacian-*, L50|\n|poke|p1|Rillaboom, L50, F|\n|poke|p1|Tornadus, L50, M|\n|poke|p1|Chien-Pao, L50|\n|poke|p1|Ogerpon-Hearthflame, L50, F|\n|poke|p2|Chien-Pao, L50|\n|poke|p2|Zamazenta-*, L50|\n|poke|p2|Kyogre, L50|\n|poke|p2|Urshifu-*, L50, F|\n|poke|p2|Tornadus, L50, M|\n|poke|p2|Brute Bonnet, L50|\n|teampreview|4\n|showteam|p1|Kyogre||MysticWater|Drizzle|WaterSpout,OriginPulse,IceBeam,Protect||||||50|,,,,,Grass]Zacian-Crowned||RustedSword|IntrepidSword|behemothblade,PlayRough,SacredSword,Protect||||||50|,,,,,Water]Rillaboom||AssaultVest|GrassySurge|GrassyGlide,WoodHammer,FakeOut,Uturn|||F|||50|,,,,,Fire]Tornadus||CovertCloak|Prankster|BleakwindStorm,RainDance,Tailwind,Protect|||M|||50|,,,,,Dark]Chien-Pao||FocusSash|SwordofRuin|IcicleCrash,SuckerPunch,ThroatChop,Protect||||||50|,,,,,Ghost]Ogerpon-Hearthflame||HearthflameMask|MoldBreaker|IvyCudgel,FollowMe,SpikyShield,Encore|||F|||50|,,,,,Fire\n|showteam|p2|Chien-Pao||FocusSash|SwordofRuin|IceSpinner,SuckerPunch,ThroatChop,Protect||||||50|,,,,,Ghost]Zamazenta-Crowned||RustedShield|DauntlessShield|BodyPress,behemothbash,WideGuard,Protect||||||50|,,,,,Steel]Kyogre||MysticWater|Drizzle|OriginPulse,IceBeam,WaterSpout,Protect||||||50|,,,,,Grass]Urshifu-Rapid-Strike||ChoiceScarf|UnseenFist|SurgingStrikes,CloseCombat,Uturn,PoisonJab|||F|||50|,,,,,Water]Tornadus||CovertCloak|Prankster|BleakwindStorm,Tailwind,Taunt,RainDance|||M|||50|,,,,,Steel]Brute Bonnet||Leftovers|Protosynthesis|Spore,RagePowder,Protect,SuckerPunch||||||50|,,,,,Ground\n|inactive|Battle timer is ON: inactive players will automatically lose when time's up. (requested by gastoncitopriv)\n|inactive|luisecanonserna has 60 seconds left.\n|inactive|gastoncitopriv has 60 seconds left.\n|\n|t:|1745973350\n|start\n|switch|p1a: Tornadus|Tornadus, L50, M|100/100\n|switch|p1b: Zacian|Zacian-Crowned, L50|100/100\n|switch|p2a: Brute Bonnet|Brute Bonnet, L50|100/100\n|switch|p2b: Urshifu|Urshifu-Rapid-Strike, L50, F|100/100\n|-ability|p1b: Zacian|Intrepid Sword|boost\n|-boost|p1b: Zacian|atk|1\n|turn|1\n|inactive|luisecanonserna has 30 seconds left.\n|inactive|gastoncitopriv has 30 seconds left.\n|inactive|luisecanonserna has 20 seconds left.\n|\n|t:|1745973389\n|switch|p1b: Rillaboom|Rillaboom, L50, F|100/100\n|-fieldstart|move: Grassy Terrain|[from] ability: Grassy Surge|[of] p1b: Rillaboom\n|-terastallize|p2a: Brute Bonnet|Ground\n|move|p2b: Urshifu|U-turn|p1b: Rillaboom\n|-supereffective|p1b: Rillaboom\n|-damage|p1b: Rillaboom|57/100\n|\n|t:|1745973398\n|switch|p2b: Zamazenta|Zamazenta-Crowned, L50|100/100|[from] U-turn\n|-ability|p2b: Zamazenta|Dauntless Shield|boost\n|-boost|p2b: Zamazenta|def|1\n|move|p1a: Tornadus|Bleakwind Storm|p2a: Brute Bonnet|[spread] p2a\n|-miss|p1a: Tornadus|p2b: Zamazenta\n|-damage|p2a: Brute Bonnet|78/100\n|-unboost|p2a: Brute Bonnet|spe|1\n|move|p2a: Brute Bonnet|Spore|p1b: Rillaboom\n|-immune|p1b: Rillaboom\n|\n|-heal|p1b: Rillaboom|63/100|[from] Grassy Terrain\n|-heal|p2a: Brute Bonnet|84/100|[from] Grassy Terrain\n|-heal|p2a: Brute Bonnet|90/100|[from] item: Leftovers\n|upkeep\n|turn|2\n|inactive|luisecanonserna has 30 seconds left.\n|inactive|gastoncitopriv has 30 seconds left.\n|inactive|gastoncitopriv has 20 seconds left.\n|\n|t:|1745973437\n|move|p1b: Rillaboom|Fake Out|p2b: Zamazenta\n|-resisted|p2b: Zamazenta\n|-damage|p2b: Zamazenta|98/100\n|move|p1a: Tornadus|Tailwind|p1a: Tornadus\n|-sidestart|p1: luisecanonserna|move: Tailwind\n|cant|p2b: Zamazenta|flinch\n|move|p2a: Brute Bonnet|Spore|p1a: Tornadus\n|-status|p1a: Tornadus|slp|[from] move: Spore\n|\n|-heal|p1b: Rillaboom|68/100|[from] Grassy Terrain\n|-heal|p2b: Zamazenta|100/100|[from] Grassy Terrain\n|-heal|p2a: Brute Bonnet|96/100|[from] Grassy Terrain\n|-heal|p2a: Brute Bonnet|100/100|[from] item: Leftovers\n|upkeep\n|turn|3\n|inactive|luisecanonserna has 30 seconds left.\n|inactive|luisecanonserna has 20 seconds left.\n|inactive|luisecanonserna has 15 seconds left.\n|\n|t:|1745973480\n|switch|p1a: Zacian|Zacian-Crowned, L50|100/100\n|move|p2a: Brute Bonnet|Sucker Punch|p1b: Rillaboom\n|-damage|p1b: Rillaboom|40/100\n|move|p1b: Rillaboom|U-turn|p2b: Zamazenta\n|-resisted|p2b: Zamazenta\n|-damage|p2b: Zamazenta|98/100\n|\n|t:|1745973490\n|switch|p1b: Tornadus|Tornadus, L50, M|100/100 slp|[from] U-turn\n|move|p2b: Zamazenta|Body Press|p1b: Tornadus\n|-resisted|p1b: Tornadus\n|-damage|p1b: Tornadus|57/100 slp\n|\n|-heal|p2b: Zamazenta|100/100|[from] Grassy Terrain\n|upkeep\n|turn|4\n|inactive|luisecanonserna has 30 seconds left.\n|\n|t:|1745973519\n|move|p1a: Zacian|Protect|p1a: Zacian\n|-singleturn|p1a: Zacian|Protect\n|move|p2a: Brute Bonnet|Rage Powder|p2a: Brute Bonnet\n|-singleturn|p2a: Brute Bonnet|move: Rage Powder\n|cant|p1b: Tornadus|slp\n|move|p2b: Zamazenta|Body Press|p1a: Zacian\n|-activate|p1a: Zacian|move: Protect\n|\n|upkeep\n|turn|5\n|inactive|luisecanonserna has 30 seconds left.\n|inactive|gastoncitopriv has 30 seconds left.\n|inactive|luisecanonserna has 20 seconds left.\n|inactive|gastoncitopriv has 20 seconds left.\n|inactive|luisecanonserna has 15 seconds left.\n|\n|t:|1745973559\n|switch|p1b: Kyogre|Kyogre, L50|100/100\n|-weather|RainDance|[from] ability: Drizzle|[of] p1b: Kyogre\n|move|p1a: Zacian|Sacred Sword|p2b: Zamazenta\n|-supereffective|p2b: Zamazenta\n|-damage|p2b: Zamazenta|65/100\n|move|p2b: Zamazenta|Body Press|p1a: Zacian\n|-damage|p1a: Zacian|44/100\n|move|p2a: Brute Bonnet|Spore|p1a: Zacian\n|-status|p1a: Zacian|slp|[from] move: Spore\n|\n|-weather|RainDance|[upkeep]\n|-heal|p1a: Zacian|50/100 slp|[from] Grassy Terrain\n|-heal|p2b: Zamazenta|71/100|[from] Grassy Terrain\n|-sideend|p1: luisecanonserna|move: Tailwind\n|-fieldend|move: Grassy Terrain\n|upkeep\n|turn|6\n|inactive|luisecanonserna has 30 seconds left.\n|\n|t:|1745973589\n|-terastallize|p1b: Kyogre|Grass\n|move|p2b: Zamazenta|Wide Guard|p2b: Zamazenta\n|-singleturn|p2b: Zamazenta|Wide Guard\n|cant|p1a: Zacian|slp\n|move|p1b: Kyogre|Ice Beam|p2a: Brute Bonnet\n|-supereffective|p2a: Brute Bonnet\n|-damage|p2a: Brute Bonnet|56/100\n|move|p2a: Brute Bonnet|Spore|p1b: Kyogre\n|-immune|p1b: Kyogre\n|\n|-weather|RainDance|[upkeep]\n|-heal|p2a: Brute Bonnet|62/100|[from] item: Leftovers\n|upkeep\n|turn|7\n|inactive|luisecanonserna has 30 seconds left.\n|\n|t:|1745973614\n|move|p2a: Brute Bonnet|Sucker Punch|p1b: Kyogre\n|-crit|p1b: Kyogre\n|-damage|p1b: Kyogre|60/100\n|-curestatus|p1a: Zacian|slp|[msg]\n|move|p1a: Zacian|Sacred Sword|p2b: Zamazenta\n|-supereffective|p2b: Zamazenta\n|-crit|p2b: Zamazenta\n|-damage|p2b: Zamazenta|20/100\n|move|p2b: Zamazenta|Body Press|p1a: Zacian\n|-damage|p1a: Zacian|0 fnt\n|faint|p1a: Zacian\n|move|p1b: Kyogre|Origin Pulse|p2b: Zamazenta|[spread] p2a,p2b\n|-supereffective|p2a: Brute Bonnet\n|-damage|p2a: Brute Bonnet|0 fnt\n|-damage|p2b: Zamazenta|0 fnt\n|faint|p2a: Brute Bonnet\n|-end|p2a: Brute Bonnet|Protosynthesis|[silent]\n|faint|p2b: Zamazenta\n|\n|-weather|RainDance|[upkeep]\n|upkeep\n|\n|t:|1745973634\n|switch|p1a: Rillaboom|Rillaboom, L50, F|40/100\n|switch|p2b: Urshifu|Urshifu-Rapid-Strike, L50, F|100/100\n|switch|p2a: Chien-Pao|Chien-Pao, L50|100/100\n|-ability|p2a: Chien-Pao|Sword of Ruin\n|-fieldstart|move: Grassy Terrain|[from] ability: Grassy Surge|[of] p1a: Rillaboom\n|turn|8\n|inactive|luisecanonserna has 30 seconds left.\n|inactive|luisecanonserna has 20 seconds left.\n|inactive|luisecanonserna has 15 seconds left.\n|\n|t:|1745973679\n|move|p2a: Chien-Pao|Protect|p2a: Chien-Pao\n|-singleturn|p2a: Chien-Pao|Protect\n|move|p1b: Kyogre|Protect|p1b: Kyogre\n|-singleturn|p1b: Kyogre|Protect\n|move|p1a: Rillaboom|Grassy Glide|p2a: Chien-Pao\n|-activate|p2a: Chien-Pao|move: Protect\n|move|p2b: Urshifu|Poison Jab|p1a: Rillaboom\n|-supereffective|p1a: Rillaboom\n|-damage|p1a: Rillaboom|0 fnt\n|faint|p1a: Rillaboom\n|\n|-weather|RainDance|[upkeep]\n|-heal|p1b: Kyogre|66/100|[from] Grassy Terrain\n|upkeep\n|\n|t:|1745973691\n|switch|p1a: Tornadus|Tornadus, L50, M|57/100 slp\n|turn|9\n|\n|t:|1745973708\n|move|p2b: Urshifu|Poison Jab|p1a: Tornadus\n|-damage|p1a: Tornadus|16/100 slp\n|move|p2a: Chien-Pao|Ice Spinner|p1b: Kyogre\n|-supereffective|p1b: Kyogre\n|-damage|p1b: Kyogre|0 fnt\n|-fieldend|move: Grassy Terrain\n|faint|p1b: Kyogre\n|cant|p1a: Tornadus|slp\n|\n|-weather|none\n|upkeep\n|turn|10\n|\n|t:|1745973722\n|move|p2a: Chien-Pao|Sucker Punch|p1a: Tornadus\n|-damage|p1a: Tornadus|0 fnt\n|faint|p1a: Tornadus\n|\n|win|gastoncitopriv\n||luisecanonserna is ready for game 3.\n|l|\u2606gastoncitopriv\n|player|p2|\n||gastoncitopriv is ready for game 3.\n|uhtml|next|Next: <a href=\"/battle-gen9vgc2025regibo3-2353606054\"><strong>Game 3 of 3</strong></a>\n", "uploadtime": 1745974080, "views": 7, "formatid": "gen9vgc2025regibo3", "rating": null, "private": 0, "password": null}