{"id": "gen9vgc2025regibo3-2353462286", "format": "[Gen 9] VGC 2025 Reg I (Bo3)", "players": ["Dball_Games", "Aruuz"], "log": "|j|\u2606Dball_Games\n|j|\u2606Aruuz\n|html|<table width=\"100%\"><tr><td align=\"left\">Dball_Games</td><td align=\"right\">Aruuz</tr><tr><td align=\"left\"><i class=\"fa fa-circle-o\"></i> <i class=\"fa fa-circle-o\"></i> </td><td align=\"right\"><i class=\"fa fa-circle-o\"></i> <i class=\"fa fa-circle-o\"></i> </tr></table>\n|uhtml|bestof|<h2><strong>Game 1</strong> of <a href=\"/game-bestof3-gen9vgc2025regibo3-2353462285\">a best-of-3</a></h2>\n|t:|1745958141\n|gametype|doubles\n|player|p1|Dball_Games|265|1240\n|player|p2|Aruuz|1|1157\n|teamsize|p1|6\n|teamsize|p2|6\n|gen|9\n|tier|[Gen 9] VGC 2025 Reg I (Bo3)\n|rated|\n|rule|Species Clause: Limit one of each Pok\u00e9mon\n|rule|Item Clause: Limit 1 of each item\n|clearpoke\n|poke|p1|Calyrex-Ice, L50|\n|poke|p1|Ursaluna, L50, M|\n|poke|p1|Miraidon, L50|\n|poke|p1|Farigiraf, L50, M|\n|poke|p1|Murkrow, L50, F|\n|poke|p1|Incineroar, L50, F|\n|poke|p2|Calyrex-Shadow, L50|\n|poke|p2|Urshifu-*, L50, F|\n|poke|p2|Terapagos, L50, M|\n|poke|p2|Rillaboom, L50, M|\n|poke|p2|Amoonguss, L50, F|\n|poke|p2|Incineroar, L50, M|\n|teampreview|4\n|showteam|p1|Calyrex-Ice||ClearAmulet|AsOneGlastrier|GlacialLance,TrickRoom,HighHorsepower,Protect||||||50|,,,,,Fire]Ursaluna||FlameOrb|Guts|Facade,HeadlongRush,HeavySlam,Protect|||M|||50|,,,,,Ground]Miraidon||ChoiceSpecs|HadronEngine|VoltSwitch,DazzlingGleam,ElectroDrift,DracoMeteor||||||50|,,,,,Fairy]Farigiraf||ElectricSeed|ArmorTail|TrickRoom,FoulPlay,HelpingHand,Protect|||M|||50|,,,,,Fairy]Murkrow||Eviolite|Prankster|FoulPlay,Tailwind,Haze,ThunderWave|||F|||50|,,,,,Ghost]Incineroar||RockyHelmet|Intimidate|KnockOff,WillOWisp,PartingShot,FakeOut|||F|||50|,,,,,Grass\n|showteam|p2|Calyrex-Shadow||FocusSash|AsOneSpectrier|AstralBarrage,WillOWisp,Disable,Protect||||||50|,,,,,Dark]Urshifu-Rapid-Strike||ChoiceScarf|UnseenFist|RockTomb,SurgingStrikes,Uturn,CloseCombat|||F|||50|,,,,,Water]Terapagos||Leftovers|TeraShift|TeraStarstorm,EarthPower,CalmMind,Protect|||M|||50|,,,,,Stellar]Rillaboom||AssaultVest|GrassySurge|WoodHammer,GrassyGlide,Uturn,FakeOut|||M|||50|,,,,,Grass]Amoonguss||RockyHelmet|Regenerator|SludgeBomb,Spore,RagePowder,Protect|||F|||50|,,,,,Water]Incineroar||SafetyGoggles|Intimidate|PartingShot,KnockOff,FakeOut,WillOWisp|||M|||50|,,,,,Bug\n|j| JuanPabla\n|inactive|Battle timer is ON: inactive players will automatically lose when time's up. (requested by Dball_Games)\n|\n|t:|1745958249\n|start\n|switch|p1a: Miraidon|Miraidon, L50|100/100\n|switch|p1b: Farigiraf|Farigiraf, L50, M|100/100\n|switch|p2a: Francesco|Rillaboom, L50, M|100/100\n|switch|p2b: Terapagos|Terapagos, L50, M|100/100\n|-activate|p2b: Terapagos|ability: Tera Shift\n|detailschange|p2b: Terapagos|Terapagos-Terastal, L50, M\n|-heal|p2b: Terapagos|100/100|[silent]\n|-fieldstart|move: Electric Terrain|[from] ability: Hadron Engine|[of] p1a: Miraidon\n|-enditem|p1b: Farigiraf|Electric Seed\n|-boost|p1b: Farigiraf|def|1|[from] item: Electric Seed\n|-fieldstart|move: Grassy Terrain|[from] ability: Grassy Surge|[of] p2a: Francesco\n|turn|1\n|inactive|Dball_Games has 30 seconds left.\n|inactive|Aruuz has 30 seconds left.\n|\n|t:|1745958283\n|move|p1a: Miraidon|Volt Switch|p2a: Francesco\n|-resisted|p2a: Francesco\n|-damage|p2a: Francesco|86/100\n|\n|t:|1745958292\n|switch|p1a: Calyrex|Calyrex-Ice, L50|100/100|[from] Volt Switch\n|-ability|p1a: Calyrex|As One\n|-ability|p1a: Calyrex|Unnerve\n|move|p2b: Terapagos|Calm Mind|p2b: Terapagos\n|-boost|p2b: Terapagos|spa|1\n|-boost|p2b: Terapagos|spd|1\n|move|p2a: Francesco|U-turn|p1a: Calyrex\n|-supereffective|p1a: Calyrex\n|-crit|p1a: Calyrex\n|-damage|p1a: Calyrex|56/100\n|\n|t:|1745958304\n|switch|p2a: Amoonguss|Amoonguss, L50, F|100/100|[from] U-turn\n|move|p1b: Farigiraf|Trick Room|p1b: Farigiraf\n|-fieldstart|move: Trick Room|[of] p1b: Farigiraf\n|\n|-heal|p1a: Calyrex|62/100|[from] Grassy Terrain\n|upkeep\n|turn|2\n|\n|t:|1745958325\n|-terastallize|p2b: Terapagos|Stellar\n|detailschange|p2b: Terapagos|Terapagos-Stellar, L50, M, tera:Stellar\n|-heal|p2b: Terapagos|100/100|[silent]\n|-ability|p2b: Terapagos|Teraform Zero\n|-fieldend|move: Grassy Terrain\n|move|p1a: Calyrex|Protect|p1a: Calyrex\n|-singleturn|p1a: Calyrex|Protect\n|move|p2a: Amoonguss|Spore|p1a: Calyrex\n|-activate|p1a: Calyrex|move: Protect\n|move|p1b: Farigiraf|Foul Play|p2b: Terapagos\n|-damage|p2b: Terapagos|90/100\n|move|p2b: Terapagos|Tera Starstorm|p1b: Farigiraf|[spread] p1b\n|-activate|p1a: Calyrex|move: Protect\n|-damage|p1b: Farigiraf|66/100\n|\n|-heal|p2b: Terapagos|97/100|[from] item: Leftovers\n|upkeep\n|turn|3\n|inactive|Aruuz has 30 seconds left.\n|inactive|Aruuz has 20 seconds left.\n|\n|t:|1745958362\n|switch|p1b: Miraidon|Miraidon, L50|100/100\n|-fieldstart|move: Electric Terrain|[from] ability: Hadron Engine|[of] p1b: Miraidon\n|move|p2a: Amoonguss|Protect|p2a: Amoonguss\n|-singleturn|p2a: Amoonguss|Protect\n|move|p1a: Calyrex|Glacial Lance|p2b: Terapagos|[spread] p2b\n|-activate|p2a: Amoonguss|move: Protect\n|-damage|p2b: Terapagos|66/100\n|move|p2b: Terapagos|Tera Starstorm|p1b: Miraidon|[spread] p1a,p1b\n|-damage|p1a: Calyrex|28/100\n|-damage|p1b: Miraidon|52/100\n|\n|-heal|p2b: Terapagos|72/100|[from] item: Leftovers\n|upkeep\n|turn|4\n|inactive|Dball_Games has 30 seconds left.\n|inactive|Aruuz has 30 seconds left.\n|\n|t:|1745958389\n|move|p2a: Amoonguss|Sludge Bomb|p1b: Miraidon\n|-damage|p1b: Miraidon|29/100\n|move|p1a: Calyrex|Glacial Lance|p2a: Amoonguss|[spread] p2a,p2b\n|-supereffective|p2a: Amoonguss\n|-damage|p2a: Amoonguss|3/100\n|-damage|p2b: Terapagos|40/100\n|move|p2b: Terapagos|Tera Starstorm|p1a: Calyrex|[spread] p1a,p1b\n|-damage|p1a: Calyrex|0 fnt\n|-damage|p1b: Miraidon|0 fnt\n|faint|p1a: Calyrex\n|faint|p1b: Miraidon\n|\n|-heal|p2b: Terapagos|46/100|[from] item: Leftovers\n|upkeep\n|inactive|Dball_Games has 30 seconds left.\n|inactive|Dball_Games has 20 seconds left.\n|inactive|Dball_Games has 15 seconds left.\n|inactive|Dball_Games has 10 seconds left.\n|inactive|Dball_Games has 5 seconds left.\n|\n|t:|1745958444\n|switch|p1a: Farigiraf|Farigiraf, L50, M|66/100\n|switch|p1b: Ursaluna|Ursaluna, L50, M|100/100\n|turn|5\n|\n|t:|1745958469\n|move|p2a: Amoonguss|Spore|p1b: Ursaluna\n|-activate|p1b: Ursaluna|move: Electric Terrain\n|move|p1b: Ursaluna|Facade|p2b: Terapagos\n|-damage|p2b: Terapagos|25/100\n|move|p1a: Farigiraf|Foul Play|p2a: Amoonguss\n|-damage|p2a: Amoonguss|0 fnt\n|-damage|p1a: Farigiraf|49/100|[from] item: Rocky Helmet|[of] p2a: Amoonguss\n|faint|p2a: Amoonguss\n|move|p2b: Terapagos|Tera Starstorm|p1a: Farigiraf|[spread] p1a,p1b\n|-damage|p1a: Farigiraf|15/100\n|-damage|p1b: Ursaluna|55/100\n|\n|-heal|p2b: Terapagos|31/100|[from] item: Leftovers\n|-fieldend|move: Trick Room\n|-status|p1b: Ursaluna|brn|[from] item: Flame Orb\n|upkeep\n|\n|t:|1745958487\n|switch|p2a: Francesco|Rillaboom, L50, M|86/100\n|-fieldstart|move: Grassy Terrain|[from] ability: Grassy Surge|[of] p2a: Francesco\n|turn|6\n|c| JuanPabla|baaaaallll gameeeeeee\n|\n|t:|1745958503\n|move|p2b: Terapagos|Tera Starstorm|p1a: Farigiraf|[spread] p1a,p1b\n|-damage|p1a: Farigiraf|0 fnt\n|-damage|p1b: Ursaluna|9/100 brn\n|faint|p1a: Farigiraf\n|move|p2a: Francesco|Wood Hammer|p1b: Ursaluna\n|-supereffective|p1b: Ursaluna\n|-damage|p1b: Ursaluna|0 fnt\n|faint|p1b: Ursaluna\n|-damage|p2a: Francesco|82/100|[from] Recoil\n|\n|win|Aruuz\n||Dball_Games is ready for game 2.\n|inactive|Aruuz has 30 seconds to confirm battle start!\n||Aruuz is ready for game 2.\n|uhtml|next|Next: <a href=\"/battle-gen9vgc2025regibo3-2353466311\"><strong>Game 2 of 3</strong></a>\n", "uploadtime": 1745958681, "views": 6, "formatid": "gen9vgc2025regibo3", "rating": null, "private": 0, "password": null}