{"id": "gen9vgc2025regibo3-2354454921", "format": "[Gen 9] VGC 2025 Reg I (Bo3)", "players": ["caZISA", "papabell"], "log": "|j|\u2606caZISA\n|j|\u2606papabell\n|html|<table width=\"100%\"><tr><td align=\"left\">caZISA</td><td align=\"right\">papabell</tr><tr><td align=\"left\"><i class=\"fa fa-circle-o\"></i> <i class=\"fa fa-circle-o\"></i> </td><td align=\"right\"><i class=\"fa fa-circle-o\"></i> <i class=\"fa fa-circle-o\"></i> </tr></table>\n|uhtml|bestof|<h2><strong>Game 1</strong> of <a href=\"/game-bestof3-gen9vgc2025regibo3-2354454920\">a best-of-3</a></h2>\n|t:|1746074130\n|gametype|doubles\n|player|p1|caZISA|red|1356\n|player|p2|papabell|acetrainerf-gen4dp|1318\n|teamsize|p1|6\n|teamsize|p2|6\n|gen|9\n|tier|[Gen 9] VGC 2025 Reg I (Bo3)\n|rated|\n|rule|Species Clause: Limit one of each Pok\u00e9mon\n|rule|Item Clause: Limit 1 of each item\n|clearpoke\n|poke|p1|Calyrex-Ice, L50|\n|poke|p1|Kyogre, L50|\n|poke|p1|Landorus, L50, M|\n|poke|p1|Raging Bolt, L50|\n|poke|p1|Incineroar, L50, F|\n|poke|p1|Smeargle, L50, F|\n|poke|p2|Koraidon, L50|\n|poke|p2|Calyrex-Shadow, L50|\n|poke|p2|Brute Bonnet, L50|\n|poke|p2|Whimsicott, L50, M|\n|poke|p2|Chi-Yu, L50|\n|poke|p2|Clefairy, L50, F|\n|teampreview|4\n|showteam|p1|Calyrex-Ice||ClearAmulet|AsOneGlastrier|GlacialLance,CloseCombat,TrickRoom,Protect||||||50|,,,,,Water]Kyogre||MysticWater|Drizzle|WaterSpout,OriginPulse,IceBeam,Protect||||||50|,,,,,Water]Landorus||ChoiceScarf|SheerForce|SandsearStorm,EarthPower,SludgeBomb,Uturn|||M|||50|,,,,,Ghost]Raging Bolt||AssaultVest|Protosynthesis|Thunderbolt,DracoMeteor,Thunderclap,Snarl||||||50|,,,,,Fairy]Incineroar||SafetyGoggles|Intimidate|FakeOut,WillOWisp,KnockOff,PartingShot|||F|||50|,,,,,Ghost]Smeargle||FocusSash|Moody|FakeOut,Spore,FollowMe,WideGuard|||F|||50|,,,,,Grass\n|showteam|p2|Koraidon||LifeOrb|OrichalcumPulse|Protect,CloseCombat,FlareBlitz,FlameCharge||||||50|,,,,,Fire]Calyrex-Shadow||FocusSash|AsOneSpectrier|Protect,AstralBarrage,Psychic,Disable||||||50|,,,,,Ghost]Brute Bonnet||RockyHelmet|Protosynthesis|RagePowder,Spore,SuckerPunch,PollenPuff||||||50|,,,,,Water]Whimsicott||CovertCloak|Prankster|Moonblast,Tailwind,Encore,HelpingHand|||M|||50|,,,,,Dark]Chi-Yu||ChoiceScarf|BeadsofRuin|HeatWave,Overheat,Snarl,DarkPulse||||||50|,,,,,Fire]Clefairy||Eviolite|FriendGuard|Protect,FollowMe,AfterYou,HelpingHand|||F|||50|,,,,,Ground\n|inactive|Battle timer is ON: inactive players will automatically lose when time's up. (requested by papabell)\n|\n|t:|1746074178\n|start\n|switch|p1a: Picasso|Smeargle, L50, F|100/100\n|switch|p1b: Gaspar|Calyrex-Ice, L50|100/100\n|switch|p2a: Koraidon|Koraidon, L50|100/100\n|switch|p2b: Brute Bonnet|Brute Bonnet, L50|100/100\n|-ability|p1b: Gaspar|As One\n|-ability|p1b: Gaspar|Unnerve\n|-weather|SunnyDay|[from] ability: Orichalcum Pulse|[of] p2a: Koraidon\n|-activate|p2b: Brute Bonnet|ability: Protosynthesis\n|-start|p2b: Brute Bonnet|protosynthesisdef\n|-activate|p2a: Koraidon|Orichalcum Pulse|[source]\n|turn|1\n|inactive|papabell has 30 seconds left.\n|\n|t:|1746074203\n|move|p2a: Koraidon|Protect|p2a: Koraidon\n|-singleturn|p2a: Koraidon|Protect\n|move|p1a: Picasso|Fake Out|p2b: Brute Bonnet\n|-damage|p2b: Brute Bonnet|98/100\n|-damage|p1a: Picasso|84/100|[from] item: Rocky Helmet|[of] p2b: Brute Bonnet\n|cant|p2b: Brute Bonnet|flinch\n|move|p1b: Gaspar|Glacial Lance|p2b: Brute Bonnet|[spread] p2b\n|-activate|p2a: Koraidon|move: Protect\n|-supereffective|p2b: Brute Bonnet\n|-damage|p2b: Brute Bonnet|43/100\n|\n|-weather|SunnyDay|[upkeep]\n|-ability|p1a: Picasso|Moody|boost\n|-boost|p1a: Picasso|atk|2\n|-unboost|p1a: Picasso|spd|1\n|upkeep\n|turn|2\n|inactive|caZISA has 30 seconds left.\n|inactive|caZISA has 20 seconds left.\n|inactive|caZISA has 15 seconds left.\n|inactive|caZISA has 10 seconds left.\n|inactive|caZISA has 5 seconds left.\n|\n|t:|1746074253\n|switch|p1a: Dory|Kyogre, L50|100/100\n|-weather|RainDance|[from] ability: Drizzle|[of] p1a: Dory\n|-end|p2b: Brute Bonnet|Protosynthesis\n|switch|p1b: Tigre To\u00f1o|Incineroar, L50, F|100/100\n|-ability|p1b: Tigre To\u00f1o|Intimidate|boost\n|-unboost|p2a: Koraidon|atk|1\n|-unboost|p2b: Brute Bonnet|atk|1\n|move|p2a: Koraidon|Close Combat|p1a: Dory\n|-damage|p1a: Dory|55/100\n|-unboost|p2a: Koraidon|def|1\n|-unboost|p2a: Koraidon|spd|1\n|-damage|p2a: Koraidon|91/100|[from] item: Life Orb\n|move|p2b: Brute Bonnet|Spore|p1b: Tigre To\u00f1o\n|-activate|p1b: Tigre To\u00f1o|item: Safety Goggles|Spore\n|\n|-weather|RainDance|[upkeep]\n|upkeep\n|turn|3\n|\n|t:|1746074273\n|switch|p2a: Whimsicott|Whimsicott, L50, M|100/100\n|move|p1b: Tigre To\u00f1o|Fake Out|p2b: Brute Bonnet\n|-damage|p2b: Brute Bonnet|34/100\n|-damage|p1b: Tigre To\u00f1o|84/100|[from] item: Rocky Helmet|[of] p2b: Brute Bonnet\n|move|p1a: Dory|Origin Pulse|p2b: Brute Bonnet|[spread] p2a,p2b\n|-resisted|p2a: Whimsicott\n|-resisted|p2b: Brute Bonnet\n|-damage|p2a: Whimsicott|50/100\n|-damage|p2b: Brute Bonnet|1/100\n|cant|p2b: Brute Bonnet|flinch\n|\n|-weather|RainDance|[upkeep]\n|upkeep\n|turn|4\n|\n|t:|1746074290\n|move|p2a: Whimsicott|Tailwind|p2a: Whimsicott\n|-sidestart|p2: papabell|move: Tailwind\n|move|p2b: Brute Bonnet|Spore|p1a: Dory\n|-status|p1a: Dory|slp|[from] move: Spore\n|cant|p1a: Dory|slp\n|move|p1b: Tigre To\u00f1o|Parting Shot|p2a: Whimsicott\n|-unboost|p2a: Whimsicott|atk|1\n|-unboost|p2a: Whimsicott|spa|1\n|\n|t:|1746074296\n|switch|p1b: Gaspar|Calyrex-Ice, L50|100/100|[from] Parting Shot\n|-ability|p1b: Gaspar|As One\n|-ability|p1b: Gaspar|Unnerve\n|\n|-weather|RainDance|[upkeep]\n|upkeep\n|turn|5\n|\n|t:|1746074303\n|switch|p2a: Koraidon|Koraidon, L50|91/100\n|-weather|SunnyDay|[from] ability: Orichalcum Pulse|[of] p2a: Koraidon\n|-activate|p2b: Brute Bonnet|ability: Protosynthesis\n|-start|p2b: Brute Bonnet|protosynthesisdef\n|-activate|p2a: Koraidon|Orichalcum Pulse|[source]\n|switch|p1a: Tigre To\u00f1o|Incineroar, L50, F|84/100\n|-ability|p1a: Tigre To\u00f1o|Intimidate|boost\n|-unboost|p2a: Koraidon|atk|1\n|-unboost|p2b: Brute Bonnet|atk|1\n|move|p1b: Gaspar|Protect|p1b: Gaspar\n|-singleturn|p1b: Gaspar|Protect\n|move|p2b: Brute Bonnet|Spore|p1b: Gaspar\n|-activate|p1b: Gaspar|move: Protect\n|\n|-weather|SunnyDay|[upkeep]\n|upkeep\n|turn|6\n|inactive|papabell has 30 seconds left.\n|\n|t:|1746074337\n|-end|p2b: Brute Bonnet|Protosynthesis|[silent]\n|switch|p2b: Whimsicott|Whimsicott, L50, M|50/100\n|-terastallize|p2a: Koraidon|Fire\n|-terastallize|p1b: Gaspar|Water\n|move|p1a: Tigre To\u00f1o|Fake Out|p2b: Whimsicott\n|-damage|p2b: Whimsicott|36/100\n|move|p2a: Koraidon|Flare Blitz|p1b: Gaspar\n|-resisted|p1b: Gaspar\n|-damage|p1b: Gaspar|65/100\n|-damage|p2a: Koraidon|77/100|[from] Recoil\n|-damage|p2a: Koraidon|68/100|[from] item: Life Orb\n|move|p1b: Gaspar|Trick Room|p1b: Gaspar\n|-fieldstart|move: Trick Room|[of] p1b: Gaspar\n|\n|-weather|SunnyDay|[upkeep]\n|upkeep\n|turn|7\n|\n|t:|1746074352\n|switch|p1b: Dory|Kyogre, L50|55/100 slp\n|-weather|RainDance|[from] ability: Drizzle|[of] p1b: Dory\n|move|p2b: Whimsicott|Encore||[still]\n|-fail|p2b: Whimsicott\n|move|p1a: Tigre To\u00f1o|Knock Off|p2a: Koraidon\n|-damage|p2a: Koraidon|28/100\n|-enditem|p2a: Koraidon|Life Orb|[from] move: Knock Off|[of] p1a: Tigre To\u00f1o\n|move|p2a: Koraidon|Close Combat|p1a: Tigre To\u00f1o\n|-supereffective|p1a: Tigre To\u00f1o\n|-damage|p1a: Tigre To\u00f1o|12/100\n|-unboost|p2a: Koraidon|def|1\n|-unboost|p2a: Koraidon|spd|1\n|\n|-weather|RainDance|[upkeep]\n|-sideend|p2: papabell|move: Tailwind\n|upkeep\n|turn|8\n|inactive|papabell has 30 seconds left.\n|\n|t:|1746074380\n|move|p1a: Tigre To\u00f1o|Parting Shot|p2a: Koraidon\n|-unboost|p2a: Koraidon|atk|1\n|-unboost|p2a: Koraidon|spa|1\n|\n|t:|1746074383\n|switch|p1a: Gaspar|Calyrex-Ice, L50, tera:Water|65/100|[from] Parting Shot\n|-ability|p1a: Gaspar|As One\n|-ability|p1a: Gaspar|Unnerve\n|cant|p1b: Dory|slp\n|move|p2b: Whimsicott|Moonblast|p1a: Gaspar\n|-damage|p1a: Gaspar|48/100\n|move|p2a: Koraidon|Close Combat|p1b: Dory\n|-damage|p1b: Dory|27/100 slp\n|-unboost|p2a: Koraidon|def|1\n|-unboost|p2a: Koraidon|spd|1\n|\n|-weather|RainDance|[upkeep]\n|upkeep\n|turn|9\n|\n|t:|1746074404\n|switch|p2a: Brute Bonnet|Brute Bonnet, L50|1/100\n|move|p1a: Gaspar|Glacial Lance|p2a: Brute Bonnet|[spread] p2a,p2b\n|-supereffective|p2a: Brute Bonnet\n|-supereffective|p2b: Whimsicott\n|-damage|p2a: Brute Bonnet|0 fnt\n|-damage|p2b: Whimsicott|0 fnt\n|faint|p2a: Brute Bonnet\n|-end|p2a: Brute Bonnet|Protosynthesis|[silent]\n|faint|p2b: Whimsicott\n|-ability|p1a: Gaspar|Chilling Neigh|boost\n|-boost|p1a: Gaspar|atk|2\n|cant|p1b: Dory|slp\n|\n|-weather|RainDance|[upkeep]\n|upkeep\n|\n|t:|1746074410\n|switch|p2a: Calyrex|Calyrex-Shadow, L50|100/100\n|switch|p2b: Koraidon|Koraidon, L50, tera:Fire|28/100\n|-ability|p2a: Calyrex|As One\n|-ability|p2a: Calyrex|Unnerve\n|-weather|SunnyDay|[from] ability: Orichalcum Pulse|[of] p2b: Koraidon\n|-activate|p2b: Koraidon|Orichalcum Pulse|[source]\n|turn|10\n|\n|t:|1746074418\n|switch|p1b: Picasso|Smeargle, L50, F|84/100\n|move|p2b: Koraidon|Protect|p2b: Koraidon\n|-singleturn|p2b: Koraidon|Protect\n|move|p2a: Calyrex|Protect|p2a: Calyrex\n|-singleturn|p2a: Calyrex|Protect\n|move|p1a: Gaspar|Glacial Lance|p2b: Koraidon|[spread] \n|-activate|p2a: Calyrex|move: Protect\n|-activate|p2b: Koraidon|move: Protect\n|\n|-weather|SunnyDay|[upkeep]\n|-fieldend|move: Trick Room\n|-ability|p1b: Picasso|Moody|boost\n|-boost|p1b: Picasso|atk|2\n|-unboost|p1b: Picasso|spa|1\n|upkeep\n|turn|11\n|\n|t:|1746074435\n|move|p1b: Picasso|Follow Me|p1b: Picasso\n|-singleturn|p1b: Picasso|move: Follow Me\n|move|p2a: Calyrex|Psychic|p1b: Picasso\n|-damage|p1b: Picasso|0 fnt\n|faint|p1b: Picasso\n|-ability|p2a: Calyrex|Grim Neigh|boost\n|-boost|p2a: Calyrex|spa|1\n|move|p2b: Koraidon|Close Combat|p1a: Gaspar\n|-damage|p1a: Gaspar|0 fnt\n|-unboost|p2b: Koraidon|def|1\n|-unboost|p2b: Koraidon|spd|1\n|faint|p1a: Gaspar\n|\n|-weather|SunnyDay|[upkeep]\n|upkeep\n|\n|t:|1746074442\n|switch|p1b: Tigre To\u00f1o|Incineroar, L50, F|12/100\n|switch|p1a: Dory|Kyogre, L50|27/100 slp\n|-weather|RainDance|[from] ability: Drizzle|[of] p1a: Dory\n|-ability|p1b: Tigre To\u00f1o|Intimidate|boost\n|-unboost|p2a: Calyrex|atk|1\n|-unboost|p2b: Koraidon|atk|1\n|turn|12\n|\n|t:|1746074453\n|move|p2a: Calyrex|Astral Barrage|p1b: Tigre To\u00f1o|[spread] p1a,p1b\n|-resisted|p1b: Tigre To\u00f1o\n|-damage|p1a: Dory|0 fnt\n|-damage|p1b: Tigre To\u00f1o|0 fnt\n|faint|p1a: Dory\n|faint|p1b: Tigre To\u00f1o\n|\n|win|papabell\n||caZISA is ready for game 2.\n|inactive|papabell has 30 seconds to confirm battle start!\n||papabell is ready for game 2.\n|uhtml|next|Next: <a href=\"/battle-gen9vgc2025regibo3-2354456992\"><strong>Game 2 of 3</strong></a>\n|l|\u2606papabell\n|player|p2|\n", "uploadtime": 1746074803, "views": 9, "formatid": "gen9vgc2025regibo3", "rating": null, "private": 0, "password": null}