{"id": "gen9vgc2025regibo3-2354300111", "format": "[Gen 9] VGC 2025 Reg I (Bo3)", "players": ["Resok", "mavvyvgc"], "log": "|j|\u2606Resok\n|j|\u2606mavvyvgc\n|html|<table width=\"100%\"><tr><td align=\"left\">Resok</td><td align=\"right\">mavvyvgc</tr><tr><td align=\"left\"><i class=\"fa fa-circle-o\"></i> <i class=\"fa fa-circle-o\"></i> </td><td align=\"right\"><i class=\"fa fa-circle-o\"></i> <i class=\"fa fa-circle-o\"></i> </tr></table>\n|uhtml|bestof|<h2><strong>Game 1</strong> of <a href=\"/game-bestof3-gen9vgc2025regibo3-2354300109\">a best-of-3</a></h2>\n|t:|1746054622\n|gametype|doubles\n|player|p1|Resok|169|1085\n|player|p2|mavvyvgc|riley|1037\n|teamsize|p1|6\n|teamsize|p2|6\n|gen|9\n|tier|[Gen 9] VGC 2025 Reg I (Bo3)\n|rated|\n|rule|Species Clause: Limit one of each Pok\u00e9mon\n|rule|Item Clause: Limit 1 of each item\n|clearpoke\n|poke|p1|Koraidon, L50|\n|poke|p1|Calyrex-Shadow, L50|\n|poke|p1|Raging Bolt, L50|\n|poke|p1|Indeedee-F, L50, F|\n|poke|p1|Whimsicott, L50, F|\n|poke|p1|Chi-Yu, L50|\n|poke|p2|Calyrex-Shadow, L50|\n|poke|p2|Kyurem-White, L50|\n|poke|p2|Slowking, L50, F|\n|poke|p2|Tornadus, L50, M|\n|poke|p2|Rillaboom, L50, F|\n|poke|p2|Incineroar, L50, M|\n|teampreview|4\n|showteam|p1|Koraidon||LifeOrb|OrichalcumPulse|CloseCombat,FlareBlitz,FlameCharge,Protect||||||50|,,,,,Fire]Calyrex-Shadow||FocusSash|AsOneSpectrier|AstralBarrage,Psychic,Protect,DrainingKiss||||||50|,,,,,Fairy]Raging Bolt||AssaultVest|Protosynthesis|WeatherBall,Thunderbolt,Thunderclap,DragonPulse||||||50|,,,,,Fairy]Indeedee-F||SafetyGoggles|PsychicSurge|FollowMe,DazzlingGleam,TrickRoom,Imprison|||F|||50|,,,,,Water]Whimsicott||CovertCloak|Prankster|Tailwind,DazzlingGleam,SunnyDay,LightScreen|||F|||50|,,,,,Dark]Chi-Yu||ChoiceScarf|BeadsofRuin|Overheat,HeatWave,Snarl,DarkPulse||||||50|,,,,,Ghost\n|showteam|p2|Calyrex-Shadow||FocusSash|AsOneSpectrier|DarkPulse,AstralBarrage,NastyPlot,Protect||||||50|,,,,,Dark]Kyurem-White||ChoiceSpecs|Turboblaze|EarthPower,Blizzard,DragonPulse,FusionFlare||||||50|,,,,,Ground]Slowking||RockyHelmet|Oblivious|Psychic,TrickRoom,ChillyReception,HydroPump|||F|||50|,,,,,Water]Tornadus||CovertCloak|Prankster|Tailwind,BleakwindStorm,Protect,Snowscape|||M|||50|,,,,,Dark]Rillaboom||GrassySeed|GrassySurge|DrumBeating,Uturn,GrassyGlide,FakeOut|||F|||50|,,,,,Grass]Incineroar||AssaultVest|Intimidate|FakeOut,KnockOff,FlareBlitz,Uturn|||M|||50|,,,,,Fire\n|\n|t:|1746054712\n|start\n|switch|p1a: Whimsicott|Whimsicott, L50, F|100/100\n|switch|p1b: Chi-Yu|Chi-Yu, L50|100/100\n|switch|p2a: Slowking|Slowking, L50, F|100/100\n|switch|p2b: Rillaboom|Rillaboom, L50, F|100/100\n|-ability|p1b: Chi-Yu|Beads of Ruin\n|-fieldstart|move: Grassy Terrain|[from] ability: Grassy Surge|[of] p2b: Rillaboom\n|-enditem|p2b: Rillaboom|Grassy Seed\n|-boost|p2b: Rillaboom|def|1|[from] item: Grassy Seed\n|turn|1\n|\n|t:|1746054772\n|move|p2b: Rillaboom|Fake Out|p1b: Chi-Yu\n|-damage|p1b: Chi-Yu|76/100\n|cant|p1b: Chi-Yu|flinch\n|move|p1a: Whimsicott|Dazzling Gleam|p2a: Slowking|[spread] p2a,p2b\n|-crit|p2a: Slowking\n|-damage|p2a: Slowking|63/100\n|-damage|p2b: Rillaboom|61/100\n|move|p2a: Slowking|Trick Room|p2a: Slowking\n|-fieldstart|move: Trick Room|[of] p2a: Slowking\n|\n|-heal|p2a: Slowking|69/100|[from] Grassy Terrain\n|-heal|p2b: Rillaboom|67/100|[from] Grassy Terrain\n|-heal|p1b: Chi-Yu|82/100|[from] Grassy Terrain\n|upkeep\n|turn|2\n|\n|t:|1746054798\n|move|p2b: Rillaboom|Grassy Glide|p1a: Whimsicott\n|-resisted|p1a: Whimsicott\n|-damage|p1a: Whimsicott|77/100\n|move|p1a: Whimsicott|Light Screen|p1a: Whimsicott\n|-sidestart|p1: Resok|move: Light Screen\n|-prepare|p2a: Slowking|Chilly Reception|[premajor]\n|move|p2a: Slowking|Chilly Reception|p2a: Slowking\n|-weather|Snowscape\n|\n|t:|1746054806\n|switch|p2a: Kyurem|Kyurem-White, L50|100/100|[from] Chilly Reception\n|-ability|p2a: Kyurem|Turboblaze\n|move|p1b: Chi-Yu|Heat Wave|p2a: Kyurem|[spread] p2b\n|-miss|p1b: Chi-Yu|p2a: Kyurem\n|-supereffective|p2b: Rillaboom\n|-damage|p2b: Rillaboom|0 fnt\n|faint|p2b: Rillaboom\n|\n|-weather|Snowscape|[upkeep]\n|-heal|p1a: Whimsicott|83/100|[from] Grassy Terrain\n|-heal|p1b: Chi-Yu|88/100|[from] Grassy Terrain\n|upkeep\n|\n|t:|1746054824\n|switch|p2b: Incineroar|Incineroar, L50, M|100/100\n|-ability|p2b: Incineroar|Intimidate|boost\n|-unboost|p1a: Whimsicott|atk|1\n|-unboost|p1b: Chi-Yu|atk|1\n|turn|3\n|\n|t:|1746054870\n|move|p2b: Incineroar|Fake Out|p1b: Chi-Yu\n|-damage|p1b: Chi-Yu|70/100\n|move|p1a: Whimsicott|Sunny Day|p1a: Whimsicott\n|-weather|SunnyDay\n|move|p2a: Kyurem|Blizzard|p1b: Chi-Yu|[spread] p1a,p1b\n|-supereffective|p1a: Whimsicott\n|-resisted|p1b: Chi-Yu\n|-damage|p1a: Whimsicott|0 fnt\n|-damage|p1b: Chi-Yu|41/100\n|faint|p1a: Whimsicott\n|cant|p1b: Chi-Yu|flinch\n|\n|-weather|SunnyDay|[upkeep]\n|-heal|p1b: Chi-Yu|47/100|[from] Grassy Terrain\n|upkeep\n|\n|t:|1746054890\n|switch|p1a: Calyrex|Calyrex-Shadow, L50|100/100\n|-ability|p1a: Calyrex|As One\n|-ability|p1a: Calyrex|Unnerve\n|turn|4\n|\n|t:|1746054915\n|switch|p2a: Slowking|Slowking, L50, F|69/100\n|move|p1a: Calyrex|Protect|p1a: Calyrex\n|-singleturn|p1a: Calyrex|Protect\n|move|p2b: Incineroar|Knock Off|p1a: Calyrex\n|-activate|p1a: Calyrex|move: Protect\n|move|p1b: Chi-Yu|Heat Wave|p2a: Slowking|[spread] p2a\n|-miss|p1b: Chi-Yu|p2b: Incineroar\n|-resisted|p2a: Slowking\n|-damage|p2a: Slowking|37/100\n|-status|p2a: Slowking|brn\n|\n|-weather|SunnyDay|[upkeep]\n|-heal|p2a: Slowking|43/100 brn|[from] Grassy Terrain\n|-heal|p1b: Chi-Yu|54/100|[from] Grassy Terrain\n|-damage|p2a: Slowking|37/100 brn|[from] brn\n|upkeep\n|turn|5\n|\n|t:|1746054957\n|switch|p1a: Koraidon|Koraidon, L50|100/100\n|-activate|p1a: Koraidon|ability: Orichalcum Pulse\n|move|p2a: Slowking|Psychic|p1a: Koraidon\n|-supereffective|p1a: Koraidon\n|-damage|p1a: Koraidon|48/100\n|move|p2b: Incineroar|Knock Off|p1a: Koraidon\n|-resisted|p1a: Koraidon\n|-damage|p1a: Koraidon|32/100\n|-enditem|p1a: Koraidon|Life Orb|[from] move: Knock Off|[of] p2b: Incineroar\n|move|p1b: Chi-Yu|Heat Wave|p2b: Incineroar|[spread] p2a,p2b\n|-resisted|p2a: Slowking\n|-resisted|p2b: Incineroar\n|-damage|p2a: Slowking|5/100 brn\n|-damage|p2b: Incineroar|76/100\n|\n|-weather|SunnyDay|[upkeep]\n|-heal|p2a: Slowking|11/100 brn|[from] Grassy Terrain\n|-heal|p2b: Incineroar|82/100|[from] Grassy Terrain\n|-heal|p1a: Koraidon|38/100|[from] Grassy Terrain\n|-heal|p1b: Chi-Yu|60/100|[from] Grassy Terrain\n|-damage|p2a: Slowking|5/100 brn|[from] brn\n|-fieldend|move: Trick Room\n|-fieldend|move: Grassy Terrain\n|upkeep\n|turn|6\n|\n|t:|1746055005\n|move|p1b: Chi-Yu|Heat Wave|p2b: Incineroar|[spread] p2a,p2b\n|-resisted|p2a: Slowking\n|-resisted|p2b: Incineroar\n|-damage|p2a: Slowking|0 fnt\n|-damage|p2b: Incineroar|58/100\n|faint|p2a: Slowking\n|move|p1a: Koraidon|Flame Charge|p2b: Incineroar\n|-resisted|p2b: Incineroar\n|-damage|p2b: Incineroar|46/100\n|-boost|p1a: Koraidon|spe|1\n|move|p2b: Incineroar|Flare Blitz|p1a: Koraidon\n|-resisted|p1a: Koraidon\n|-damage|p1a: Koraidon|6/100\n|-damage|p2b: Incineroar|37/100|[from] Recoil\n|\n|-weather|SunnyDay|[upkeep]\n|-sideend|p1: Resok|move: Light Screen\n|upkeep\n|\n|t:|1746055017\n|switch|p2a: Kyurem|Kyurem-White, L50|100/100\n|-ability|p2a: Kyurem|Turboblaze\n|turn|7\n|\n|t:|1746055035\n|-terastallize|p2a: Kyurem|Ground\n|move|p1a: Koraidon|Close Combat|p2a: Kyurem\n|-damage|p2a: Kyurem|25/100\n|-unboost|p1a: Koraidon|def|1\n|-unboost|p1a: Koraidon|spd|1\n|move|p1b: Chi-Yu|Heat Wave|p2a: Kyurem|[spread] p2a,p2b\n|-resisted|p2b: Incineroar\n|-damage|p2a: Kyurem|0 fnt\n|-damage|p2b: Incineroar|10/100\n|faint|p2a: Kyurem\n|move|p2b: Incineroar|Knock Off|p1a: Koraidon\n|-resisted|p1a: Koraidon\n|-damage|p1a: Koraidon|0 fnt\n|faint|p1a: Koraidon\n|\n|-weather|none\n|upkeep\n|\n|t:|1746055052\n|switch|p1a: Calyrex|Calyrex-Shadow, L50|100/100\n|-ability|p1a: Calyrex|As One\n|-ability|p1a: Calyrex|Unnerve\n|turn|8\n|\n|t:|1746055066\n|move|p1b: Chi-Yu|Heat Wave|p2b: Incineroar\n|-resisted|p2b: Incineroar\n|-damage|p2b: Incineroar|0 fnt\n|faint|p2b: Incineroar\n|\n|win|Resok\n|inactive|Resok has 30 seconds to confirm battle start!\n|inactive|mavvyvgc has 30 seconds to confirm battle start!\n||mavvyvgc is ready for game 2.\n||Resok is ready for game 2.\n|uhtml|next|Next: <a href=\"/battle-gen9vgc2025regibo3-2354304027\"><strong>Game 2 of 3</strong></a>\n", "uploadtime": 1746055887, "views": 12, "formatid": "gen9vgc2025regibo3", "rating": null, "private": 0, "password": null}