{"id": "gen9vgc2025regibo3-2353561203", "format": "[Gen 9] VGC 2025 Reg I (Bo3)", "players": ["Sl33py<3", "Impkun"], "log": "|j|\u2606Sl33py<3\n|j|\u2606Impkun\n|html|<table width=\"100%\"><tr><td align=\"left\">Sl33py&lt;3</td><td align=\"right\">Impkun</tr><tr><td align=\"left\"><i class=\"fa fa-circle-o\"></i> <i class=\"fa fa-circle-o\"></i> </td><td align=\"right\"><i class=\"fa fa-circle-o\"></i> <i class=\"fa fa-circle-o\"></i> </tr></table>\n|uhtml|bestof|<h2><strong>Game 1</strong> of <a href=\"/game-bestof3-gen9vgc2025regibo3-2353561202\">a best-of-3</a></h2>\n|t:|1745968496\n|gametype|doubles\n|player|p1|Sl33py<3|266|\n|player|p2|Impkun|265|\n|teamsize|p1|6\n|teamsize|p2|6\n|gen|9\n|tier|[Gen 9] VGC 2025 Reg I (Bo3)\n|rule|Species Clause: Limit one of each Pok\u00e9mon\n|rule|Item Clause: Limit 1 of each item\n|clearpoke\n|poke|p1|Tyranitar, L50, M|\n|poke|p1|Excadrill, L50, M|\n|poke|p1|Rotom-Wash, L50|\n|poke|p1|Scrafty, L50, M|\n|poke|p1|Grimmsnarl, L50, M|\n|poke|p1|Sinistcha, L50|\n|poke|p2|Torkoal, L50, F|\n|poke|p2|Exeggutor, L50, F|\n|poke|p2|Jumpluff, L50, M|\n|poke|p2|Dragonite, L50, M|\n|poke|p2|Corviknight, L50, F|\n|poke|p2|Arcanine-Hisui, L50, M|\n|teampreview|4\n|showteam|p1|Tyranitar||ClearAmulet|SandStream|KnockOff,RockSlide,TeraBlast,Protect|||M|||50|,,,,,Flying]Excadrill||FocusSash|SandRush|Earthquake,StompingTantrum,IronHead,Protect|||M|||50|,,,,,Stellar]Rotom-Wash||AssaultVest|Levitate|Discharge,Electroweb,HydroPump,ShadowBall||||||50|,,,,,Dragon]Scrafty||SafetyGoggles|Intimidate|FakeOut,KnockOff,Coaching,DrainPunch|||M|||50|,,,,,Poison]Grimmsnarl||LightClay|Prankster|FakeOut,PartingShot,Reflect,LightScreen|||M|||50|,,,,,Ghost]Sinistcha||MentalHerb|Hospitality|MatchaGotcha,RagePowder,LifeDew,StrengthSap||||||50|,,,,,Water\n|showteam|p2|Torkoal||Charcoal|Drought|Protect,EarthPower,HeatWave,Eruption|||F|||50|,,,,,Fire]Exeggutor||LifeOrb|Chlorophyll|SolarBeam,Psychic,SludgeBomb,HelpingHand|||F|||50|,,,,,Grass]Jumpluff||CovertCloak|Chlorophyll|Tailwind,SleepPowder,Encore,PollenPuff|||M|||50|,,,,,Dark]Dragonite||LumBerry|Multiscale|ExtremeSpeed,Earthquake,Protect,LowKick|||M|||50|,,,,,Flying]Corviknight||Leftovers|MirrorArmor|BraveBird,IronHead,Roost,Uturn|||F|||50|,,,,,Dragon]Arcanine-Hisui||SitrusBerry|Intimidate|FlareBlitz,RockSlide,ExtremeSpeed,Protect|||M|||50|,,,,,Fairy\n|\n|t:|1745968604\n|start\n|switch|p1a: Grimmsnarl|Grimmsnarl, L50, M, shiny|100/100\n|switch|p1b: Excadrill|Excadrill, L50, M|100/100\n|switch|p2a: Corviknight|Corviknight, L50, F|100/100\n|switch|p2b: Dragonite|Dragonite, L50, M|100/100\n|turn|1\n|\n|t:|1745968642\n|switch|p1b: Rotom|Rotom-Wash, L50|100/100\n|move|p1a: Grimmsnarl|Fake Out|p2a: Corviknight\n|-resisted|p2a: Corviknight\n|-crit|p2a: Corviknight\n|-damage|p2a: Corviknight|92/100\n|move|p2b: Dragonite|Earthquake|p1a: Grimmsnarl|[spread] p1a\n|-immune|p2a: Corviknight\n|-immune|p1b: Rotom|[from] ability: Levitate\n|-damage|p1a: Grimmsnarl|73/100\n|cant|p2a: Corviknight|flinch\n|\n|-heal|p2a: Corviknight|98/100|[from] item: Leftovers\n|upkeep\n|turn|2\n|j| Raphael_turtl\n|\n|t:|1745968710\n|switch|p2a: Torkoal|Torkoal, L50, F|100/100\n|-weather|SunnyDay|[from] ability: Drought|[of] p2a: Torkoal\n|move|p2b: Dragonite|Extreme Speed|p1b: Rotom\n|-damage|p1b: Rotom|73/100\n|move|p1a: Grimmsnarl|Reflect|p1a: Grimmsnarl\n|-sidestart|p1: Sl33py<3|Reflect\n|move|p1b: Rotom|Electroweb|p2a: Torkoal|[spread] p2a,p2b\n|-damage|p2a: Torkoal|81/100\n|-damage|p2b: Dragonite|93/100\n|-unboost|p2a: Torkoal|spe|1\n|-unboost|p2b: Dragonite|spe|1\n|\n|-weather|SunnyDay|[upkeep]\n|upkeep\n|turn|3\n|\n|t:|1745968759\n|move|p2a: Torkoal|Protect|p2a: Torkoal\n|-singleturn|p2a: Torkoal|Protect\n|move|p2b: Dragonite|Extreme Speed|p1b: Rotom\n|-damage|p1b: Rotom|55/100\n|move|p1a: Grimmsnarl|Parting Shot|p2b: Dragonite\n|-unboost|p2b: Dragonite|atk|1\n|-unboost|p2b: Dragonite|spa|1\n|\n|t:|1745968767\n|switch|p1a: Tyranitar|Tyranitar, L50, M|100/100|[from] Parting Shot\n|-weather|Sandstorm|[from] ability: Sand Stream|[of] p1a: Tyranitar\n|move|p1b: Rotom|Hydro Pump|p2a: Torkoal\n|-activate|p2a: Torkoal|move: Protect\n|\n|-weather|Sandstorm|[upkeep]\n|-damage|p1b: Rotom|50/100|[from] Sandstorm\n|-damage|p2b: Dragonite|87/100|[from] Sandstorm\n|-damage|p2a: Torkoal|75/100|[from] Sandstorm\n|upkeep\n|turn|4\n|\n|t:|1745968833\n|switch|p1b: Excadrill|Excadrill, L50, M|100/100\n|switch|p2b: Corviknight|Corviknight, L50, F|98/100\n|-terastallize|p1a: Tyranitar|Flying\n|move|p1a: Tyranitar|Rock Slide|p2a: Torkoal|[spread] p2a\n|-miss|p1a: Tyranitar|p2b: Corviknight\n|-supereffective|p2a: Torkoal\n|-damage|p2a: Torkoal|28/100\n|move|p2a: Torkoal|Eruption|p1a: Tyranitar|[spread] p1a,p1b\n|-supereffective|p1b: Excadrill\n|-damage|p1a: Tyranitar|86/100\n|-damage|p1b: Excadrill|55/100\n|\n|-weather|Sandstorm|[upkeep]\n|-damage|p1a: Tyranitar|80/100|[from] Sandstorm\n|-damage|p2a: Torkoal|21/100|[from] Sandstorm\n|-heal|p2b: Corviknight|100/100|[from] item: Leftovers\n|upkeep\n|turn|5\n|\n|t:|1745968951\n|move|p2a: Torkoal|Protect|p2a: Torkoal\n|-singleturn|p2a: Torkoal|Protect\n|move|p1b: Excadrill|Stomping Tantrum|p2a: Torkoal\n|-activate|p2a: Torkoal|move: Protect\n|move|p2b: Corviknight|Brave Bird|p1b: Excadrill\n|-resisted|p1b: Excadrill\n|-damage|p1b: Excadrill|30/100\n|-damage|p2b: Corviknight|91/100|[from] Recoil\n|move|p1a: Tyranitar|Knock Off|p2b: Corviknight\n|-damage|p2b: Corviknight|39/100\n|-enditem|p2b: Corviknight|Leftovers|[from] move: Knock Off|[of] p1a: Tyranitar\n|\n|-weather|Sandstorm|[upkeep]\n|-damage|p1a: Tyranitar|74/100|[from] Sandstorm\n|-damage|p2a: Torkoal|15/100|[from] Sandstorm\n|upkeep\n|turn|6\n|\n|t:|1745969015\n|switch|p1b: Grimmsnarl|Grimmsnarl, L50, M, shiny|73/100\n|move|p2b: Corviknight|Brave Bird|p1b: Grimmsnarl\n|-damage|p1b: Grimmsnarl|37/100\n|-damage|p2b: Corviknight|25/100|[from] Recoil\n|move|p1a: Tyranitar|Rock Slide|p2b: Corviknight|[spread] p2b\n|-miss|p1a: Tyranitar|p2a: Torkoal\n|-damage|p2b: Corviknight|0 fnt\n|faint|p2b: Corviknight\n|move|p2a: Torkoal|Heat Wave|p1b: Grimmsnarl|[spread] p1a,p1b\n|-damage|p1a: Tyranitar|44/100\n|-damage|p1b: Grimmsnarl|6/100\n|\n|-weather|Sandstorm|[upkeep]\n|-damage|p1a: Tyranitar|38/100|[from] Sandstorm\n|-damage|p1b: Grimmsnarl|0 fnt|[from] Sandstorm\n|-damage|p2a: Torkoal|9/100|[from] Sandstorm\n|faint|p1b: Grimmsnarl\n|upkeep\n|\n|t:|1745969058\n|switch|p2b: Arcanine|Arcanine-Hisui, L50, M|100/100\n|switch|p1b: Rotom|Rotom-Wash, L50|50/100\n|-ability|p2b: Arcanine|Intimidate|boost\n|-fail|p1a: Tyranitar|unboost|[from] item: Clear Amulet|[of] p1a: Tyranitar\n|-unboost|p1b: Rotom|atk|1\n|turn|7\n|\n|t:|1745969127\n|move|p2a: Torkoal|Protect|p2a: Torkoal\n|-singleturn|p2a: Torkoal|Protect\n|move|p2b: Arcanine|Rock Slide|p1a: Tyranitar|[spread] p1a,p1b\n|-supereffective|p1a: Tyranitar\n|-damage|p1a: Tyranitar|9/100\n|-damage|p1b: Rotom|34/100\n|move|p1b: Rotom|Electroweb|p2b: Arcanine|[spread] p2b\n|-activate|p2a: Torkoal|move: Protect\n|-damage|p2b: Arcanine|88/100\n|-unboost|p2b: Arcanine|spe|1\n|move|p1a: Tyranitar|Rock Slide|p2b: Arcanine|[spread] p2b\n|-activate|p2a: Torkoal|move: Protect\n|-supereffective|p2b: Arcanine\n|-damage|p2b: Arcanine|3/100\n|-enditem|p2b: Arcanine|Sitrus Berry|[eat]\n|-heal|p2b: Arcanine|28/100|[from] item: Sitrus Berry\n|\n|-weather|none\n|upkeep\n|turn|8\n|l| Raphael_turtl\n|j| Raphael_turtl\n|l| Raphael_turtl\n|j| Raphael_turtl\n|\n|t:|1745969227\n|move|p2b: Arcanine|Extreme Speed|p1b: Rotom\n|-damage|p1b: Rotom|20/100\n|move|p1b: Rotom|Shadow Ball|p2b: Arcanine\n|-damage|p2b: Arcanine|2/100\n|move|p1a: Tyranitar|Knock Off|p2a: Torkoal\n|-damage|p2a: Torkoal|0 fnt\n|-enditem|p2a: Torkoal|Charcoal|[from] move: Knock Off|[of] p1a: Tyranitar\n|faint|p2a: Torkoal\n|\n|upkeep\n|\n|t:|1745969238\n|switch|p2a: Dragonite|Dragonite, L50, M|87/100\n|turn|9\n|c| Raphael_turtl|: OOOOO\n|c| Raphael_turtl|I saw that ugly\n|\n|t:|1745969304\n|move|p1a: Tyranitar|Protect|p1a: Tyranitar\n|-singleturn|p1a: Tyranitar|Protect\n|move|p2a: Dragonite|Extreme Speed|p1b: Rotom\n|-damage|p1b: Rotom|2/100\n|move|p1b: Rotom|Discharge|p2b: Arcanine|[spread] p2a,p2b\n|-activate|p1a: Tyranitar|move: Protect\n|-damage|p2a: Dragonite|63/100\n|-damage|p2b: Arcanine|0 fnt\n|faint|p2b: Arcanine\n|\n|-sideend|p1: Sl33py<3|Reflect\n|upkeep\n|turn|10\n|\n|t:|1745969330\n|move|p2a: Dragonite|Extreme Speed|p1b: Rotom\n|-damage|p1b: Rotom|0 fnt\n|faint|p1b: Rotom\n|move|p1a: Tyranitar|Knock Off|p2a: Dragonite\n|-damage|p2a: Dragonite|0 fnt\n|-enditem|p2a: Dragonite|Lum Berry|[from] move: Knock Off|[of] p1a: Tyranitar\n|faint|p2a: Dragonite\n|\n|win|Sl33py<3\n|c| Raphael_turtl|ew ew ew\n|inactive|Sl33py<3 has 30 seconds to confirm battle start!\n|inactive|Impkun has 30 seconds to confirm battle start!\n||Impkun is ready for game 2.\n|c|\u2606Sl33py<3|omg that was lowkey so close\n|inactive|Sl33py<3 has 20 seconds to confirm battle start!\n||Sl33py<3 is ready for game 2.\n|uhtml|next|Next: <a href=\"/battle-gen9vgc2025regibo3-2353568595\"><strong>Game 2 of 3</strong></a>\n|c| Raphael_turtl|your face was so funny\n|l| Raphael_turtl\n|l|\u2606Impkun\n|player|p2|\n", "uploadtime": 1745969613, "views": 18, "formatid": "gen9vgc2025regibo3", "rating": null, "private": 0, "password": null}