{"id": "gen9vgc2025regibo3-2355087566", "format": "[Gen 9] VGC 2025 Reg I (Bo3)", "players": ["Billlmadsvgc", "We_Are_Toasted"], "log": "|j|\u2606Billlmadsvgc\n|j|\u2606We_Are_Toasted\n|html|<table width=\"100%\"><tr><td align=\"left\">Billlmadsvgc</td><td align=\"right\">We_Are_Toasted</tr><tr><td align=\"left\"><i class=\"fa fa-circle-o\"></i> <i class=\"fa fa-circle-o\"></i> </td><td align=\"right\"><i class=\"fa fa-circle-o\"></i> <i class=\"fa fa-circle-o\"></i> </tr></table>\n|uhtml|bestof|<h2><strong>Game 1</strong> of <a href=\"/game-bestof3-gen9vgc2025regibo3-2355087564\">a best-of-3</a></h2>\n|t:|1746150876\n|gametype|doubles\n|player|p1|Billlmadsvgc|caitlin|1348\n|player|p2|We_Are_Toasted|larry|1225\n|teamsize|p1|6\n|teamsize|p2|6\n|gen|9\n|tier|[Gen 9] VGC 2025 Reg I (Bo3)\n|rated|\n|rule|Species Clause: Limit one of each Pok\u00e9mon\n|rule|Item Clause: Limit 1 of each item\n|clearpoke\n|poke|p1|Calyrex-Shadow, L50|\n|poke|p1|Flutter Mane, L50|\n|poke|p1|Terapagos, L50, M|\n|poke|p1|Ogerpon-Cornerstone, L50, F|\n|poke|p1|Incineroar, L50, F|\n|poke|p1|Urshifu-*, L50, F|\n|poke|p2|Miraidon, L50|\n|poke|p2|Grimmsnarl, L50, M|\n|poke|p2|Iron Hands, L50|\n|poke|p2|Lunala, L50|\n|poke|p2|Chi-Yu, L50|\n|poke|p2|Ursaluna, L50, M|\n|teampreview|4\n|showteam|p1|Calyrex-Shadow||FocusSash|AsOneSpectrier|AstralBarrage,Disable,Encore,Protect||||||50|,,,,,Ghost]Flutter Mane||BoosterEnergy|Protosynthesis|Moonblast,ThunderWave,IcyWind,Protect||||||50|,,,,,Normal]Terapagos||Leftovers|TeraShift|TeraStarstorm,EarthPower,CalmMind,Protect|||M|||50|,,,,,Stellar]Ogerpon-Cornerstone||CornerstoneMask|Sturdy|IvyCudgel,PowerWhip,FollowMe,SpikyShield|||F|||50|,,,,,Rock]Incineroar||RockyHelmet|Intimidate|PartingShot,FakeOut,KnockOff,Taunt|||F|||50|,,,,,Bug]Urshifu-Rapid-Strike||ChoiceScarf|UnseenFist|SurgingStrikes,AquaJet,Uturn,CloseCombat|||F|||50|,,,,,Water\n|showteam|p2|Miraidon||ChoiceSpecs|HadronEngine|VoltSwitch,DracoMeteor,ElectroDrift,DazzlingGleam||||||50|,,,,,Fairy]Grimmsnarl||LightClay|Prankster|LightScreen,Reflect,ThunderWave,SpiritBreak|||M|||50|,,,,,Ghost]Iron Hands||AssaultVest|QuarkDrive|DrainPunch,FakeOut,WildCharge,LowKick||||||50|,,,,,Bug]Lunala||PowerHerb|ShadowShield|MoongeistBeam,MeteorBeam,WideGuard,TrickRoom||||||50|,,,,,Water]Chi-Yu||ChoiceScarf|BeadsofRuin|Snarl,HeatWave,DarkPulse,Overheat||||||50|,,,,,Ghost]Ursaluna||FlameOrb|Guts|Facade,HeadlongRush,Earthquake,Protect|||M|||50|,,,,,Ghost\n|inactive|Battle timer is ON: inactive players will automatically lose when time's up. (requested by Billlmadsvgc)\n|inactive|Billlmadsvgc has 60 seconds left.\n|inactive|We_Are_Toasted has 60 seconds left.\n|inactive|Billlmadsvgc has 30 seconds left.\n|inactive|We_Are_Toasted has 30 seconds left.\n|inactive|Billlmadsvgc has 20 seconds left.\n|inactive|We_Are_Toasted has 20 seconds left.\n|inactive|Billlmadsvgc has 15 seconds left.\n|inactive|We_Are_Toasted has 15 seconds left.\n|inactive|Billlmadsvgc has 10 seconds left.\n|inactive|We_Are_Toasted has 10 seconds left.\n|inactive|Billlmadsvgc has 5 seconds left.\n|inactive|We_Are_Toasted has 5 seconds left.\n|\n|t:|1746150967\n|start\n|switch|p1a: Terapagos|Terapagos, L50, M|100/100\n|switch|p1b: Flutter Mane|Flutter Mane, L50|100/100\n|switch|p2a: Chi-Yu|Chi-Yu, L50|100/100\n|switch|p2b: Miraidon|Miraidon, L50|100/100\n|-activate|p1a: Terapagos|ability: Tera Shift\n|detailschange|p1a: Terapagos|Terapagos-Terastal, L50, M\n|-heal|p1a: Terapagos|100/100|[silent]\n|-ability|p2a: Chi-Yu|Beads of Ruin\n|-fieldstart|move: Electric Terrain|[from] ability: Hadron Engine|[of] p2b: Miraidon\n|-enditem|p1b: Flutter Mane|Booster Energy\n|-activate|p1b: Flutter Mane|ability: Protosynthesis|[fromitem]\n|-start|p1b: Flutter Mane|protosynthesisspe\n|turn|1\n|inactive|We_Are_Toasted has 30 seconds left.\n|inactive|We_Are_Toasted has 20 seconds left.\n|inactive|We_Are_Toasted has 15 seconds left.\n|inactive|We_Are_Toasted has 10 seconds left.\n|inactive|We_Are_Toasted has 5 seconds left.\n|\n|t:|1746151020\n|-terastallize|p2b: Miraidon|Fairy\n|move|p1a: Terapagos|Protect|p1a: Terapagos\n|-singleturn|p1a: Terapagos|Protect\n|move|p1b: Flutter Mane|Icy Wind|p2b: Miraidon|[spread] p2a,p2b\n|-resisted|p2a: Chi-Yu\n|-damage|p2a: Chi-Yu|94/100\n|-damage|p2b: Miraidon|85/100\n|-unboost|p2a: Chi-Yu|spe|1\n|-unboost|p2b: Miraidon|spe|1\n|move|p2a: Chi-Yu|Snarl|p1a: Terapagos|[spread] \n|-activate|p1a: Terapagos|move: Protect\n|-miss|p2a: Chi-Yu|p1b: Flutter Mane\n|move|p2b: Miraidon|Dazzling Gleam|p1b: Flutter Mane|[spread] p1b\n|-activate|p1a: Terapagos|move: Protect\n|-damage|p1b: Flutter Mane|13/100\n|\n|upkeep\n|turn|2\n|inactive|Billlmadsvgc has 30 seconds left.\n|inactive|We_Are_Toasted has 30 seconds left.\n|inactive|Billlmadsvgc has 20 seconds left.\n|inactive|Billlmadsvgc has 15 seconds left.\n|\n|t:|1746151061\n|move|p1b: Flutter Mane|Protect|p1b: Flutter Mane\n|-singleturn|p1b: Flutter Mane|Protect\n|move|p2a: Chi-Yu|Snarl|p1a: Terapagos|[spread] p1a\n|-activate|p1b: Flutter Mane|move: Protect\n|-activate|p1a: Terapagos|ability: Tera Shell\n|-resisted|p1a: Terapagos\n|-damage|p1a: Terapagos|86/100\n|-unboost|p1a: Terapagos|spa|1\n|move|p1a: Terapagos|Calm Mind|p1a: Terapagos\n|-boost|p1a: Terapagos|spa|1\n|-boost|p1a: Terapagos|spd|1\n|move|p2b: Miraidon|Dazzling Gleam|p1b: Flutter Mane|[spread] p1a\n|-activate|p1b: Flutter Mane|move: Protect\n|-damage|p1a: Terapagos|35/100\n|\n|-heal|p1a: Terapagos|40/100|[from] item: Leftovers\n|upkeep\n|turn|3\n|\n|t:|1746151086\n|switch|p2b: Grimmsnarl|Grimmsnarl, L50, M|100/100\n|-terastallize|p1a: Terapagos|Stellar\n|detailschange|p1a: Terapagos|Terapagos-Stellar, L50, M, tera:Stellar\n|-heal|p1a: Terapagos|56/100|[silent]\n|-ability|p1a: Terapagos|Teraform Zero\n|-fieldend|move: Electric Terrain\n|move|p1b: Flutter Mane|Icy Wind|p2a: Chi-Yu|[spread] p2a,p2b\n|-resisted|p2a: Chi-Yu\n|-damage|p2a: Chi-Yu|86/100\n|-damage|p2b: Grimmsnarl|85/100\n|-unboost|p2a: Chi-Yu|spe|1\n|-unboost|p2b: Grimmsnarl|spe|1\n|move|p2a: Chi-Yu|Snarl|p1a: Terapagos|[spread] p1a,p1b\n|-damage|p1a: Terapagos|43/100\n|-damage|p1b: Flutter Mane|0 fnt\n|-unboost|p1a: Terapagos|spa|1\n|faint|p1b: Flutter Mane\n|-end|p1b: Flutter Mane|Protosynthesis|[silent]\n|move|p1a: Terapagos|Tera Starstorm|p2b: Grimmsnarl|[spread] p2a,p2b\n|-damage|p2a: Chi-Yu|59/100\n|-damage|p2b: Grimmsnarl|54/100\n|\n|-heal|p1a: Terapagos|49/100|[from] item: Leftovers\n|upkeep\n|\n|t:|1746151108\n|switch|p1b: Ogerpon|Ogerpon-Cornerstone, L50, F|100/100\n|turn|4\n|inactive|We_Are_Toasted has 30 seconds left.\n|inactive|We_Are_Toasted has 20 seconds left.\n|inactive|We_Are_Toasted has 15 seconds left.\n|inactive|We_Are_Toasted has 10 seconds left.\n|\n|t:|1746151156\n|move|p1b: Ogerpon|Ivy Cudgel|p2a: Chi-Yu|[anim] Ivy Cudgel Rock\n|-supereffective|p2a: Chi-Yu\n|-damage|p2a: Chi-Yu|0 fnt\n|faint|p2a: Chi-Yu\n|move|p1a: Terapagos|Calm Mind|p1a: Terapagos\n|-boost|p1a: Terapagos|spa|1\n|-boost|p1a: Terapagos|spd|1\n|move|p2b: Grimmsnarl|Spirit Break|p1b: Ogerpon\n|-damage|p1b: Ogerpon|58/100\n|-unboost|p1b: Ogerpon|spa|1\n|\n|-heal|p1a: Terapagos|55/100|[from] item: Leftovers\n|upkeep\n|\n|t:|1746151172\n|switch|p2a: Miraidon|Miraidon, L50, tera:Fairy|85/100\n|-fieldstart|move: Electric Terrain|[from] ability: Hadron Engine|[of] p2a: Miraidon\n|turn|5\n|\n|t:|1746151190\n|switch|p1b: Incineroar|Incineroar, L50, F|100/100\n|-ability|p1b: Incineroar|Intimidate|boost\n|-unboost|p2a: Miraidon|atk|1\n|-unboost|p2b: Grimmsnarl|atk|1\n|move|p1a: Terapagos|Protect|p1a: Terapagos\n|-singleturn|p1a: Terapagos|Protect\n|move|p2a: Miraidon|Volt Switch|p1a: Terapagos\n|-activate|p1a: Terapagos|move: Protect\n|move|p2b: Grimmsnarl|Spirit Break|p1a: Terapagos\n|-activate|p1a: Terapagos|move: Protect\n|\n|-heal|p1a: Terapagos|61/100|[from] item: Leftovers\n|upkeep\n|turn|6\n|\n|t:|1746151214\n|switch|p2a: Brian Hands|Iron Hands, L50|100/100\n|-activate|p2a: Brian Hands|ability: Quark Drive\n|-start|p2a: Brian Hands|quarkdriveatk\n|move|p1b: Incineroar|Fake Out|p2a: Brian Hands\n|-damage|p2a: Brian Hands|93/100\n|move|p2b: Grimmsnarl|Thunder Wave|p1a: Terapagos\n|-status|p1a: Terapagos|par\n|move|p1a: Terapagos|Tera Starstorm|p2a: Brian Hands|[spread] p2a,p2b\n|-damage|p2a: Brian Hands|73/100\n|-damage|p2b: Grimmsnarl|17/100\n|\n|-heal|p1a: Terapagos|67/100 par|[from] item: Leftovers\n|upkeep\n|turn|7\n|inactive|We_Are_Toasted has 30 seconds left.\n|inactive|We_Are_Toasted has 20 seconds left.\n|\n|t:|1746151250\n|move|p1a: Terapagos|Protect|p1a: Terapagos\n|-singleturn|p1a: Terapagos|Protect\n|move|p2a: Brian Hands|Fake Out|p1b: Incineroar\n|-damage|p1b: Incineroar|85/100\n|-damage|p2a: Brian Hands|56/100|[from] item: Rocky Helmet|[of] p1b: Incineroar\n|cant|p1b: Incineroar|flinch\n|move|p2b: Grimmsnarl|Spirit Break|p1a: Terapagos\n|-activate|p1a: Terapagos|move: Protect\n|\n|-heal|p1a: Terapagos|73/100 par|[from] item: Leftovers\n|upkeep\n|turn|8\n|\n|t:|1746151275\n|move|p1b: Incineroar|Parting Shot|p2a: Brian Hands\n|-unboost|p2a: Brian Hands|atk|1\n|-unboost|p2a: Brian Hands|spa|1\n|\n|t:|1746151278\n|switch|p1b: Ogerpon|Ogerpon-Cornerstone, L50, F|58/100|[from] Parting Shot\n|move|p2a: Brian Hands|Drain Punch|p1a: Terapagos\n|-supereffective|p1a: Terapagos\n|-crit|p1a: Terapagos\n|-damage|p1a: Terapagos|0 fnt\n|-heal|p2a: Brian Hands|94/100|[from] drain|[of] p1a: Terapagos\n|faint|p1a: Terapagos\n|move|p2b: Grimmsnarl|Spirit Break|p1b: Ogerpon\n|-damage|p1b: Ogerpon|30/100\n|-unboost|p1b: Ogerpon|spa|1\n|\n|upkeep\n|\n|t:|1746151286\n|switch|p1a: Incineroar|Incineroar, L50, F|85/100\n|-ability|p1a: Incineroar|Intimidate|boost\n|-unboost|p2a: Brian Hands|atk|1\n|-unboost|p2b: Grimmsnarl|atk|1\n|turn|9\n|\n|t:|1746151308\n|move|p1a: Incineroar|Fake Out|p2a: Brian Hands\n|-damage|p2a: Brian Hands|86/100\n|move|p2b: Grimmsnarl|Reflect|p2b: Grimmsnarl\n|-sidestart|p2: We_Are_Toasted|Reflect\n|move|p1b: Ogerpon|Power Whip|p2a: Brian Hands\n|-damage|p2a: Brian Hands|52/100\n|cant|p2a: Brian Hands|flinch\n|\n|-fieldend|move: Electric Terrain\n|-end|p2a: Brian Hands|Quark Drive\n|upkeep\n|turn|10\n|inactive|Billlmadsvgc has 30 seconds left.\n|\n|t:|1746151336\n|-end|p2a: Brian Hands|Quark Drive|[silent]\n|switch|p2a: Miraidon|Miraidon, L50, tera:Fairy|85/100\n|-fieldstart|move: Electric Terrain|[from] ability: Hadron Engine|[of] p2a: Miraidon\n|move|p1b: Ogerpon|Spiky Shield|p1b: Ogerpon\n|-singleturn|p1b: Ogerpon|move: Protect\n|move|p1a: Incineroar|Parting Shot|p2a: Miraidon\n|-unboost|p2a: Miraidon|atk|1\n|-unboost|p2a: Miraidon|spa|1\n|move|p2b: Grimmsnarl|Spirit Break|p1b: Ogerpon\n|-activate|p1b: Ogerpon|move: Protect\n|-damage|p2b: Grimmsnarl|4/100|[from] Spiky Shield|[of] p1b: Ogerpon\n|\n|upkeep\n|turn|11\n|inactive|We_Are_Toasted has 30 seconds left.\n|\n|t:|1746151370\n|move|p2a: Miraidon|Dazzling Gleam|p1b: Ogerpon|[spread] p1a,p1b\n|-damage|p1a: Incineroar|45/100\n|-damage|p1b: Ogerpon|0 fnt\n|faint|p1b: Ogerpon\n|move|p1a: Incineroar|Knock Off|p2a: Miraidon\n|-resisted|p2a: Miraidon\n|-damage|p2a: Miraidon|73/100\n|-enditem|p2a: Miraidon|Choice Specs|[from] move: Knock Off|[of] p1a: Incineroar\n|move|p2b: Grimmsnarl|Spirit Break|p1a: Incineroar\n|-damage|p1a: Incineroar|31/100\n|-unboost|p1a: Incineroar|spa|1\n|-damage|p2b: Grimmsnarl|0 fnt|[from] item: Rocky Helmet|[of] p1a: Incineroar\n|faint|p2b: Grimmsnarl\n|\n|upkeep\n|\n|t:|1746151376\n|switch|p2b: Brian Hands|Iron Hands, L50|52/100\n|-activate|p2b: Brian Hands|ability: Quark Drive\n|-start|p2b: Brian Hands|quarkdriveatk\n|turn|12\n|\n|t:|1746151382\n|move|p2a: Miraidon|Electro Drift|p1a: Incineroar\n|-damage|p1a: Incineroar|0 fnt\n|-damage|p2a: Miraidon|56/100|[from] item: Rocky Helmet|[of] p1a: Incineroar\n|faint|p1a: Incineroar\n|\n|win|We_Are_Toasted\n||Billlmadsvgc is ready for game 2.\n", "uploadtime": 1746151388, "views": 6, "formatid": "gen9vgc2025regibo3", "rating": null, "private": 0, "password": null}