{"id": "gen9vgc2025regibo3-2354058449", "format": "[Gen 9] VGC 2025 Reg I (Bo3)", "players": ["mavvyvgc", "Dylax"], "log": "|j|\u2606mavvyvgc\n|j|\u2606Dylax\n|html|<table width=\"100%\"><tr><td align=\"left\">mavvyvgc</td><td align=\"right\">Dylax</tr><tr><td align=\"left\"><i class=\"fa fa-circle\"></i> <i class=\"fa fa-circle-o\"></i> </td><td align=\"right\"><i class=\"fa fa-circle-o\"></i> <i class=\"fa fa-circle\"></i> </tr></table>\n|uhtml|bestof|<h2><strong>Game 3</strong> of <a href=\"/game-bestof3-gen9vgc2025regibo3-2354051070\">a best-of-3</a></h2>\n|t:|1746031289\n|gametype|doubles\n|player|p1|mavvyvgc|riley|1045\n|player|p2|Dylax|giovanni-masters|1000\n|teamsize|p1|6\n|teamsize|p2|6\n|gen|9\n|tier|[Gen 9] VGC 2025 Reg I (Bo3)\n|rated|\n|rule|Species Clause: Limit one of each Pok\u00e9mon\n|rule|Item Clause: Limit 1 of each item\n|clearpoke\n|poke|p1|Calyrex-Shadow, L50|\n|poke|p1|Kyurem, L50|\n|poke|p1|Slowking, L50, F|\n|poke|p1|Ninetales-Alola, L50, M|\n|poke|p1|Tornadus, L50, M|\n|poke|p1|Incineroar, L50, M|\n|poke|p2|Kyogre, L50|\n|poke|p2|Zacian-*, L50|\n|poke|p2|Tornadus, L50, M|\n|poke|p2|Urshifu-*, L50, F|\n|poke|p2|Chien-Pao, L50|\n|poke|p2|Tsareena, L50, F|\n|teampreview|4\n|showteam|p1|Calyrex-Shadow||FocusSash|AsOneSpectrier|DarkPulse,AstralBarrage,NastyPlot,Protect||||||50|,,,,,Dark]Kyurem||NeverMeltIce|Pressure|DracoMeteor,Protect,Glaciate,Blizzard||||||50|,,,,,Fire]Slowking||RockyHelmet|Oblivious|Psychic,TrickRoom,ChillyReception,HydroPump|||F|||50|,,,,,Water]Ninetales-Alola||LifeOrb|SnowWarning|Moonblast,FreezeDry,Blizzard,Protect|||M|||50|,,,,,Electric]Tornadus||CovertCloak|Prankster|Tailwind,WeatherBall,Protect,Taunt|||M|||50|,,,,,Dark]Incineroar||AssaultVest|Intimidate|FakeOut,KnockOff,FlareBlitz,Uturn|||M|||50|,,,,,Fire\n|showteam|p2|Kyogre||MysticWater|Drizzle|WaterSpout,OriginPulse,IceBeam,Protect||||||50|,,,,,Grass]Zacian-Crowned||RustedSword|IntrepidSword|behemothblade,PlayRough,Substitute,Protect||||||50|,,,,,Fairy]Tornadus||CovertCloak|Prankster|BleakwindStorm,Tailwind,RainDance,Taunt|||M|||50|,,,,,Dark]Urshifu-Rapid-Strike||ChoiceScarf|UnseenFist|SurgingStrikes,CloseCombat,Uturn,Coaching|||F|||50|,,,,,Water]Chien-Pao||FocusSash|SwordofRuin|IceSpinner,SuckerPunch,SacredSword,Protect||||||50|,,,,,Ghost]Tsareena||WideLens|QueenlyMajesty|PowerWhip,TripleAxel,HelpingHand,Taunt|||F|||50|,,,,,Ice\n|\n|t:|1746031343\n|start\n|switch|p1a: Incineroar|Incineroar, L50, M|100/100\n|switch|p1b: Slowking|Slowking, L50, F|100/100\n|switch|p2a: Kyogre|Kyogre, L50|100/100\n|switch|p2b: Tornadus|Tornadus, L50, M|100/100\n|-weather|RainDance|[from] ability: Drizzle|[of] p2a: Kyogre\n|-ability|p1a: Incineroar|Intimidate|boost\n|-unboost|p2a: Kyogre|atk|1\n|-unboost|p2b: Tornadus|atk|1\n|turn|1\n|\n|t:|1746031395\n|switch|p2a: Urshifu|Urshifu-Rapid-Strike, L50, F|100/100\n|move|p1a: Incineroar|Fake Out|p2a: Urshifu\n|-damage|p2a: Urshifu|89/100\n|move|p2b: Tornadus|Taunt|p1b: Slowking\n|-immune|p1b: Slowking|[from] ability: Oblivious\n|move|p1b: Slowking|Trick Room|p1b: Slowking\n|-fieldstart|move: Trick Room|[of] p1b: Slowking\n|\n|-weather|RainDance|[upkeep]\n|upkeep\n|turn|2\n|\n|t:|1746031451\n|switch|p2b: Zacian|Zacian-Crowned, L50|100/100\n|-ability|p2b: Zacian|Intrepid Sword|boost\n|-boost|p2b: Zacian|atk|1\n|-terastallize|p2a: Urshifu|Water\n|-prepare|p1b: Slowking|Chilly Reception|[premajor]\n|move|p1b: Slowking|Chilly Reception|p1b: Slowking\n|-weather|Snowscape\n|\n|t:|1746031460\n|switch|p1b: Kyurem|Kyurem, L50|100/100|[from] Chilly Reception\n|-ability|p1b: Kyurem|Pressure\n|move|p1a: Incineroar|Flare Blitz|p2b: Zacian\n|-supereffective|p2b: Zacian\n|-damage|p2b: Zacian|13/100\n|-damage|p1a: Incineroar|75/100|[from] Recoil\n|move|p2a: Urshifu|Surging Strikes|p1a: Incineroar\n|-supereffective|p1a: Incineroar\n|-crit|p1a: Incineroar\n|-damage|p1a: Incineroar|34/100\n|-supereffective|p1a: Incineroar\n|-crit|p1a: Incineroar\n|-damage|p1a: Incineroar|0 fnt\n|faint|p1a: Incineroar\n|-hitcount|p1: Incineroar|2\n|\n|-weather|Snowscape|[upkeep]\n|upkeep\n|\n|t:|1746031480\n|switch|p1a: Calyrex|Calyrex-Shadow, L50|100/100\n|-ability|p1a: Calyrex|As One\n|-ability|p1a: Calyrex|Unnerve\n|turn|3\n|\n|t:|1746031504\n|move|p2b: Zacian|Protect|p2b: Zacian\n|-singleturn|p2b: Zacian|Protect\n|move|p1b: Kyurem|Blizzard|p2b: Zacian|[spread] p2a\n|-activate|p2b: Zacian|move: Protect\n|-resisted|p2a: Urshifu\n|-damage|p2a: Urshifu|49/100\n|move|p1a: Calyrex|Astral Barrage|p2b: Zacian|[spread] p2a\n|-activate|p2b: Zacian|move: Protect\n|-damage|p2a: Urshifu|0 fnt\n|faint|p2a: Urshifu\n|-ability|p1a: Calyrex|Grim Neigh|boost\n|-boost|p1a: Calyrex|spa|1\n|\n|-weather|Snowscape|[upkeep]\n|upkeep\n|\n|t:|1746031514\n|switch|p2a: Tornadus|Tornadus, L50, M|100/100\n|turn|4\n|\n|t:|1746031531\n|move|p2a: Tornadus|Taunt|p1a: Calyrex\n|-start|p1a: Calyrex|move: Taunt\n|move|p1b: Kyurem|Blizzard|p2a: Tornadus|[spread] p2a,p2b\n|-supereffective|p2a: Tornadus\n|-resisted|p2b: Zacian\n|-damage|p2a: Tornadus|0 fnt\n|-damage|p2b: Zacian|0 fnt\n|faint|p2a: Tornadus\n|faint|p2b: Zacian\n|move|p1a: Calyrex|Astral Barrage|p2: Tornadus|[notarget]\n|-fail|p1a: Calyrex\n|\n|-weather|Snowscape|[upkeep]\n|upkeep\n|\n|t:|1746031542\n|switch|p2a: Kyogre|Kyogre, L50|100/100\n|-weather|RainDance|[from] ability: Drizzle|[of] p2a: Kyogre\n|turn|5\n|\n|t:|1746031592\n|move|p1b: Kyurem|Blizzard|p2a: Kyogre|[miss]\n|-miss|p1b: Kyurem|p2a: Kyogre\n|move|p2a: Kyogre|Origin Pulse|p1b: Kyurem|[spread] p1a,p1b\n|-resisted|p1b: Kyurem\n|-crit|p1b: Kyurem\n|-damage|p1a: Calyrex|18/100\n|-damage|p1b: Kyurem|46/100\n|move|p1a: Calyrex|Astral Barrage|p2a: Kyogre\n|-damage|p2a: Kyogre|16/100\n|\n|-weather|RainDance|[upkeep]\n|-fieldend|move: Trick Room\n|upkeep\n|turn|6\n|c|\u2606Dylax|ggs\n|\n|t:|1746031606\n|move|p1b: Kyurem|Protect|p1b: Kyurem\n|-singleturn|p1b: Kyurem|Protect\n|move|p1a: Calyrex|Astral Barrage|p2a: Kyogre\n|-damage|p2a: Kyogre|0 fnt\n|faint|p2a: Kyogre\n|\n|win|mavvyvgc\n|raw|mavvyvgc's rating: 1045 &rarr; <strong>1074</strong><br />(+29 for winning)\n|raw|Dylax's rating: 1000 &rarr; <strong>1000</strong><br />(+0 for losing)\n|l|\u2606Dylax\n|player|p2|\n|c|\u2606mavvyvgc|gg\n", "uploadtime": 1746031716, "views": 13, "formatid": "gen9vgc2025regibo3", "rating": 1000, "private": 0, "password": null}