{"id": "gen9vgc2025regibo3-2354569671", "format": "[Gen 9] VGC 2025 Reg I (Bo3)", "players": ["naytea", "pepe1994uchia"], "log": "|j|\u2606naytea\n|j|\u2606pepe1994uchia\n|html|<table width=\"100%\"><tr><td align=\"left\">naytea</td><td align=\"right\">pepe1994uchia</tr><tr><td align=\"left\"><i class=\"fa fa-circle-o\"></i> <i class=\"fa fa-circle-o\"></i> </td><td align=\"right\"><i class=\"fa fa-circle-o\"></i> <i class=\"fa fa-circle-o\"></i> </tr></table>\n|uhtml|bestof|<h2><strong>Game 1</strong> of <a href=\"/game-bestof3-gen9vgc2025regibo3-2354569669\">a best-of-3</a></h2>\n|t:|1746096204\n|gametype|doubles\n|player|p1|naytea|iris-gen5bw2|1108\n|player|p2|pepe1994uchia|n|1178\n|teamsize|p1|6\n|teamsize|p2|6\n|gen|9\n|tier|[Gen 9] VGC 2025 Reg I (Bo3)\n|rated|\n|rule|Species Clause: Limit one of each Pok\u00e9mon\n|rule|Item Clause: Limit 1 of each item\n|clearpoke\n|poke|p1|Lunala, L50|\n|poke|p1|Kyogre, L50|\n|poke|p1|Incineroar, L50, F|\n|poke|p1|Rillaboom, L50, M|\n|poke|p1|Landorus, L50, M|\n|poke|p1|Roaring Moon, L50|\n|poke|p2|Koraidon, L50|\n|poke|p2|Ho-Oh, L50|\n|poke|p2|Iron Crown, L50|\n|poke|p2|Umbreon, L50, F|\n|poke|p2|Indeedee-F, L50, F|\n|poke|p2|Raging Bolt, L50|\n|teampreview|4\n|showteam|p1|Lunala||PowerHerb|ShadowShield|MoongeistBeam,TrickRoom,WideGuard,MeteorBeam||||||50|,,,,,Fairy]Kyogre||MysticWater|Drizzle|WaterSpout,OriginPulse,Thunder,Protect||||||50|,,,,,Grass]Incineroar||SafetyGoggles|Intimidate|FakeOut,PartingShot,WillOWisp,KnockOff|||F|||50|,,,,,Ghost]Rillaboom||AssaultVest|GrassySurge|FakeOut,GrassyGlide,WoodHammer,Uturn|||M|||50|,,,,,Fire]Landorus||ChoiceScarf|SheerForce|EarthPower,SandsearStorm,Uturn,SludgeBomb|||M|||50|,,,,,Water]Roaring Moon||BoosterEnergy|Protosynthesis|Tailwind,KnockOff,Taunt,Protect||||||50|,,,,,Poison\n|showteam|p2|Koraidon||ClearAmulet|OrichalcumPulse|FlareBlitz,CollisionCourse,BreakingSwipe,Protect||||||50|,,,,,Fire]Ho-Oh||RockyHelmet|Regenerator|SacredFire,BraveBird,Tailwind,Protect||||||50|,,,,,Dragon]Iron Crown||BoosterEnergy|QuarkDrive|ExpandingForce,TachyonCutter,TeraBlast,Protect||||||50|,,,,,Ground]Umbreon||SafetyGoggles|InnerFocus|FoulPlay,ThunderWave,Taunt,Yawn|||F|||50|,,,,,Water]Indeedee-F||PsychicSeed|PsychicSurge|Psychic,Imprison,FollowMe,TrickRoom|||F|||50|,,,,,Fairy]Raging Bolt||AssaultVest|Protosynthesis|DracoMeteor,Thunderbolt,Thunderclap,Electroweb||||||50|,,,,,Bug\n|inactive|Battle timer is ON: inactive players will automatically lose when time's up. (requested by naytea)\n|inactive|naytea has 60 seconds left.\n|inactive|pepe1994uchia has 60 seconds left.\n|\n|t:|1746096269\n|start\n|switch|p1a: Roaring Moon|Roaring Moon, L50|100/100\n|switch|p1b: Lunala|Lunala, L50|100/100\n|switch|p2a: Raging Bolt|Raging Bolt, L50|100/100\n|switch|p2b: Umbreon|Umbreon, L50, F, shiny|100/100\n|-enditem|p1a: Roaring Moon|Booster Energy\n|-activate|p1a: Roaring Moon|ability: Protosynthesis|[fromitem]\n|-start|p1a: Roaring Moon|protosynthesisspe\n|turn|1\n|\n|t:|1746096290\n|move|p1a: Roaring Moon|Taunt|p2b: Umbreon\n|-start|p2b: Umbreon|move: Taunt\n|move|p1b: Lunala|Moongeist Beam|p2a: Raging Bolt\n|-damage|p2a: Raging Bolt|66/100\n|move|p2a: Raging Bolt|Electroweb|p1b: Lunala|[spread] p1a,p1b\n|-resisted|p1a: Roaring Moon\n|-damage|p1a: Roaring Moon|91/100\n|-damage|p1b: Lunala|93/100\n|-unboost|p1a: Roaring Moon|spe|1\n|-unboost|p1b: Lunala|spe|1\n|cant|p2b: Umbreon|move: Taunt|Yawn\n|\n|upkeep\n|turn|2\n|inactive|naytea has 30 seconds left.\n|\n|t:|1746096318\n|switch|p1b: Landorus|Landorus, L50, M|100/100\n|move|p1a: Roaring Moon|Knock Off|p2a: Raging Bolt\n|-damage|p2a: Raging Bolt|36/100\n|-enditem|p2a: Raging Bolt|Assault Vest|[from] move: Knock Off|[of] p1a: Roaring Moon\n|move|p2a: Raging Bolt|Draco Meteor|p1a: Roaring Moon\n|-supereffective|p1a: Roaring Moon\n|-damage|p1a: Roaring Moon|0 fnt\n|-unboost|p2a: Raging Bolt|spa|2\n|faint|p1a: Roaring Moon\n|-end|p1a: Roaring Moon|Protosynthesis|[silent]\n|move|p2b: Umbreon|Foul Play|p1b: Landorus\n|-damage|p1b: Landorus|60/100\n|\n|upkeep\n|\n|t:|1746096323\n|switch|p1a: Lunala|Lunala, L50|93/100\n|turn|3\n|\n|t:|1746096339\n|-end|p2a: Raging Bolt|Protosynthesis|[silent]\n|switch|p2a: Ho-Oh|Ho-Oh, L50|100/100\n|-terastallize|p1a: Lunala|Fairy\n|move|p1b: Landorus|U-turn|p2b: Umbreon\n|-supereffective|p2b: Umbreon\n|-damage|p2b: Umbreon|76/100\n|\n|t:|1746096341\n|switch|p1b: Kyogre|Kyogre, L50|100/100|[from] U-turn\n|-weather|RainDance|[from] ability: Drizzle|[of] p1b: Kyogre\n|move|p1a: Lunala|Moongeist Beam|p2a: Ho-Oh\n|-damage|p2a: Ho-Oh|66/100\n|move|p2b: Umbreon|Foul Play|p1a: Lunala\n|-resisted|p1a: Lunala\n|-damage|p1a: Lunala|80/100\n|\n|-weather|RainDance|[upkeep]\n|-end|p2b: Umbreon|move: Taunt\n|upkeep\n|turn|4\n|\n|t:|1746096363\n|switch|p2b: Koraidon|Koraidon, L50|100/100\n|-weather|SunnyDay|[from] ability: Orichalcum Pulse|[of] p2b: Koraidon\n|-activate|p2b: Koraidon|Orichalcum Pulse|[source]\n|move|p1b: Kyogre|Origin Pulse|p2a: Ho-Oh|[spread] p2a\n|-miss|p1b: Kyogre|p2b: Koraidon\n|-supereffective|p2a: Ho-Oh\n|-damage|p2a: Ho-Oh|29/100\n|move|p2a: Ho-Oh|Sacred Fire|p1a: Lunala\n|-damage|p1a: Lunala|18/100\n|move|p1a: Lunala|Meteor Beam||[still]\n|-prepare|p1a: Lunala|Meteor Beam\n|-boost|p1a: Lunala|spa|1\n|-enditem|p1a: Lunala|Power Herb\n|-anim|p1a: Lunala|Meteor Beam|p2a: Ho-Oh\n|-supereffective|p2a: Ho-Oh\n|-damage|p2a: Ho-Oh|0 fnt\n|faint|p2a: Ho-Oh\n|\n|-weather|SunnyDay|[upkeep]\n|upkeep\n|\n|t:|1746096378\n|switch|p2a: Raging Bolt|Raging Bolt, L50|36/100\n|-activate|p2a: Raging Bolt|ability: Protosynthesis\n|-start|p2a: Raging Bolt|protosynthesisspa\n|turn|5\n|\n|t:|1746096393\n|move|p2b: Koraidon|Collision Course|p1b: Kyogre\n|-damage|p1b: Kyogre|36/100\n|move|p1b: Kyogre|Water Spout|p2a: Raging Bolt|[spread] p2a,p2b\n|-resisted|p2a: Raging Bolt\n|-resisted|p2b: Koraidon\n|-damage|p2a: Raging Bolt|31/100\n|-damage|p2b: Koraidon|95/100\n|move|p1a: Lunala|Moongeist Beam|p2a: Raging Bolt\n|-damage|p2a: Raging Bolt|0 fnt\n|faint|p2a: Raging Bolt\n|-end|p2a: Raging Bolt|Protosynthesis|[silent]\n|\n|-weather|SunnyDay|[upkeep]\n|upkeep\n|\n|t:|1746096406\n|switch|p2a: Umbreon|Umbreon, L50, F, shiny|76/100\n|turn|6\n|\n|t:|1746096422\n|move|p1b: Kyogre|Protect|p1b: Kyogre\n|-singleturn|p1b: Kyogre|Protect\n|move|p2b: Koraidon|Collision Course|p1b: Kyogre\n|-activate|p1b: Kyogre|move: Protect\n|move|p1a: Lunala|Moongeist Beam|p2b: Koraidon\n|-damage|p2b: Koraidon|16/100\n|move|p2a: Umbreon|Yawn|p1b: Kyogre\n|-activate|p1b: Kyogre|move: Protect\n|\n|-weather|SunnyDay|[upkeep]\n|upkeep\n|turn|7\n|\n|t:|1746096432\n|switch|p1b: Landorus|Landorus, L50, M|60/100\n|move|p2b: Koraidon|Protect|p2b: Koraidon\n|-singleturn|p2b: Koraidon|Protect\n|move|p1a: Lunala|Moongeist Beam|p2b: Koraidon\n|-activate|p2b: Koraidon|move: Protect\n|move|p2a: Umbreon|Yawn|p1a: Lunala\n|-start|p1a: Lunala|move: Yawn|[of] p2a: Umbreon\n|\n|-weather|SunnyDay|[upkeep]\n|upkeep\n|turn|8\n|\n|t:|1746096448\n|switch|p1a: Kyogre|Kyogre, L50|36/100\n|-weather|RainDance|[from] ability: Drizzle|[of] p1a: Kyogre\n|move|p1b: Landorus|Sandsear Storm|p2a: Umbreon|[spread] p2a,p2b\n|-damage|p2a: Umbreon|46/100\n|-damage|p2b: Koraidon|0 fnt\n|faint|p2b: Koraidon\n|move|p2a: Umbreon|Yawn|p1a: Kyogre\n|-start|p1a: Kyogre|move: Yawn|[of] p2a: Umbreon\n|\n|-weather|RainDance|[upkeep]\n|upkeep\n|turn|9\n|inactive|pepe1994uchia has 30 seconds left.\n|\n|t:|1746096477\n|switch|p1a: Lunala|Lunala, L50, tera:Fairy|18/100\n|move|p1b: Landorus|Sandsear Storm|p2a: Umbreon\n|-damage|p2a: Umbreon|6/100\n|move|p2a: Umbreon|Thunder Wave|p1a: Lunala\n|-status|p1a: Lunala|par\n|\n|-weather|RainDance|[upkeep]\n|upkeep\n|turn|10\n|\n|t:|1746096488\n|move|p1b: Landorus|Sandsear Storm|p2a: Umbreon\n|-damage|p2a: Umbreon|0 fnt\n|faint|p2a: Umbreon\n|\n|win|naytea\n||pepe1994uchia is ready for game 2.\n|inactive|naytea has 30 seconds to confirm battle start!\n|inactive|naytea has 20 seconds to confirm battle start!\n|inactive|naytea has 10 seconds to confirm battle start!\n||naytea is ready for game 2.\n|uhtml|next|Next: <a href=\"/battle-gen9vgc2025regibo3-2354571538\"><strong>Game 2 of 3</strong></a>\n|l|\u2606naytea\n|player|p1|\n|l|\u2606pepe1994uchia\n|player|p2|\n", "uploadtime": 1746096782, "views": 7, "formatid": "gen9vgc2025regibo3", "rating": null, "private": 0, "password": null}