{"id": "gen9vgc2025regibo3-2354110112", "format": "[Gen 9] VGC 2025 Reg I (Bo3)", "players": ["Hadrian1917", "goingdumbo"], "log": "|j|\u2606Hadrian1917\n|j|\u2606goingdumbo\n|html|<table width=\"100%\"><tr><td align=\"left\">Hadrian1917</td><td align=\"right\">goingdumbo</tr><tr><td align=\"left\"><i class=\"fa fa-circle-o\"></i> <i class=\"fa fa-circle-o\"></i> </td><td align=\"right\"><i class=\"fa fa-circle-o\"></i> <i class=\"fa fa-circle-o\"></i> </tr></table>\n|uhtml|bestof|<h2><strong>Game 1</strong> of <a href=\"/game-bestof3-gen9vgc2025regibo3-2354110111\">a best-of-3</a></h2>\n|t:|1746035705\n|gametype|doubles\n|player|p1|Hadrian1917|102|1267\n|player|p2|goingdumbo|hugh|1174\n|teamsize|p1|6\n|teamsize|p2|6\n|gen|9\n|tier|[Gen 9] VGC 2025 Reg I (Bo3)\n|rated|\n|rule|Species Clause: Limit one of each Pok\u00e9mon\n|rule|Item Clause: Limit 1 of each item\n|clearpoke\n|poke|p1|Miraidon, L50|\n|poke|p1|Whimsicott, L50, F|\n|poke|p1|Farigiraf, L50, M|\n|poke|p1|Iron Hands, L50|\n|poke|p1|Calyrex-Shadow, L50|\n|poke|p1|Ogerpon-Hearthflame, L50, F|\n|poke|p2|Groudon, L50|\n|poke|p2|Koraidon, L50|\n|poke|p2|Thundurus, L50, M|\n|poke|p2|Raging Bolt, L50|\n|poke|p2|Chien-Pao, L50|\n|poke|p2|Jumpluff, L50, M|\n|teampreview|4\n|showteam|p1|Miraidon||ChoiceSpecs|HadronEngine|ElectroDrift,DracoMeteor,VoltSwitch,DazzlingGleam||||||50|,,,,,Fairy]Whimsicott||CovertCloak|Prankster|Tailwind,Encore,LightScreen,Moonblast|||F|||50|,,,,,Dark]Farigiraf||ElectricSeed|ArmorTail|PsychicNoise,FoulPlay,HelpingHand,TrickRoom|||M|||50|,,,,,Water]Iron Hands||AssaultVest|QuarkDrive|LowKick,DrainPunch,WildCharge,FakeOut||||||50|,,,,,Bug]Calyrex-Shadow||FocusSash|AsOneSpectrier|AstralBarrage,Psyshock,ShadowBall,Protect||||||50|,,,,,Ghost]Ogerpon-Hearthflame||HearthflameMask|MoldBreaker|IvyCudgel,FollowMe,Encore,SpikyShield|||F|||50|,,,,,Fire\n|showteam|p2|Groudon||ChoiceScarf|Drought|PrecipiceBlades,HighHorsepower,HeatCrash,ThunderPunch||||||50|,,,,,Fire]Koraidon||ClearAmulet|OrichalcumPulse|CollisionCourse,FlareBlitz,FlameCharge,Protect||||||50|,,,,,Fire]Thundurus||WideLens|Prankster|WildboltStorm,WeatherBall,ThunderWave,EerieImpulse|||M|||50|,,,,,Electric]Raging Bolt||AssaultVest|Protosynthesis|DracoMeteor,Thunderbolt,Thunderclap,VoltSwitch||||||50|,,,,,Fairy]Chien-Pao||FocusSash|SwordofRuin|SuckerPunch,IceSpinner,SacredSword,Protect||||||50|,,,,,Stellar]Jumpluff||CovertCloak|Chlorophyll|PollenPuff,RagePowder,Tailwind,SleepPowder|||M|||50|,,,,,Dark\n|inactive|Battle timer is ON: inactive players will automatically lose when time's up. (requested by Hadrian1917)\n|inactive|goingdumbo has 60 seconds left.\n|\n|t:|1746035794\n|start\n|switch|p1a: Whimsicott|Whimsicott, L50, F|100/100\n|switch|p1b: Iron Hands|Iron Hands, L50, shiny|100/100\n|switch|p2a: Thundurus|Thundurus, L50, M|100/100\n|switch|p2b: Koraidon|Koraidon, L50|100/100\n|-weather|SunnyDay|[from] ability: Orichalcum Pulse|[of] p2b: Koraidon\n|-activate|p2b: Koraidon|Orichalcum Pulse|[source]\n|turn|1\n|inactive|Hadrian1917 has 30 seconds left.\n|\n|t:|1746035822\n|move|p1b: Iron Hands|Fake Out|p2b: Koraidon\n|-damage|p2b: Koraidon|86/100\n|move|p1a: Whimsicott|Tailwind|p1a: Whimsicott\n|-sidestart|p1: Hadrian1917|move: Tailwind\n|cant|p2b: Koraidon|flinch\n|move|p2a: Thundurus|Weather Ball|p1b: Iron Hands\n|-damage|p1b: Iron Hands|75/100\n|\n|-weather|SunnyDay|[upkeep]\n|upkeep\n|turn|2\n|\n|t:|1746035841\n|move|p1a: Whimsicott|Moonblast|p2b: Koraidon\n|-supereffective|p2b: Koraidon\n|-damage|p2b: Koraidon|0 fnt\n|faint|p2b: Koraidon\n|move|p2a: Thundurus|Weather Ball|p1b: Iron Hands\n|-damage|p1b: Iron Hands|48/100\n|move|p1b: Iron Hands|Low Kick|p2a: Thundurus\n|-resisted|p2a: Thundurus\n|-damage|p2a: Thundurus|67/100\n|\n|-weather|SunnyDay|[upkeep]\n|upkeep\n|\n|t:|1746035849\n|switch|p2b: Groudon|Groudon, L50|100/100\n|turn|3\n|\n|t:|1746035864\n|move|p2a: Thundurus|Thunder Wave|p1a: Whimsicott\n|-status|p1a: Whimsicott|par\n|move|p2b: Groudon|Precipice Blades|p1b: Iron Hands|[spread] p1a,p1b\n|-resisted|p1a: Whimsicott\n|-supereffective|p1b: Iron Hands\n|-damage|p1a: Whimsicott|64/100 par\n|-damage|p1b: Iron Hands|0 fnt\n|faint|p1b: Iron Hands\n|-end|p1b: Iron Hands|Quark Drive|[silent]\n|move|p1a: Whimsicott|Moonblast|p2b: Groudon\n|-damage|p2b: Groudon|72/100\n|\n|-weather|SunnyDay|[upkeep]\n|upkeep\n|\n|t:|1746035874\n|switch|p1b: Miraidon|Miraidon, L50|100/100\n|-fieldstart|move: Electric Terrain|[from] ability: Hadron Engine|[of] p1b: Miraidon\n|turn|4\n|\n|t:|1746035881\n|switch|p1a: Farigiraf|Farigiraf, L50, M|100/100\n|-enditem|p1a: Farigiraf|Electric Seed\n|-boost|p1a: Farigiraf|def|1|[from] item: Electric Seed\n|-terastallize|p1b: Miraidon|Fairy\n|move|p2a: Thundurus|Eerie Impulse||[still]\n|cant|p1a: Farigiraf|ability: Armor Tail|Eerie Impulse|[of] p2a: Thundurus\n|move|p1b: Miraidon|Dazzling Gleam|p2a: Thundurus|[spread] p2a,p2b\n|-damage|p2a: Thundurus|0 fnt\n|-damage|p2b: Groudon|5/100\n|faint|p2a: Thundurus\n|move|p2b: Groudon|Precipice Blades|p1a: Farigiraf|[spread] p1a,p1b\n|-damage|p1a: Farigiraf|74/100\n|-damage|p1b: Miraidon|61/100\n|\n|-weather|SunnyDay|[upkeep]\n|-sideend|p1: Hadrian1917|move: Tailwind\n|upkeep\n|\n|t:|1746035890\n|switch|p2a: Raging Bolt|Raging Bolt, L50|100/100\n|-activate|p2a: Raging Bolt|ability: Protosynthesis\n|-start|p2a: Raging Bolt|protosynthesisspa\n|turn|5\n|\n|t:|1746035901\n|-terastallize|p2a: Raging Bolt|Fairy\n|move|p1a: Farigiraf|Helping Hand|p1b: Miraidon\n|-singleturn|p1b: Miraidon|Helping Hand|[of] p1a: Farigiraf\n|move|p2b: Groudon|Precipice Blades|p1b: Miraidon|[spread] p1a,p1b\n|-crit|p1a: Farigiraf\n|-damage|p1a: Farigiraf|9/100\n|-damage|p1b: Miraidon|16/100\n|move|p1b: Miraidon|Dazzling Gleam|p2a: Raging Bolt|[spread] p2a,p2b\n|-damage|p2a: Raging Bolt|46/100\n|-damage|p2b: Groudon|0 fnt\n|faint|p2b: Groudon\n|move|p2a: Raging Bolt|Thunderbolt|p1b: Miraidon\n|-damage|p1b: Miraidon|0 fnt\n|faint|p1b: Miraidon\n|\n|-weather|none\n|-end|p2a: Raging Bolt|Protosynthesis\n|upkeep\n|\n|t:|1746035914\n|switch|p1b: Whimsicott|Whimsicott, L50, F|64/100 par\n|turn|6\n|\n|t:|1746035931\n|move|p1a: Farigiraf|Helping Hand|p1b: Whimsicott\n|-singleturn|p1b: Whimsicott|Helping Hand|[of] p1a: Farigiraf\n|move|p2a: Raging Bolt|Thunderbolt|p1a: Farigiraf\n|-damage|p1a: Farigiraf|0 fnt\n|faint|p1a: Farigiraf\n|move|p1b: Whimsicott|Moonblast|p2a: Raging Bolt\n|-damage|p2a: Raging Bolt|24/100\n|\n|upkeep\n|turn|7\n|\n|t:|1746035954\n|move|p2a: Raging Bolt|Thunderbolt|p1b: Whimsicott\n|-resisted|p1b: Whimsicott\n|-damage|p1b: Whimsicott|24/100 par\n|move|p1b: Whimsicott|Moonblast|p2a: Raging Bolt\n|-damage|p2a: Raging Bolt|7/100\n|\n|upkeep\n|turn|8\n|\n|t:|1746035966\n|move|p2a: Raging Bolt|Thunderbolt|p1b: Whimsicott\n|-resisted|p1b: Whimsicott\n|-damage|p1b: Whimsicott|0 fnt\n|faint|p1b: Whimsicott\n|\n|win|goingdumbo\n||goingdumbo is ready for game 2.\n|l|\u2606goingdumbo\n|player|p2|\n|inactive|Hadrian1917 has 30 seconds to confirm battle start!\n||Hadrian1917 is ready for game 2.\n|uhtml|next|Next: <a href=\"/battle-gen9vgc2025regibo3-2354113312\"><strong>Game 2 of 3</strong></a>\n", "uploadtime": 1746036316, "views": 10, "formatid": "gen9vgc2025regibo3", "rating": null, "private": 0, "password": null}