{"id": "gen9vgc2025regibo3-2353699983", "format": "[Gen 9] VGC 2025 Reg I (Bo3)", "players": ["luisecanonserna", "Wangopedia"], "log": "|j|\u2606luisecanonserna\n|j|\u2606Wangopedia\n|html|<table width=\"100%\"><tr><td align=\"left\">luisecanonserna</td><td align=\"right\">Wangopedia</tr><tr><td align=\"left\"><i class=\"fa fa-circle-o\"></i> <i class=\"fa fa-circle-o\"></i> </td><td align=\"right\"><i class=\"fa fa-circle-o\"></i> <i class=\"fa fa-circle-o\"></i> </tr></table>\n|uhtml|bestof|<h2><strong>Game 1</strong> of <a href=\"/game-bestof3-gen9vgc2025regibo3-2353699982\">a best-of-3</a></h2>\n|t:|1745985392\n|gametype|doubles\n|player|p1|luisecanonserna|266|1097\n|player|p2|Wangopedia|169|1045\n|teamsize|p1|6\n|teamsize|p2|6\n|gen|9\n|tier|[Gen 9] VGC 2025 Reg I (Bo3)\n|rated|\n|rule|Species Clause: Limit one of each Pok\u00e9mon\n|rule|Item Clause: Limit 1 of each item\n|clearpoke\n|poke|p1|Kyogre, L50|\n|poke|p1|Zacian-*, L50|\n|poke|p1|Rillaboom, L50, F|\n|poke|p1|Tornadus, L50, M|\n|poke|p1|Chien-Pao, L50|\n|poke|p1|Ogerpon-Hearthflame, L50, F|\n|poke|p2|Solgaleo, L50|\n|poke|p2|Rillaboom, L50, M|\n|poke|p2|Arcanine, L50, M|\n|poke|p2|Kyogre, L50|\n|poke|p2|Murkrow, L50, M|\n|poke|p2|Clefairy, L50, F|\n|teampreview|4\n|showteam|p1|Kyogre||MysticWater|Drizzle|WaterSpout,OriginPulse,IceBeam,Protect||||||50|,,,,,Grass]Zacian-Crowned||RustedSword|IntrepidSword|behemothblade,PlayRough,SacredSword,Protect||||||50|,,,,,Water]Rillaboom||AssaultVest|GrassySurge|GrassyGlide,WoodHammer,FakeOut,Uturn|||F|||50|,,,,,Fire]Tornadus||CovertCloak|Prankster|BleakwindStorm,RainDance,Tailwind,Protect|||M|||50|,,,,,Dark]Chien-Pao||FocusSash|SwordofRuin|IcicleCrash,SuckerPunch,ThroatChop,Protect||||||50|,,,,,Ghost]Ogerpon-Hearthflame||HearthflameMask|MoldBreaker|IvyCudgel,FollowMe,SpikyShield,Encore|||F|||50|,,,,,Fire\n|showteam|p2|Solgaleo||MentalHerb|FullMetalBody|Protect,TrickRoom,WideGuard,SunsteelStrike||||||50|,,,,,Dragon]Rillaboom||AssaultVest|GrassySurge|FakeOut,KnockOff,BrickBreak,GrassyGlide|||M|||50|,,,,,Fire]Arcanine||WideLens|Intimidate|Snarl,Protect,HeatWave,WillOWisp|||M|||50|,,,,,Grass]Kyogre||SafetyGoggles|Drizzle|Protect,IceBeam,Thunderbolt,OriginPulse||||||50|,,,,,Grass]Murkrow||FocusSash|Prankster|Haze,Protect,Tailwind,AirSlash|||M|||50|,,,,,Grass]Clefairy||Eviolite|FriendGuard|Protect,LifeDew,FollowMe,Moonblast|||F|||50|,,,,,Ground\n|\n|t:|1745985446\n|start\n|switch|p1a: Kyogre|Kyogre, L50|100/100\n|switch|p1b: Ogerpon|Ogerpon-Hearthflame, L50, F|100/100\n|switch|p2a: Solgaleo|Solgaleo, L50|100/100\n|switch|p2b: Rillaboom|Rillaboom, L50, M|100/100\n|-ability|p1b: Ogerpon|Mold Breaker\n|-weather|RainDance|[from] ability: Drizzle|[of] p1a: Kyogre\n|-fieldstart|move: Grassy Terrain|[from] ability: Grassy Surge|[of] p2b: Rillaboom\n|turn|1\n|inactive|Battle timer is ON: inactive players will automatically lose when time's up. (requested by luisecanonserna)\n|inactive|luisecanonserna has 60 seconds left.\n|\n|t:|1745985501\n|switch|p2b: Arcanine|Arcanine, L50, M|100/100\n|-ability|p2b: Arcanine|Intimidate|boost\n|-unboost|p1a: Kyogre|atk|1\n|-unboost|p1b: Ogerpon|atk|1\n|move|p1a: Kyogre|Protect|p1a: Kyogre\n|-singleturn|p1a: Kyogre|Protect\n|move|p1b: Ogerpon|Ivy Cudgel|p2b: Arcanine|[anim] Ivy Cudgel Fire\n|-resisted|p2b: Arcanine\n|-damage|p2b: Arcanine|91/100\n|move|p2a: Solgaleo|Trick Room|p2a: Solgaleo\n|-fieldstart|move: Trick Room|[of] p2a: Solgaleo\n|\n|-weather|RainDance|[upkeep]\n|-heal|p2b: Arcanine|97/100|[from] Grassy Terrain\n|upkeep\n|turn|2\n|inactive|luisecanonserna has 30 seconds left.\n|inactive|Wangopedia has 30 seconds left.\n|inactive|luisecanonserna has 20 seconds left.\n|\n|t:|1745985539\n|switch|p2b: Rillaboom|Rillaboom, L50, M|100/100\n|move|p2a: Solgaleo|Protect|p2a: Solgaleo\n|-singleturn|p2a: Solgaleo|Protect\n|move|p1a: Kyogre|Origin Pulse|p2a: Solgaleo|[spread] p2b\n|-activate|p2a: Solgaleo|move: Protect\n|-resisted|p2b: Rillaboom\n|-damage|p2b: Rillaboom|69/100\n|move|p1b: Ogerpon|Encore|p2a: Solgaleo\n|-activate|p2a: Solgaleo|move: Protect\n|\n|-weather|RainDance|[upkeep]\n|-heal|p2b: Rillaboom|75/100|[from] Grassy Terrain\n|upkeep\n|turn|3\n|inactive|luisecanonserna has 30 seconds left.\n|\n|t:|1745985569\n|switch|p2b: Arcanine|Arcanine, L50, M|97/100\n|-ability|p2b: Arcanine|Intimidate|boost\n|-unboost|p1a: Kyogre|atk|1\n|-unboost|p1b: Ogerpon|atk|1\n|switch|p1a: Zacian|Zacian-Crowned, L50|100/100\n|-ability|p1a: Zacian|Intrepid Sword|boost\n|-boost|p1a: Zacian|atk|1\n|move|p1b: Ogerpon|Follow Me|p1b: Ogerpon\n|-singleturn|p1b: Ogerpon|move: Follow Me\n|move|p2a: Solgaleo|Sunsteel Strike|p1b: Ogerpon\n|-resisted|p1b: Ogerpon\n|-damage|p1b: Ogerpon|74/100\n|\n|-weather|RainDance|[upkeep]\n|-heal|p2b: Arcanine|100/100|[from] Grassy Terrain\n|-heal|p1b: Ogerpon|80/100|[from] Grassy Terrain\n|upkeep\n|turn|4\n|inactive|luisecanonserna has 30 seconds left.\n|inactive|Wangopedia has 30 seconds left.\n|\n|t:|1745985602\n|switch|p2b: Rillaboom|Rillaboom, L50, M|75/100\n|move|p1b: Ogerpon|Follow Me|p1b: Ogerpon\n|-singleturn|p1b: Ogerpon|move: Follow Me\n|move|p2a: Solgaleo|Sunsteel Strike|p1b: Ogerpon\n|-resisted|p1b: Ogerpon\n|-damage|p1b: Ogerpon|53/100\n|move|p1a: Zacian|Sacred Sword|p2b: Rillaboom\n|-damage|p2b: Rillaboom|38/100\n|\n|-weather|RainDance|[upkeep]\n|-heal|p2b: Rillaboom|44/100|[from] Grassy Terrain\n|-heal|p1b: Ogerpon|59/100|[from] Grassy Terrain\n|upkeep\n|turn|5\n|\n|t:|1745985622\n|switch|p2b: Arcanine|Arcanine, L50, M|100/100\n|-ability|p2b: Arcanine|Intimidate|boost\n|-unboost|p1a: Zacian|atk|1\n|-unboost|p1b: Ogerpon|atk|1\n|move|p1b: Ogerpon|Spiky Shield|p1b: Ogerpon\n|-singleturn|p1b: Ogerpon|move: Protect\n|move|p1a: Zacian|Protect|p1a: Zacian\n|-singleturn|p1a: Zacian|Protect\n|move|p2a: Solgaleo|Sunsteel Strike|p1a: Zacian\n|-activate|p1a: Zacian|move: Protect\n|\n|-weather|none\n|-heal|p1b: Ogerpon|65/100|[from] Grassy Terrain\n|-fieldend|move: Trick Room\n|-fieldend|move: Grassy Terrain\n|upkeep\n|turn|6\n|inactive|luisecanonserna has 30 seconds left.\n|\n|t:|1745985649\n|switch|p1a: Kyogre|Kyogre, L50|100/100\n|-weather|RainDance|[from] ability: Drizzle|[of] p1a: Kyogre\n|switch|p2b: Kyogre|Kyogre, L50|100/100\n|move|p1b: Ogerpon|Encore|p2a: Solgaleo\n|-start|p2a: Solgaleo|Encore\n|-enditem|p2a: Solgaleo|Mental Herb\n|-end|p2a: Solgaleo|Encore\n|move|p2a: Solgaleo|Trick Room|p2a: Solgaleo\n|-fieldstart|move: Trick Room|[of] p2a: Solgaleo\n|\n|-weather|RainDance|[upkeep]\n|upkeep\n|turn|7\n|inactive|luisecanonserna has 30 seconds left.\n|inactive|Wangopedia has 30 seconds left.\n|inactive|Wangopedia has 20 seconds left.\n|inactive|Wangopedia has 15 seconds left.\n|\n|t:|1745985693\n|switch|p1b: Rillaboom|Rillaboom, L50, F|100/100\n|-fieldstart|move: Grassy Terrain|[from] ability: Grassy Surge|[of] p1b: Rillaboom\n|move|p2a: Solgaleo|Wide Guard|p2a: Solgaleo\n|-singleturn|p2a: Solgaleo|Wide Guard\n|move|p2b: Kyogre|Origin Pulse|p1a: Kyogre|[spread] p1a,p1b\n|-resisted|p1a: Kyogre\n|-resisted|p1b: Rillaboom\n|-damage|p1a: Kyogre|81/100\n|-damage|p1b: Rillaboom|81/100\n|move|p1a: Kyogre|Origin Pulse|p2a: Solgaleo|[spread] \n|-activate|p2a: Solgaleo|move: Wide Guard\n|-activate|p2b: Kyogre|move: Wide Guard\n|\n|-weather|RainDance|[upkeep]\n|-heal|p1b: Rillaboom|87/100|[from] Grassy Terrain\n|-heal|p1a: Kyogre|87/100|[from] Grassy Terrain\n|upkeep\n|turn|8\n|inactive|luisecanonserna has 30 seconds left.\n|\n|t:|1745985719\n|switch|p2b: Arcanine|Arcanine, L50, M|100/100\n|-ability|p2b: Arcanine|Intimidate|boost\n|-unboost|p1a: Kyogre|atk|1\n|-unboost|p1b: Rillaboom|atk|1\n|move|p1b: Rillaboom|Fake Out|p2a: Solgaleo\n|-resisted|p2a: Solgaleo\n|-damage|p2a: Solgaleo|97/100\n|cant|p2a: Solgaleo|flinch\n|move|p1a: Kyogre|Ice Beam|p2b: Arcanine\n|-resisted|p2b: Arcanine\n|-damage|p2b: Arcanine|84/100\n|\n|-weather|RainDance|[upkeep]\n|-heal|p1b: Rillaboom|93/100|[from] Grassy Terrain\n|-heal|p2b: Arcanine|90/100|[from] Grassy Terrain\n|-heal|p2a: Solgaleo|100/100|[from] Grassy Terrain\n|-heal|p1a: Kyogre|93/100|[from] Grassy Terrain\n|upkeep\n|turn|9\n|\n|t:|1745985743\n|move|p1a: Kyogre|Protect|p1a: Kyogre\n|-singleturn|p1a: Kyogre|Protect\n|move|p1b: Rillaboom|U-turn|p2a: Solgaleo\n|-damage|p2a: Solgaleo|91/100\n|\n|t:|1745985753\n|switch|p1b: Ogerpon|Ogerpon-Hearthflame, L50, F|65/100|[from] U-turn\n|-ability|p1b: Ogerpon|Mold Breaker\n|move|p2b: Arcanine|Will-O-Wisp|p1b: Ogerpon\n|-immune|p1b: Ogerpon\n|move|p2a: Solgaleo|Sunsteel Strike|p1b: Ogerpon\n|-resisted|p1b: Ogerpon\n|-damage|p1b: Ogerpon|40/100\n|\n|-weather|RainDance|[upkeep]\n|-heal|p2b: Arcanine|97/100|[from] Grassy Terrain\n|-heal|p2a: Solgaleo|96/100|[from] Grassy Terrain\n|-heal|p1a: Kyogre|99/100|[from] Grassy Terrain\n|-heal|p1b: Ogerpon|47/100|[from] Grassy Terrain\n|upkeep\n|turn|10\n|inactive|luisecanonserna has 30 seconds left.\n|inactive|luisecanonserna has 20 seconds left.\n|inactive|luisecanonserna has 15 seconds left.\n|inactive|luisecanonserna has 10 seconds left.\n|\n|t:|1745985798\n|switch|p2b: Rillaboom|Rillaboom, L50, M|44/100\n|move|p2a: Solgaleo|Wide Guard|p2a: Solgaleo\n|-singleturn|p2a: Solgaleo|Wide Guard\n|move|p1a: Kyogre|Origin Pulse|p2b: Rillaboom|[spread] \n|-activate|p2a: Solgaleo|move: Wide Guard\n|-activate|p2b: Rillaboom|move: Wide Guard\n|move|p1b: Ogerpon|Encore|p2a: Solgaleo\n|-start|p2a: Solgaleo|Encore\n|\n|-weather|none\n|-heal|p2b: Rillaboom|50/100|[from] Grassy Terrain\n|-heal|p2a: Solgaleo|100/100|[from] Grassy Terrain\n|-heal|p1a: Kyogre|100/100|[from] Grassy Terrain\n|-heal|p1b: Ogerpon|53/100|[from] Grassy Terrain\n|-fieldend|move: Trick Room\n|upkeep\n|turn|11\n|\n|t:|1745985821\n|switch|p2b: Kyogre|Kyogre, L50|100/100\n|-weather|RainDance|[from] ability: Drizzle|[of] p2b: Kyogre\n|-terastallize|p1b: Ogerpon|Fire\n|detailschange|p1b: Ogerpon|Ogerpon-Hearthflame-Tera, L50, F, tera:Fire\n|-ability|p1b: Ogerpon|Embody Aspect (Hearthflame)|boost\n|-boost|p1b: Ogerpon|atk|1\n|move|p2a: Solgaleo|Wide Guard|p2a: Solgaleo\n|-singleturn|p2a: Solgaleo|Wide Guard\n|move|p1b: Ogerpon|Ivy Cudgel|p2a: Solgaleo|[anim] Ivy Cudgel Fire\n|-supereffective|p2a: Solgaleo\n|-damage|p2a: Solgaleo|30/100\n|move|p1a: Kyogre|Ice Beam|p2a: Solgaleo\n|-resisted|p2a: Solgaleo\n|-damage|p2a: Solgaleo|19/100\n|\n|-weather|RainDance|[upkeep]\n|-heal|p1b: Ogerpon|59/100|[from] Grassy Terrain\n|-heal|p2a: Solgaleo|25/100|[from] Grassy Terrain\n|-fieldend|move: Grassy Terrain\n|upkeep\n|turn|12\n|inactive|luisecanonserna has 30 seconds left.\n|\n|t:|1745985854\n|switch|p2a: Arcanine|Arcanine, L50, M|97/100\n|-ability|p2a: Arcanine|Intimidate|boost\n|-unboost|p1a: Kyogre|atk|1\n|-unboost|p1b: Ogerpon|atk|1\n|move|p1b: Ogerpon|Ivy Cudgel|p2a: Arcanine|[anim] Ivy Cudgel Fire\n|-resisted|p2a: Arcanine\n|-damage|p2a: Arcanine|80/100\n|move|p1a: Kyogre|Water Spout|p2b: Kyogre|[spread] p2a,p2b\n|-supereffective|p2a: Arcanine\n|-resisted|p2b: Kyogre\n|-crit|p2b: Kyogre\n|-damage|p2a: Arcanine|0 fnt\n|-damage|p2b: Kyogre|38/100\n|faint|p2a: Arcanine\n|move|p2b: Kyogre|Origin Pulse|p1a: Kyogre|[spread] p1a,p1b\n|-resisted|p1a: Kyogre\n|-supereffective|p1b: Ogerpon\n|-damage|p1a: Kyogre|81/100\n|-damage|p1b: Ogerpon|0 fnt\n|faint|p1b: Ogerpon\n|\n|-weather|RainDance|[upkeep]\n|upkeep\n|\n|t:|1745985879\n|switch|p1b: Zacian|Zacian-Crowned, L50|100/100\n|switch|p2a: Solgaleo|Solgaleo, L50|25/100\n|turn|13\n|\n|t:|1745985904\n|switch|p2b: Rillaboom|Rillaboom, L50, M|50/100\n|-fieldstart|move: Grassy Terrain|[from] ability: Grassy Surge|[of] p2b: Rillaboom\n|move|p2a: Solgaleo|Protect|p2a: Solgaleo\n|-singleturn|p2a: Solgaleo|Protect\n|move|p1b: Zacian|Sacred Sword|p2a: Solgaleo\n|-activate|p2a: Solgaleo|move: Protect\n|move|p1a: Kyogre|Origin Pulse|p2a: Solgaleo|[spread] \n|-activate|p2a: Solgaleo|move: Protect\n|-miss|p1a: Kyogre|p2b: Rillaboom\n|\n|-weather|RainDance|[upkeep]\n|-heal|p1a: Kyogre|87/100|[from] Grassy Terrain\n|-heal|p2a: Solgaleo|31/100|[from] Grassy Terrain\n|-heal|p2b: Rillaboom|55/100|[from] Grassy Terrain\n|upkeep\n|turn|14\n|inactive|luisecanonserna has 30 seconds left.\n|\n|t:|1745985937\n|move|p2b: Rillaboom|Fake Out|p1a: Kyogre\n|-damage|p1a: Kyogre|76/100\n|move|p1b: Zacian|Sacred Sword|p2a: Solgaleo\n|-damage|p2a: Solgaleo|12/100\n|cant|p1a: Kyogre|flinch\n|move|p2a: Solgaleo|Trick Room|p2a: Solgaleo\n|-fieldstart|move: Trick Room|[of] p2a: Solgaleo\n|\n|-weather|RainDance|[upkeep]\n|-heal|p2b: Rillaboom|61/100|[from] Grassy Terrain\n|-heal|p2a: Solgaleo|18/100|[from] Grassy Terrain\n|-heal|p1a: Kyogre|82/100|[from] Grassy Terrain\n|upkeep\n|turn|15\n|inactive|luisecanonserna has 30 seconds left.\n|inactive|luisecanonserna has 20 seconds left.\n|inactive|Wangopedia has 30 seconds left.\n|inactive|Wangopedia has 20 seconds left.\n|inactive|Wangopedia has 15 seconds left.\n|inactive|Wangopedia has 10 seconds left.\n|\n|t:|1745985985\n|switch|p2a: Kyogre|Kyogre, L50|38/100\n|switch|p1a: Rillaboom|Rillaboom, L50, F|93/100\n|-terastallize|p2b: Rillaboom|Fire\n|move|p2b: Rillaboom|Grassy Glide|p1a: Rillaboom\n|-resisted|p1a: Rillaboom\n|-damage|p1a: Rillaboom|80/100\n|move|p1b: Zacian|Play Rough|p2b: Rillaboom\n|-resisted|p2b: Rillaboom\n|-damage|p2b: Rillaboom|43/100\n|\n|-weather|none\n|-heal|p2b: Rillaboom|49/100|[from] Grassy Terrain\n|-heal|p2a: Kyogre|44/100|[from] Grassy Terrain\n|-heal|p1a: Rillaboom|85/100|[from] Grassy Terrain\n|upkeep\n|turn|16\n|inactive|luisecanonserna has 20 seconds left this turn.\n|inactive|luisecanonserna has 15 seconds left.\n|inactive|luisecanonserna has 10 seconds left.\n|inactive|luisecanonserna has 5 seconds left.\n|-message|luisecanonserna lost due to inactivity.\n|\n|win|Wangopedia\n|l|\u2606Wangopedia\n|player|p2|\n||luisecanonserna is ready for game 2.\n||Wangopedia is ready for game 2.\n|uhtml|next|Next: <a href=\"/battle-gen9vgc2025regibo3-2353704320\"><strong>Game 2 of 3</strong></a>\n", "uploadtime": 1745986944, "views": 6, "formatid": "gen9vgc2025regibo3", "rating": null, "private": 0, "password": null}