{"id": "gen9vgc2025regibo3-2354432972", "format": "[Gen 9] VGC 2025 Reg I (Bo3)", "players": ["asmexusSoCal", "steeltrainer"], "log": "|j|\u2606asmexusSoCal\n|j|\u2606steeltrainer\n|html|<table width=\"100%\"><tr><td align=\"left\">asmexusSoCal</td><td align=\"right\">steeltrainer</tr><tr><td align=\"left\"><i class=\"fa fa-circle-o\"></i> <i class=\"fa fa-circle-o\"></i> </td><td align=\"right\"><i class=\"fa fa-circle-o\"></i> <i class=\"fa fa-circle-o\"></i> </tr></table>\n|uhtml|bestof|<h2><strong>Game 1</strong> of <a href=\"/game-bestof3-gen9vgc2025regibo3-2354432971\">a best-of-3</a></h2>\n|t:|1746070941\n|gametype|doubles\n|player|p1|asmexusSoCal|nemona-s|\n|player|p2|steeltrainer|steven|\n|teamsize|p1|6\n|teamsize|p2|6\n|gen|9\n|tier|[Gen 9] VGC 2025 Reg I (Bo3)\n|rule|Species Clause: Limit one of each Pok\u00e9mon\n|rule|Item Clause: Limit 1 of each item\n|clearpoke\n|poke|p1|Zacian-*, L50|\n|poke|p1|Kyogre, L50|\n|poke|p1|Tornadus, L50, M|\n|poke|p1|Amoonguss, L50, M|\n|poke|p1|Incineroar, L50, M|\n|poke|p1|Urshifu-*, L50, M|\n|poke|p2|Calyrex-Ice, L50|\n|poke|p2|Miraidon, L50|\n|poke|p2|Whimsicott, L50, M|\n|poke|p2|Farigiraf, L50, M|\n|poke|p2|Incineroar, L50, M|\n|poke|p2|Annihilape, L50, F|\n|teampreview|4\n|showteam|p1|Zacian-Crowned||RustedSword|IntrepidSword|behemothblade,PlayRough,Substitute,Protect||||||50|,,,,,Fairy]Kyogre||MysticWater|Drizzle|WaterSpout,OriginPulse,IceBeam,Protect||||||50|,,,,,Grass]Tornadus||CovertCloak|Prankster|BleakwindStorm,Tailwind,RainDance,Taunt|||M|||50|,,,,,Dark]Amoonguss||RockyHelmet|Regenerator|PollenPuff,Spore,RagePowder,Protect|||M|||50|,,,,,Steel]Incineroar||SafetyGoggles|Intimidate|KnockOff,FakeOut,WillOWisp,PartingShot|||M|||50|,,,,,Water]Urshifu-Rapid-Strike||ChoiceScarf|UnseenFist|SurgingStrikes,CloseCombat,Uturn,Coaching|||M|||50|,,,,,Ghost\n|showteam|p2|Calyrex-Ice||ClearAmulet|AsOneGlastrier|Protect,GlacialLance,HighHorsepower,TrickRoom||||||50|,,,,,Fire]Miraidon||ChoiceSpecs|HadronEngine|VoltSwitch,ElectroDrift,DracoMeteor,DazzlingGleam||||||50|,,,,,Fairy]Whimsicott||CovertCloak|Prankster|Moonblast,Tailwind,Encore,LightScreen|||M|||50|,,,,,Dark]Farigiraf||ThroatSpray|ArmorTail|Protect,Psychic,HyperVoice,TrickRoom|||M|||50|,,,,,Water]Incineroar||RockyHelmet|Intimidate|PartingShot,KnockOff,HelpingHand,FakeOut|||M|||50|,,,,,Ghost]Annihilape||ChoiceScarf|Defiant|RageFist,CloseCombat,FinalGambit,Coaching|||F|||50|,,,,,Fire\n|\n|t:|1746070986\n|start\n|switch|p1a: Kyogre|Kyogre, L50|100/100\n|switch|p1b: Tornadus|Tornadus, L50, M|100/100\n|switch|p2a: Miraidon|Miraidon, L50|100/100\n|switch|p2b: Shane Giraffney|Farigiraf, L50, M|100/100\n|-fieldstart|move: Electric Terrain|[from] ability: Hadron Engine|[of] p2a: Miraidon\n|-weather|RainDance|[from] ability: Drizzle|[of] p1a: Kyogre\n|turn|1\n|\n|t:|1746071015\n|switch|p1b: Amoonguss|Amoonguss, L50, M|100/100\n|-terastallize|p1a: Kyogre|Grass\n|-terastallize|p2b: Shane Giraffney|Water\n|move|p2a: Miraidon|Volt Switch|p1b: Amoonguss\n|-resisted|p1b: Amoonguss\n|-damage|p1b: Amoonguss|54/100\n|\n|t:|1746071028\n|switch|p2a: Calyrex|Calyrex-Ice, L50|100/100|[from] Volt Switch\n|-ability|p2a: Calyrex|As One\n|-ability|p2a: Calyrex|Unnerve\n|move|p1a: Kyogre|Origin Pulse|p2b: Shane Giraffney|[spread] p2a,p2b\n|-resisted|p2b: Shane Giraffney\n|-damage|p2a: Calyrex|36/100\n|-damage|p2b: Shane Giraffney|56/100\n|move|p2b: Shane Giraffney|Trick Room|p2b: Shane Giraffney\n|-fieldstart|move: Trick Room|[of] p2b: Shane Giraffney\n|\n|-weather|RainDance|[upkeep]\n|upkeep\n|turn|2\n|\n|t:|1746071057\n|move|p1a: Kyogre|Protect|p1a: Kyogre\n|-singleturn|p1a: Kyogre|Protect\n|move|p1b: Amoonguss|Pollen Puff|p2a: Calyrex\n|-supereffective|p2a: Calyrex\n|-damage|p2a: Calyrex|8/100\n|move|p2b: Shane Giraffney|Hyper Voice|p1a: Kyogre|[spread] p1b\n|-activate|p1a: Kyogre|move: Protect\n|-damage|p1b: Amoonguss|27/100\n|-enditem|p2b: Shane Giraffney|Throat Spray\n|-boost|p2b: Shane Giraffney|spa|1|[from] item: Throat Spray\n|move|p2a: Calyrex|Glacial Lance|p1b: Amoonguss|[spread] p1b\n|-activate|p1a: Kyogre|move: Protect\n|-supereffective|p1b: Amoonguss\n|-damage|p1b: Amoonguss|0 fnt\n|faint|p1b: Amoonguss\n|-ability|p2a: Calyrex|Chilling Neigh|boost\n|-boost|p2a: Calyrex|atk|1\n|\n|-weather|RainDance|[upkeep]\n|upkeep\n|\n|t:|1746071090\n|switch|p1b: Zacian|Zacian-Crowned, L50|100/100\n|-ability|p1b: Zacian|Intrepid Sword|boost\n|-boost|p1b: Zacian|atk|1\n|turn|3\n|j| loudboxx\n|\n|t:|1746071112\n|move|p1a: Kyogre|Protect||[still]\n|-fail|p1a: Kyogre\n|move|p2b: Shane Giraffney|Psychic|p1b: Zacian\n|-resisted|p1b: Zacian\n|-damage|p1b: Zacian|77/100\n|move|p2a: Calyrex|Glacial Lance|p1a: Kyogre|[spread] p1a,p1b\n|-supereffective|p1a: Kyogre\n|-resisted|p1b: Zacian\n|-damage|p1a: Kyogre|0 fnt\n|-damage|p1b: Zacian|40/100\n|faint|p1a: Kyogre\n|-ability|p2a: Calyrex|Chilling Neigh|boost\n|-boost|p2a: Calyrex|atk|1\n|move|p1b: Zacian|Behemoth Blade|p2a: Calyrex\n|-supereffective|p2a: Calyrex\n|-damage|p2a: Calyrex|0 fnt\n|faint|p2a: Calyrex\n|\n|-weather|RainDance|[upkeep]\n|upkeep\n|\n|t:|1746071134\n|switch|p2a: Incineroar|Incineroar, L50, M|100/100\n|switch|p1a: Tornadus|Tornadus, L50, M|100/100\n|-ability|p2a: Incineroar|Intimidate|boost\n|-unboost|p1a: Tornadus|atk|1\n|-unboost|p1b: Zacian|atk|1\n|turn|4\n|\n|t:|1746071155\n|move|p1b: Zacian|Protect|p1b: Zacian\n|-singleturn|p1b: Zacian|Protect\n|move|p2a: Incineroar|Parting Shot|p1a: Tornadus\n|-unboost|p1a: Tornadus|atk|1\n|-unboost|p1a: Tornadus|spa|1\n|\n|t:|1746071160\n|switch|p2a: Miraidon|Miraidon, L50|100/100|[from] Parting Shot\n|-activate|p2a: Miraidon|ability: Hadron Engine\n|move|p2b: Shane Giraffney|Hyper Voice|p1a: Tornadus|[spread] p1a\n|-activate|p1b: Zacian|move: Protect\n|-damage|p1a: Tornadus|53/100\n|move|p1a: Tornadus|Bleakwind Storm|p2a: Miraidon|[spread] p2a,p2b\n|-resisted|p2a: Miraidon\n|-damage|p2a: Miraidon|92/100\n|-damage|p2b: Shane Giraffney|38/100\n|\n|-weather|RainDance|[upkeep]\n|upkeep\n|turn|5\n|\n|t:|1746071178\n|move|p1b: Zacian|Protect|p1b: Zacian\n|-singleturn|p1b: Zacian|Protect\n|move|p2b: Shane Giraffney|Psychic|p1a: Tornadus\n|-damage|p1a: Tornadus|0 fnt\n|faint|p1a: Tornadus\n|move|p2a: Miraidon|Electro Drift|p1b: Zacian\n|-activate|p1b: Zacian|move: Protect\n|\n|-weather|none\n|-fieldend|move: Trick Room\n|-fieldend|move: Electric Terrain\n|upkeep\n|turn|6\n|\n|t:|1746071192\n|switch|p2a: Incineroar|Incineroar, L50, M|100/100\n|-ability|p2a: Incineroar|Intimidate|boost\n|-unboost|p1b: Zacian|atk|1\n|move|p1b: Zacian|Play Rough|p2b: Shane Giraffney\n|-damage|p2b: Shane Giraffney|0 fnt\n|faint|p2b: Shane Giraffney\n|\n|upkeep\n|\n|t:|1746071199\n|switch|p2b: Miraidon|Miraidon, L50|92/100\n|-fieldstart|move: Electric Terrain|[from] ability: Hadron Engine|[of] p2b: Miraidon\n|turn|7\n|\n|t:|1746071208\n|move|p1b: Zacian|Protect|p1b: Zacian\n|-singleturn|p1b: Zacian|Protect\n|move|p2a: Incineroar|Fake Out|p1b: Zacian\n|-activate|p1b: Zacian|move: Protect\n|move|p2b: Miraidon|Electro Drift|p1b: Zacian\n|-activate|p1b: Zacian|move: Protect\n|\n|upkeep\n|turn|8\n|\n|t:|1746071218\n|move|p1b: Zacian|Play Rough|p2b: Miraidon\n|-supereffective|p2b: Miraidon\n|-damage|p2b: Miraidon|34/100\n|move|p2b: Miraidon|Electro Drift|p1b: Zacian\n|-damage|p1b: Zacian|0 fnt\n|faint|p1b: Zacian\n|\n|win|steeltrainer\n||steeltrainer is ready for game 2.\n||asmexusSoCal is ready for game 2.\n|uhtml|next|Next: <a href=\"/battle-gen9vgc2025regibo3-2354435082\"><strong>Game 2 of 3</strong></a>\n|l| loudboxx\n", "uploadtime": 1746071551, "views": 25, "formatid": "gen9vgc2025regibo3", "rating": null, "private": 0, "password": null}