{"id": "gen9vgc2025regibo3-2353834886", "format": "[Gen 9] VGC 2025 Reg I (Bo3)", "players": ["AustraLENvgc", "confuncio"], "log": "|j|\u2606AustraLENvgc\n|j|\u2606confuncio\n|html|<table width=\"100%\"><tr><td align=\"left\">AustraLENvgc</td><td align=\"right\">confuncio</tr><tr><td align=\"left\"><i class=\"fa fa-circle-o\"></i> <i class=\"fa fa-circle-o\"></i> </td><td align=\"right\"><i class=\"fa fa-circle-o\"></i> <i class=\"fa fa-circle-o\"></i> </tr></table>\n|uhtml|bestof|<h2><strong>Game 1</strong> of <a href=\"/game-bestof3-gen9vgc2025regibo3-2353834885\">a best-of-3</a></h2>\n|t:|1746007763\n|gametype|doubles\n|player|p1|AustraLENvgc|lance|1184\n|player|p2|confuncio|lucas|1263\n|teamsize|p1|6\n|teamsize|p2|6\n|gen|9\n|tier|[Gen 9] VGC 2025 Reg I (Bo3)\n|rated|\n|rule|Species Clause: Limit one of each Pok\u00e9mon\n|rule|Item Clause: Limit 1 of each item\n|clearpoke\n|poke|p1|Indeedee-F, L50, F|\n|poke|p1|Calyrex-Ice, L50|\n|poke|p1|Ursaluna, L50, M|\n|poke|p1|Kyogre, L50|\n|poke|p1|Torkoal, L50, F|\n|poke|p1|Ogerpon, L50, F|\n|poke|p2|Gholdengo, L50|\n|poke|p2|Ogerpon-Cornerstone, L50, F|\n|poke|p2|Chien-Pao, L50|\n|poke|p2|Zamazenta-*, L50|\n|poke|p2|Miraidon, L50|\n|poke|p2|Whimsicott, L50, M|\n|teampreview|4\n|showteam|p1|Indeedee-F||SafetyGoggles|PsychicSurge|Psychic,HelpingHand,FollowMe,TrickRoom|||F|||50|,,,,,Water]Calyrex-Ice||ClearAmulet|AsOneGlastrier|GlacialLance,HighHorsepower,TrickRoom,Imprison||||||50|,,,,,Dragon]Ursaluna||FlameOrb|Guts|Facade,HeadlongRush,Substitute,Protect|||M|||50|,,,,,Fairy]Kyogre||MysticWater|Drizzle|WaterSpout,OriginPulse,Thunder,IceBeam||||||50|,,,,,Water]Torkoal||FlamePlate|Drought|Eruption,Flamethrower,SolarBeam,ClearSmog|||F|||50|,,,,,Fire]Ogerpon||FocusSash|Defiant|WoodHammer,FollowMe,Taunt,SpikyShield|||F|||50|,,,,,Grass\n|showteam|p2|Gholdengo||RockyHelmet|GoodasGold|MakeItRain,ShadowBall,NastyPlot,Protect||||||50|,,,,,Normal]Ogerpon-Cornerstone||CornerstoneMask|Sturdy|IvyCudgel,PowerWhip,FollowMe,SpikyShield|||F|||50|,,,,,Rock]Chien-Pao||FocusSash|SwordofRuin|Protect,IceSpinner,SacredSword,SuckerPunch||||||50|,,,,,Ghost]Zamazenta-Crowned||RustedShield|DauntlessShield|HeavySlam,BodyPress,WideGuard,Protect||||||50|,,,,,Dragon]Miraidon||ChoiceSpecs|HadronEngine|ElectroDrift,DracoMeteor,VoltSwitch,DazzlingGleam||||||50|,,,,,Fairy]Whimsicott||CovertCloak|Prankster|LightScreen,Moonblast,Encore,Tailwind|||M|||50|,,,,,Water\n|inactive|Battle timer is ON: inactive players will automatically lose when time's up. (requested by AustraLENvgc)\n|inactive|AustraLENvgc has 60 seconds left.\n|\n|t:|1746007865\n|start\n|switch|p1a: Bladee|Calyrex-Ice, L50|100/100\n|switch|p1b: Ogerpon|Ogerpon, L50, F|100/100\n|switch|p2a: Chien-Pao|Chien-Pao, L50|100/100\n|switch|p2b: Gholdengo|Gholdengo, L50|100/100\n|-ability|p1a: Bladee|As One\n|-ability|p1a: Bladee|Unnerve\n|-ability|p2a: Chien-Pao|Sword of Ruin\n|turn|1\n|\n|t:|1746007882\n|-terastallize|p1a: Bladee|Dragon\n|move|p1b: Ogerpon|Follow Me|p1b: Ogerpon\n|-singleturn|p1b: Ogerpon|move: Follow Me\n|move|p2a: Chien-Pao|Ice Spinner|p1b: Ogerpon\n|-supereffective|p1b: Ogerpon\n|-enditem|p1b: Ogerpon|Focus Sash\n|-damage|p1b: Ogerpon|1/100\n|move|p2b: Gholdengo|Nasty Plot|p2b: Gholdengo\n|-boost|p2b: Gholdengo|spa|2\n|move|p1a: Bladee|Trick Room|p1a: Bladee\n|-fieldstart|move: Trick Room|[of] p1a: Bladee\n|\n|upkeep\n|turn|2\n|inactive|confuncio has 30 seconds left.\n|\n|t:|1746007916\n|move|p1a: Bladee|Glacial Lance|p2b: Gholdengo|[spread] p2a,p2b\n|-resisted|p2a: Chien-Pao\n|-resisted|p2b: Gholdengo\n|-damage|p2a: Chien-Pao|57/100\n|-damage|p2b: Gholdengo|63/100\n|move|p2b: Gholdengo|Make It Rain|p1b: Ogerpon|[spread] p1a,p1b\n|-damage|p1a: Bladee|34/100\n|-damage|p1b: Ogerpon|0 fnt\n|-unboost|p2b: Gholdengo|spa|1\n|faint|p1b: Ogerpon\n|move|p2a: Chien-Pao|Ice Spinner|p1a: Bladee\n|-supereffective|p1a: Bladee\n|-damage|p1a: Bladee|0 fnt\n|faint|p1a: Bladee\n|\n|upkeep\n|\n|t:|1746007924\n|switch|p1a: Ursaluna|Ursaluna, L50, M|100/100\n|switch|p1b: Torkoal|Torkoal, L50, F|100/100\n|-weather|SunnyDay|[from] ability: Drought|[of] p1b: Torkoal\n|turn|3\n|inactive|confuncio has 30 seconds left.\n|inactive|confuncio has 20 seconds left.\n|inactive|confuncio has 15 seconds left.\n|inactive|confuncio has 10 seconds left.\n|inactive|confuncio has 5 seconds left.\n|\n|t:|1746007974\n|move|p2b: Gholdengo|Protect|p2b: Gholdengo\n|-singleturn|p2b: Gholdengo|Protect\n|move|p2a: Chien-Pao|Protect|p2a: Chien-Pao\n|-singleturn|p2a: Chien-Pao|Protect\n|move|p1b: Torkoal|Eruption|p2b: Gholdengo|[spread] \n|-activate|p2a: Chien-Pao|move: Protect\n|-activate|p2b: Gholdengo|move: Protect\n|move|p1a: Ursaluna|Headlong Rush|p2b: Gholdengo\n|-activate|p2b: Gholdengo|move: Protect\n|\n|-weather|SunnyDay|[upkeep]\n|-status|p1a: Ursaluna|brn|[from] item: Flame Orb\n|upkeep\n|turn|4\n|inactive|confuncio has 30 seconds left.\n|\n|t:|1746008002\n|move|p2a: Chien-Pao|Sucker Punch|p1b: Torkoal\n|-damage|p1b: Torkoal|68/100\n|move|p1b: Torkoal|Eruption|p2a: Chien-Pao|[spread] p2a,p2b\n|-supereffective|p2a: Chien-Pao\n|-supereffective|p2b: Gholdengo\n|-damage|p2a: Chien-Pao|0 fnt\n|-damage|p2b: Gholdengo|0 fnt\n|faint|p2a: Chien-Pao\n|faint|p2b: Gholdengo\n|move|p1a: Ursaluna|Headlong Rush|p2: Chien-Pao|[notarget]\n|-fail|p1a: Ursaluna\n|\n|-weather|SunnyDay|[upkeep]\n|-damage|p1a: Ursaluna|95/100 brn|[from] brn\n|upkeep\n|\n|t:|1746008008\n|switch|p2b: Zamazenta|Zamazenta-Crowned, L50|100/100\n|switch|p2a: Miraidon|Miraidon, L50|100/100\n|-ability|p2b: Zamazenta|Dauntless Shield|boost\n|-boost|p2b: Zamazenta|def|1\n|-fieldstart|move: Electric Terrain|[from] ability: Hadron Engine|[of] p2a: Miraidon\n|turn|5\n|\n|t:|1746008018\n|-terastallize|p2b: Zamazenta|Dragon\n|move|p1b: Torkoal|Flamethrower|p2a: Miraidon\n|-resisted|p2a: Miraidon\n|-damage|p2a: Miraidon|67/100\n|-status|p2a: Miraidon|brn\n|move|p1a: Ursaluna|Facade|p2a: Miraidon\n|-damage|p2a: Miraidon|0 fnt\n|faint|p2a: Miraidon\n|move|p2b: Zamazenta|Body Press|p1a: Ursaluna\n|-supereffective|p1a: Ursaluna\n|-damage|p1a: Ursaluna|3/100 brn\n|\n|-weather|SunnyDay|[upkeep]\n|-damage|p1a: Ursaluna|0 fnt|[from] brn\n|faint|p1a: Ursaluna\n|-fieldend|move: Trick Room\n|upkeep\n|turn|6\n|\n|t:|1746008028\n|move|p2b: Zamazenta|Body Press|p1b: Torkoal\n|-damage|p1b: Torkoal|17/100\n|move|p1b: Torkoal|Flamethrower|p2b: Zamazenta\n|-resisted|p2b: Zamazenta\n|-damage|p2b: Zamazenta|75/100\n|\n|-weather|SunnyDay|[upkeep]\n|upkeep\n|turn|7\n|\n|t:|1746008036\n|move|p2b: Zamazenta|Body Press|p1b: Torkoal\n|-damage|p1b: Torkoal|0 fnt\n|faint|p1b: Torkoal\n|\n|win|confuncio\n||AustraLENvgc is ready for game 2.\n||confuncio is ready for game 2.\n|uhtml|next|Next: <a href=\"/battle-gen9vgc2025regibo3-2353836695\"><strong>Game 2 of 3</strong></a>\n|l|\u2606AustraLENvgc\n|player|p1|\n", "uploadtime": 1746008343, "views": 7, "formatid": "gen9vgc2025regibo3", "rating": null, "private": 0, "password": null}