{"id": "gen9vgc2025regibo3-2354171082", "format": "[Gen 9] VGC 2025 Reg I (Bo3)", "players": ["acebaltasar25", "EBnilla"], "log": "|j|\u2606acebaltasar25\n|j|\u2606EBnilla\n|html|<table width=\"100%\"><tr><td align=\"left\">acebaltasar25</td><td align=\"right\">EBnilla</tr><tr><td align=\"left\"><i class=\"fa fa-circle-o\"></i> <i class=\"fa fa-circle-o\"></i> </td><td align=\"right\"><i class=\"fa fa-circle-o\"></i> <i class=\"fa fa-circle\"></i> </tr></table>\n|uhtml|bestof|<h2><strong>Game 2</strong> of <a href=\"/game-bestof3-gen9vgc2025regibo3-2354169361\">a best-of-3</a></h2>\n|t:|1746041149\n|gametype|doubles\n|player|p1|acebaltasar25|266|1112\n|player|p2|EBnilla|backpacker|1178\n|teamsize|p1|6\n|teamsize|p2|6\n|gen|9\n|tier|[Gen 9] VGC 2025 Reg I (Bo3)\n|rated|\n|rule|Species Clause: Limit one of each Pok\u00e9mon\n|rule|Item Clause: Limit 1 of each item\n|clearpoke\n|poke|p1|Miraidon, L50|\n|poke|p1|Kyurem-Black, L50|\n|poke|p1|Whimsicott, L50, M|\n|poke|p1|Landorus, L50, M|\n|poke|p1|Iron Hands, L50|\n|poke|p1|Incineroar, L50, F|\n|poke|p2|Calyrex-Shadow, L50|\n|poke|p2|Koraidon, L50|\n|poke|p2|Flutter Mane, L50|\n|poke|p2|Smeargle, L50, F|\n|poke|p2|Rillaboom, L50, F|\n|poke|p2|Grimmsnarl, L50, M|\n|teampreview|4\n|showteam|p1|Miraidon||ChoiceSpecs|HadronEngine|VoltSwitch,DracoMeteor,Overheat,ElectroDrift||||||50|,,,,,Electric]Kyurem-Black||LoadedDice|Teravolt|IcicleSpear,ScaleShot,DragonDance,Protect||||||50|,,,,,Poison]Whimsicott||CovertCloak|Prankster|Tailwind,Moonblast,Protect,LightScreen|||M|||50|,,,,,Steel]Landorus||LifeOrb|SheerForce|EarthPower,SludgeBomb,SandsearStorm,Protect|||M|||50|,,,,,Poison]Iron Hands||AssaultVest|QuarkDrive|DrainPunch,WildCharge,FakeOut,HeavySlam||||||50|,,,,,Water]Incineroar||SafetyGoggles|Intimidate|FakeOut,FlareBlitz,WillOWisp,PartingShot|||F|||50|,,,,,Ghost\n|showteam|p2|Calyrex-Shadow||SpellTag|AsOneSpectrier|AstralBarrage,DrainingKiss,Encore,Protect||||||50|,,,,,Fairy]Koraidon||ClearAmulet|OrichalcumPulse|CollisionCourse,FlameCharge,HelpingHand,Protect||||||50|,,,,,Fire]Flutter Mane||ChoiceSpecs|Protosynthesis|Moonblast,ShadowBall,DazzlingGleam,PowerGem||||||50|,,,,,Fairy]Smeargle||FocusSash|Moody|FakeOut,Spore,Decorate,FollowMe|||F|||50|,,,,,Ghost]Rillaboom||ChoiceBand|GrassySurge|GrassyGlide,WoodHammer,HighHorsepower,Uturn|||F|||50|,,,,,Grass]Grimmsnarl||LightClay|Prankster|SpiritBreak,Reflect,LightScreen,PartingShot|||M|||50|,,,,,Ghost\n|inactive|Battle timer is ON: inactive players will automatically lose when time's up. (requested by EBnilla)\n|\n|t:|1746041159\n|start\n|switch|p1a: Landorus|Landorus, L50, M|100/100\n|switch|p1b: Whimsicott|Whimsicott, L50, M|100/100\n|switch|p2a: Grimmsnarl|Grimmsnarl, L50, M|100/100\n|switch|p2b: Calyrex|Calyrex-Shadow, L50|100/100\n|-ability|p2b: Calyrex|As One\n|-ability|p2b: Calyrex|Unnerve\n|turn|1\n|\n|t:|1746041183\n|move|p1b: Whimsicott|Light Screen|p1b: Whimsicott\n|-sidestart|p1: acebaltasar25|move: Light Screen\n|move|p2a: Grimmsnarl|Light Screen|p2a: Grimmsnarl\n|-sidestart|p2: EBnilla|move: Light Screen\n|move|p2b: Calyrex|Astral Barrage|p1a: Landorus|[spread] p1a,p1b\n|-damage|p1a: Landorus|52/100\n|-damage|p1b: Whimsicott|43/100\n|move|p1a: Landorus|Sandsear Storm|p2b: Calyrex|[spread] \n|-miss|p1a: Landorus|p2a: Grimmsnarl\n|-miss|p1a: Landorus|p2b: Calyrex\n|\n|upkeep\n|turn|2\n|\n|t:|1746041197\n|move|p1b: Whimsicott|Tailwind|p1b: Whimsicott\n|-sidestart|p1: acebaltasar25|move: Tailwind\n|move|p2a: Grimmsnarl|Parting Shot|p1a: Landorus\n|-unboost|p1a: Landorus|atk|1\n|-unboost|p1a: Landorus|spa|1\n|\n|t:|1746041201\n|switch|p2a: Flutter Mane|Flutter Mane, L50|100/100|[from] Parting Shot\n|move|p1a: Landorus|Earth Power|p2b: Calyrex\n|-damage|p2b: Calyrex|65/100\n|move|p2b: Calyrex|Astral Barrage|p1a: Landorus|[spread] p1a,p1b\n|-damage|p1a: Landorus|3/100\n|-damage|p1b: Whimsicott|0 fnt\n|faint|p1b: Whimsicott\n|-ability|p2b: Calyrex|Grim Neigh|boost\n|-boost|p2b: Calyrex|spa|1\n|\n|upkeep\n|\n|t:|1746041207\n|switch|p1b: Kyurem|Kyurem-Black, L50|100/100\n|-ability|p1b: Kyurem|Teravolt\n|turn|3\n|\n|t:|1746041221\n|switch|p1a: Miraidon|Miraidon, L50|100/100\n|-fieldstart|move: Electric Terrain|[from] ability: Hadron Engine|[of] p1a: Miraidon\n|move|p1b: Kyurem|Icicle Spear|p2b: Calyrex\n|-damage|p2b: Calyrex|43/100\n|-damage|p2b: Calyrex|20/100\n|-crit|p2b: Calyrex\n|-damage|p2b: Calyrex|0 fnt\n|faint|p2b: Calyrex\n|-hitcount|p2: Calyrex|3\n|move|p2a: Flutter Mane|Dazzling Gleam|p1b: Kyurem|[spread] p1a,p1b\n|-supereffective|p1a: Miraidon\n|-supereffective|p1b: Kyurem\n|-damage|p1a: Miraidon|40/100\n|-damage|p1b: Kyurem|45/100\n|\n|upkeep\n|\n|t:|1746041228\n|switch|p2b: Rillaboom|Rillaboom, L50, F|100/100\n|-fieldstart|move: Grassy Terrain|[from] ability: Grassy Surge|[of] p2b: Rillaboom\n|turn|4\n|\n|t:|1746041239\n|switch|p1a: Landorus|Landorus, L50, M|3/100\n|-terastallize|p2b: Rillaboom|Grass\n|move|p1b: Kyurem|Protect|p1b: Kyurem\n|-singleturn|p1b: Kyurem|Protect\n|move|p2b: Rillaboom|Grassy Glide|p1b: Kyurem\n|-activate|p1b: Kyurem|move: Protect\n|move|p2a: Flutter Mane|Dazzling Gleam|p1b: Kyurem|[spread] p1a\n|-activate|p1b: Kyurem|move: Protect\n|-damage|p1a: Landorus|0 fnt\n|faint|p1a: Landorus\n|\n|-heal|p1b: Kyurem|51/100|[from] Grassy Terrain\n|upkeep\n|\n|t:|1746041241\n|switch|p1a: Miraidon|Miraidon, L50|40/100\n|-fieldstart|move: Electric Terrain|[from] ability: Hadron Engine|[of] p1a: Miraidon\n|turn|5\n|\n|t:|1746041253\n|-end|p2a: Flutter Mane|Protosynthesis|[silent]\n|switch|p2a: Grimmsnarl|Grimmsnarl, L50, M|100/100\n|-terastallize|p1a: Miraidon|Electric\n|move|p1a: Miraidon|Electro Drift|p2a: Grimmsnarl\n|-damage|p2a: Grimmsnarl|0 fnt\n|faint|p2a: Grimmsnarl\n|move|p1b: Kyurem|Dragon Dance|p1b: Kyurem\n|-boost|p1b: Kyurem|atk|1\n|-boost|p1b: Kyurem|spe|1\n|move|p2b: Rillaboom|Grassy Glide|p1b: Kyurem\n|-resisted|p1b: Kyurem\n|-damage|p1b: Kyurem|19/100\n|\n|-sideend|p1: acebaltasar25|move: Light Screen\n|-sideend|p1: acebaltasar25|move: Tailwind\n|upkeep\n|\n|t:|1746041261\n|switch|p2a: Flutter Mane|Flutter Mane, L50|100/100\n|turn|6\n|\n|t:|1746041268\n|move|p1a: Miraidon|Electro Drift|p2a: Flutter Mane\n|-damage|p2a: Flutter Mane|0 fnt\n|faint|p2a: Flutter Mane\n|-end|p2a: Flutter Mane|Protosynthesis|[silent]\n|move|p1b: Kyurem|Icicle Spear|p2b: Rillaboom\n|-supereffective|p2b: Rillaboom\n|-damage|p2b: Rillaboom|47/100\n|-supereffective|p2b: Rillaboom\n|-damage|p2b: Rillaboom|0 fnt\n|faint|p2b: Rillaboom\n|-hitcount|p2: Rillaboom|2\n|\n|win|acebaltasar25\n||acebaltasar25 is ready for game 3.\n||EBnilla is ready for game 3.\n|uhtml|next|Next: <a href=\"/battle-gen9vgc2025regibo3-2354172390\"><strong>Game 3 of 3</strong></a>\n|l|\u2606acebaltasar25\n|player|p1|\n|l|\u2606EBnilla\n|player|p2|\n", "uploadtime": 1746041593, "views": 6, "formatid": "gen9vgc2025regibo3", "rating": null, "private": 0, "password": null}