{"id": "gen9vgc2025regibo3-2354919723", "format": "[Gen 9] VGC 2025 Reg I (Bo3)", "players": ["Monsteralover", "albospada"], "log": "|j|\u2606Monsteralover\n|j|\u2606albospada\n|html|<table width=\"100%\"><tr><td align=\"left\">Monsteralover</td><td align=\"right\">albospada</tr><tr><td align=\"left\"><i class=\"fa fa-circle\"></i> <i class=\"fa fa-circle-o\"></i> </td><td align=\"right\"><i class=\"fa fa-circle-o\"></i> <i class=\"fa fa-circle-o\"></i> </tr></table>\n|uhtml|bestof|<h2><strong>Game 2</strong> of <a href=\"/game-bestof3-gen9vgc2025regibo3-2354915886\">a best-of-3</a></h2>\n|t:|1746131785\n|gametype|doubles\n|player|p1|Monsteralover|baker|1321\n|player|p2|albospada|colress|1320\n|teamsize|p1|6\n|teamsize|p2|6\n|gen|9\n|tier|[Gen 9] VGC 2025 Reg I (Bo3)\n|rated|\n|rule|Species Clause: Limit one of each Pok\u00e9mon\n|rule|Item Clause: Limit 1 of each item\n|clearpoke\n|poke|p1|Terapagos, L50, M|\n|poke|p1|Incineroar, L50, F|\n|poke|p1|Rillaboom, L50, F|\n|poke|p1|Ogerpon-Cornerstone, L50, F|\n|poke|p1|Grimmsnarl, L50, M|\n|poke|p1|Calyrex-Shadow, L50|\n|poke|p2|Calyrex-Shadow, L50|\n|poke|p2|Zamazenta-*, L50|\n|poke|p2|Tornadus, L50, M|\n|poke|p2|Rillaboom, L50, F|\n|poke|p2|Chien-Pao, L50|\n|poke|p2|Urshifu-*, L50, F|\n|teampreview|4\n|showteam|p1|Terapagos||Leftovers|TeraShift|TeraStarstorm,EarthPower,Protect,CalmMind|||M|||50|,,,,,Stellar]Incineroar||RockyHelmet|Intimidate|KnockOff,FakeOut,WillOWisp,PartingShot|||F|||50|,,,,,Water]Rillaboom||AssaultVest|GrassySurge|FakeOut,DrumBeating,Uturn,GrassyGlide|||F|||50|,,,,,Fire]Ogerpon-Cornerstone||CornerstoneMask|Sturdy|IvyCudgel,SpikyShield,FollowMe,Encore|||F|||50|,,,,,Rock]Grimmsnarl||LightClay|Prankster|SpiritBreak,Reflect,ThunderWave,LightScreen|||M|||50|,,,,,Ghost]Calyrex-Shadow||FocusSash|AsOneSpectrier|AstralBarrage,Psychic,NastyPlot,Protect||||||50|,,,,,Ghost\n|showteam|p2|Calyrex-Shadow||FocusSash|AsOneSpectrier|AstralBarrage,Encore,Protect,Psychic||||||50|,,,,,Ghost]Zamazenta-Crowned||RustedShield|DauntlessShield|BodyPress,HeavySlam,WideGuard,Protect||||||50|,,,,,Dragon]Tornadus||RockyHelmet|Prankster|Tailwind,BleakwindStorm,RainDance,Protect|||M|||50|,,,,,Normal]Rillaboom||AssaultVest|GrassySurge|WoodHammer,GrassyGlide,FakeOut,KnockOff|||F|||50|,,,,,Fire]Chien-Pao||LifeOrb|SwordofRuin|IcicleCrash,Crunch,SuckerPunch,Protect||||||50|,,,,,Ghost]Urshifu-Rapid-Strike||MysticWater|UnseenFist|SurgingStrikes,Taunt,Protect,AquaJet|||F|||50|,,,,,Water\n|\n|t:|1746131885\n|start\n|switch|p1a: Terapagos|Terapagos, L50, M|100/100\n|switch|p1b: Grimmsnarl|Grimmsnarl, L50, M|100/100\n|switch|p2a: Zamazenta|Zamazenta-Crowned, L50|100/100\n|switch|p2b: Rillaboom|Rillaboom, L50, F|100/100\n|-activate|p1a: Terapagos|ability: Tera Shift\n|detailschange|p1a: Terapagos|Terapagos-Terastal, L50, M\n|-heal|p1a: Terapagos|100/100|[silent]\n|-ability|p2a: Zamazenta|Dauntless Shield|boost\n|-boost|p2a: Zamazenta|def|1\n|-fieldstart|move: Grassy Terrain|[from] ability: Grassy Surge|[of] p2b: Rillaboom\n|turn|1\n|\n|t:|1746131910\n|switch|p1b: Calyrex|Calyrex-Shadow, L50|100/100\n|-ability|p1b: Calyrex|As One\n|-ability|p1b: Calyrex|Unnerve\n|move|p1a: Terapagos|Protect|p1a: Terapagos\n|-singleturn|p1a: Terapagos|Protect\n|move|p2a: Zamazenta|Heavy Slam|p1b: Calyrex\n|-damage|p1b: Calyrex|46/100\n|move|p2b: Rillaboom|Knock Off|p1a: Terapagos\n|-activate|p1a: Terapagos|move: Protect\n|\n|-heal|p1b: Calyrex|52/100|[from] Grassy Terrain\n|upkeep\n|turn|2\n|\n|t:|1746131937\n|move|p2b: Rillaboom|Grassy Glide|p1a: Terapagos\n|-activate|p1a: Terapagos|ability: Tera Shell\n|-resisted|p1a: Terapagos\n|-damage|p1a: Terapagos|87/100\n|move|p1b: Calyrex|Astral Barrage|p2a: Zamazenta|[spread] p2a,p2b\n|-damage|p2a: Zamazenta|61/100\n|-damage|p2b: Rillaboom|61/100\n|move|p2a: Zamazenta|Body Press|p1a: Terapagos\n|-supereffective|p1a: Terapagos\n|-damage|p1a: Terapagos|0 fnt\n|faint|p1a: Terapagos\n|\n|-heal|p1b: Calyrex|59/100|[from] Grassy Terrain\n|-heal|p2a: Zamazenta|67/100|[from] Grassy Terrain\n|-heal|p2b: Rillaboom|67/100|[from] Grassy Terrain\n|upkeep\n|\n|t:|1746131951\n|switch|p1a: Ogerpon|Ogerpon-Cornerstone, L50, F|100/100\n|turn|3\n|\n|t:|1746131958\n|move|p1b: Calyrex|Protect|p1b: Calyrex\n|-singleturn|p1b: Calyrex|Protect\n|move|p2a: Zamazenta|Protect|p2a: Zamazenta\n|-singleturn|p2a: Zamazenta|Protect\n|move|p2b: Rillaboom|Grassy Glide|p1a: Ogerpon\n|-damage|p1a: Ogerpon|43/100\n|move|p1a: Ogerpon|Encore|p2a: Zamazenta\n|-activate|p2a: Zamazenta|move: Protect\n|\n|-heal|p1b: Calyrex|65/100|[from] Grassy Terrain\n|-heal|p1a: Ogerpon|49/100|[from] Grassy Terrain\n|-heal|p2a: Zamazenta|73/100|[from] Grassy Terrain\n|-heal|p2b: Rillaboom|74/100|[from] Grassy Terrain\n|upkeep\n|turn|4\n|\n|t:|1746131973\n|move|p1a: Ogerpon|Follow Me|p1a: Ogerpon\n|-singleturn|p1a: Ogerpon|move: Follow Me\n|move|p2b: Rillaboom|Grassy Glide|p1a: Ogerpon\n|-damage|p1a: Ogerpon|0 fnt\n|faint|p1a: Ogerpon\n|move|p1b: Calyrex|Astral Barrage|p2b: Rillaboom|[spread] p2a,p2b\n|-damage|p2a: Zamazenta|38/100\n|-damage|p2b: Rillaboom|33/100\n|move|p2a: Zamazenta|Heavy Slam|p1b: Calyrex\n|-damage|p1b: Calyrex|11/100\n|\n|-heal|p1b: Calyrex|17/100|[from] Grassy Terrain\n|-heal|p2a: Zamazenta|43/100|[from] Grassy Terrain\n|-heal|p2b: Rillaboom|39/100|[from] Grassy Terrain\n|upkeep\n|\n|t:|1746131977\n|switch|p1a: Grimmsnarl|Grimmsnarl, L50, M|100/100\n|turn|5\n|\n|t:|1746132017\n|move|p1b: Calyrex|Protect|p1b: Calyrex\n|-singleturn|p1b: Calyrex|Protect\n|move|p2b: Rillaboom|Grassy Glide|p1b: Calyrex\n|-activate|p1b: Calyrex|move: Protect\n|move|p2a: Zamazenta|Heavy Slam|p1a: Grimmsnarl\n|-supereffective|p1a: Grimmsnarl\n|-damage|p1a: Grimmsnarl|7/100\n|move|p1a: Grimmsnarl|Spirit Break|p2a: Zamazenta\n|-damage|p2a: Zamazenta|32/100\n|-unboost|p2a: Zamazenta|spa|1\n|\n|-heal|p1b: Calyrex|23/100|[from] Grassy Terrain\n|-heal|p2a: Zamazenta|38/100|[from] Grassy Terrain\n|-heal|p2b: Rillaboom|45/100|[from] Grassy Terrain\n|-heal|p1a: Grimmsnarl|13/100|[from] Grassy Terrain\n|-fieldend|move: Grassy Terrain\n|upkeep\n|turn|6\n|\n|t:|1746132037\n|move|p2a: Zamazenta|Wide Guard|p2a: Zamazenta\n|-singleturn|p2a: Zamazenta|Wide Guard\n|move|p1a: Grimmsnarl|Reflect|p1a: Grimmsnarl\n|-sidestart|p1: Monsteralover|Reflect\n|move|p1b: Calyrex|Psychic|p2b: Rillaboom\n|-damage|p2b: Rillaboom|4/100\n|move|p2b: Rillaboom|Wood Hammer|p1a: Grimmsnarl\n|-damage|p1a: Grimmsnarl|0 fnt\n|faint|p1a: Grimmsnarl\n|-damage|p2b: Rillaboom|0 fnt|[from] Recoil\n|faint|p2b: Rillaboom\n|\n|upkeep\n|\n|t:|1746132051\n|switch|p2b: Calyrex|Calyrex-Shadow, L50|100/100\n|-ability|p2b: Calyrex|As One\n|-ability|p2b: Calyrex|Unnerve\n|turn|7\n|\n|t:|1746132073\n|move|p2a: Zamazenta|Wide Guard|p2a: Zamazenta\n|-singleturn|p2a: Zamazenta|Wide Guard\n|move|p1b: Calyrex|Astral Barrage|p2b: Calyrex|[spread] \n|-activate|p2a: Zamazenta|move: Wide Guard\n|-activate|p2b: Calyrex|move: Wide Guard\n|move|p2b: Calyrex|Astral Barrage|p1b: Calyrex\n|-supereffective|p1b: Calyrex\n|-damage|p1b: Calyrex|0 fnt\n|faint|p1b: Calyrex\n|\n|win|albospada\n", "uploadtime": 1746132074, "views": 6, "formatid": "gen9vgc2025regibo3", "rating": null, "private": 0, "password": null}