{"id": "gen9vgc2025regibo3-2353375733", "format": "[Gen 9] VGC 2025 Reg I (Bo3)", "players": ["Grennijathingy", "mtrx_cheeky"], "log": "|j|\u2606Grennijathingy\n|j|\u2606mtrx_cheeky\n|html|<table width=\"100%\"><tr><td align=\"left\">Grennijathingy</td><td align=\"right\">mtrx_cheeky</tr><tr><td align=\"left\"><i class=\"fa fa-circle-o\"></i> <i class=\"fa fa-circle-o\"></i> </td><td align=\"right\"><i class=\"fa fa-circle-o\"></i> <i class=\"fa fa-circle-o\"></i> </tr></table>\n|uhtml|bestof|<h2><strong>Game 1</strong> of <a href=\"/game-bestof3-gen9vgc2025regibo3-2353375732\">a best-of-3</a></h2>\n|t:|1745950592\n|gametype|doubles\n|player|p1|Grennijathingy|cameraman|\n|player|p2|mtrx_cheeky|102|\n|teamsize|p1|6\n|teamsize|p2|6\n|gen|9\n|tier|[Gen 9] VGC 2025 Reg I (Bo3)\n|rule|Species Clause: Limit one of each Pok\u00e9mon\n|rule|Item Clause: Limit 1 of each item\n|clearpoke\n|poke|p1|Grimmsnarl, L50, M|\n|poke|p1|Koraidon, L50|\n|poke|p1|Lunala, L50|\n|poke|p1|Ogerpon-Wellspring, L50, F|\n|poke|p1|Incineroar, L50, M|\n|poke|p1|Iron Valiant, L50|\n|poke|p2|Miraidon, L50|\n|poke|p2|Incineroar, L50, M|\n|poke|p2|Grimmsnarl, L50, M|\n|poke|p2|Oranguru, L50, M|\n|poke|p2|Ursaluna, L50, F|\n|poke|p2|Necrozma-Dawn-Wings, L50|\n|teampreview|4\n|showteam|p1|Grimmsnarl||CovertCloak|Prankster|MistyTerrain,Reflect,Taunt,Crunch|||M|||50|,,,,,Bug]Koraidon||ClearAmulet|OrichalcumPulse|FlareBlitz,Bulldoze,CollisionCourse,Protect||||||50|,,,,,Fire]Lunala||MistySeed|ShadowShield|MoongeistBeam,Moonblast,Protect,Tailwind||||||50|,,,,,Fairy]Ogerpon-Wellspring||WellspringMask|WaterAbsorb|HornLeech,IvyCudgel,SpikyShield,FollowMe|||F|||50|,,,,,Water]Incineroar||AssaultVest|Intimidate|FlareBlitz,KnockOff,Uturn,FakeOut|||M|||50|,,,,,Electric]Iron Valiant||MentalHerb|QuarkDrive|WideGuard,QuickGuard,Taunt,Moonblast||||||50|,,,,,Fire\n|showteam|p2|Miraidon||ChoiceSpecs|HadronEngine|ElectroDrift,DracoMeteor,VoltSwitch,DazzlingGleam||||||50|,,,,,Fairy]Incineroar||AssaultVest|Intimidate|FakeOut,FlareBlitz,KnockOff,Uturn|||M|||50|,,,,,Grass]Grimmsnarl||CovertCloak|Prankster|Reflect,LightScreen,Taunt,PlayRough|||M|||50|,,,,,Dark]Oranguru||MentalHerb|InnerFocus|Psychic,Instruct,TrickRoom,Protect|||M|||50|,,,,,Ghost]Ursaluna||FlameOrb|Guts|Facade,HighHorsepower,DrainPunch,Protect|||F|||50|,,,,,Ground]Necrozma-Dawn-Wings||RoomService|PrismArmor|TrickRoom,PhotonGeyser,MoongeistBeam,Protect||||||50|,,,,,Dark\n|inactive|Battle timer is ON: inactive players will automatically lose when time's up. (requested by mtrx_cheeky)\n|\n|t:|1745950613\n|start\n|switch|p1a: Grimmsnarl|Grimmsnarl, L50, M|100/100\n|switch|p1b: Koraidon|Koraidon, L50|100/100\n|switch|p2a: Ursaluna|Ursaluna, L50, F|100/100\n|switch|p2b: Oranguru|Oranguru, L50, M|100/100\n|-weather|SunnyDay|[from] ability: Orichalcum Pulse|[of] p1b: Koraidon\n|-activate|p1b: Koraidon|Orichalcum Pulse|[source]\n|turn|1\n|\n|t:|1745950637\n|move|p2a: Ursaluna|Protect|p2a: Ursaluna\n|-singleturn|p2a: Ursaluna|Protect\n|move|p1a: Grimmsnarl|Misty Terrain|p1a: Grimmsnarl\n|-fieldstart|move: Misty Terrain\n|move|p1b: Koraidon|Flare Blitz|p2b: Oranguru\n|-damage|p2b: Oranguru|0 fnt\n|faint|p2b: Oranguru\n|-damage|p1b: Koraidon|63/100|[from] Recoil\n|\n|-weather|SunnyDay|[upkeep]\n|upkeep\n|\n|t:|1745950653\n|switch|p2b: Grimmsnarl|Grimmsnarl, L50, M|100/100\n|turn|2\n|inactive|mtrx_cheeky has 30 seconds left.\n|\n|t:|1745950688\n|switch|p2b: Necrozma|Necrozma-Dawn-Wings, L50|100/100\n|move|p1a: Grimmsnarl|Taunt|p2b: Necrozma\n|-start|p2b: Necrozma|move: Taunt\n|move|p1b: Koraidon|Collision Course|p2a: Ursaluna\n|-supereffective|p2a: Ursaluna\n|-damage|p2a: Ursaluna|0 fnt\n|faint|p2a: Ursaluna\n|\n|-weather|SunnyDay|[upkeep]\n|upkeep\n|\n|t:|1745950701\n|switch|p2a: Grimmsnarl|Grimmsnarl, L50, M|100/100\n|turn|3\n|\n|t:|1745950722\n|-terastallize|p1b: Koraidon|Fire\n|move|p1a: Grimmsnarl|Taunt|p2a: Grimmsnarl\n|-hint|Since gen 7, Dark is immune to Prankster moves.\n|-immune|p2a: Grimmsnarl\n|move|p1b: Koraidon|Flare Blitz|p2a: Grimmsnarl\n|-damage|p2a: Grimmsnarl|0 fnt\n|faint|p2a: Grimmsnarl\n|-damage|p1b: Koraidon|25/100|[from] Recoil\n|move|p2b: Necrozma|Moongeist Beam|p1b: Koraidon\n|-damage|p1b: Koraidon|0 fnt\n|faint|p1b: Koraidon\n|\n|-weather|SunnyDay|[upkeep]\n|upkeep\n|\n|t:|1745950745\n|switch|p1b: Lunala|Lunala, L50|100/100\n|-enditem|p1b: Lunala|Misty Seed\n|-boost|p1b: Lunala|spd|1|[from] item: Misty Seed\n|turn|4\n|\n|t:|1745950764\n|-terastallize|p2b: Necrozma|Dark\n|move|p1b: Lunala|Protect|p1b: Lunala\n|-singleturn|p1b: Lunala|Protect\n|move|p2b: Necrozma|Moongeist Beam|p1b: Lunala\n|-activate|p1b: Lunala|move: Protect\n|move|p1a: Grimmsnarl|Crunch|p2b: Necrozma\n|-resisted|p2b: Necrozma\n|-damage|p2b: Necrozma|88/100\n|\n|-weather|SunnyDay|[upkeep]\n|-end|p2b: Necrozma|move: Taunt\n|upkeep\n|turn|5\n|\n|t:|1745950783\n|move|p1a: Grimmsnarl|Taunt|p2b: Necrozma\n|-hint|Since gen 7, Dark is immune to Prankster moves.\n|-immune|p2b: Necrozma\n|move|p1b: Lunala|Moonblast|p2b: Necrozma\n|-supereffective|p2b: Necrozma\n|-damage|p2b: Necrozma|50/100\n|move|p2b: Necrozma|Trick Room|p2b: Necrozma\n|-fieldstart|move: Trick Room|[of] p2b: Necrozma\n|-enditem|p2b: Necrozma|Room Service\n|-unboost|p2b: Necrozma|spe|1|[from] item: Room Service\n|\n|-weather|none\n|-fieldend|Misty Terrain\n|upkeep\n|turn|6\n|\n|t:|1745950807\n|move|p1a: Grimmsnarl|Misty Terrain|p1a: Grimmsnarl\n|-fieldstart|move: Misty Terrain\n|move|p2b: Necrozma|Moongeist Beam|p1a: Grimmsnarl\n|-resisted|p1a: Grimmsnarl\n|-damage|p1a: Grimmsnarl|76/100\n|move|p1b: Lunala|Moonblast|p2b: Necrozma\n|-supereffective|p2b: Necrozma\n|-damage|p2b: Necrozma|12/100\n|\n|upkeep\n|turn|7\n|\n|t:|1745950831\n|switch|p1a: Incineroar|Incineroar, L50, M|100/100\n|-ability|p1a: Incineroar|Intimidate|boost\n|-unboost|p2b: Necrozma|atk|1\n|move|p2b: Necrozma|Protect|p2b: Necrozma\n|-singleturn|p2b: Necrozma|Protect\n|move|p1b: Lunala|Moonblast|p2b: Necrozma\n|-activate|p2b: Necrozma|move: Protect\n|\n|upkeep\n|turn|8\n|\n|t:|1745950844\n|switch|p1b: Grimmsnarl|Grimmsnarl, L50, M|76/100\n|move|p1a: Incineroar|Fake Out|p2b: Necrozma\n|-damage|p2b: Necrozma|3/100\n|cant|p2b: Necrozma|flinch\n|\n|upkeep\n|turn|9\n|\n|t:|1745950866\n|move|p2b: Necrozma|Moongeist Beam|p1b: Grimmsnarl\n|-resisted|p1b: Grimmsnarl\n|-damage|p1b: Grimmsnarl|51/100\n|move|p1b: Grimmsnarl|Crunch|p2b: Necrozma\n|-resisted|p2b: Necrozma\n|-damage|p2b: Necrozma|0 fnt\n|faint|p2b: Necrozma\n|\n|win|Grennijathingy\n|inactive|Grennijathingy has 30 seconds to confirm battle start!\n|inactive|mtrx_cheeky has 30 seconds to confirm battle start!\n||Grennijathingy is ready for game 2.\n||mtrx_cheeky is ready for game 2.\n|uhtml|next|Next: <a href=\"/battle-gen9vgc2025regibo3-2353379296\"><strong>Game 2 of 3</strong></a>\n|l|\u2606mtrx_cheeky\n|player|p2|\n", "uploadtime": 1745951299, "views": 11, "formatid": "gen9vgc2025regibo3", "rating": null, "private": 0, "password": null}