{"id": "gen9vgc2025regibo3-2353698029", "format": "[Gen 9] VGC 2025 Reg I (Bo3)", "players": ["Nalt1", "JayJayElar22222"], "log": "|j|\u2606Nalt1\n|j|\u2606JayJayElar22222\n|html|<table width=\"100%\"><tr><td align=\"left\">Nalt1</td><td align=\"right\">JayJayElar22222</tr><tr><td align=\"left\"><i class=\"fa fa-circle-o\"></i> <i class=\"fa fa-circle-o\"></i> </td><td align=\"right\"><i class=\"fa fa-circle-o\"></i> <i class=\"fa fa-circle-o\"></i> </tr></table>\n|uhtml|bestof|<h2><strong>Game 1</strong> of <a href=\"/game-bestof3-gen9vgc2025regibo3-2353698028\">a best-of-3</a></h2>\n|t:|1745985111\n|gametype|doubles\n|player|p1|Nalt1|mars|1103\n|player|p2|JayJayElar22222|2|1037\n|teamsize|p1|6\n|teamsize|p2|6\n|gen|9\n|tier|[Gen 9] VGC 2025 Reg I (Bo3)\n|rated|\n|rule|Species Clause: Limit one of each Pok\u00e9mon\n|rule|Item Clause: Limit 1 of each item\n|clearpoke\n|poke|p1|Tornadus, L50, M|\n|poke|p1|Farigiraf, L50, M|\n|poke|p1|Terapagos, L50, M|\n|poke|p1|Urshifu-*, L50, F|\n|poke|p1|Ogerpon-Hearthflame, L50, F|\n|poke|p1|Miraidon, L50|\n|poke|p2|Koraidon, L50|\n|poke|p2|Miraidon, L50|\n|poke|p2|Grimmsnarl, L50, M|\n|poke|p2|Incineroar, L50, F|\n|poke|p2|Iron Hands, L50|\n|poke|p2|Archaludon, L50, F|\n|teampreview|4\n|showteam|p1|Tornadus||CovertCloak|Prankster|BleakwindStorm,Tailwind,Taunt,RainDance|||M|||50|,,,,,Dark]Farigiraf||SafetyGoggles|ArmorTail|PsychicNoise,FoulPlay,HelpingHand,TrickRoom|||M|||50|,,,,,Water]Terapagos||ChoiceSpecs|TeraShift|TeraStarstorm,HyperBeam,EarthPower,DarkPulse|||M|||50|,,,,,Stellar]Urshifu-Rapid-Strike||ChoiceScarf|UnseenFist|SurgingStrikes,CloseCombat,Uturn,AquaJet|||F|||50|,,,,,Water]Ogerpon-Hearthflame||HearthflameMask|MoldBreaker|FollowMe,IvyCudgel,WoodHammer,SpikyShield|||F|||50|,,,,,Fire]Miraidon||LifeOrb|HadronEngine|ElectroDrift,DracoMeteor,VoltSwitch,Protect||||||50|,,,,,Electric\n|showteam|p2|Koraidon||ClearAmulet|OrichalcumPulse|CollisionCourse,DragonClaw,FlareBlitz,Protect||||||50|,,,,,Fire]Miraidon||LifeOrb|HadronEngine|DazzlingGleam,Discharge,DracoMeteor,CalmMind||||||50|,,,,,Electric]Grimmsnarl||IronBall|Prankster|Trick,LightScreen,Reflect,FakeOut|||M|||50|,,,,,Ghost]Incineroar||RockyHelmet|Intimidate|FakeOut,FlareBlitz,KnockOff,PartingShot|||F|||50|,,,,,Fire]Iron Hands||AssaultVest|QuarkDrive|FakeOut,WildCharge,DrainPunch,VoltSwitch||||||50|,,,,,Fighting]Archaludon||PowerHerb|Stamina|ElectroShot,DracoMeteor,Thunderbolt,Protect|||F|||50|,,,,,Steel\n|inactive|Battle timer is ON: inactive players will automatically lose when time's up. (requested by JayJayElar22222)\n|inactive|Nalt1 has 60 seconds left.\n|inactive|Nalt1 has 30 seconds left.\n|inactive|Nalt1 has 20 seconds left.\n|inactive|Nalt1 has 15 seconds left.\n|inactive|Nalt1 has 10 seconds left.\n|inactive|Nalt1 has 5 seconds left.\n|\n|t:|1745985199\n|start\n|switch|p1a: Miraidon|Miraidon, L50|100/100\n|switch|p1b: Tornadus|Tornadus, L50, M, shiny|100/100\n|switch|p2a: Grimmsnarl|Grimmsnarl, L50, M|100/100\n|switch|p2b: Miraidon|Miraidon, L50|100/100\n|-fieldstart|move: Electric Terrain|[from] ability: Hadron Engine|[of] p2b: Miraidon\n|-activate|p1a: Miraidon|ability: Hadron Engine\n|turn|1\n|inactive|Nalt1 has 30 seconds left.\n|inactive|JayJayElar22222 has 30 seconds left.\n|\n|t:|1745985232\n|switch|p1b: Farigiraf|Farigiraf, L50, M, shiny|100/100\n|-terastallize|p1a: Miraidon|Electric\n|move|p2a: Grimmsnarl|Trick||[still]\n|cant|p1b: Farigiraf|ability: Armor Tail|Trick|[of] p2a: Grimmsnarl\n|move|p2b: Miraidon|Dazzling Gleam|p1b: Farigiraf|[spread] p1a,p1b\n|-crit|p1b: Farigiraf\n|-damage|p1a: Miraidon|66/100\n|-damage|p1b: Farigiraf|51/100\n|-damage|p2b: Miraidon|91/100|[from] item: Life Orb\n|move|p1a: Miraidon|Volt Switch|p2a: Grimmsnarl\n|-damage|p2a: Grimmsnarl|2/100\n|-damage|p1a: Miraidon|57/100|[from] item: Life Orb\n|\n|t:|1745985247\n|switch|p1a: Darwin|Terapagos, L50, M|100/100|[from] Volt Switch\n|-activate|p1a: Darwin|ability: Tera Shift\n|detailschange|p1a: Darwin|Terapagos-Terastal, L50, M\n|-heal|p1a: Darwin|100/100|[silent]\n|\n|upkeep\n|turn|2\n|\n|t:|1745985272\n|-terastallize|p2b: Miraidon|Electric\n|move|p1b: Farigiraf|Helping Hand|p1a: Darwin\n|-singleturn|p1a: Darwin|Helping Hand|[of] p1b: Farigiraf\n|move|p2a: Grimmsnarl|Light Screen|p2a: Grimmsnarl\n|-sidestart|p2: JayJayElar22222|move: Light Screen\n|move|p2b: Miraidon|Discharge|p1a: Darwin|[spread] p2a,p1a,p1b\n|-activate|p1a: Darwin|ability: Tera Shell\n|-resisted|p1a: Darwin\n|-damage|p2a: Grimmsnarl|0 fnt\n|-damage|p1a: Darwin|54/100\n|-damage|p1b: Farigiraf|0 fnt\n|faint|p2a: Grimmsnarl\n|faint|p1b: Farigiraf\n|-damage|p2b: Miraidon|81/100|[from] item: Life Orb\n|move|p1a: Darwin|Earth Power|p2b: Miraidon\n|-supereffective|p2b: Miraidon\n|-damage|p2b: Miraidon|0 fnt\n|faint|p2b: Miraidon\n|\n|upkeep\n|inactive|JayJayElar22222 has 30 seconds left.\n|inactive|JayJayElar22222 has 20 seconds left.\n|inactive|JayJayElar22222 has 15 seconds left.\n|inactive|JayJayElar22222 has 10 seconds left.\n|inactive|JayJayElar22222 has 5 seconds left.\n|\n|t:|1745985323\n|switch|p2b: Incineroar|Incineroar, L50, F|100/100\n|switch|p1b: Tornadus|Tornadus, L50, M, shiny|100/100\n|switch|p2a: Koraidon|Koraidon, L50|100/100\n|-weather|SunnyDay|[from] ability: Orichalcum Pulse|[of] p2a: Koraidon\n|-activate|p2a: Koraidon|Orichalcum Pulse|[source]\n|-ability|p2b: Incineroar|Intimidate|boost\n|-unboost|p1a: Darwin|atk|1\n|-unboost|p1b: Tornadus|atk|1\n|turn|3\n|\n|t:|1745985336\n|move|p2b: Incineroar|Fake Out|p1a: Darwin\n|-damage|p1a: Darwin|44/100\n|move|p1b: Tornadus|Rain Dance|p1b: Tornadus\n|-weather|RainDance\n|move|p2a: Koraidon|Flare Blitz|p1b: Tornadus\n|-damage|p1b: Tornadus|81/100\n|-damage|p2a: Koraidon|94/100|[from] Recoil\n|cant|p1a: Darwin|flinch\n|\n|-weather|RainDance|[upkeep]\n|upkeep\n|turn|4\n|\n|t:|1745985345\n|move|p2a: Koraidon|Collision Course|p1a: Darwin\n|-supereffective|p1a: Darwin\n|-crit|p1a: Darwin\n|-damage|p1a: Darwin|0 fnt\n|faint|p1a: Darwin\n|move|p1b: Tornadus|Bleakwind Storm|p2a: Koraidon|[spread] p2a,p2b\n|-supereffective|p2a: Koraidon\n|-damage|p2a: Koraidon|50/100\n|-damage|p2b: Incineroar|82/100\n|move|p2b: Incineroar|Knock Off|p1b: Tornadus\n|-damage|p1b: Tornadus|42/100\n|-enditem|p1b: Tornadus|Covert Cloak|[from] move: Knock Off|[of] p2b: Incineroar\n|\n|-weather|RainDance|[upkeep]\n|upkeep\n|\n|t:|1745985348\n|switch|p1a: Miraidon|Miraidon, L50, tera:Electric|57/100\n|-activate|p1a: Miraidon|ability: Hadron Engine\n|turn|5\n|\n|t:|1745985361\n|move|p1b: Tornadus|Tailwind|p1b: Tornadus\n|-sidestart|p1: Nalt1|move: Tailwind\n|move|p1a: Miraidon|Electro Drift|p2b: Incineroar\n|-damage|p2b: Incineroar|0 fnt\n|-damage|p1a: Miraidon|40/100|[from] item: Rocky Helmet|[of] p2b: Incineroar\n|faint|p2b: Incineroar\n|-damage|p1a: Miraidon|31/100|[from] item: Life Orb\n|move|p2a: Koraidon|Collision Course|p1a: Miraidon\n|-crit|p1a: Miraidon\n|-damage|p1a: Miraidon|0 fnt\n|faint|p1a: Miraidon\n|\n|-weather|RainDance|[upkeep]\n|-fieldend|move: Electric Terrain\n|upkeep\n|turn|6\n|\n|t:|1745985375\n|move|p1b: Tornadus|Bleakwind Storm|p2a: Koraidon\n|-supereffective|p2a: Koraidon\n|-damage|p2a: Koraidon|0 fnt\n|faint|p2a: Koraidon\n|\n|win|Nalt1\n||Nalt1 is ready for game 2.\n|l|\u2606JayJayElar22222\n|player|p2|\n|raw|Nalt1's rating: 1103 &rarr; <strong>1123</strong><br />(+20 for winning)\n|raw|JayJayElar22222's rating: 1037 &rarr; <strong>1024</strong><br />(-13 for losing)\n", "uploadtime": 1745985406, "views": 11, "formatid": "gen9vgc2025regibo3", "rating": 1024, "private": 0, "password": null}