{"id": "gen9vgc2025regibo3-2354285644", "format": "[Gen 9] VGC 2025 Reg I (Bo3)", "players": ["TreTrainer5252", "JJ Enton"], "log": "|j|\u2606TreTrainer5252\n|j|\u2606JJ Enton\n|html|<table width=\"100%\"><tr><td align=\"left\">TreTrainer5252</td><td align=\"right\">JJ Enton</tr><tr><td align=\"left\"><i class=\"fa fa-circle\"></i> <i class=\"fa fa-circle-o\"></i> </td><td align=\"right\"><i class=\"fa fa-circle-o\"></i> <i class=\"fa fa-circle\"></i> </tr></table>\n|uhtml|bestof|<h2><strong>Game 3</strong> of <a href=\"/game-bestof3-gen9vgc2025regibo3-2354279901\">a best-of-3</a></h2>\n|t:|1746052952\n|gametype|doubles\n|player|p1|TreTrainer5252|linebacker|1138\n|player|p2|JJ Enton|red|1096\n|teamsize|p1|6\n|teamsize|p2|6\n|gen|9\n|tier|[Gen 9] VGC 2025 Reg I (Bo3)\n|rated|\n|rule|Species Clause: Limit one of each Pok\u00e9mon\n|rule|Item Clause: Limit 1 of each item\n|clearpoke\n|poke|p1|Tornadus, L50, M|\n|poke|p1|Kyogre, L50|\n|poke|p1|Iron Crown, L50|\n|poke|p1|Iron Hands, L50|\n|poke|p1|Indeedee-F, L50, F|\n|poke|p1|Zamazenta-*, L50|\n|poke|p2|Zacian-*, L50|\n|poke|p2|Kyogre, L50|\n|poke|p2|Tornadus, L50, M|\n|poke|p2|Urshifu-*, L50, M|\n|poke|p2|Rillaboom, L50, M|\n|poke|p2|Chien-Pao, L50|\n|teampreview|4\n|showteam|p1|Tornadus||MentalHerb|Prankster|Taunt,Tailwind,RainDance,BleakwindStorm|||M|||50|,,,,,Ghost]Kyogre||MysticWater|Drizzle|Protect,Thunder,WaterSpout,HydroPump||||||50|,,,,,Grass]Iron Crown||BoosterEnergy|QuarkDrive|Protect,FocusBlast,TachyonCutter,ExpandingForce||||||50|,,,,,Ground]Iron Hands||AssaultVest|QuarkDrive|FakeOut,HeavySlam,DrainPunch,WildCharge||||||50|,,,,,Water]Indeedee-F||RedCard|PsychicSurge|FollowMe,TrickRoom,HelpingHand,DazzlingGleam|||F|||50|,,,,,Dragon]Zamazenta-Crowned||RustedShield|DauntlessShield|Protect,BodyPress,WideGuard,IronDefense||||||50|,,,,,Water\n|showteam|p2|Zacian-Crowned||RustedSword|IntrepidSword|behemothblade,PlayRough,PsychicFangs,Protect||||||50|,,,,,Fairy]Kyogre||MysticWater|Drizzle|WaterSpout,OriginPulse,IceBeam,Protect||||||50|,,,,,Grass]Tornadus||CovertCloak|Prankster|BleakwindStorm,RainDance,Tailwind,Taunt|||M|||50|,,,,,Dark]Urshifu-Rapid-Strike||ChoiceScarf|UnseenFist|SurgingStrikes,CloseCombat,Uturn,AquaJet|||M|||50|,,,,,Water]Rillaboom||AssaultVest|GrassySurge|FakeOut,WoodHammer,GrassyGlide,Uturn|||M|||50|,,,,,Fire]Chien-Pao||FocusSash|SwordofRuin|IceSpinner,SuckerPunch,SacredSword,Protect||||||50|,,,,,Ghost\n|inactive|Battle timer is ON: inactive players will automatically lose when time's up. (requested by JJ Enton)\n|\n|t:|1746052974\n|start\n|switch|p1a: Sesto|Tornadus, L50, M|100/100\n|switch|p1b: ZOGO|Zamazenta-Crowned, L50|100/100\n|switch|p2a: Critikal|Urshifu-Rapid-Strike, L50, M|100/100\n|switch|p2b: Cyclos|Tornadus, L50, M|100/100\n|-ability|p1b: ZOGO|Dauntless Shield|boost\n|-boost|p1b: ZOGO|def|1\n|turn|1\n|inactive|TreTrainer5252 has 30 seconds left.\n|inactive|JJ Enton has 30 seconds left.\n|\n|t:|1746053008\n|switch|p2b: Beeg Fish|Kyogre, L50|100/100\n|-weather|RainDance|[from] ability: Drizzle|[of] p2b: Beeg Fish\n|-terastallize|p2a: Critikal|Water\n|move|p2a: Critikal|Surging Strikes|p1a: Sesto\n|-crit|p1a: Sesto\n|-damage|p1a: Sesto|57/100\n|-crit|p1a: Sesto\n|-damage|p1a: Sesto|14/100\n|-crit|p1a: Sesto\n|-damage|p1a: Sesto|0 fnt\n|faint|p1a: Sesto\n|-hitcount|p1: Sesto|3\n|move|p1b: ZOGO|Body Press|p2a: Critikal\n|-damage|p2a: Critikal|40/100\n|\n|-weather|RainDance|[upkeep]\n|upkeep\n|\n|t:|1746053025\n|switch|p1a: Dc2trill|Iron Hands, L50, shiny|100/100\n|turn|2\n|\n|t:|1746053045\n|switch|p2a: Cyclos|Tornadus, L50, M|100/100\n|move|p2b: Beeg Fish|Protect|p2b: Beeg Fish\n|-singleturn|p2b: Beeg Fish|Protect\n|move|p1a: Dc2trill|Fake Out|p2b: Beeg Fish\n|-activate|p2b: Beeg Fish|move: Protect\n|move|p1b: ZOGO|Body Press|p2a: Cyclos\n|-resisted|p2a: Cyclos\n|-damage|p2a: Cyclos|67/100\n|\n|-weather|RainDance|[upkeep]\n|upkeep\n|turn|3\n|\n|t:|1746053062\n|move|p1b: ZOGO|Wide Guard|p1b: ZOGO\n|-singleturn|p1b: ZOGO|Wide Guard\n|move|p2a: Cyclos|Tailwind|p2a: Cyclos\n|-sidestart|p2: JJ Enton|move: Tailwind\n|move|p2b: Beeg Fish|Water Spout|p1a: Dc2trill|[spread] \n|-activate|p1a: Dc2trill|move: Wide Guard\n|-activate|p1b: ZOGO|move: Wide Guard\n|move|p1a: Dc2trill|Wild Charge|p2b: Beeg Fish\n|-supereffective|p2b: Beeg Fish\n|-damage|p2b: Beeg Fish|13/100\n|-damage|p1a: Dc2trill|82/100|[from] Recoil\n|\n|-weather|RainDance|[upkeep]\n|upkeep\n|turn|4\n|\n|t:|1746053078\n|move|p2b: Beeg Fish|Protect|p2b: Beeg Fish\n|-singleturn|p2b: Beeg Fish|Protect\n|move|p1b: ZOGO|Wide Guard|p1b: ZOGO\n|-singleturn|p1b: ZOGO|Wide Guard\n|move|p2a: Cyclos|Taunt|p1b: ZOGO\n|-start|p1b: ZOGO|move: Taunt\n|move|p1a: Dc2trill|Drain Punch|p2b: Beeg Fish\n|-activate|p2b: Beeg Fish|move: Protect\n|\n|-weather|RainDance|[upkeep]\n|upkeep\n|turn|5\n|inactive|TreTrainer5252 has 30 seconds left.\n|\n|t:|1746053104\n|move|p2a: Cyclos|Bleakwind Storm|p1b: ZOGO|[spread] p1a,p1b\n|-damage|p1a: Dc2trill|62/100\n|-damage|p1b: ZOGO|78/100\n|-unboost|p1b: ZOGO|spe|1\n|move|p2b: Beeg Fish|Origin Pulse|p1a: Dc2trill|[spread] \n|-miss|p2b: Beeg Fish|p1a: Dc2trill\n|-miss|p2b: Beeg Fish|p1b: ZOGO\n|move|p1b: ZOGO|Body Press|p2a: Cyclos\n|-resisted|p2a: Cyclos\n|-damage|p2a: Cyclos|35/100\n|move|p1a: Dc2trill|Drain Punch|p2b: Beeg Fish\n|-damage|p2b: Beeg Fish|0 fnt\n|-heal|p1a: Dc2trill|68/100|[from] drain|[of] p2b: Beeg Fish\n|faint|p2b: Beeg Fish\n|\n|-weather|none\n|upkeep\n|c|\u2606JJ Enton|Lol\n|\n|t:|1746053126\n|switch|p2b: Critikal|Urshifu-Rapid-Strike, L50, M, tera:Water|40/100\n|turn|6\n|inactive|JJ Enton has 30 seconds left.\n|\n|t:|1746053156\n|-terastallize|p1b: ZOGO|Water\n|move|p2a: Cyclos|Rain Dance|p2a: Cyclos\n|-weather|RainDance\n|move|p2b: Critikal|Surging Strikes|p1b: ZOGO\n|-resisted|p1b: ZOGO\n|-crit|p1b: ZOGO\n|-damage|p1b: ZOGO|64/100\n|-resisted|p1b: ZOGO\n|-crit|p1b: ZOGO\n|-damage|p1b: ZOGO|50/100\n|-resisted|p1b: ZOGO\n|-crit|p1b: ZOGO\n|-damage|p1b: ZOGO|35/100\n|-hitcount|p1b: ZOGO|3\n|move|p1b: ZOGO|Body Press|p2a: Cyclos\n|-resisted|p2a: Cyclos\n|-damage|p2a: Cyclos|3/100\n|move|p1a: Dc2trill|Wild Charge|p2b: Critikal\n|-supereffective|p2b: Critikal\n|-damage|p2b: Critikal|0 fnt\n|faint|p2b: Critikal\n|-damage|p1a: Dc2trill|61/100|[from] Recoil\n|\n|-weather|RainDance|[upkeep]\n|-sideend|p2: JJ Enton|move: Tailwind\n|upkeep\n|\n|t:|1746053177\n|switch|p2b: Zoro|Zacian-Crowned, L50|100/100\n|-ability|p2b: Zoro|Intrepid Sword|boost\n|-boost|p2b: Zoro|atk|1\n|turn|7\n|\n|t:|1746053197\n|move|p2b: Zoro|Play Rough|p1b: ZOGO\n|-damage|p1b: ZOGO|5/100\n|move|p2a: Cyclos|Bleakwind Storm|p1b: ZOGO|[spread] p1a,p1b\n|-crit|p1a: Dc2trill\n|-damage|p1a: Dc2trill|36/100\n|-damage|p1b: ZOGO|0 fnt\n|faint|p1b: ZOGO\n|move|p1a: Dc2trill|Drain Punch|p2a: Cyclos\n|-resisted|p2a: Cyclos\n|-damage|p2a: Cyclos|0 fnt\n|-heal|p1a: Dc2trill|37/100|[from] drain|[of] p2a: Cyclos\n|faint|p2a: Cyclos\n|\n|-weather|RainDance|[upkeep]\n|upkeep\n|\n|t:|1746053210\n|switch|p1b: Elemento|Kyogre, L50|100/100\n|turn|8\n|\n|t:|1746053221\n|move|p2b: Zoro|Play Rough|p1b: Elemento\n|-damage|p1b: Elemento|12/100\n|move|p1b: Elemento|Hydro Pump|p2b: Zoro\n|-damage|p2b: Zoro|0 fnt\n|faint|p2b: Zoro\n|\n|win|TreTrainer5252\n|raw|TreTrainer5252's rating: 1138 &rarr; <strong>1160</strong><br />(+22 for winning)\n|raw|JJ Enton's rating: 1096 &rarr; <strong>1075</strong><br />(-21 for losing)\n|c|\u2606TreTrainer5252|gg\n", "uploadtime": 1746053228, "views": 7, "formatid": "gen9vgc2025regibo3", "rating": 1075, "private": 0, "password": null}