{"id": "gen9vgc2025regibo3-2354463768", "format": "[Gen 9] VGC 2025 Reg I (Bo3)", "players": ["Goatweebe69", "JustAddBacon"], "log": "|j|\u2606Goatweebe69\n|j|\u2606JustAddBacon\n|html|<table width=\"100%\"><tr><td align=\"left\">Goatweebe69</td><td align=\"right\">JustAddBacon</tr><tr><td align=\"left\"><i class=\"fa fa-circle-o\"></i> <i class=\"fa fa-circle-o\"></i> </td><td align=\"right\"><i class=\"fa fa-circle-o\"></i> <i class=\"fa fa-circle\"></i> </tr></table>\n|uhtml|bestof|<h2><strong>Game 2</strong> of <a href=\"/game-bestof3-gen9vgc2025regibo3-2354460789\">a best-of-3</a></h2>\n|t:|1746075609\n|gametype|doubles\n|player|p1|Goatweebe69|cynthia-gen4|1095\n|player|p2|JustAddBacon|barry|1118\n|teamsize|p1|6\n|teamsize|p2|6\n|gen|9\n|tier|[Gen 9] VGC 2025 Reg I (Bo3)\n|rated|\n|rule|Species Clause: Limit one of each Pok\u00e9mon\n|rule|Item Clause: Limit 1 of each item\n|clearpoke\n|poke|p1|Koraidon, L50|\n|poke|p1|Kyogre, L50|\n|poke|p1|Amoonguss, L50, M|\n|poke|p1|Tornadus, L50, M|\n|poke|p1|Flutter Mane, L50|\n|poke|p1|Urshifu-*, L50, M|\n|poke|p2|Zamazenta-*, L50|\n|poke|p2|Dialga-Origin, L50|\n|poke|p2|Tyranitar, L50, M|\n|poke|p2|Incineroar, L50, M|\n|poke|p2|Whimsicott, L50, F|\n|poke|p2|Scizor, L50, F|\n|teampreview|4\n|showteam|p1|Koraidon||ClearAmulet|OrichalcumPulse|CollisionCourse,FlareBlitz,FlameCharge,Protect||||||50|,,,,,Fire]Kyogre||AssaultVest|Drizzle|WaterSpout,OriginPulse,Thunder,IceBeam||||||50|,,,,,Grass]Amoonguss||RockyHelmet|Regenerator|Spore,RagePowder,PollenPuff,Protect|||M|||50|,,,,,Fairy]Tornadus||CovertCloak|Prankster|BleakwindStorm,RainDance,Tailwind,SunnyDay|||M|||50|,,,,,Dark]Flutter Mane||ChoiceSpecs|Protosynthesis|ShadowBall,Moonblast,DazzlingGleam,IcyWind||||||50|,,,,,Fairy]Urshifu-Rapid-Strike||ChoiceScarf|UnseenFist|SurgingStrikes,CloseCombat,Uturn,AquaJet|||M|||50|,,,,,Water\n|showteam|p2|Zamazenta-Crowned||RustedShield|DauntlessShield|BodyPress,IronDefense,WideGuard,HeavySlam||||||50|,,,,,Ghost]Dialga-Origin||AdamantCrystal|Telepathy|TrickRoom,DracoMeteor,Protect,FlashCannon||||||50|,,,,,Steel]Tyranitar||AssaultVest|SandStream|KnockOff,RockSlide,Earthquake,Bulldoze|||M|||50|,,,,,Fairy]Incineroar||SafetyGoggles|Intimidate|FakeOut,KnockOff,PartingShot,WillOWisp|||M|||50|,,,,,Grass]Whimsicott||CovertCloak|Prankster|Tailwind,Encore,Moonblast,HelpingHand|||F|||50|,,,,,Dark]Scizor||ChoiceBand|Technician|BulletPunch,Uturn,DualWingbeat,KnockOff|||F|||50|,,,,,Fire\n|\n|t:|1746075693\n|start\n|switch|p1a: Tornadus|Tornadus, L50, M|100/100\n|switch|p1b: Kyogre|Kyogre, L50|100/100\n|switch|p2a: Incineroar|Incineroar, L50, M|100/100\n|switch|p2b: Scizor|Scizor, L50, F|100/100\n|-weather|RainDance|[from] ability: Drizzle|[of] p1b: Kyogre\n|-ability|p2a: Incineroar|Intimidate|boost\n|-unboost|p1a: Tornadus|atk|1\n|-unboost|p1b: Kyogre|atk|1\n|turn|1\n|\n|t:|1746075722\n|move|p2a: Incineroar|Fake Out|p1b: Kyogre\n|-damage|p1b: Kyogre|92/100\n|move|p1a: Tornadus|Tailwind|p1a: Tornadus\n|-sidestart|p1: Goatweebe69|move: Tailwind\n|cant|p1b: Kyogre|flinch\n|move|p2b: Scizor|U-turn|p1b: Kyogre\n|-damage|p1b: Kyogre|43/100\n|\n|t:|1746075747\n|switch|p2b: Whimsicott|Whimsicott, L50, F|100/100|[from] U-turn\n|\n|-weather|RainDance|[upkeep]\n|upkeep\n|turn|2\n|\n|t:|1746075795\n|switch|p2a: Scizor|Scizor, L50, F|100/100\n|move|p2b: Whimsicott|Encore|p1a: Tornadus\n|-start|p1a: Tornadus|Encore\n|move|p1a: Tornadus|Tailwind||[still]\n|-fail|p1a: Tornadus\n|move|p1b: Kyogre|Origin Pulse|p2a: Scizor|[spread] p2a,p2b\n|-resisted|p2b: Whimsicott\n|-damage|p2a: Scizor|21/100\n|-damage|p2b: Whimsicott|54/100\n|\n|-weather|RainDance|[upkeep]\n|upkeep\n|turn|3\n|\n|t:|1746075845\n|move|p2b: Whimsicott|Helping Hand|p2a: Scizor\n|-singleturn|p2a: Scizor|Helping Hand|[of] p2b: Whimsicott\n|move|p1a: Tornadus|Tailwind||[still]\n|-fail|p1a: Tornadus\n|move|p2a: Scizor|Bullet Punch|p1b: Kyogre\n|-resisted|p1b: Kyogre\n|-damage|p1b: Kyogre|11/100\n|move|p1b: Kyogre|Origin Pulse|p2b: Whimsicott|[spread] p2a,p2b\n|-resisted|p2b: Whimsicott\n|-damage|p2a: Scizor|0 fnt\n|-damage|p2b: Whimsicott|3/100\n|faint|p2a: Scizor\n|\n|-weather|RainDance|[upkeep]\n|upkeep\n|\n|t:|1746075869\n|switch|p2a: Zamazenta|Zamazenta-Crowned, L50|100/100\n|-ability|p2a: Zamazenta|Dauntless Shield|boost\n|-boost|p2a: Zamazenta|def|1\n|turn|4\n|\n|t:|1746075880\n|move|p1a: Tornadus|Tailwind||[still]\n|-fail|p1a: Tornadus\n|move|p2b: Whimsicott|Tailwind|p2b: Whimsicott\n|-sidestart|p2: JustAddBacon|move: Tailwind\n|move|p2a: Zamazenta|Body Press|p1b: Kyogre\n|-damage|p1b: Kyogre|0 fnt\n|faint|p1b: Kyogre\n|\n|-weather|RainDance|[upkeep]\n|-end|p1a: Tornadus|Encore\n|-sideend|p1: Goatweebe69|move: Tailwind\n|upkeep\n|\n|t:|1746075887\n|switch|p1b: Urshifu|Urshifu-Rapid-Strike, L50, M|100/100\n|turn|5\n|\n|t:|1746075920\n|-terastallize|p1b: Urshifu|Water\n|move|p2b: Whimsicott|Encore|p1a: Tornadus\n|-start|p1a: Tornadus|Encore\n|move|p1a: Tornadus|Tailwind|p1a: Tornadus\n|-sidestart|p1: Goatweebe69|move: Tailwind\n|move|p1b: Urshifu|Surging Strikes|p2a: Zamazenta\n|-crit|p2a: Zamazenta\n|-damage|p2a: Zamazenta|78/100\n|-crit|p2a: Zamazenta\n|-damage|p2a: Zamazenta|56/100\n|-crit|p2a: Zamazenta\n|-damage|p2a: Zamazenta|33/100\n|-hitcount|p2a: Zamazenta|3\n|move|p2a: Zamazenta|Body Press|p1b: Urshifu\n|-damage|p1b: Urshifu|30/100\n|\n|-weather|none\n|upkeep\n|turn|6\n|\n|t:|1746075988\n|move|p1a: Tornadus|Tailwind||[still]\n|-fail|p1a: Tornadus\n|move|p1b: Urshifu|Surging Strikes|p2a: Zamazenta\n|-crit|p2a: Zamazenta\n|-damage|p2a: Zamazenta|20/100\n|-crit|p2a: Zamazenta\n|-damage|p2a: Zamazenta|5/100\n|-crit|p2a: Zamazenta\n|-damage|p2a: Zamazenta|0 fnt\n|faint|p2a: Zamazenta\n|-hitcount|p2: Zamazenta|3\n|move|p2b: Whimsicott|Moonblast|p1b: Urshifu\n|-damage|p1b: Urshifu|0 fnt\n|faint|p1b: Urshifu\n|\n|upkeep\n|\n|t:|1746076001\n|switch|p1b: Koraidon|Koraidon, L50|100/100\n|switch|p2a: Incineroar|Incineroar, L50, M|100/100\n|-weather|SunnyDay|[from] ability: Orichalcum Pulse|[of] p1b: Koraidon\n|-activate|p1b: Koraidon|Orichalcum Pulse|[source]\n|-ability|p2a: Incineroar|Intimidate|boost\n|-unboost|p1a: Tornadus|atk|1\n|-fail|p1b: Koraidon|unboost|[from] item: Clear Amulet|[of] p1b: Koraidon\n|turn|7\n|inactive|Battle timer is ON: inactive players will automatically lose when time's up. (requested by Goatweebe69)\n|\n|t:|1746076084\n|move|p2b: Whimsicott|Helping Hand|p2a: Incineroar\n|-singleturn|p2a: Incineroar|Helping Hand|[of] p2b: Whimsicott\n|move|p1b: Koraidon|Protect|p1b: Koraidon\n|-singleturn|p1b: Koraidon|Protect\n|move|p1a: Tornadus|Tailwind||[still]\n|-fail|p1a: Tornadus\n|move|p2a: Incineroar|Knock Off|p1a: Tornadus\n|-damage|p1a: Tornadus|45/100\n|-enditem|p1a: Tornadus|Covert Cloak|[from] move: Knock Off|[of] p2a: Incineroar\n|\n|-weather|SunnyDay|[upkeep]\n|-end|p1a: Tornadus|Encore\n|-sideend|p2: JustAddBacon|move: Tailwind\n|upkeep\n|turn|8\n|inactive|Goatweebe69 has 30 seconds left.\n|inactive|JustAddBacon has 30 seconds left.\n|inactive|Goatweebe69 has 20 seconds left.\n|inactive|JustAddBacon has 20 seconds left.\n|\n|t:|1746076122\n|move|p2b: Whimsicott|Encore|p1b: Koraidon\n|-start|p1b: Koraidon|Encore\n|move|p1b: Koraidon|Protect|p1b: Koraidon\n|-singleturn|p1b: Koraidon|Protect\n|move|p1a: Tornadus|Bleakwind Storm|p2a: Incineroar|[spread] p2b\n|-miss|p1a: Tornadus|p2a: Incineroar\n|-supereffective|p2b: Whimsicott\n|-damage|p2b: Whimsicott|0 fnt\n|faint|p2b: Whimsicott\n|move|p2a: Incineroar|Will-O-Wisp|p1b: Koraidon\n|-activate|p1b: Koraidon|move: Protect\n|\n|-weather|SunnyDay|[upkeep]\n|-sideend|p1: Goatweebe69|move: Tailwind\n|upkeep\n|turn|9\n|inactive|JustAddBacon has 30 seconds left.\n|-message|JustAddBacon forfeited.\n|\n|win|Goatweebe69\n|l|\u2606JustAddBacon\n|player|p2|\n||JustAddBacon is ready for game 3.\n|l|\u2606Goatweebe69\n|player|p1|\n||Goatweebe69 is ready for game 3.\n|uhtml|next|Next: <a href=\"/battle-gen9vgc2025regibo3-2354466917\"><strong>Game 3 of 3</strong></a>\n", "uploadtime": 1746076475, "views": 7, "formatid": "gen9vgc2025regibo3", "rating": null, "private": 0, "password": null}