{"id": "gen9vgc2025regibo3-2353305776", "format": "[Gen 9] VGC 2025 Reg I (Bo3)", "players": ["Qicide", "jit444"], "log": "|j|\u2606Qicide\n|j|\u2606jit444\n|html|<table width=\"100%\"><tr><td align=\"left\">Qicide</td><td align=\"right\">jit444</tr><tr><td align=\"left\"><i class=\"fa fa-circle-o\"></i> <i class=\"fa fa-circle-o\"></i> </td><td align=\"right\"><i class=\"fa fa-circle-o\"></i> <i class=\"fa fa-circle-o\"></i> </tr></table>\n|uhtml|bestof|<h2><strong>Game 1</strong> of <a href=\"/game-bestof3-gen9vgc2025regibo3-2353305775\">a best-of-3</a></h2>\n|t:|1745944962\n|gametype|doubles\n|player|p1|Qicide|red|1310\n|player|p2|jit444|dawn|1282\n|teamsize|p1|6\n|teamsize|p2|6\n|gen|9\n|tier|[Gen 9] VGC 2025 Reg I (Bo3)\n|rated|\n|rule|Species Clause: Limit one of each Pok\u00e9mon\n|rule|Item Clause: Limit 1 of each item\n|clearpoke\n|poke|p1|Chi-Yu, L50|\n|poke|p1|Calyrex-Shadow, L50|\n|poke|p1|Tornadus, L50, M|\n|poke|p1|Groudon, L50|\n|poke|p1|Raging Bolt, L50|\n|poke|p1|Urshifu-*, L50, M|\n|poke|p2|Koraidon, L50|\n|poke|p2|Lunala, L50|\n|poke|p2|Amoonguss, L50, F|\n|poke|p2|Incineroar, L50, M|\n|poke|p2|Rillaboom, L50, M|\n|poke|p2|Sandy Shocks, L50|\n|teampreview|4\n|showteam|p1|Chi-Yu||ChoiceScarf|BeadsofRuin|HeatWave,Overheat,DarkPulse,Snarl||||||50|,,,,,Ghost]Calyrex-Shadow||LifeOrb|AsOneSpectrier|AstralBarrage,Psychic,Encore,Protect||||||50|,,,,,Normal]Tornadus||CovertCloak|Prankster|BleakwindStorm,Tailwind,Protect,SunnyDay|||M|||50|,,,,,Dark]Groudon||ClearAmulet|Drought|HeatCrash,PrecipiceBlades,HighHorsepower,Protect||||||50|,,,,,Fire]Raging Bolt||AssaultVest|Protosynthesis|Thunderbolt,Electroweb,Thunderclap,DracoMeteor||||||50|,,,,,Electric]Urshifu||FocusSash|UnseenFist|WickedBlow,SuckerPunch,CloseCombat,Protect|||M|||50|,,,,,Dark\n|showteam|p2|Koraidon||LifeOrb|OrichalcumPulse|FlameCharge,FlareBlitz,Protect,CollisionCourse||||||50|,,,,,Fire]Lunala||PowerHerb|ShadowShield|WideGuard,MoongeistBeam,MeteorBeam,Protect||||||50|,,,,,Dark]Amoonguss||RockyHelmet|Regenerator|RagePowder,PollenPuff,Spore,Protect|||F|||50|,,,,,Water]Incineroar||CovertCloak|Intimidate|FakeOut,PartingShot,KnockOff,FlareBlitz|||M|||50|,,,,,Bug]Rillaboom||AssaultVest|GrassySurge|FakeOut,Uturn,WoodHammer,GrassyGlide|||M|||50|,,,,,Grass]Sandy Shocks||FocusSash|Protosynthesis|Electroweb,EarthPower,Thunderbolt,Protect||||||50|,,,,,Electric\n|inactive|Battle timer is ON: inactive players will automatically lose when time's up. (requested by Qicide)\n|inactive|jit444 has 60 seconds left.\n|\n|t:|1745945015\n|start\n|switch|p1a: Tornadus|Tornadus, L50, M|100/100\n|switch|p1b: Chi-Yu|Chi-Yu, L50|100/100\n|switch|p2a: Lunala|Lunala, L50|100/100\n|switch|p2b: Koraidon|Koraidon, L50|100/100\n|-ability|p1b: Chi-Yu|Beads of Ruin\n|-weather|SunnyDay|[from] ability: Orichalcum Pulse|[of] p2b: Koraidon\n|-activate|p2b: Koraidon|Orichalcum Pulse|[source]\n|turn|1\n|\n|t:|1745945039\n|-terastallize|p1b: Chi-Yu|Ghost\n|move|p2a: Lunala|Protect|p2a: Lunala\n|-singleturn|p2a: Lunala|Protect\n|move|p1b: Chi-Yu|Overheat|p2a: Lunala\n|-activate|p2a: Lunala|move: Protect\n|move|p2b: Koraidon|Flame Charge|p1a: Tornadus\n|-damage|p1a: Tornadus|19/100\n|-boost|p2b: Koraidon|spe|1\n|-damage|p2b: Koraidon|91/100|[from] item: Life Orb\n|move|p1a: Tornadus|Bleakwind Storm|p2a: Lunala|[spread] p2b\n|-activate|p2a: Lunala|move: Protect\n|-supereffective|p2b: Koraidon\n|-damage|p2b: Koraidon|0 fnt\n|faint|p2b: Koraidon\n|\n|-weather|SunnyDay|[upkeep]\n|upkeep\n|\n|t:|1745945057\n|switch|p2b: Sandy Shocks|Sandy Shocks, L50|100/100\n|-activate|p2b: Sandy Shocks|ability: Protosynthesis\n|-start|p2b: Sandy Shocks|protosynthesisspe\n|turn|2\n|\n|t:|1745945069\n|move|p1a: Tornadus|Tailwind|p1a: Tornadus\n|-sidestart|p1: Qicide|move: Tailwind\n|move|p1b: Chi-Yu|Overheat|p2a: Lunala\n|-damage|p2a: Lunala|45/100\n|-unboost|p1b: Chi-Yu|spa|2\n|move|p2b: Sandy Shocks|Electroweb|p1b: Chi-Yu|[spread] p1a,p1b\n|-supereffective|p1a: Tornadus\n|-crit|p1a: Tornadus\n|-crit|p1b: Chi-Yu\n|-damage|p1a: Tornadus|0 fnt\n|-damage|p1b: Chi-Yu|63/100\n|-unboost|p1b: Chi-Yu|spe|1\n|faint|p1a: Tornadus\n|move|p2a: Lunala|Moongeist Beam|p1b: Chi-Yu\n|-supereffective|p1b: Chi-Yu\n|-damage|p1b: Chi-Yu|0 fnt\n|faint|p1b: Chi-Yu\n|\n|-weather|SunnyDay|[upkeep]\n|upkeep\n|\n|t:|1745945077\n|switch|p1a: Raging Bolt|Raging Bolt, L50|100/100\n|switch|p1b: Calyrex|Calyrex-Shadow, L50|100/100\n|-ability|p1b: Calyrex|As One\n|-ability|p1b: Calyrex|Unnerve\n|-activate|p1a: Raging Bolt|ability: Protosynthesis\n|-start|p1a: Raging Bolt|protosynthesisspa\n|turn|3\n|inactive|jit444 has 30 seconds left.\n|\n|t:|1745945106\n|-terastallize|p2a: Lunala|Dark\n|move|p1b: Calyrex|Encore|p2b: Sandy Shocks\n|-start|p2b: Sandy Shocks|Encore\n|move|p2b: Sandy Shocks|Electroweb|p1b: Calyrex|[spread] p1a,p1b\n|-resisted|p1a: Raging Bolt\n|-damage|p1a: Raging Bolt|98/100\n|-damage|p1b: Calyrex|80/100\n|-unboost|p1a: Raging Bolt|spe|1\n|-unboost|p1b: Calyrex|spe|1\n|move|p2a: Lunala|Moongeist Beam|p1a: Raging Bolt\n|-damage|p1a: Raging Bolt|67/100\n|move|p1a: Raging Bolt|Thunderbolt|p2a: Lunala\n|-damage|p2a: Lunala|0 fnt\n|faint|p2a: Lunala\n|\n|-weather|SunnyDay|[upkeep]\n|upkeep\n|\n|t:|1745945118\n|switch|p2a: Incineroar|Incineroar, L50, M|100/100\n|-ability|p2a: Incineroar|Intimidate|boost\n|-unboost|p1a: Raging Bolt|atk|1\n|-unboost|p1b: Calyrex|atk|1\n|turn|4\n|\n|t:|1745945133\n|move|p1b: Calyrex|Astral Barrage|p2b: Sandy Shocks|[spread] p2a,p2b\n|-resisted|p2a: Incineroar\n|-damage|p2a: Incineroar|75/100\n|-damage|p2b: Sandy Shocks|13/100\n|-damage|p1b: Calyrex|71/100|[from] item: Life Orb\n|move|p2b: Sandy Shocks|Electroweb|p1b: Calyrex|[spread] p1a,p1b\n|-resisted|p1a: Raging Bolt\n|-damage|p1a: Raging Bolt|64/100\n|-damage|p1b: Calyrex|52/100\n|-unboost|p1a: Raging Bolt|spe|1\n|-unboost|p1b: Calyrex|spe|1\n|move|p1a: Raging Bolt|Thunderbolt|p2b: Sandy Shocks\n|-immune|p2b: Sandy Shocks\n|move|p2a: Incineroar|Knock Off|p1a: Raging Bolt\n|-damage|p1a: Raging Bolt|34/100\n|-enditem|p1a: Raging Bolt|Assault Vest|[from] move: Knock Off|[of] p2a: Incineroar\n|\n|-weather|SunnyDay|[upkeep]\n|upkeep\n|turn|5\n|\n|t:|1745945152\n|move|p2b: Sandy Shocks|Electroweb|p1b: Calyrex|[spread] p1a,p1b\n|-resisted|p1a: Raging Bolt\n|-damage|p1a: Raging Bolt|30/100\n|-damage|p1b: Calyrex|31/100\n|-unboost|p1a: Raging Bolt|spe|1\n|-unboost|p1b: Calyrex|spe|1\n|move|p1b: Calyrex|Astral Barrage|p2b: Sandy Shocks|[spread] p2a,p2b\n|-resisted|p2a: Incineroar\n|-damage|p2a: Incineroar|47/100\n|-damage|p2b: Sandy Shocks|0 fnt\n|faint|p2b: Sandy Shocks\n|-end|p2b: Sandy Shocks|Protosynthesis|[silent]\n|-ability|p1b: Calyrex|Grim Neigh|boost\n|-boost|p1b: Calyrex|spa|1\n|-damage|p1b: Calyrex|22/100|[from] item: Life Orb\n|move|p2a: Incineroar|Knock Off|p1b: Calyrex\n|-supereffective|p1b: Calyrex\n|-damage|p1b: Calyrex|0 fnt\n|-enditem|p1b: Calyrex|Life Orb|[from] move: Knock Off|[of] p2a: Incineroar\n|faint|p1b: Calyrex\n|move|p1a: Raging Bolt|Thunderbolt|p2a: Incineroar\n|-damage|p2a: Incineroar|0 fnt\n|faint|p2a: Incineroar\n|\n|win|Qicide\n", "uploadtime": 1745945161, "views": 12, "formatid": "gen9vgc2025regibo3", "rating": null, "private": 0, "password": null}