{"id": "gen9vgc2025regibo3-2353736947", "format": "[Gen 9] VGC 2025 Reg I (Bo3)", "players": ["Rege1", "Pizzamemes123"], "log": "|j|\u2606Rege1\n|j|\u2606Pizzamemes123\n|html|<table width=\"100%\"><tr><td align=\"left\">Rege1</td><td align=\"right\">Pizzamemes123</tr><tr><td align=\"left\"><i class=\"fa fa-circle-o\"></i> <i class=\"fa fa-circle-o\"></i> </td><td align=\"right\"><i class=\"fa fa-circle-o\"></i> <i class=\"fa fa-circle-o\"></i> </tr></table>\n|uhtml|bestof|<h2><strong>Game 1</strong> of <a href=\"/game-bestof3-gen9vgc2025regibo3-2353736946\">a best-of-3</a></h2>\n|t:|1745991213\n|gametype|doubles\n|player|p1|Rege1|psychic-gen4|1050\n|player|p2|Pizzamemes123|265|1142\n|teamsize|p1|6\n|teamsize|p2|6\n|gen|9\n|tier|[Gen 9] VGC 2025 Reg I (Bo3)\n|rated|\n|rule|Species Clause: Limit one of each Pok\u00e9mon\n|rule|Item Clause: Limit 1 of each item\n|clearpoke\n|poke|p1|Necrozma-Dawn-Wings, L50|\n|poke|p1|Indeedee-F, L50, F|\n|poke|p1|Decidueye-Hisui, L50, F|\n|poke|p1|Primarina, L50, F|\n|poke|p1|Koraidon, L50|\n|poke|p1|Scyther, L50, M|\n|poke|p2|Koraidon, L50|\n|poke|p2|Miraidon, L50|\n|poke|p2|Raging Bolt, L50|\n|poke|p2|Flutter Mane, L50|\n|poke|p2|Incineroar, L50, M|\n|poke|p2|Farigiraf, L50, M|\n|teampreview|4\n|showteam|p1|Necrozma-Dawn-Wings||PowerHerb|PrismArmor|ExpandingForce,MeteorBeam,MoongeistBeam,TrickRoom||||||50|,,,,,Dark]Indeedee-F||RockyHelmet|PsychicSurge|HyperVoice,Psychic,TrickRoom,FollowMe|||F|||50|,,,,,Bug]Decidueye-Hisui||SitrusBerry|Scrappy|Tailwind,TripleArrows,HelpingHand,Uturn|||F|||50|,,,,,Ground]Primarina||ThroatSpray|LiquidVoice|HyperVoice,PerishSong,Moonblast,Protect|||F|||50|,,,,,Water]Koraidon||LifeOrb|OrichalcumPulse|CollisionCourse,DragonClaw,HeatCrash,Protect||||||50|,,,,,Fire]Scyther||Eviolite|Technician|Tailwind,DualWingbeat,AerialAce,HelpingHand|||M|||50|,,,,,Ground\n|showteam|p2|Koraidon||ClearAmulet|OrichalcumPulse|FlameCharge,FlareBlitz,CollisionCourse,Protect||||||50|,,,,,Fire]Miraidon||ChoiceSpecs|HadronEngine|ElectroDrift,DazzlingGleam,DracoMeteor,VoltSwitch||||||50|,,,,,Fairy]Raging Bolt||LifeOrb|Protosynthesis|Protect,DracoMeteor,RisingVoltage,Thunderclap||||||50|,,,,,Electric]Flutter Mane||FocusSash|Protosynthesis|Moonblast,IcyWind,ShadowBall,Protect||||||50|,,,,,Normal]Incineroar||SafetyGoggles|Intimidate|FakeOut,KnockOff,PartingShot,Taunt|||M|||50|,,,,,Ghost]Farigiraf||ElectricSeed|ArmorTail|Psychic,Roar,TrickRoom,HelpingHand|||M|||50|,,,,,Fairy\n|inactive|Battle timer is ON: inactive players will automatically lose when time's up. (requested by Rege1)\n|\n|t:|1745991265\n|start\n|switch|p1a: Koraidon|Koraidon, L50|100/100\n|switch|p1b: Scyther|Scyther, L50, M|100/100\n|switch|p2a: Flutter Mane|Flutter Mane, L50|100/100\n|switch|p2b: Raging Bolt|Raging Bolt, L50|100/100\n|-weather|SunnyDay|[from] ability: Orichalcum Pulse|[of] p1a: Koraidon\n|-activate|p2a: Flutter Mane|ability: Protosynthesis\n|-start|p2a: Flutter Mane|protosynthesisspe\n|-activate|p2b: Raging Bolt|ability: Protosynthesis\n|-start|p2b: Raging Bolt|protosynthesisspa\n|-activate|p1a: Koraidon|Orichalcum Pulse|[source]\n|turn|1\n|\n|t:|1745991294\n|-terastallize|p1a: Koraidon|Fire\n|move|p2b: Raging Bolt|Protect|p2b: Raging Bolt\n|-singleturn|p2b: Raging Bolt|Protect\n|move|p2a: Flutter Mane|Icy Wind|p1a: Koraidon|[spread] p1b\n|-miss|p2a: Flutter Mane|p1a: Koraidon\n|-supereffective|p1b: Scyther\n|-damage|p1b: Scyther|78/100\n|-unboost|p1b: Scyther|spe|1\n|move|p1a: Koraidon|Heat Crash|p2a: Flutter Mane\n|-enditem|p2a: Flutter Mane|Focus Sash\n|-damage|p2a: Flutter Mane|1/100\n|-damage|p1a: Koraidon|91/100|[from] item: Life Orb\n|move|p1b: Scyther|Tailwind|p1b: Scyther\n|-sidestart|p1: Rege1|move: Tailwind\n|\n|-weather|SunnyDay|[upkeep]\n|upkeep\n|turn|2\n|inactive|Rege1 has 30 seconds left.\n|\n|t:|1745991322\n|-end|p2a: Flutter Mane|Protosynthesis|[silent]\n|switch|p2a: Miraidon|Miraidon, L50|100/100\n|-fieldstart|move: Electric Terrain|[from] ability: Hadron Engine|[of] p2a: Miraidon\n|move|p2b: Raging Bolt|Thunderclap|p1a: Koraidon\n|-damage|p1a: Koraidon|3/100\n|-damage|p2b: Raging Bolt|91/100|[from] item: Life Orb\n|move|p1a: Koraidon|Dragon Claw|p2b: Raging Bolt\n|-supereffective|p2b: Raging Bolt\n|-damage|p2b: Raging Bolt|0 fnt\n|faint|p2b: Raging Bolt\n|-end|p2b: Raging Bolt|Protosynthesis|[silent]\n|-damage|p1a: Koraidon|0 fnt|[from] item: Life Orb\n|faint|p1a: Koraidon\n|move|p1b: Scyther|Dual Wingbeat|p2a: Miraidon|[miss]\n|-miss|p1b: Scyther|p2a: Miraidon\n|\n|-weather|SunnyDay|[upkeep]\n|upkeep\n|\n|t:|1745991341\n|switch|p1a: Decidueye|Decidueye-Hisui, L50, F|100/100\n|switch|p2b: Flutter Mane|Flutter Mane, L50|1/100\n|-activate|p2b: Flutter Mane|ability: Protosynthesis\n|-start|p2b: Flutter Mane|protosynthesisspe\n|turn|3\n|\n|t:|1745991358\n|move|p2b: Flutter Mane|Icy Wind|p1a: Decidueye|[spread] p1a,p1b\n|-supereffective|p1a: Decidueye\n|-supereffective|p1b: Scyther\n|-damage|p1a: Decidueye|72/100\n|-damage|p1b: Scyther|52/100\n|-unboost|p1a: Decidueye|spe|1\n|-unboost|p1b: Scyther|spe|1\n|move|p2a: Miraidon|Dazzling Gleam|p1a: Decidueye|[spread] p1a,p1b\n|-supereffective|p1a: Decidueye\n|-damage|p1a: Decidueye|5/100\n|-damage|p1b: Scyther|25/100\n|-enditem|p1a: Decidueye|Sitrus Berry|[eat]\n|-heal|p1a: Decidueye|30/100|[from] item: Sitrus Berry\n|move|p1b: Scyther|Dual Wingbeat|p2b: Flutter Mane\n|-damage|p2b: Flutter Mane|0 fnt\n|faint|p2b: Flutter Mane\n|-end|p2b: Flutter Mane|Protosynthesis|[silent]\n|-hitcount|p2: Flutter Mane|1\n|move|p1a: Decidueye|Triple Arrows|p2a: Miraidon\n|-damage|p2a: Miraidon|68/100\n|\n|-weather|SunnyDay|[upkeep]\n|upkeep\n|\n|t:|1745991371\n|switch|p2b: Koraidon|Koraidon, L50|100/100\n|-activate|p2b: Koraidon|ability: Orichalcum Pulse\n|turn|4\n|\n|t:|1745991388\n|switch|p1a: Primarina|Primarina, L50, F|100/100\n|move|p2b: Koraidon|Flame Charge|p1a: Primarina\n|-resisted|p1a: Primarina\n|-damage|p1a: Primarina|80/100\n|-boost|p2b: Koraidon|spe|1\n|move|p2a: Miraidon|Dazzling Gleam|p1a: Primarina|[spread] p1a,p1b\n|-damage|p1a: Primarina|48/100\n|-damage|p1b: Scyther|0 fnt\n|faint|p1b: Scyther\n|\n|-weather|SunnyDay|[upkeep]\n|-sideend|p1: Rege1|move: Tailwind\n|upkeep\n|\n|t:|1745991399\n|switch|p1b: Decidueye|Decidueye-Hisui, L50, F|30/100\n|turn|5\n|\n|t:|1745991410\n|-terastallize|p2b: Koraidon|Fire\n|move|p2b: Koraidon|Flare Blitz|p1a: Primarina\n|-resisted|p1a: Primarina\n|-damage|p1a: Primarina|0 fnt\n|faint|p1a: Primarina\n|-damage|p2b: Koraidon|86/100|[from] Recoil\n|move|p2a: Miraidon|Dazzling Gleam|p1b: Decidueye\n|-supereffective|p1b: Decidueye\n|-damage|p1b: Decidueye|0 fnt\n|faint|p1b: Decidueye\n|\n|win|Pizzamemes123\n||Pizzamemes123 is ready for game 2.\n||Rege1 is ready for game 2.\n|uhtml|next|Next: <a href=\"/battle-gen9vgc2025regibo3-2353738055\"><strong>Game 2 of 3</strong></a>\n|l|\u2606Rege1\n|player|p1|\n|l|\u2606Pizzamemes123\n|player|p2|\n", "uploadtime": 1745991726, "views": 22, "formatid": "gen9vgc2025regibo3", "rating": null, "private": 0, "password": null}