{"id": "gen9vgc2025regibo3-2354753059", "format": "[Gen 9] VGC 2025 Reg I (Bo3)", "players": ["Eternatususususu", "Ronlogg"], "log": "|j|\u2606Eternatususususu\n|j|\u2606Ronlogg\n|html|<table width=\"100%\"><tr><td align=\"left\">Eternatususususu</td><td align=\"right\">Ronlogg</tr><tr><td align=\"left\"><i class=\"fa fa-circle-o\"></i> <i class=\"fa fa-circle-o\"></i> </td><td align=\"right\"><i class=\"fa fa-circle-o\"></i> <i class=\"fa fa-circle-o\"></i> </tr></table>\n|uhtml|bestof|<h2><strong>Game 1</strong> of <a href=\"/game-bestof3-gen9vgc2025regibo3-2354753058\">a best-of-3</a></h2>\n|t:|1746116728\n|gametype|doubles\n|player|p1|Eternatususususu|pokekid|1246\n|player|p2|Ronlogg|169|1185\n|teamsize|p1|6\n|teamsize|p2|6\n|gen|9\n|tier|[Gen 9] VGC 2025 Reg I (Bo3)\n|rated|\n|rule|Species Clause: Limit one of each Pok\u00e9mon\n|rule|Item Clause: Limit 1 of each item\n|clearpoke\n|poke|p1|Kyogre, L50|\n|poke|p1|Eternatus, L50|\n|poke|p1|Incineroar, L50, F|\n|poke|p1|Rillaboom, L50, M|\n|poke|p1|Urshifu-*, L50, F|\n|poke|p1|Iron Jugulis, L50|\n|poke|p2|Miraidon, L50|\n|poke|p2|Urshifu-*, L50, M|\n|poke|p2|Pelipper, L50, F|\n|poke|p2|Calyrex-Ice, L50|\n|poke|p2|Iron Hands, L50|\n|poke|p2|Ogerpon-Cornerstone, L50, F|\n|teampreview|4\n|showteam|p1|Kyogre||Leftovers|Drizzle|IceBeam,Protect,OriginPulse,CalmMind||||||50|,,,,,Grass]Eternatus||LifeOrb|Pressure|SludgeBomb,DynamaxCannon,Flamethrower,Protect||||||50|,,,,,Stellar]Incineroar||SafetyGoggles|Intimidate|FakeOut,KnockOff,WillOWisp,PartingShot|||F|||50|,,,,,Ghost]Rillaboom||AssaultVest|GrassySurge|FakeOut,WoodHammer,GrassyGlide,Uturn|||M|||50|,,,,,Fire]Urshifu-Rapid-Strike||ChoiceScarf|UnseenFist|CloseCombat,SurgingStrikes,AquaJet,Uturn|||F|||50|,,,,,Ghost]Iron Jugulis||BoosterEnergy|QuarkDrive|Tailwind,Hurricane,Protect,Snarl||||||50|,,,,,Water\n|showteam|p2|Miraidon||ChoiceSpecs|HadronEngine|ElectroDrift,DracoMeteor,DazzlingGleam,VoltSwitch||||||50|,,,,,Fairy]Urshifu-Rapid-Strike||ChoiceScarf|UnseenFist|SurgingStrikes,CloseCombat,Coaching,Uturn|||M|||50|,,,,,Ghost]Pelipper||FocusSash|Drizzle|Hurricane,WeatherBall,WideGuard,Tailwind|||F|||50|,,,,,Ghost]Calyrex-Ice||ClearAmulet|AsOneGlastrier|GlacialLance,HighHorsepower,TrickRoom,Protect||||||50|,,,,,Fire]Iron Hands||AssaultVest|QuarkDrive|DrainPunch,LowKick,WildCharge,FakeOut||||||50|,,,,,Water]Ogerpon-Cornerstone||CornerstoneMask|Sturdy|IvyCudgel,PowerWhip,FollowMe,SpikyShield|||F|||50|,,,,,Rock\n|\n|t:|1746116852\n|start\n|switch|p1a: Kyogre|Kyogre, L50|100/100\n|switch|p1b: Incineroar|Incineroar, L50, F|100/100\n|switch|p2a: Calyrex|Calyrex-Ice, L50|100/100\n|switch|p2b: Ogerpon|Ogerpon-Cornerstone, L50, F|100/100\n|-ability|p2a: Calyrex|As One\n|-ability|p2a: Calyrex|Unnerve\n|-weather|RainDance|[from] ability: Drizzle|[of] p1a: Kyogre\n|-ability|p1b: Incineroar|Intimidate|boost\n|-fail|p2a: Calyrex|unboost|[from] item: Clear Amulet|[of] p2a: Calyrex\n|-unboost|p2b: Ogerpon|atk|1\n|turn|1\n|\n|t:|1746116884\n|-terastallize|p1a: Kyogre|Grass\n|move|p2b: Ogerpon|Ivy Cudgel|p1b: Incineroar|[anim] Ivy Cudgel Rock\n|-supereffective|p1b: Incineroar\n|-damage|p1b: Incineroar|46/100\n|move|p1a: Kyogre|Calm Mind|p1a: Kyogre\n|-boost|p1a: Kyogre|spa|1\n|-boost|p1a: Kyogre|spd|1\n|move|p1b: Incineroar|Will-O-Wisp|p2a: Calyrex\n|-status|p2a: Calyrex|brn\n|move|p2a: Calyrex|Trick Room|p2a: Calyrex\n|-fieldstart|move: Trick Room|[of] p2a: Calyrex\n|\n|-weather|RainDance|[upkeep]\n|-damage|p2a: Calyrex|95/100 brn|[from] brn\n|upkeep\n|turn|2\n|\n|t:|1746116918\n|move|p2a: Calyrex|Glacial Lance|p1a: Kyogre|[spread] p1a,p1b\n|-supereffective|p1a: Kyogre\n|-resisted|p1b: Incineroar\n|-damage|p1a: Kyogre|47/100\n|-damage|p1b: Incineroar|34/100\n|move|p1b: Incineroar|Knock Off|p2a: Calyrex\n|-supereffective|p2a: Calyrex\n|-damage|p2a: Calyrex|48/100 brn\n|-enditem|p2a: Calyrex|Clear Amulet|[from] move: Knock Off|[of] p1b: Incineroar\n|move|p1a: Kyogre|Origin Pulse|p2b: Ogerpon|[spread] p2a\n|-miss|p1a: Kyogre|p2b: Ogerpon\n|-damage|p2a: Calyrex|0 fnt\n|faint|p2a: Calyrex\n|move|p2b: Ogerpon|Ivy Cudgel|p1b: Incineroar|[anim] Ivy Cudgel Rock\n|-supereffective|p1b: Incineroar\n|-damage|p1b: Incineroar|0 fnt\n|faint|p1b: Incineroar\n|\n|-weather|RainDance|[upkeep]\n|-heal|p1a: Kyogre|53/100|[from] item: Leftovers\n|upkeep\n|\n|t:|1746116935\n|switch|p2a: Iron Hands|Iron Hands, L50|100/100\n|switch|p1b: Eternatus|Eternatus, L50|100/100\n|-ability|p1b: Eternatus|Pressure\n|turn|3\n|\n|t:|1746116972\n|move|p1a: Kyogre|Protect|p1a: Kyogre\n|-singleturn|p1a: Kyogre|Protect\n|move|p1b: Eternatus|Protect|p1b: Eternatus\n|-singleturn|p1b: Eternatus|Protect\n|move|p2a: Iron Hands|Fake Out|p1b: Eternatus\n|-activate|p1b: Eternatus|move: Protect\n|move|p2b: Ogerpon|Ivy Cudgel|p1a: Kyogre|[anim] Ivy Cudgel Rock\n|-activate|p1a: Kyogre|move: Protect\n|\n|-weather|RainDance|[upkeep]\n|-heal|p1a: Kyogre|59/100|[from] item: Leftovers\n|upkeep\n|turn|4\n|\n|t:|1746116984\n|switch|p1b: Rillaboom|Rillaboom, L50, M|100/100\n|-fieldstart|move: Grassy Terrain|[from] ability: Grassy Surge|[of] p1b: Rillaboom\n|move|p2a: Iron Hands|Low Kick|p1a: Kyogre\n|-damage|p1a: Kyogre|0 fnt\n|faint|p1a: Kyogre\n|move|p2b: Ogerpon|Ivy Cudgel|p1b: Rillaboom|[anim] Ivy Cudgel Rock\n|-damage|p1b: Rillaboom|64/100\n|\n|-weather|RainDance|[upkeep]\n|-heal|p1b: Rillaboom|70/100|[from] Grassy Terrain\n|upkeep\n|\n|t:|1746116995\n|switch|p1a: Eternatus|Eternatus, L50|100/100\n|-ability|p1a: Eternatus|Pressure\n|turn|5\n|\n|t:|1746117039\n|move|p1b: Rillaboom|Fake Out|p2b: Ogerpon\n|-resisted|p2b: Ogerpon\n|-damage|p2b: Ogerpon|93/100\n|move|p2a: Iron Hands|Low Kick|p1a: Eternatus\n|-resisted|p1a: Eternatus\n|-damage|p1a: Eternatus|73/100\n|cant|p2b: Ogerpon|flinch\n|move|p1a: Eternatus|Dynamax Cannon|p2a: Iron Hands\n|-damage|p2a: Iron Hands|64/100\n|-damage|p1a: Eternatus|63/100|[from] item: Life Orb\n|\n|-weather|none\n|-heal|p2a: Iron Hands|70/100|[from] Grassy Terrain\n|-heal|p1b: Rillaboom|76/100|[from] Grassy Terrain\n|-heal|p2b: Ogerpon|99/100|[from] Grassy Terrain\n|-heal|p1a: Eternatus|69/100|[from] Grassy Terrain\n|-fieldend|move: Trick Room\n|upkeep\n|turn|6\n|\n|t:|1746117053\n|move|p1a: Eternatus|Dynamax Cannon|p2b: Ogerpon\n|-damage|p2b: Ogerpon|16/100\n|-damage|p1a: Eternatus|60/100|[from] item: Life Orb\n|move|p2b: Ogerpon|Ivy Cudgel|p1b: Rillaboom|[anim] Ivy Cudgel Rock\n|-damage|p1b: Rillaboom|39/100\n|move|p1b: Rillaboom|Wood Hammer|p2a: Iron Hands\n|-damage|p2a: Iron Hands|20/100\n|-damage|p1b: Rillaboom|19/100|[from] Recoil\n|move|p2a: Iron Hands|Drain Punch|p1b: Rillaboom\n|-damage|p1b: Rillaboom|0 fnt\n|-heal|p2a: Iron Hands|29/100|[from] drain|[of] p1b: Rillaboom\n|faint|p1b: Rillaboom\n|\n|-heal|p1a: Eternatus|66/100|[from] Grassy Terrain\n|-heal|p2b: Ogerpon|22/100|[from] Grassy Terrain\n|-heal|p2a: Iron Hands|35/100|[from] Grassy Terrain\n|upkeep\n|turn|7\n|-message|Eternatususususu forfeited.\n|\n|win|Ronlogg\n||Eternatususususu is ready for game 2.\n||Ronlogg is ready for game 2.\n|uhtml|next|Next: <a href=\"/battle-gen9vgc2025regibo3-2354757008\"><strong>Game 2 of 3</strong></a>\n", "uploadtime": 1746117421, "views": 5, "formatid": "gen9vgc2025regibo3", "rating": null, "private": 0, "password": null}