{"id": "gen9vgc2025regibo3-2353700888", "format": "[Gen 9] VGC 2025 Reg I (Bo3)", "players": ["Epiphany850", "carrotbeafsteak"], "log": "|j|\u2606Epiphany850\n|j|\u2606carrotbeafsteak\n|html|<table width=\"100%\"><tr><td align=\"left\">Epiphany850</td><td align=\"right\">carrotbeafsteak</tr><tr><td align=\"left\"><i class=\"fa fa-circle\"></i> <i class=\"fa fa-circle-o\"></i> </td><td align=\"right\"><i class=\"fa fa-circle-o\"></i> <i class=\"fa fa-circle-o\"></i> </tr></table>\n|uhtml|bestof|<h2><strong>Game 2</strong> of <a href=\"/game-bestof3-gen9vgc2025regibo3-2353699387\">a best-of-3</a></h2>\n|t:|1745985514\n|gametype|doubles\n|player|p1|Epiphany850|170|1115\n|player|p2|carrotbeafsteak|2|1184\n|teamsize|p1|6\n|teamsize|p2|6\n|gen|9\n|tier|[Gen 9] VGC 2025 Reg I (Bo3)\n|rated|\n|rule|Species Clause: Limit one of each Pok\u00e9mon\n|rule|Item Clause: Limit 1 of each item\n|clearpoke\n|poke|p1|Koraidon, L50|\n|poke|p1|Lunala, L50|\n|poke|p1|Raging Bolt, L50|\n|poke|p1|Chi-Yu, L50|\n|poke|p1|Tornadus, L50, M|\n|poke|p1|Brute Bonnet, L50|\n|poke|p2|Zamazenta-*, L50|\n|poke|p2|Miraidon, L50|\n|poke|p2|Bruxish, L50, M|\n|poke|p2|Farigiraf, L50, M|\n|poke|p2|Murkrow, L50, F|\n|poke|p2|Ursaluna, L50, M|\n|teampreview|4\n|showteam|p1|Koraidon||LifeOrb|OrichalcumPulse|FlareBlitz,FlameCharge,CloseCombat,Protect||||||50|,,,,,Fire]Lunala||PowerHerb|ShadowShield|MeteorBeam,WideGuard,MoongeistBeam,TrickRoom||||||50|,,,,,Fairy]Raging Bolt||AssaultVest|Protosynthesis|Thunderclap,Thunderbolt,DracoMeteor,Electroweb||||||50|,,,,,Fairy]Chi-Yu||ChoiceScarf|BeadsofRuin|Overheat,HeatWave,Snarl,DarkPulse||||||50|,,,,,Ghost]Tornadus||SafetyGoggles|Prankster|Tailwind,Taunt,Protect,BleakwindStorm|||M|||50|,,,,,Ghost]Brute Bonnet||CovertCloak|Protosynthesis|Spore,RagePowder,SeedBomb,SuckerPunch||||||50|,,,,,Water\n|showteam|p2|Zamazenta-Crowned||RustedShield|DauntlessShield|Protect,HeavySlam,BodyPress,WideGuard||||||50|,,,,,Ghost]Miraidon||ChoiceSpecs|HadronEngine|ElectroDrift,Discharge,VoltSwitch,DracoMeteor||||||50|,,,,,Electric]Bruxish||ChoiceScarf|Dazzling|WaveCrash,PsychicFangs,IcyWind,FlipTurn|||M|||50|,,,,,Ground]Farigiraf||ElectricSeed|ArmorTail|FoulPlay,Psychic,HelpingHand,TrickRoom|||M|||50|,,,,,Ground]Murkrow||FocusSash|Prankster|Tailwind,Haze,Torment,DarkPulse|||F|||50|,,,,,Ghost]Ursaluna||FlameOrb|Guts|Protect,Facade,HeadlongRush,EarthPower|||M|||50|,,,,,Normal\n|\n|t:|1745985542\n|start\n|switch|p1a: Koraidon|Koraidon, L50|100/100\n|switch|p1b: Brute Bonnet|Brute Bonnet, L50|100/100\n|switch|p2a: Bruxish|Bruxish, L50, M|100/100\n|switch|p2b: Miraidon|Miraidon, L50|100/100\n|-weather|SunnyDay|[from] ability: Orichalcum Pulse|[of] p1a: Koraidon\n|-activate|p1b: Brute Bonnet|ability: Protosynthesis\n|-start|p1b: Brute Bonnet|protosynthesisdef\n|-activate|p1a: Koraidon|Orichalcum Pulse|[source]\n|-fieldstart|move: Electric Terrain|[from] ability: Hadron Engine|[of] p2b: Miraidon\n|turn|1\n|\n|t:|1745985591\n|-terastallize|p2b: Miraidon|Electric\n|move|p1b: Brute Bonnet|Rage Powder|p1b: Brute Bonnet\n|-singleturn|p1b: Brute Bonnet|move: Rage Powder\n|move|p2a: Bruxish|Icy Wind|p1b: Brute Bonnet|[spread] p1a,p1b\n|-supereffective|p1a: Koraidon\n|-supereffective|p1b: Brute Bonnet\n|-damage|p1a: Koraidon|87/100\n|-damage|p1b: Brute Bonnet|89/100\n|-unboost|p1a: Koraidon|spe|1\n|move|p2b: Miraidon|Discharge|p1b: Brute Bonnet|[spread] p2a,p1a,p1b\n|-supereffective|p2a: Bruxish\n|-resisted|p1a: Koraidon\n|-resisted|p1b: Brute Bonnet\n|-damage|p2a: Bruxish|0 fnt\n|-damage|p1a: Koraidon|29/100\n|-damage|p1b: Brute Bonnet|42/100\n|faint|p2a: Bruxish\n|move|p1a: Koraidon|Close Combat|p2b: Miraidon\n|-damage|p2b: Miraidon|0 fnt\n|-unboost|p1a: Koraidon|def|1\n|-unboost|p1a: Koraidon|spd|1\n|faint|p2b: Miraidon\n|-damage|p1a: Koraidon|19/100|[from] item: Life Orb\n|\n|-weather|SunnyDay|[upkeep]\n|upkeep\n|\n|t:|1745985603\n|switch|p2b: Zamazenta|Zamazenta-Crowned, L50|100/100\n|switch|p2a: Murkrow|Murkrow, L50, F|100/100\n|-ability|p2b: Zamazenta|Dauntless Shield|boost\n|-boost|p2b: Zamazenta|def|1\n|turn|2\n|j| entei enthusiast\n|\n|t:|1745985687\n|move|p1b: Brute Bonnet|Rage Powder|p1b: Brute Bonnet\n|-singleturn|p1b: Brute Bonnet|move: Rage Powder\n|move|p2b: Zamazenta|Body Press|p1b: Brute Bonnet\n|-supereffective|p1b: Brute Bonnet\n|-damage|p1b: Brute Bonnet|0 fnt\n|faint|p1b: Brute Bonnet\n|-end|p1b: Brute Bonnet|Protosynthesis|[silent]\n|move|p2a: Murkrow|Dark Pulse|p1a: Koraidon\n|-resisted|p1a: Koraidon\n|-damage|p1a: Koraidon|0 fnt\n|faint|p1a: Koraidon\n|\n|-weather|SunnyDay|[upkeep]\n|upkeep\n|\n|t:|1745985697\n|switch|p1a: Chi-Yu|Chi-Yu, L50|100/100\n|switch|p1b: Raging Bolt|Raging Bolt, L50|100/100\n|-ability|p1a: Chi-Yu|Beads of Ruin\n|-activate|p1b: Raging Bolt|ability: Protosynthesis\n|-start|p1b: Raging Bolt|protosynthesisspa\n|turn|3\n|\n|t:|1745985743\n|move|p2b: Zamazenta|Protect|p2b: Zamazenta\n|-singleturn|p2b: Zamazenta|Protect\n|move|p2a: Murkrow|Tailwind|p2a: Murkrow\n|-sidestart|p2: carrotbeafsteak|move: Tailwind\n|move|p1a: Chi-Yu|Overheat|p2b: Zamazenta\n|-activate|p2b: Zamazenta|move: Protect\n|move|p1b: Raging Bolt|Electroweb|p2b: Zamazenta|[spread] p2a\n|-activate|p2b: Zamazenta|move: Protect\n|-supereffective|p2a: Murkrow\n|-enditem|p2a: Murkrow|Focus Sash\n|-damage|p2a: Murkrow|1/100\n|-unboost|p2a: Murkrow|spe|1\n|\n|-weather|SunnyDay|[upkeep]\n|upkeep\n|turn|4\n|\n|t:|1745985781\n|-terastallize|p1a: Chi-Yu|Ghost\n|move|p2a: Murkrow|Torment|p1b: Raging Bolt\n|-start|p1b: Raging Bolt|Torment\n|move|p1b: Raging Bolt|Thunderclap||[still]\n|-fail|p1b: Raging Bolt\n|move|p2b: Zamazenta|Heavy Slam|p1a: Chi-Yu\n|-damage|p1a: Chi-Yu|22/100\n|move|p1a: Chi-Yu|Overheat|p2b: Zamazenta\n|-supereffective|p2b: Zamazenta\n|-damage|p2b: Zamazenta|0 fnt\n|-unboost|p1a: Chi-Yu|spa|2\n|faint|p2b: Zamazenta\n|\n|-weather|SunnyDay|[upkeep]\n|upkeep\n|turn|5\n|-message|carrotbeafsteak forfeited.\n|\n|win|Epiphany850\n|raw|Epiphany850's rating: 1115 &rarr; <strong>1145</strong><br />(+30 for winning)\n|raw|carrotbeafsteak's rating: 1184 &rarr; <strong>1154</strong><br />(-30 for losing)\n|l|\u2606carrotbeafsteak\n|player|p2|\n|l| entei enthusiast\n|l|\u2606Epiphany850\n|player|p1|\n", "uploadtime": 1745986165, "views": 6, "formatid": "gen9vgc2025regibo3", "rating": 1145, "private": 0, "password": null}