{"id": "gen9vgc2025regibo3-2353533564", "format": "[Gen 9] VGC 2025 Reg I (Bo3)", "players": ["aruberga", "ariel0203"], "log": "|j|\u2606aruberga\n|j|\u2606ariel0203\n|html|<table width=\"100%\"><tr><td align=\"left\">aruberga</td><td align=\"right\">ariel0203</tr><tr><td align=\"left\"><i class=\"fa fa-circle-o\"></i> <i class=\"fa fa-circle-o\"></i> </td><td align=\"right\"><i class=\"fa fa-circle-o\"></i> <i class=\"fa fa-circle-o\"></i> </tr></table>\n|uhtml|bestof|<h2><strong>Game 1</strong> of <a href=\"/game-bestof3-gen9vgc2025regibo3-2353533563\">a best-of-3</a></h2>\n|t:|1745965358\n|gametype|doubles\n|player|p1|aruberga|swimmerf-gen4|1194\n|player|p2|ariel0203|flannery|1152\n|teamsize|p1|6\n|teamsize|p2|6\n|gen|9\n|tier|[Gen 9] VGC 2025 Reg I (Bo3)\n|rated|\n|rule|Species Clause: Limit one of each Pok\u00e9mon\n|rule|Item Clause: Limit 1 of each item\n|clearpoke\n|poke|p1|Terapagos, L50, M|\n|poke|p1|Calyrex-Shadow, L50|\n|poke|p1|Incineroar, L50, M|\n|poke|p1|Rillaboom, L50, M|\n|poke|p1|Urshifu-*, L50, F|\n|poke|p1|Amoonguss, L50, M|\n|poke|p2|Palkia-Origin, L50|\n|poke|p2|Calyrex-Ice, L50|\n|poke|p2|Iron Hands, L50|\n|poke|p2|Indeedee-F, L50, F|\n|poke|p2|Sinistcha-Masterpiece, L50|\n|poke|p2|Torkoal, L50, F|\n|teampreview|4\n|showteam|p1|Terapagos||Leftovers|TeraShift|TeraStarstorm,EarthPower,CalmMind,Protect|||M|||50|,,,,,Stellar]Calyrex-Shadow||FocusSash|AsOneSpectrier|AstralBarrage,WillOWisp,Disable,Protect||||||50|,,,,,Stellar]Incineroar||SafetyGoggles|Intimidate|FakeOut,KnockOff,PartingShot,FlareBlitz|||M|||50|,,,,,Ghost]Rillaboom||AssaultVest|GrassySurge|FakeOut,WoodHammer,GrassyGlide,Uturn|||M|||50|,,,,,Fire]Urshifu-Rapid-Strike||ChoiceScarf|UnseenFist|SurgingStrikes,CloseCombat,AquaJet,Uturn|||F|||50|,,,,,Water]Amoonguss||RockyHelmet|Regenerator|Spore,RagePowder,SludgeBomb,Protect|||M|||50|,,,,,Grass\n|showteam|p2|Palkia-Origin||LustrousGlobe|Telepathy|TrickRoom,SpacialRend,ChillingWater,Protect||||||50|,,,,,Fire]Calyrex-Ice||LifeOrb|AsOneGlastrier|Protect,CloseCombat,GlacialLance,ThroatChop||||||50|,,,,,Water]Iron Hands||AssaultVest|QuarkDrive|FakeOut,LowKick,SupercellSlam,HeavySlam||||||50|,,,,,Flying]Indeedee-F||PsychicSeed|PsychicSurge|TrickRoom,FollowMe,HelpingHand,DrainingKiss|||F|||50|,,,,,Fairy]Sinistcha-Masterpiece||FocusSash|Hospitality|MatchaGotcha,CalmMind,Protect,ShadowBall||||||50|,,,,,Dragon]Torkoal||EjectButton|Drought|Overheat,Eruption,Protect,SolarBeam|||F|||50|,,,,,Fire\n|inactive|Battle timer is ON: inactive players will automatically lose when time's up. (requested by aruberga)\n|inactive|aruberga has 60 seconds left.\n|inactive|ariel0203 has 60 seconds left.\n|\n|t:|1745965415\n|start\n|switch|p1a: Amoonguss|Amoonguss, L50, M|100/100\n|switch|p1b: Incineroar|Incineroar, L50, M|100/100\n|switch|p2a: Indeedee|Indeedee-F, L50, F, shiny|100/100\n|switch|p2b: Calyrex|Calyrex-Ice, L50|100/100\n|-ability|p2b: Calyrex|As One\n|-ability|p2b: Calyrex|Unnerve\n|-fieldstart|move: Psychic Terrain|[from] ability: Psychic Surge|[of] p2a: Indeedee\n|-enditem|p2a: Indeedee|Psychic Seed\n|-boost|p2a: Indeedee|spd|1|[from] item: Psychic Seed\n|-ability|p1b: Incineroar|Intimidate|boost\n|-unboost|p2a: Indeedee|atk|1\n|-unboost|p2b: Calyrex|atk|1\n|turn|1\n|\n|t:|1745965430\n|switch|p1a: Rillaboom|Rillaboom, L50, M|100/100\n|-fieldstart|move: Grassy Terrain|[from] ability: Grassy Surge|[of] p1a: Rillaboom\n|move|p1b: Incineroar|Fake Out|p2b: Calyrex\n|-damage|p2b: Calyrex|93/100\n|cant|p2b: Calyrex|flinch\n|move|p2a: Indeedee|Trick Room|p2a: Indeedee\n|-fieldstart|move: Trick Room|[of] p2a: Indeedee\n|\n|-heal|p2b: Calyrex|99/100|[from] Grassy Terrain\n|upkeep\n|turn|2\n|\n|t:|1745965449\n|switch|p2a: Palkia|Palkia-Origin, L50, shiny|100/100\n|-terastallize|p1a: Rillaboom|Fire\n|move|p2b: Calyrex|Protect|p2b: Calyrex\n|-singleturn|p2b: Calyrex|Protect\n|move|p1b: Incineroar|Knock Off|p2b: Calyrex\n|-activate|p2b: Calyrex|move: Protect\n|move|p1a: Rillaboom|Wood Hammer|p2b: Calyrex\n|-activate|p2b: Calyrex|move: Protect\n|\n|-heal|p2b: Calyrex|100/100|[from] Grassy Terrain\n|upkeep\n|turn|3\n|\n|t:|1745965468\n|move|p2b: Calyrex|Close Combat|p1b: Incineroar\n|-supereffective|p1b: Incineroar\n|-damage|p1b: Incineroar|13/100\n|-unboost|p2b: Calyrex|def|1\n|-unboost|p2b: Calyrex|spd|1\n|-damage|p2b: Calyrex|91/100|[from] item: Life Orb\n|move|p1b: Incineroar|Knock Off|p2b: Calyrex\n|-supereffective|p2b: Calyrex\n|-damage|p2b: Calyrex|9/100\n|-enditem|p2b: Calyrex|Life Orb|[from] move: Knock Off|[of] p1b: Incineroar\n|move|p1a: Rillaboom|U-turn|p2b: Calyrex\n|-supereffective|p2b: Calyrex\n|-damage|p2b: Calyrex|0 fnt\n|faint|p2b: Calyrex\n|\n|t:|1745965480\n|switch|p1a: Amoonguss|Amoonguss, L50, M|100/100|[from] U-turn\n|move|p2a: Palkia|Chilling Water|p1a: Amoonguss\n|-resisted|p1a: Amoonguss\n|-damage|p1a: Amoonguss|88/100\n|-unboost|p1a: Amoonguss|atk|1\n|\n|-heal|p1a: Amoonguss|94/100|[from] Grassy Terrain\n|-heal|p1b: Incineroar|19/100|[from] Grassy Terrain\n|upkeep\n|\n|t:|1745965482\n|switch|p2b: Sinistcha|Sinistcha-Masterpiece, L50, shiny|100/100\n|turn|4\n|\n|t:|1745965507\n|move|p2b: Sinistcha|Protect|p2b: Sinistcha\n|-singleturn|p2b: Sinistcha|Protect\n|move|p1a: Amoonguss|Spore|p2a: Palkia\n|-status|p2a: Palkia|slp|[from] move: Spore\n|move|p1b: Incineroar|Knock Off|p2a: Palkia\n|-damage|p2a: Palkia|73/100 slp\n|cant|p2a: Palkia|slp\n|\n|-heal|p1a: Amoonguss|99/100|[from] Grassy Terrain\n|-heal|p1b: Incineroar|25/100|[from] Grassy Terrain\n|-heal|p2a: Palkia|79/100 slp|[from] Grassy Terrain\n|upkeep\n|turn|5\n|\n|t:|1745965525\n|move|p1a: Amoonguss|Sludge Bomb|p2b: Sinistcha\n|-damage|p2b: Sinistcha|71/100\n|move|p1b: Incineroar|Knock Off|p2b: Sinistcha\n|-supereffective|p2b: Sinistcha\n|-damage|p2b: Sinistcha|0 fnt\n|-enditem|p2b: Sinistcha|Focus Sash|[from] move: Knock Off|[of] p1b: Incineroar\n|faint|p2b: Sinistcha\n|cant|p2a: Palkia|slp\n|\n|-heal|p1a: Amoonguss|100/100|[from] Grassy Terrain\n|-heal|p1b: Incineroar|30/100|[from] Grassy Terrain\n|-heal|p2a: Palkia|85/100 slp|[from] Grassy Terrain\n|-fieldend|move: Trick Room\n|-fieldend|move: Grassy Terrain\n|upkeep\n|\n|t:|1745965530\n|switch|p2b: Indeedee|Indeedee-F, L50, F, shiny|100/100\n|-fieldstart|move: Psychic Terrain|[from] ability: Psychic Surge|[of] p2b: Indeedee\n|turn|6\n|\n|t:|1745965546\n|cant|p2a: Palkia|slp\n|move|p2b: Indeedee|Draining Kiss|p1b: Incineroar\n|-damage|p1b: Incineroar|20/100\n|move|p1b: Incineroar|Parting Shot|p2b: Indeedee\n|-unboost|p2b: Indeedee|atk|1\n|-unboost|p2b: Indeedee|spa|1\n|\n|t:|1745965552\n|switch|p1b: Rillaboom|Rillaboom, L50, M, tera:Fire|100/100|[from] Parting Shot\n|-fieldstart|move: Grassy Terrain|[from] ability: Grassy Surge|[of] p1b: Rillaboom\n|move|p1a: Amoonguss|Spore|p2b: Indeedee\n|-status|p2b: Indeedee|slp|[from] move: Spore\n|\n|-heal|p2a: Palkia|91/100 slp|[from] Grassy Terrain\n|upkeep\n|turn|7\n|-message|ariel0203 forfeited.\n|\n|win|aruberga\n|l|\u2606ariel0203\n|player|p2|\n||ariel0203 is ready for game 2.\n||aruberga is ready for game 2.\n|uhtml|next|Next: <a href=\"/battle-gen9vgc2025regibo3-2353535416\"><strong>Game 2 of 3</strong></a>\n|l|\u2606aruberga\n|player|p1|\n", "uploadtime": 1745965876, "views": 6, "formatid": "gen9vgc2025regibo3", "rating": null, "private": 0, "password": null}