{"id": "gen9vgc2025regibo3-2353705504", "format": "[Gen 9] VGC 2025 Reg I (Bo3)", "players": ["lettitripppp", "Pzdns99"], "log": "|j|\u2606lettitripppp\n|j|\u2606Pzdns99\n|html|<table width=\"100%\"><tr><td align=\"left\">lettitripppp</td><td align=\"right\">Pzdns99</tr><tr><td align=\"left\"><i class=\"fa fa-circle\"></i> <i class=\"fa fa-circle-o\"></i> </td><td align=\"right\"><i class=\"fa fa-circle-o\"></i> <i class=\"fa fa-circle-o\"></i> </tr></table>\n|uhtml|bestof|<h2><strong>Game 2</strong> of <a href=\"/game-bestof3-gen9vgc2025regibo3-2353703550\">a best-of-3</a></h2>\n|t:|1745986179\n|gametype|doubles\n|player|p1|lettitripppp|lucas|1151\n|player|p2|Pzdns99|grimsley|1178\n|teamsize|p1|6\n|teamsize|p2|6\n|gen|9\n|tier|[Gen 9] VGC 2025 Reg I (Bo3)\n|rated|\n|rule|Species Clause: Limit one of each Pok\u00e9mon\n|rule|Item Clause: Limit 1 of each item\n|clearpoke\n|poke|p1|Calyrex-Ice, L50|\n|poke|p1|Miraidon, L50|\n|poke|p1|Grimmsnarl, L50, M|\n|poke|p1|Iron Treads, L50|\n|poke|p1|Ogerpon-Hearthflame, L50, F|\n|poke|p1|Urshifu-*, L50, F|\n|poke|p2|Rillaboom, L50, M|\n|poke|p2|Calyrex-Shadow, L50|\n|poke|p2|Koraidon, L50|\n|poke|p2|Raging Bolt, L50|\n|poke|p2|Chi-Yu, L50|\n|poke|p2|Flutter Mane, L50|\n|teampreview|4\n|showteam|p1|Calyrex-Ice||ClearAmulet|AsOneGlastrier|HighHorsepower,GlacialLance,TrickRoom,Protect||||||50|,,,,,Fire]Miraidon||ChoiceSpecs|HadronEngine|DazzlingGleam,DracoMeteor,ElectroDrift,VoltSwitch||||||50|,,,,,Fairy]Grimmsnarl||LightClay|Prankster|ThunderWave,LightScreen,SpiritBreak,Reflect|||M|||50|,,,,,Ghost]Iron Treads||ChoiceBand|QuarkDrive|HighHorsepower,SteelRoller,IronHead,RockSlide||||||50|,,,,,Ghost]Ogerpon-Hearthflame||HearthflameMask|MoldBreaker|HornLeech,IvyCudgel,FollowMe,SpikyShield|||F|||50|,,,,,Fire]Urshifu-Rapid-Strike||FocusSash|UnseenFist|SurgingStrikes,CloseCombat,Taunt,Detect|||F|||50|,,,,,Water\n|showteam|p2|Rillaboom||AssaultVest|GrassySurge|Uturn,WoodHammer,GrassyGlide,FakeOut|||M|||50|,,,,,Fire]Calyrex-Shadow||GrassySeed|AsOneSpectrier|AstralBarrage,NastyPlot,Protect,PollenPuff||||||50|,,,,,Ghost]Koraidon||LoadedDice|OrichalcumPulse|ScaleShot,CollisionCourse,FlareBlitz,Protect||||||50|,,,,,Fire]Raging Bolt||BoosterEnergy|Protosynthesis|Thunderclap,Thunderbolt,DracoMeteor,Protect||||||50|,,,,,Electric]Chi-Yu||CovertCloak|BeadsofRuin|Flamethrower,Snarl,FlameCharge,Taunt||||||50|,,,,,Water]Flutter Mane||FocusSash|Protosynthesis|IcyWind,Moonblast,Protect,ShadowBall||||||50|,,,,,Normal\n|\n|t:|1745986221\n|start\n|switch|p1a: Calyrex|Calyrex-Ice, L50|100/100\n|switch|p1b: Ogerpon|Ogerpon-Hearthflame, L50, F|100/100\n|switch|p2a: Koraidon|Koraidon, L50|100/100\n|switch|p2b: Flutter Mane|Flutter Mane, L50|100/100\n|-ability|p1a: Calyrex|As One\n|-ability|p1a: Calyrex|Unnerve\n|-weather|SunnyDay|[from] ability: Orichalcum Pulse|[of] p2a: Koraidon\n|-activate|p2b: Flutter Mane|ability: Protosynthesis\n|-start|p2b: Flutter Mane|protosynthesisspe\n|-activate|p2a: Koraidon|Orichalcum Pulse|[source]\n|-ability|p1b: Ogerpon|Mold Breaker\n|turn|1\n|inactive|Battle timer is ON: inactive players will automatically lose when time's up. (requested by Pzdns99)\n|\n|t:|1745986246\n|-terastallize|p2a: Koraidon|Fire\n|move|p1b: Ogerpon|Follow Me|p1b: Ogerpon\n|-singleturn|p1b: Ogerpon|move: Follow Me\n|move|p2b: Flutter Mane|Shadow Ball|p1b: Ogerpon\n|-damage|p1b: Ogerpon|53/100\n|move|p2a: Koraidon|Collision Course|p1b: Ogerpon\n|-damage|p1b: Ogerpon|0 fnt\n|faint|p1b: Ogerpon\n|move|p1a: Calyrex|Trick Room|p1a: Calyrex\n|-fieldstart|move: Trick Room|[of] p1a: Calyrex\n|\n|-weather|SunnyDay|[upkeep]\n|upkeep\n|\n|t:|1745986258\n|switch|p1b: Miraidon|Miraidon, L50|100/100\n|-fieldstart|move: Electric Terrain|[from] ability: Hadron Engine|[of] p1b: Miraidon\n|turn|2\n|\n|t:|1745986275\n|-terastallize|p1b: Miraidon|Fairy\n|move|p2b: Flutter Mane|Protect|p2b: Flutter Mane\n|-singleturn|p2b: Flutter Mane|Protect\n|move|p1a: Calyrex|Glacial Lance|p2b: Flutter Mane|[spread] p2a\n|-activate|p2b: Flutter Mane|move: Protect\n|-resisted|p2a: Koraidon\n|-damage|p2a: Koraidon|76/100\n|move|p2a: Koraidon|Scale Shot|p1b: Miraidon\n|-immune|p1b: Miraidon\n|move|p1b: Miraidon|Volt Switch|p2a: Koraidon\n|-damage|p2a: Koraidon|0 fnt\n|faint|p2a: Koraidon\n|\n|t:|1745986288\n|switch|p1b: Grimmsnarl|Grimmsnarl, L50, M|100/100|[from] Volt Switch\n|\n|-weather|SunnyDay|[upkeep]\n|upkeep\n|\n|t:|1745986292\n|switch|p2a: Calyrex|Calyrex-Shadow, L50|100/100\n|-ability|p2a: Calyrex|As One\n|-ability|p2a: Calyrex|Unnerve\n|turn|3\n|\n|t:|1745986306\n|-end|p2b: Flutter Mane|Protosynthesis|[silent]\n|switch|p2b: Rillaboom|Rillaboom, L50, M|100/100\n|-fieldstart|move: Grassy Terrain|[from] ability: Grassy Surge|[of] p2b: Rillaboom\n|-enditem|p2a: Calyrex|Grassy Seed\n|-boost|p2a: Calyrex|def|1|[from] item: Grassy Seed\n|move|p1a: Calyrex|Protect|p1a: Calyrex\n|-singleturn|p1a: Calyrex|Protect\n|move|p1b: Grimmsnarl|Light Screen|p1b: Grimmsnarl\n|-sidestart|p1: lettitripppp|move: Light Screen\n|move|p2a: Calyrex|Astral Barrage|p1b: Grimmsnarl|[spread] p1b\n|-activate|p1a: Calyrex|move: Protect\n|-resisted|p1b: Grimmsnarl\n|-damage|p1b: Grimmsnarl|84/100\n|\n|-weather|SunnyDay|[upkeep]\n|-heal|p1b: Grimmsnarl|90/100|[from] Grassy Terrain\n|upkeep\n|turn|4\n|inactive|Pzdns99 has 30 seconds left.\n|\n|t:|1745986331\n|move|p2b: Rillaboom|Fake Out|p1a: Calyrex\n|-damage|p1a: Calyrex|92/100\n|move|p1b: Grimmsnarl|Reflect|p1b: Grimmsnarl\n|-sidestart|p1: lettitripppp|Reflect\n|cant|p1a: Calyrex|flinch\n|move|p2a: Calyrex|Nasty Plot|p2a: Calyrex\n|-boost|p2a: Calyrex|spa|2\n|\n|-weather|SunnyDay|[upkeep]\n|-heal|p1a: Calyrex|98/100|[from] Grassy Terrain\n|-heal|p1b: Grimmsnarl|96/100|[from] Grassy Terrain\n|upkeep\n|turn|5\n|\n|t:|1745986351\n|move|p2b: Rillaboom|Grassy Glide|p1a: Calyrex\n|-damage|p1a: Calyrex|84/100\n|move|p1a: Calyrex|Glacial Lance|p2a: Calyrex|[spread] p2a,p2b\n|-supereffective|p2b: Rillaboom\n|-damage|p2a: Calyrex|59/100\n|-damage|p2b: Rillaboom|0 fnt\n|faint|p2b: Rillaboom\n|-ability|p1a: Calyrex|Chilling Neigh|boost\n|-boost|p1a: Calyrex|atk|1\n|move|p1b: Grimmsnarl|Spirit Break|p2a: Calyrex\n|-damage|p2a: Calyrex|39/100\n|-unboost|p2a: Calyrex|spa|1\n|move|p2a: Calyrex|Astral Barrage|p1a: Calyrex|[spread] p1a,p1b\n|-supereffective|p1a: Calyrex\n|-resisted|p1b: Grimmsnarl\n|-damage|p1a: Calyrex|25/100\n|-damage|p1b: Grimmsnarl|73/100\n|\n|-weather|none\n|-heal|p1a: Calyrex|31/100|[from] Grassy Terrain\n|-heal|p1b: Grimmsnarl|79/100|[from] Grassy Terrain\n|-heal|p2a: Calyrex|45/100|[from] Grassy Terrain\n|-fieldend|move: Trick Room\n|upkeep\n|\n|t:|1745986356\n|switch|p2b: Flutter Mane|Flutter Mane, L50|100/100\n|turn|6\n|\n|t:|1745986375\n|move|p1a: Calyrex|Protect|p1a: Calyrex\n|-singleturn|p1a: Calyrex|Protect\n|move|p1b: Grimmsnarl|Thunder Wave|p2a: Calyrex\n|-status|p2a: Calyrex|par\n|move|p2b: Flutter Mane|Moonblast|p1b: Grimmsnarl\n|-supereffective|p1b: Grimmsnarl\n|-damage|p1b: Grimmsnarl|19/100\n|-unboost|p1b: Grimmsnarl|spa|1\n|cant|p2a: Calyrex|par\n|\n|-heal|p2a: Calyrex|51/100 par|[from] Grassy Terrain\n|-heal|p1b: Grimmsnarl|25/100|[from] Grassy Terrain\n|-heal|p1a: Calyrex|37/100|[from] Grassy Terrain\n|upkeep\n|turn|7\n|\n|t:|1745986389\n|move|p2b: Flutter Mane|Protect|p2b: Flutter Mane\n|-singleturn|p2b: Flutter Mane|Protect\n|move|p1a: Calyrex|Protect|p1a: Calyrex\n|-singleturn|p1a: Calyrex|Protect\n|move|p1b: Grimmsnarl|Thunder Wave|p2b: Flutter Mane\n|-activate|p2b: Flutter Mane|move: Protect\n|move|p2a: Calyrex|Astral Barrage|p1b: Grimmsnarl|[spread] p1b\n|-activate|p1a: Calyrex|move: Protect\n|-resisted|p1b: Grimmsnarl\n|-damage|p1b: Grimmsnarl|0 fnt\n|faint|p1b: Grimmsnarl\n|-ability|p2a: Calyrex|Grim Neigh|boost\n|-boost|p2a: Calyrex|spa|1\n|\n|-heal|p2a: Calyrex|57/100 par|[from] Grassy Terrain\n|-heal|p1a: Calyrex|43/100|[from] Grassy Terrain\n|-fieldend|move: Grassy Terrain\n|upkeep\n|\n|t:|1745986399\n|switch|p1b: Miraidon|Miraidon, L50, tera:Fairy|100/100\n|-fieldstart|move: Electric Terrain|[from] ability: Hadron Engine|[of] p1b: Miraidon\n|turn|8\n|\n|t:|1745986419\n|move|p2a: Calyrex|Protect|p2a: Calyrex\n|-singleturn|p2a: Calyrex|Protect\n|move|p2b: Flutter Mane|Shadow Ball|p1a: Calyrex\n|-supereffective|p1a: Calyrex\n|-damage|p1a: Calyrex|5/100\n|move|p1b: Miraidon|Electro Drift|p2a: Calyrex\n|-activate|p2a: Calyrex|move: Protect\n|move|p1a: Calyrex|Glacial Lance|p2a: Calyrex|[spread] p2b\n|-activate|p2a: Calyrex|move: Protect\n|-enditem|p2b: Flutter Mane|Focus Sash\n|-damage|p2b: Flutter Mane|1/100\n|\n|upkeep\n|turn|9\n|\n|t:|1745986437\n|move|p2b: Flutter Mane|Moonblast|p1b: Miraidon\n|-damage|p1b: Miraidon|70/100\n|move|p1b: Miraidon|Electro Drift|p2a: Calyrex\n|-damage|p2a: Calyrex|0 fnt\n|faint|p2a: Calyrex\n|move|p1a: Calyrex|Glacial Lance|p2b: Flutter Mane\n|-damage|p2b: Flutter Mane|0 fnt\n|faint|p2b: Flutter Mane\n|-end|p2b: Flutter Mane|Protosynthesis|[silent]\n|\n|win|lettitripppp\n|raw|lettitripppp's rating: 1151 &rarr; <strong>1178</strong><br />(+27 for winning)\n|raw|Pzdns99's rating: 1178 &rarr; <strong>1151</strong><br />(-27 for losing)\n|l|\u2606Pzdns99\n|player|p2|\n", "uploadtime": 1745986445, "views": 6, "formatid": "gen9vgc2025regibo3", "rating": 1151, "private": 0, "password": null}