{"id": "gen9vgc2025regibo3-2353948374", "format": "[Gen 9] VGC 2025 Reg I (Bo3)", "players": ["lebobguy", "PEKORA999"], "log": "|j|\u2606lebobguy\n|j|\u2606PEKORA999\n|html|<table width=\"100%\"><tr><td align=\"left\">lebobguy</td><td align=\"right\">PEKORA999</tr><tr><td align=\"left\"><i class=\"fa fa-circle-o\"></i> <i class=\"fa fa-circle-o\"></i> </td><td align=\"right\"><i class=\"fa fa-circle-o\"></i> <i class=\"fa fa-circle-o\"></i> </tr></table>\n|uhtml|bestof|<h2><strong>Game 1</strong> of <a href=\"/game-bestof3-gen9vgc2025regibo3-2353948373\">a best-of-3</a></h2>\n|t:|1746021725\n|gametype|doubles\n|player|p1|lebobguy|clown|1251\n|player|p2|PEKORA999|265|1353\n|teamsize|p1|6\n|teamsize|p2|6\n|gen|9\n|tier|[Gen 9] VGC 2025 Reg I (Bo3)\n|rated|\n|rule|Species Clause: Limit one of each Pok\u00e9mon\n|rule|Item Clause: Limit 1 of each item\n|clearpoke\n|poke|p1|Miraidon, L50|\n|poke|p1|Tornadus, L50, M|\n|poke|p1|Urshifu-*, L50, F|\n|poke|p1|Kyogre, L50|\n|poke|p1|Archaludon, L50, F|\n|poke|p1|Zoroark-Hisui, L50, F|\n|poke|p2|Zamazenta-*, L50|\n|poke|p2|Calyrex-Shadow, L50|\n|poke|p2|Raging Bolt, L50|\n|poke|p2|Amoonguss, L50, M|\n|poke|p2|Tornadus, L50, M|\n|poke|p2|Chi-Yu, L50|\n|teampreview|4\n|showteam|p1|Miraidon||ChoiceSpecs|HadronEngine|ElectroDrift,DazzlingGleam,VoltSwitch,DracoMeteor||||||50|,,,,,Fairy]Tornadus||CovertCloak|Prankster|Tailwind,Taunt,BleakwindStorm,Protect|||M|||50|,,,,,Dark]Urshifu-Rapid-Strike||MysticWater|UnseenFist|AquaJet,SurgingStrikes,LowKick,Detect|||F|||50|,,,,,Grass]Kyogre||LifeOrb|Drizzle|OriginPulse,IceBeam,MuddyWater,Protect||||||50|,,,,,Grass]Archaludon||AssaultVest|Stamina|ElectroShot,DracoMeteor,BodyPress,FlashCannon|||F|||50|,,,,,Ghost]Zoroark-Hisui||ExpertBelt|Illusion|BitterMalice,DarkPulse,Uturn,Detect|||F|||50|,,,,,Fairy\n|showteam|p2|Zamazenta-Crowned||RustedShield|DauntlessShield|Protect,BodyPress,HeavySlam,WideGuard||||||50|,,,,,Dragon]Calyrex-Shadow||FocusSash|AsOneSpectrier|AstralBarrage,Psychic,Encore,Protect||||||50|,,,,,Ghost]Raging Bolt||AssaultVest|Protosynthesis|Electroweb,VoltSwitch,DracoMeteor,Thunderclap||||||50|,,,,,Electric]Amoonguss||RockyHelmet|Regenerator|Spore,RagePowder,PollenPuff,Protect|||M|||50|,,,,,Water]Tornadus||CovertCloak|Prankster|BleakwindStorm,Tailwind,SunnyDay,RainDance|||M|||50|,,,,,Dark]Chi-Yu||ChoiceScarf|BeadsofRuin|Overheat,HeatWave,DarkPulse,Snarl||||||50|,,,,,Ghost\n|c|\u2606lebobguy|glhf :)\n|inactive|Battle timer is ON: inactive players will automatically lose when time's up. (requested by lebobguy)\n|inactive|PEKORA999 has 60 seconds left.\n|inactive|PEKORA999 has 30 seconds left.\n|\n|t:|1746021811\n|start\n|switch|p1a: Tornadus|Tornadus, L50, M|100/100\n|switch|p1b: Archaludon|Archaludon, L50, F|100/100\n|switch|p2a: Raging Bolt|Raging Bolt, L50|100/100\n|switch|p2b: Amoonguss|Amoonguss, L50, M|100/100\n|turn|1\n|\n|t:|1746021829\n|-terastallize|p2a: Raging Bolt|Electric\n|move|p2b: Amoonguss|Protect|p2b: Amoonguss\n|-singleturn|p2b: Amoonguss|Protect\n|move|p1a: Tornadus|Tailwind|p1a: Tornadus\n|-sidestart|p1: lebobguy|move: Tailwind\n|move|p1b: Archaludon|U-turn|p2b: Amoonguss\n|-activate|p2b: Amoonguss|move: Protect\n|move|p2a: Raging Bolt|Volt Switch|p1a: Tornadus\n|-supereffective|p1a: Tornadus\n|-damage|p1a: Tornadus|6/100\n|\n|t:|1746021843\n|-end|p2a: Raging Bolt|Protosynthesis|[silent]\n|switch|p2a: Tornadus|Tornadus, L50, M|100/100|[from] Volt Switch\n|\n|upkeep\n|turn|2\n|\n|t:|1746021852\n|switch|p2b: Raging Bolt|Raging Bolt, L50, tera:Electric|100/100\n|move|p1a: Tornadus|Taunt|p2a: Tornadus\n|-start|p2a: Tornadus|move: Taunt\n|cant|p2a: Tornadus|move: Taunt|Tailwind\n|move|p1b: Archaludon|U-turn|p2b: Raging Bolt\n|-damage|p2b: Raging Bolt|89/100\n|\n|t:|1746021856\n|switch|p1b: Kyogre|Kyogre, L50|100/100|[from] U-turn\n|-weather|RainDance|[from] ability: Drizzle|[of] p1b: Kyogre\n|\n|-weather|RainDance|[upkeep]\n|upkeep\n|turn|3\n|\n|t:|1746021869\n|switch|p2a: Amoonguss|Amoonguss, L50, M|100/100\n|-terastallize|p1b: Kyogre|Grass\n|move|p1b: Kyogre|Origin Pulse|p2a: Amoonguss|[spread] p2a,p2b\n|-resisted|p2a: Amoonguss\n|-damage|p2a: Amoonguss|60/100\n|-damage|p2b: Raging Bolt|37/100\n|-damage|p1b: Kyogre|91/100|[from] item: Life Orb\n|move|p1a: Tornadus|Bleakwind Storm|p2b: Raging Bolt|[spread] p2a,p2b\n|-supereffective|p2a: Amoonguss\n|-crit|p2a: Amoonguss\n|-resisted|p2b: Raging Bolt\n|-damage|p2a: Amoonguss|0 fnt\n|-damage|p2b: Raging Bolt|27/100\n|faint|p2a: Amoonguss\n|move|p2b: Raging Bolt|Electroweb|p1b: Kyogre|[spread] p1a,p1b\n|-supereffective|p1a: Tornadus\n|-resisted|p1b: Kyogre\n|-damage|p1a: Tornadus|0 fnt\n|-damage|p1b: Kyogre|77/100\n|-unboost|p1b: Kyogre|spe|1\n|faint|p1a: Tornadus\n|\n|-weather|RainDance|[upkeep]\n|upkeep\n|\n|t:|1746021881\n|switch|p1a: Archaludon|Archaludon, L50, F|100/100\n|switch|p2a: Tornadus|Tornadus, L50, M|100/100\n|turn|4\n|\n|t:|1746021897\n|move|p1a: Archaludon|Detect|p1a: Archaludon\n|-singleturn|p1a: Archaludon|Protect\n|move|p2a: Tornadus|Sunny Day|p2a: Tornadus\n|-weather|SunnyDay\n|-activate|p2b: Raging Bolt|ability: Protosynthesis\n|-start|p2b: Raging Bolt|protosynthesisspa\n|move|p1b: Kyogre|Origin Pulse|p2b: Raging Bolt|[spread] p2a,p2b\n|-damage|p2a: Tornadus|67/100\n|-damage|p2b: Raging Bolt|10/100\n|-damage|p1b: Kyogre|67/100|[from] item: Life Orb\n|move|p2b: Raging Bolt|Volt Switch|p1a: Archaludon\n|-activate|p1a: Archaludon|move: Protect\n|\n|-weather|SunnyDay|[upkeep]\n|-sideend|p1: lebobguy|move: Tailwind\n|upkeep\n|turn|5\n|\n|t:|1746021912\n|move|p2b: Raging Bolt|Thunderclap|p1a: Archaludon\n|-damage|p1a: Archaludon|0 fnt\n|replace|p1a: Zoroark|Zoroark-Hisui, L50, F, shiny\n|-end|p1a: Zoroark|Illusion\n|faint|p1a: Zoroark\n|move|p2a: Tornadus|Bleakwind Storm|p1b: Kyogre\n|-supereffective|p1b: Kyogre\n|-damage|p1b: Kyogre|0 fnt\n|faint|p1b: Kyogre\n|\n|-weather|SunnyDay|[upkeep]\n|upkeep\n|\n|t:|1746021915\n|switch|p1b: Archaludon|Archaludon, L50, F|100/100\n|turn|6\n|\n|t:|1746021928\n|move|p2b: Raging Bolt|Thunderclap|p1b: Archaludon\n|-resisted|p1b: Archaludon\n|-damage|p1b: Archaludon|72/100\n|-ability|p1b: Archaludon|Stamina|boost\n|-boost|p1b: Archaludon|def|1\n|move|p2a: Tornadus|Bleakwind Storm|p1b: Archaludon\n|-resisted|p1b: Archaludon\n|-damage|p1b: Archaludon|55/100\n|-ability|p1b: Archaludon|Stamina|boost\n|-boost|p1b: Archaludon|def|1\n|move|p1b: Archaludon|Flash Cannon|p2b: Raging Bolt\n|-resisted|p2b: Raging Bolt\n|-damage|p2b: Raging Bolt|0 fnt\n|faint|p2b: Raging Bolt\n|-end|p2b: Raging Bolt|Protosynthesis|[silent]\n|\n|-weather|SunnyDay|[upkeep]\n|upkeep\n|\n|t:|1746021931\n|switch|p2b: Calyrex|Calyrex-Shadow, L50|100/100\n|-ability|p2b: Calyrex|As One\n|-ability|p2b: Calyrex|Unnerve\n|turn|7\n|\n|t:|1746021935\n|move|p2b: Calyrex|Astral Barrage|p1b: Archaludon\n|-damage|p1b: Archaludon|0 fnt\n|faint|p1b: Archaludon\n|\n|win|PEKORA999\n||lebobguy is ready for game 2.\n||PEKORA999 is ready for game 2.\n|uhtml|next|Next: <a href=\"/battle-gen9vgc2025regibo3-2353950699\"><strong>Game 2 of 3</strong></a>\n", "uploadtime": 1746022126, "views": 16, "formatid": "gen9vgc2025regibo3", "rating": null, "private": 0, "password": null}