{"id": "smogtours-gen9vgc2025regibo3-838179", "format": "[Gen 9] VGC 2025 Reg I (Bo3)", "players": ["volcaronavgc", "Beemo666"], "log": "|inactive|Battle timer is ON: inactive players will automatically lose when time's up.\n|html|<table width=\"100%\"><tr><td align=\"left\">volcaronavgc</td><td align=\"right\">Beemo666</tr><tr><td align=\"left\"><i class=\"fa fa-circle\"></i> <i class=\"fa fa-circle-o\"></i> </td><td align=\"right\"><i class=\"fa fa-circle-o\"></i> <i class=\"fa fa-circle-o\"></i> </tr></table>\n|uhtml|bestof|<h2><strong>Game 2</strong> of <a href=\"/game-bestof3-gen9vgc2025regibo3-838177\">a best-of-3</a></h2>\n|t:|1746125812\n|gametype|doubles\n|player|p1|volcaronavgc|yancy|\n|player|p2|Beemo666|steven-masters3|\n|teamsize|p1|6\n|teamsize|p2|6\n|gen|9\n|tier|[Gen 9] VGC 2025 Reg I (Bo3)\n|rule|Species Clause: Limit one of each Pok\u00e9mon\n|rule|Item Clause: Limit 1 of each item\n|clearpoke\n|poke|p1|Ho-Oh, L50|\n|poke|p1|Miraidon, L50|\n|poke|p1|Urshifu-*, L50, M|\n|poke|p1|Iron Treads, L50|\n|poke|p1|Iron Hands, L50|\n|poke|p1|Grimmsnarl, L50, M|\n|poke|p2|Lunala, L50|\n|poke|p2|Koraidon, L50|\n|poke|p2|Flutter Mane, L50|\n|poke|p2|Indeedee-F, L50, F|\n|poke|p2|Ogerpon-Cornerstone, L50, F|\n|poke|p2|Chi-Yu, L50|\n|teampreview|4\n|showteam|p1|Ho-Oh||RockyHelmet|Regenerator|Protect,BraveBird,SacredFire,Tailwind||||||50|,,,,,Electric]Miraidon||ChoiceSpecs|HadronEngine|ElectroDrift,DazzlingGleam,DracoMeteor,VoltSwitch||||||50|,,,,,Fairy]Urshifu-Rapid-Strike||ChoiceScarf|UnseenFist|SurgingStrikes,CloseCombat,Coaching,Uturn|||M|||50|,,,,,Water]Iron Treads||LifeOrb|QuarkDrive|Protect,HighHorsepower,KnockOff,IronHead||||||50|,,,,,Water]Iron Hands||AssaultVest|QuarkDrive|DrainPunch,LowKick,WildCharge,FakeOut||||||50|,,,,,Water]Grimmsnarl||LightClay|Prankster|LightScreen,Reflect,ThunderWave,FoulPlay|||M|||50|,,,,,Ghost\n|showteam|p2|Lunala||PowerHerb|ShadowShield|Protect,ExpandingForce,MoongeistBeam,MeteorBeam||||||50|,,,,,Water]Koraidon||LifeOrb|OrichalcumPulse|Protect,FlareBlitz,FlameCharge,CloseCombat||||||50|,,,,,Fire]Flutter Mane||FocusSash|Protosynthesis|Protect,Moonblast,ShadowBall,IcyWind||||||50|,,,,,Normal]Indeedee-F||RockyHelmet|PsychicSurge|FollowMe,HelpingHand,ShadowBall,TrickRoom|||F|||50|,,,,,Water]Ogerpon-Cornerstone||CornerstoneMask|Sturdy|Protect,IvyCudgel,PowerWhip,FollowMe|||F|||50|,,,,,Rock]Chi-Yu||ChoiceScarf|BeadsofRuin|HeatWave,Snarl,DarkPulse,Overheat||||||50|,,,,,Fire\n|c|\u2606Beemo666|hf\n|c|\u2606volcaronavgc|hf\n|c|\u2606volcaronavgc|u actually brought the only mu i didnt prep for btw \n|c|\u2606volcaronavgc|...\n|inactive|volcaronavgc has 60 seconds left.\n|inactive|Beemo666 has 60 seconds left.\n|\n|t:|1746125861\n|start\n|switch|p1a: Ho-Oh|Ho-Oh, L50|100/100\n|switch|p1b: Grimmsnarl|Grimmsnarl, L50, M|100/100\n|switch|p2a: Flutter Mane|Flutter Mane, L50|100/100\n|switch|p2b: Koraidon|Koraidon, L50|100/100\n|-weather|SunnyDay|[from] ability: Orichalcum Pulse|[of] p2b: Koraidon\n|-activate|p2a: Flutter Mane|ability: Protosynthesis\n|-start|p2a: Flutter Mane|protosynthesisspe\n|-activate|p2b: Koraidon|Orichalcum Pulse|[source]\n|turn|1\n|\n|t:|1746125883\n|move|p1b: Grimmsnarl|Thunder Wave|p2b: Koraidon|[miss]\n|-miss|p1b: Grimmsnarl|p2b: Koraidon\n|move|p2a: Flutter Mane|Moonblast|p1b: Grimmsnarl\n|-supereffective|p1b: Grimmsnarl\n|-damage|p1b: Grimmsnarl|8/100\n|-unboost|p1b: Grimmsnarl|spa|1\n|move|p2b: Koraidon|Flame Charge|p1b: Grimmsnarl\n|-damage|p1b: Grimmsnarl|0 fnt\n|-boost|p2b: Koraidon|spe|1\n|faint|p1b: Grimmsnarl\n|-damage|p2b: Koraidon|91/100|[from] item: Life Orb\n|move|p1a: Ho-Oh|Sacred Fire|p2a: Flutter Mane\n|-enditem|p2a: Flutter Mane|Focus Sash\n|-damage|p2a: Flutter Mane|1/100\n|\n|-weather|SunnyDay|[upkeep]\n|upkeep\n|\n|t:|1746125895\n|switch|p1b: Miraidon|Miraidon, L50|100/100\n|-fieldstart|move: Electric Terrain|[from] ability: Hadron Engine|[of] p1b: Miraidon\n|turn|2\n|inactive|Beemo666 has 30 seconds left.\n|inactive|volcaronavgc has 30 seconds left.\n|inactive|Beemo666 has 20 seconds left.\n|inactive|Beemo666 has 15 seconds left.\n|\n|t:|1746125941\n|move|p2a: Flutter Mane|Moonblast|p1b: Miraidon\n|-supereffective|p1b: Miraidon\n|-damage|p1b: Miraidon|11/100\n|-unboost|p1b: Miraidon|spa|1\n|move|p2b: Koraidon|Flare Blitz|p1a: Ho-Oh\n|-resisted|p1a: Ho-Oh\n|-damage|p1a: Ho-Oh|56/100\n|-damage|p2b: Koraidon|75/100|[from] item: Rocky Helmet|[of] p1a: Ho-Oh\n|-damage|p2b: Koraidon|58/100|[from] Recoil\n|-damage|p2b: Koraidon|49/100|[from] item: Life Orb\n|move|p1b: Miraidon|Dazzling Gleam|p2b: Koraidon|[spread] p2a,p2b\n|-supereffective|p2b: Koraidon\n|-damage|p2a: Flutter Mane|0 fnt\n|-damage|p2b: Koraidon|0 fnt\n|faint|p2a: Flutter Mane\n|-end|p2a: Flutter Mane|Protosynthesis|[silent]\n|faint|p2b: Koraidon\n|move|p1a: Ho-Oh|Brave Bird|p2: Flutter Mane|[notarget]\n|-fail|p1a: Ho-Oh\n|\n|-weather|SunnyDay|[upkeep]\n|upkeep\n|\n|t:|1746125952\n|switch|p2a: Lunala|Lunala, L50, shiny|100/100\n|switch|p2b: Chi-Yu|Chi-Yu, L50|100/100\n|-ability|p2b: Chi-Yu|Beads of Ruin\n|turn|3\n|inactive|Beemo666 has 30 seconds left.\n|\n|t:|1746125983\n|move|p1a: Ho-Oh|Protect|p1a: Ho-Oh\n|-singleturn|p1a: Ho-Oh|Protect\n|move|p2b: Chi-Yu|Snarl|p1b: Miraidon|[spread] p1b\n|-activate|p1a: Ho-Oh|move: Protect\n|-damage|p1b: Miraidon|0 fnt\n|faint|p1b: Miraidon\n|move|p2a: Lunala|Moongeist Beam|p1a: Ho-Oh\n|-activate|p1a: Ho-Oh|move: Protect\n|\n|-weather|SunnyDay|[upkeep]\n|upkeep\n|\n|t:|1746125997\n|switch|p1b: Iron Hands|Iron Hands, L50|100/100\n|-activate|p1b: Iron Hands|ability: Quark Drive\n|-start|p1b: Iron Hands|quarkdriveatk\n|turn|4\n|\n|t:|1746126018\n|-terastallize|p1a: Ho-Oh|Electric\n|move|p1b: Iron Hands|Fake Out|p2b: Chi-Yu\n|-damage|p2b: Chi-Yu|62/100\n|cant|p2b: Chi-Yu|flinch\n|move|p2a: Lunala|Expanding Force|p1b: Iron Hands\n|-supereffective|p1b: Iron Hands\n|-damage|p1b: Iron Hands|38/100\n|move|p1a: Ho-Oh|Brave Bird|p2b: Chi-Yu\n|-damage|p2b: Chi-Yu|0 fnt\n|faint|p2b: Chi-Yu\n|-damage|p1a: Ho-Oh|44/100|[from] Recoil\n|\n|-weather|SunnyDay|[upkeep]\n|upkeep\n|turn|5\n|\n|t:|1746126035\n|move|p2a: Lunala|Expanding Force|p1b: Iron Hands\n|-supereffective|p1b: Iron Hands\n|-crit|p1b: Iron Hands\n|-damage|p1b: Iron Hands|0 fnt\n|faint|p1b: Iron Hands\n|-end|p1b: Iron Hands|Quark Drive|[silent]\n|move|p1a: Ho-Oh|Sacred Fire|p2a: Lunala\n|-damage|p2a: Lunala|67/100\n|-status|p2a: Lunala|brn\n|\n|-weather|none\n|-damage|p2a: Lunala|61/100 brn|[from] brn\n|upkeep\n|turn|6\n|\n|t:|1746126051\n|-terastallize|p2a: Lunala|Water\n|move|p2a: Lunala|Meteor Beam||[still]\n|-prepare|p2a: Lunala|Meteor Beam\n|-boost|p2a: Lunala|spa|1\n|-enditem|p2a: Lunala|Power Herb\n|-anim|p2a: Lunala|Meteor Beam|p1a: Ho-Oh\n|-damage|p1a: Ho-Oh|3/100\n|move|p1a: Ho-Oh|Brave Bird|p2a: Lunala\n|-damage|p2a: Lunala|11/100 brn\n|-damage|p1a: Ho-Oh|0 fnt|[from] Recoil\n|faint|p1a: Ho-Oh\n|\n|win|Beemo666\n|c|\u2606volcaronavgc|gg 2\n||volcaronavgc is ready for game 3.\n|inactive|Beemo666 has 30 seconds to confirm battle start!\n|c|\u2606Beemo666|gg2\n||Beemo666 is ready for game 3.\n|uhtml|next|Next: <a href=\"/battle-gen9vgc2025regibo3-838182\"><strong>Game 3 of 3</strong></a>\n", "uploadtime": 1746126051, "views": 25, "formatid": "gen9vgc2025regibo3", "rating": null, "private": 0, "password": null}