{"id": "smogtours-gen9vgc2025regibo3-838182", "format": "[Gen 9] VGC 2025 Reg I (Bo3)", "players": ["volcaronavgc", "Beemo666"], "log": "|inactive|Battle timer is ON: inactive players will automatically lose when time's up.\n|html|<table width=\"100%\"><tr><td align=\"left\">volcaronavgc</td><td align=\"right\">Beemo666</tr><tr><td align=\"left\"><i class=\"fa fa-circle\"></i> <i class=\"fa fa-circle-o\"></i> </td><td align=\"right\"><i class=\"fa fa-circle-o\"></i> <i class=\"fa fa-circle\"></i> </tr></table>\n|uhtml|bestof|<h2><strong>Game 3</strong> of <a href=\"/game-bestof3-gen9vgc2025regibo3-838177\">a best-of-3</a></h2>\n|t:|1746126065\n|gametype|doubles\n|player|p1|volcaronavgc|yancy|\n|player|p2|Beemo666|steven-masters3|\n|teamsize|p1|6\n|teamsize|p2|6\n|gen|9\n|tier|[Gen 9] VGC 2025 Reg I (Bo3)\n|rule|Species Clause: Limit one of each Pok\u00e9mon\n|rule|Item Clause: Limit 1 of each item\n|clearpoke\n|poke|p1|Ho-Oh, L50|\n|poke|p1|Miraidon, L50|\n|poke|p1|Urshifu-*, L50, M|\n|poke|p1|Iron Treads, L50|\n|poke|p1|Iron Hands, L50|\n|poke|p1|Grimmsnarl, L50, M|\n|poke|p2|Lunala, L50|\n|poke|p2|Koraidon, L50|\n|poke|p2|Flutter Mane, L50|\n|poke|p2|Indeedee-F, L50, F|\n|poke|p2|Ogerpon-Cornerstone, L50, F|\n|poke|p2|Chi-Yu, L50|\n|teampreview|4\n|showteam|p1|Ho-Oh||RockyHelmet|Regenerator|Protect,BraveBird,SacredFire,Tailwind||||||50|,,,,,Electric]Miraidon||ChoiceSpecs|HadronEngine|ElectroDrift,DazzlingGleam,DracoMeteor,VoltSwitch||||||50|,,,,,Fairy]Urshifu-Rapid-Strike||ChoiceScarf|UnseenFist|SurgingStrikes,CloseCombat,Coaching,Uturn|||M|||50|,,,,,Water]Iron Treads||LifeOrb|QuarkDrive|Protect,HighHorsepower,KnockOff,IronHead||||||50|,,,,,Water]Iron Hands||AssaultVest|QuarkDrive|DrainPunch,LowKick,WildCharge,FakeOut||||||50|,,,,,Water]Grimmsnarl||LightClay|Prankster|LightScreen,Reflect,ThunderWave,FoulPlay|||M|||50|,,,,,Ghost\n|showteam|p2|Lunala||PowerHerb|ShadowShield|Protect,ExpandingForce,MoongeistBeam,MeteorBeam||||||50|,,,,,Water]Koraidon||LifeOrb|OrichalcumPulse|Protect,FlareBlitz,FlameCharge,CloseCombat||||||50|,,,,,Fire]Flutter Mane||FocusSash|Protosynthesis|Protect,Moonblast,ShadowBall,IcyWind||||||50|,,,,,Normal]Indeedee-F||RockyHelmet|PsychicSurge|FollowMe,HelpingHand,ShadowBall,TrickRoom|||F|||50|,,,,,Water]Ogerpon-Cornerstone||CornerstoneMask|Sturdy|Protect,IvyCudgel,PowerWhip,FollowMe|||F|||50|,,,,,Rock]Chi-Yu||ChoiceScarf|BeadsofRuin|HeatWave,Snarl,DarkPulse,Overheat||||||50|,,,,,Fire\n|\n|t:|1746126095\n|start\n|switch|p1a: Ho-Oh|Ho-Oh, L50|100/100\n|switch|p1b: Grimmsnarl|Grimmsnarl, L50, M|100/100\n|switch|p2a: Ogerpon|Ogerpon-Cornerstone, L50, F|100/100\n|switch|p2b: Flutter Mane|Flutter Mane, L50|100/100\n|turn|1\n|\n|t:|1746126111\n|move|p1a: Ho-Oh|Protect|p1a: Ho-Oh\n|-singleturn|p1a: Ho-Oh|Protect\n|move|p1b: Grimmsnarl|Thunder Wave|p2b: Flutter Mane\n|-status|p2b: Flutter Mane|par\n|move|p2a: Ogerpon|Ivy Cudgel|p1b: Grimmsnarl|[anim] Ivy Cudgel Rock\n|-damage|p1b: Grimmsnarl|35/100\n|move|p2b: Flutter Mane|Moonblast|p1b: Grimmsnarl\n|-supereffective|p1b: Grimmsnarl\n|-damage|p1b: Grimmsnarl|0 fnt\n|faint|p1b: Grimmsnarl\n|\n|upkeep\n|c|\u2606Beemo666|hf\n|\n|t:|1746126123\n|switch|p1b: Miraidon|Miraidon, L50|100/100\n|-fieldstart|move: Electric Terrain|[from] ability: Hadron Engine|[of] p1b: Miraidon\n|turn|2\n|inactive|volcaronavgc has 30 seconds left.\n|inactive|Beemo666 has 30 seconds left.\n|\n|t:|1746126152\n|-terastallize|p1a: Ho-Oh|Electric\n|cant|p2b: Flutter Mane|par\n|move|p1b: Miraidon|Volt Switch|p2a: Ogerpon\n|-resisted|p2a: Ogerpon\n|-damage|p2a: Ogerpon|39/100\n|\n|t:|1746126157\n|switch|p1b: Iron Hands|Iron Hands, L50|100/100|[from] Volt Switch\n|-activate|p1b: Iron Hands|ability: Quark Drive\n|-start|p1b: Iron Hands|quarkdriveatk\n|move|p2a: Ogerpon|Ivy Cudgel|p1a: Ho-Oh|[anim] Ivy Cudgel Rock\n|-damage|p1a: Ho-Oh|53/100\n|move|p1a: Ho-Oh|Tailwind|p1a: Ho-Oh\n|-sidestart|p1: volcaronavgc|move: Tailwind\n|\n|upkeep\n|turn|3\n|\n|t:|1746126179\n|move|p1a: Ho-Oh|Protect|p1a: Ho-Oh\n|-singleturn|p1a: Ho-Oh|Protect\n|move|p2a: Ogerpon|Follow Me|p2a: Ogerpon\n|-singleturn|p2a: Ogerpon|move: Follow Me\n|move|p1b: Iron Hands|Wild Charge|p2a: Ogerpon\n|-resisted|p2a: Ogerpon\n|-damage|p2a: Ogerpon|0 fnt\n|faint|p2a: Ogerpon\n|-damage|p1b: Iron Hands|94/100|[from] Recoil\n|move|p2b: Flutter Mane|Moonblast|p1b: Iron Hands\n|-supereffective|p1b: Iron Hands\n|-damage|p1b: Iron Hands|34/100\n|-unboost|p1b: Iron Hands|spa|1\n|\n|upkeep\n|\n|t:|1746126194\n|switch|p2a: Koraidon|Koraidon, L50|100/100\n|-weather|SunnyDay|[from] ability: Orichalcum Pulse|[of] p2a: Koraidon\n|-activate|p2b: Flutter Mane|ability: Protosynthesis\n|-start|p2b: Flutter Mane|protosynthesisspe\n|-activate|p2a: Koraidon|Orichalcum Pulse|[source]\n|turn|4\n|inactive|volcaronavgc has 30 seconds left.\n|\n|t:|1746126229\n|-end|p1b: Iron Hands|Quark Drive|[silent]\n|switch|p1b: Miraidon|Miraidon, L50|100/100\n|-activate|p1b: Miraidon|ability: Hadron Engine\n|-terastallize|p2a: Koraidon|Fire\n|move|p1a: Ho-Oh|Brave Bird|p2a: Koraidon\n|-damage|p2a: Koraidon|43/100\n|-damage|p1a: Ho-Oh|36/100|[from] Recoil\n|move|p2a: Koraidon|Flame Charge|p1b: Miraidon\n|-resisted|p1b: Miraidon\n|-damage|p1b: Miraidon|59/100\n|-boost|p2a: Koraidon|spe|1\n|-damage|p2a: Koraidon|33/100|[from] item: Life Orb\n|move|p2b: Flutter Mane|Icy Wind|p1b: Miraidon|[spread] p1a,p1b\n|-supereffective|p1b: Miraidon\n|-damage|p1a: Ho-Oh|27/100\n|-damage|p1b: Miraidon|33/100\n|-unboost|p1a: Ho-Oh|spe|1\n|-unboost|p1b: Miraidon|spe|1\n|\n|-weather|SunnyDay|[upkeep]\n|upkeep\n|turn|5\n|inactive|Beemo666 has 30 seconds left.\n|\n|t:|1746126260\n|switch|p1a: Iron Hands|Iron Hands, L50|34/100\n|-activate|p1a: Iron Hands|ability: Quark Drive\n|-start|p1a: Iron Hands|quarkdriveatk\n|move|p2a: Koraidon|Protect|p2a: Koraidon\n|-singleturn|p2a: Koraidon|Protect\n|move|p1b: Miraidon|Volt Switch|p2b: Flutter Mane\n|-enditem|p2b: Flutter Mane|Focus Sash\n|-damage|p2b: Flutter Mane|1/100 par\n|\n|t:|1746126269\n|switch|p1b: Ho-Oh|Ho-Oh, L50, tera:Electric|60/100|[from] Volt Switch\n|move|p2b: Flutter Mane|Moonblast|p1b: Ho-Oh\n|-damage|p1b: Ho-Oh|30/100\n|\n|-weather|SunnyDay|[upkeep]\n|-sideend|p1: volcaronavgc|move: Tailwind\n|upkeep\n|turn|6\n|\n|t:|1746126284\n|switch|p2a: Lunala|Lunala, L50, shiny|100/100\n|move|p1a: Iron Hands|Fake Out|p2a: Lunala\n|-immune|p2a: Lunala\n|move|p2b: Flutter Mane|Moonblast|p1a: Iron Hands\n|-supereffective|p1a: Iron Hands\n|-damage|p1a: Iron Hands|0 fnt\n|faint|p1a: Iron Hands\n|-end|p1a: Iron Hands|Quark Drive|[silent]\n|move|p1b: Ho-Oh|Tailwind|p1b: Ho-Oh\n|-sidestart|p1: volcaronavgc|move: Tailwind\n|\n|-weather|SunnyDay|[upkeep]\n|-fieldend|move: Electric Terrain\n|upkeep\n|\n|t:|1746126290\n|switch|p1a: Miraidon|Miraidon, L50|33/100\n|-fieldstart|move: Electric Terrain|[from] ability: Hadron Engine|[of] p1a: Miraidon\n|turn|7\n|\n|t:|1746126303\n|cant|p2b: Flutter Mane|par\n|move|p1a: Miraidon|Dazzling Gleam|p2b: Flutter Mane|[spread] p2a,p2b\n|-damage|p2a: Lunala|83/100\n|-damage|p2b: Flutter Mane|0 fnt\n|faint|p2b: Flutter Mane\n|-end|p2b: Flutter Mane|Protosynthesis|[silent]\n|move|p1b: Ho-Oh|Sacred Fire|p2a: Lunala\n|-damage|p2a: Lunala|19/100\n|-status|p2a: Lunala|brn\n|move|p2a: Lunala|Meteor Beam||[still]\n|-prepare|p2a: Lunala|Meteor Beam\n|-boost|p2a: Lunala|spa|1\n|-enditem|p2a: Lunala|Power Herb\n|-anim|p2a: Lunala|Meteor Beam|p1a: Miraidon\n|-damage|p1a: Miraidon|0 fnt\n|faint|p1a: Miraidon\n|\n|-weather|SunnyDay|[upkeep]\n|-damage|p2a: Lunala|13/100 brn|[from] brn\n|upkeep\n|\n|t:|1746126317\n|switch|p2b: Koraidon|Koraidon, L50, tera:Fire|33/100\n|-activate|p2b: Koraidon|ability: Orichalcum Pulse\n|turn|8\n|\n|t:|1746126329\n|move|p1b: Ho-Oh|Brave Bird|p2b: Koraidon\n|-damage|p2b: Koraidon|0 fnt\n|faint|p2b: Koraidon\n|-damage|p1b: Ho-Oh|21/100|[from] Recoil\n|move|p2a: Lunala|Moongeist Beam|p1b: Ho-Oh\n|-damage|p1b: Ho-Oh|0 fnt\n|faint|p1b: Ho-Oh\n|\n|win|Beemo666\n|c|\u2606volcaronavgc|gg\n|player|p1|\n|c|\u2606Beemo666|ggs!\n|player|p1|volcaronavgc|yancy|\n", "uploadtime": 1746126329, "views": 43, "formatid": "gen9vgc2025regibo3", "rating": null, "private": 0, "password": null}